  <div class='ocr_page' id='page_1' title='image "/cluster/home/n/w/nwhite01/storage/ocr_20150623/118/hvd.32044073502247/620.png"; bbox 0 0 4108 6192; ppageno 0'>
   <div class='ocr_carea' id='block_1_1' title="bbox 251 384 411 449">
    <p class='ocr_par' dir='ltr' id='par_1_1' title="bbox 251 384 411 449">
     <span class='ocr_line' id='line_1_1' title="bbox 251 384 411 449; baseline 0 0"><span class='ocrx_word' id='word_1_1' title='bbox 251 384 411 449; x_wconf 72' lang='grc'>1229</span> 
     </span>
    </p>
   </div>
   <div class='ocr_carea' id='block_1_2' title="bbox 1316 380 2605 452">
    <p class='ocr_par' dir='ltr' id='par_1_2' title="bbox 1316 380 2605 452">
     <span class='ocr_line' id='line_1_2' title="bbox 1316 380 2605 452; baseline 0.002 -5"><span class='ocrx_word' id='word_1_2' title='bbox 1316 380 1721 448; x_wconf 77' lang='lat' dir='ltr'>COMMENT.</span> <span class='ocrx_word' id='word_1_3' title='bbox 1760 386 1835 447; x_wconf 84' lang='grc' dir='ltr'>ΙΝ</span> <span class='ocrx_word' id='word_1_4' title='bbox 1883 380 2133 449; x_wconf 80' lang='lat' dir='ltr'>EPIST.</span> <span class='ocrx_word' id='word_1_5' title='bbox 2182 383 2287 450; x_wconf 76' lang='lat' dir='ltr'><strong>AD</strong></span> <span class='ocrx_word' id='word_1_6' title='bbox 2334 387 2605 452; x_wconf 82' lang='lat' dir='ltr'>EPHES.</span> 
     </span>
    </p>
   </div>
   <div class='ocr_carea' id='block_1_3' title="bbox 3508 388 3667 451">
    <p class='ocr_par' dir='ltr' id='par_1_3' title="bbox 3508 388 3667 451">
     <span class='ocr_line' id='line_1_3' title="bbox 3508 388 3667 451; baseline 0.013 -2"><span class='ocrx_word' id='word_1_7' title='bbox 3508 388 3667 451; x_wconf 77' lang='lat'>1230</span> 
     </span>
    </p>
   </div>
   <div class='ocr_carea' id='block_1_4' title="bbox 248 511 1913 593">
    <p class='ocr_par' dir='ltr' id='par_1_4' title="bbox 248 511 1900 593">
     <span class='ocr_line' id='line_1_4' title="bbox 248 511 1900 593; baseline -0.003 -18"><span class='ocrx_word' id='word_1_8' title='bbox 248 517 343 575; x_wconf 74' lang='grc' dir='ltr'>καὶ</span> <span class='ocrx_word' id='word_1_9' title='bbox 395 514 543 593; x_wconf 75' lang='grc' dir='ltr'>παρὰ</span> <span class='ocrx_word' id='word_1_10' title='bbox 601 513 890 579; x_wconf 71' lang='grc' dir='ltr'>Ἰουδαίοις</span> <span class='ocrx_word' id='word_1_11' title='bbox 944 511 1262 586; x_wconf 67' lang='grc' dir='ltr'>δικαιοαᾶνη</span> <span class='ocrx_word' id='word_1_12' title='bbox 1315 514 1407 570; x_wconf 79' lang='grc' dir='ltr'>καὶ</span> <span class='ocrx_word' id='word_1_13' title='bbox 1473 516 1715 586; x_wconf 77' lang='grc' dir='ltr'>ὁσιότης,</span> <span class='ocrx_word' id='word_1_14' title='bbox 1754 513 1900 571; x_wconf 82' lang='grc' dir='ltr'>ἀλλὰ</span> 
     </span>
    </p>
   </div>
   <div class='ocr_carea' id='block_1_5' title="bbox 2030 511 3667 593">
    <p class='ocr_par' dir='ltr' id='par_1_5' title="bbox 2030 514 3667 579">
     <span class='ocr_line' id='line_1_5' title="bbox 2030 514 3667 579; baseline 0.004 -7"><span class='ocrx_word' id='word_1_15' title='bbox 2030 519 2247 577; x_wconf 75' lang='lat' dir='ltr'>Iustitia</span> <span class='ocrx_word' id='word_1_16' title='bbox 2275 530 2411 578; x_wconf 77' lang='lat' dir='ltr'>vero</span> <span class='ocrx_word' id='word_1_17' title='bbox 2442 520 2661 577; x_wconf 87' lang='lat' dir='ltr'>dicitur</span> <span class='ocrx_word' id='word_1_18' title='bbox 2684 520 2866 578; x_wconf 81' lang='lat' dir='ltr'>virtus</span> <span class='ocrx_word' id='word_1_19' title='bbox 2924 514 3321 579; x_wconf 73' lang='lat' dir='ltr'>universalis:</span> <span class='ocrx_word' id='word_1_20' title='bbox 3382 522 3667 578; x_wconf 77' lang='lat' dir='ltr'>sanctitas</span> 
     </span>
    </p>
   </div>
   <div class='ocr_carea' id='block_1_6' title="bbox 248 603 1902 681">
    <p class='ocr_par' dir='ltr' id='par_1_6' title="bbox 248 603 1902 681">
     <span class='ocr_line' id='line_1_6' title="bbox 248 603 1902 681; baseline -0.001 -17"><span class='ocrx_word' id='word_1_21' title='bbox 248 609 477 679; x_wconf 80' lang='grc' dir='ltr'>τυπική.</span> <span class='ocrx_word' id='word_1_22' title='bbox 537 605 670 680; x_wconf 74' lang='grc' dir='ltr'>Περὶ</span> <span class='ocrx_word' id='word_1_23' title='bbox 746 604 851 681; x_wconf 79' lang='grc' dir='ltr'>γὰρ</span> <span class='ocrx_word' id='word_1_24' title='bbox 920 603 1175 678; x_wconf 85' lang='grc' dir='ltr'>σώματος</span> <span class='ocrx_word' id='word_1_25' title='bbox 1246 604 1508 680; x_wconf 74' lang='grc' dir='ltr'>κάθαρσιν</span> <span class='ocrx_word' id='word_1_26' title='bbox 1559 603 1902 680; x_wconf 71' lang='grc' dir='ltr'>ἠσχόληντο.</span> 
     </span>
    </p>
   </div>
   <div class='ocr_carea' id='block_1_7' title="bbox 247 690 1902 773">
    <p class='ocr_par' dir='ltr' id='par_1_7' title="bbox 247 690 1902 773">
     <span class='ocr_line' id='line_1_7' title="bbox 247 690 1902 773; baseline -0.004 -19"><span class='ocrx_word' id='word_1_27' title='bbox 247 695 423 755; x_wconf 82' lang='grc' dir='ltr'>Ἀλλά</span> <span class='ocrx_word' id='word_1_28' title='bbox 456 695 533 769; x_wconf 78' lang='grc' dir='ltr'>μὴ</span> <span class='ocrx_word' id='word_1_29' title='bbox 569 695 800 766; x_wconf 74' lang='grc' dir='ltr'>ταύτην,</span> <span class='ocrx_word' id='word_1_30' title='bbox 858 692 1006 750; x_wconf 80' lang='grc' dir='ltr'>ἀλλά</span> <span class='ocrx_word' id='word_1_31' title='bbox 1060 695 1161 763; x_wconf 77' lang='grc' dir='ltr'>τήν</span> <span class='ocrx_word' id='word_1_32' title='bbox 1220 691 1272 750; x_wconf 72' lang='grc' dir='ltr'>ἐν</span> <span class='ocrx_word' id='word_1_33' title='bbox 1332 696 1488 773; x_wconf 80' lang='grc' dir='ltr'>ψυχῇ</span> <span class='ocrx_word' id='word_1_34' title='bbox 1555 690 1902 765; x_wconf 69' lang='grc' dir='ltr'>δικαιοσύνην</span> 
     </span>
    </p>
   </div>
   <div class='ocr_carea' id='block_1_8' title="bbox 249 782 1904 861">
    <p class='ocr_par' dir='ltr' id='par_1_8' title="bbox 249 782 1904 861">
     <span class='ocr_line' id='line_1_8' title="bbox 249 782 1904 861; baseline -0.002 -17"><span class='ocrx_word' id='word_1_35' title='bbox 249 788 340 845; x_wconf 84' lang='grc' dir='ltr'>καὶ</span> <span class='ocrx_word' id='word_1_36' title='bbox 370 788 633 860; x_wconf 81' lang='grc' dir='ltr'>ὁσιότηρα</span> <span class='ocrx_word' id='word_1_37' title='bbox 664 784 973 850; x_wconf 71' lang='grc' dir='ltr'>ἐνδύσασθε.</span> <span class='ocrx_word' id='word_1_38' title='bbox 1034 784 1183 855; x_wconf 81' lang='grc' dir='ltr'>Αὖτη</span> <span class='ocrx_word' id='word_1_39' title='bbox 1234 785 1340 861; x_wconf 75' lang='grc' dir='ltr'>γὰρ</span> <span class='ocrx_word' id='word_1_40' title='bbox 1387 787 1422 855; x_wconf 77' lang='grc' dir='ltr'><strong>ἢ</strong></span> <span class='ocrx_word' id='word_1_41' title='bbox 1478 788 1580 853; x_wconf 78' lang='grc' dir='ltr'>τῆς</span> <span class='ocrx_word' id='word_1_42' title='bbox 1625 782 1904 854; x_wconf 73' lang='grc' dir='ltr'>ἀληθείας.</span> 
     </span>
    </p>
   </div>
   <div class='ocr_carea' id='block_1_9' title="bbox 247 870 1907 953">
    <p class='ocr_par' dir='ltr' id='par_1_9' title="bbox 247 870 1907 953">
     <span class='ocr_line' id='line_1_9' title="bbox 247 870 1907 953; baseline -0.005 -21"><span class='ocrx_word' id='word_1_43' title='bbox 247 877 318 935; x_wconf 81' lang='grc' dir='ltr'>’Ἢ</span> <span class='ocrx_word' id='word_1_44' title='bbox 352 874 701 944; x_wconf 78' lang='grc' dir='ltr'>δικαιοσύνην</span> <span class='ocrx_word' id='word_1_45' title='bbox 769 872 1031 946; x_wconf 78' lang='grc' dir='ltr'>ἀληθείας</span> <span class='ocrx_word' id='word_1_46' title='bbox 1084 872 1262 953; x_wconf 69' lang='grc' dir='ltr'>λέγει,</span> <span class='ocrx_word' id='word_1_47' title='bbox 1310 874 1446 949; x_wconf 87' lang='grc' dir='ltr'>πρὸς</span> <span class='ocrx_word' id='word_1_48' title='bbox 1493 870 1907 941; x_wconf 78' lang='grc' dir='ltr'>ἀντιδιαστολήν</span> 
     </span>
    </p>
   </div>
   <div class='ocr_carea' id='block_1_10' title="bbox 252 962 770 1039">
    <p class='ocr_par' dir='ltr' id='par_1_10' title="bbox 252 962 770 1039">
     <span class='ocr_line' id='line_1_10' title="bbox 252 962 770 1039; baseline 0 -18"><span class='ocrx_word' id='word_1_49' title='bbox 252 970 354 1037; x_wconf 81' lang='grc' dir='ltr'>τῆς</span> <span class='ocrx_word' id='word_1_50' title='bbox 383 964 434 1020; x_wconf 74' lang='grc' dir='ltr'>ἐν</span> <span class='ocrx_word' id='word_1_51' title='bbox 469 962 770 1039; x_wconf 74' lang='grc' dir='ltr'>ὑποκρίσει.</span> 
     </span>
    </p>
   </div>
   <div class='ocr_carea' id='block_1_11' title="bbox 329 1239 1905 1321">
    <p class='ocr_par' dir='ltr' id='par_1_11' title="bbox 329 1239 1905 1321">
     <span class='ocr_line' id='line_1_11' title="bbox 329 1239 1905 1321; baseline -0.005 -18"><span class='ocrx_word' id='word_1_52' title='bbox 329 1248 426 1303; x_wconf 85' lang='grc' dir='ltr'>Διὸ</span> <span class='ocrx_word' id='word_1_53' title='bbox 484 1246 811 1321; x_wconf 69' lang='grc' dir='ltr'>ἀποθέμενοι</span> <span class='ocrx_word' id='word_1_54' title='bbox 909 1245 971 1300; x_wconf 87' lang='grc' dir='ltr'>τὸ</span> <span class='ocrx_word' id='word_1_55' title='bbox 1073 1241 1293 1319; x_wconf 75' lang='grc' dir='ltr'>ψεῦδος,</span> <span class='ocrx_word' id='word_1_56' title='bbox 1360 1241 1582 1299; x_wconf 77' lang='grc' dir='ltr'>λαλεῖτε</span> <span class='ocrx_word' id='word_1_57' title='bbox 1646 1239 1905 1312; x_wconf 72' lang='grc' dir='ltr'>ἀλήθειαν</span> 
     </span>
    </p>
   </div>
   <div class='ocr_carea' id='block_1_12' title="bbox 255 1324 1908 1409">
    <p class='ocr_par' dir='ltr' id='par_1_12' title="bbox 255 1324 1908 1409">
     <span class='ocr_line' id='line_1_12' title="bbox 255 1324 1908 1409; baseline -0.005 -16"><span class='ocrx_word' id='word_1_58' title='bbox 255 1324 481 1398; x_wconf 73' lang='grc' dir='ltr'>ἕκαστος</span> <span class='ocrx_word' id='word_1_59' title='bbox 588 1334 721 1409; x_wconf 84' lang='grc' dir='ltr'>μετά</span> <span class='ocrx_word' id='word_1_60' title='bbox 790 1338 887 1390; x_wconf 78' lang='grc' dir='ltr'>τοῦ</span> <span class='ocrx_word' id='word_1_61' title='bbox 960 1332 1197 1405; x_wconf 78' lang='grc' dir='ltr'>πλησίον</span> <span class='ocrx_word' id='word_1_62' title='bbox 1273 1332 1459 1403; x_wconf 77' lang='grc' dir='ltr'>αὐτοῦ,</span> <span class='ocrx_word' id='word_1_63' title='bbox 1522 1333 1648 1387; x_wconf 56' lang='grc' dir='ltr'>⁷ὅτι</span> <span class='ocrx_word' id='word_1_64' title='bbox 1748 1329 1908 1402; x_wconf 74' lang='grc' dir='ltr'>ἐσμεν</span> 
     </span>
    </p>
   </div>
   <div class='ocr_carea' id='block_1_13' title="bbox 259 1422 1907 1502">
    <p class='ocr_par' dir='ltr' id='par_1_13' title="bbox 259 1422 1907 1502">
     <span class='ocr_line' id='line_1_13' title="bbox 259 1422 1907 1502; baseline -0.004 -21"><span class='ocrx_word' id='word_1_65' title='bbox 259 1425 527 1497; x_wconf 74' lang='grc' dir='ltr'>ἀλλήλων</span> <span class='ocrx_word' id='word_1_66' title='bbox 596 1423 760 1498; x_wconf 81' lang='grc' dir='ltr'>μέλη.</span> <span class='ocrx_word' id='word_1_67' title='bbox 844 1422 1155 1502; x_wconf 80' lang='grc' dir='ltr'>Ὀργίζεσθε</span> <span class='ocrx_word' id='word_1_68' title='bbox 1242 1422 1333 1479; x_wconf 80' lang='grc' dir='ltr'>καὶ</span> <span class='ocrx_word' id='word_1_69' title='bbox 1414 1422 1491 1498; x_wconf 76' lang='grc' dir='ltr'>μὴ</span> <span class='ocrx_word' id='word_1_70' title='bbox 1558 1422 1907 1496; x_wconf 79' lang='grc' dir='ltr'>ἁμαρτάνετε.</span> 
     </span>
    </p>
   </div>
   <div class='ocr_carea' id='block_1_14' title="bbox 254 1508 1907 1589">
    <p class='ocr_par' dir='ltr' id='par_1_14' title="bbox 254 1508 1907 1589">
     <span class='ocr_line' id='line_1_14' title="bbox 254 1508 1907 1589; baseline -0.004 -19"><span class='ocrx_word' id='word_1_71' title='bbox 254 1514 317 1574; x_wconf 88' lang='grc' dir='ltr'>Ὁ</span> <span class='ocrx_word' id='word_1_72' title='bbox 367 1513 532 1585; x_wconf 69' lang='grc' dir='ltr'>ἣλιος</span> <span class='ocrx_word' id='word_1_73' title='bbox 587 1514 661 1587; x_wconf 82' lang='grc' dir='ltr'>μή</span> <span class='ocrx_word' id='word_1_74' title='bbox 714 1510 981 1569; x_wconf 75' lang='grc' dir='ltr'>ἐπιδυέτω</span> <span class='ocrx_word' id='word_1_75' title='bbox 1040 1512 1126 1568; x_wconf 71' lang='grc' dir='ltr'>ἐπὶ</span> <span class='ocrx_word' id='word_1_76' title='bbox 1183 1517 1262 1585; x_wconf 77' lang='grc' dir='ltr'>τῷ</span> <span class='ocrx_word' id='word_1_77' title='bbox 1314 1515 1682 1589; x_wconf 77' lang='grc' dir='ltr'>παροργισμῷ</span> <span class='ocrx_word' id='word_1_78' title='bbox 1731 1508 1907 1584; x_wconf 77' lang='grc' dir='ltr'>ὑμῶν.</span> 
     </span>
    </p>
   </div>
   <div class='ocr_carea' id='block_1_15' title="bbox 256 1596 1905 1675">
    <p class='ocr_par' dir='ltr' id='par_1_15' title="bbox 256 1596 1905 1675">
     <span class='ocr_line' id='line_1_15' title="bbox 256 1596 1905 1675; baseline -0.005 -12"><span class='ocrx_word' id='word_1_79' title='bbox 256 1600 417 1675; x_wconf 76' lang='grc' dir='ltr'>Μηδε</span> <span class='ocrx_word' id='word_1_80' title='bbox 482 1599 659 1658; x_wconf 78' lang='grc' dir='ltr'>δίδοτε</span> <span class='ocrx_word' id='word_1_81' title='bbox 719 1601 887 1657; x_wconf 83' lang='grc' dir='ltr'>τόπον</span> <span class='ocrx_word' id='word_1_82' title='bbox 964 1606 1043 1675; x_wconf 77' lang='grc' dir='ltr'>τῷ</span> <span class='ocrx_word' id='word_1_83' title='bbox 1127 1596 1393 1675; x_wconf 76' lang='grc' dir='ltr'>διαϐόλῳ.</span> <span class='ocrx_word' id='word_1_84' title='bbox 1493 1599 1555 1660; x_wconf 72' lang='grc' dir='ltr'>Ὀ</span> <span class='ocrx_word' id='word_1_85' title='bbox 1656 1598 1905 1656; x_wconf 82' lang='grc' dir='ltr'>κλέπτων</span> 
     </span>
    </p>
   </div>
   <div class='ocr_carea' id='block_1_16' title="bbox 260 1688 1912 1767">
    <p class='ocr_par' dir='ltr' id='par_1_16' title="bbox 260 1688 1912 1767">
     <span class='ocr_line' id='line_1_16' title="bbox 260 1688 1912 1767; baseline 0 -20"><span class='ocrx_word' id='word_1_86' title='bbox 260 1692 457 1767; x_wconf 81' lang='grc' dir='ltr'>μηκέτι</span> <span class='ocrx_word' id='word_1_87' title='bbox 525 1688 831 1762; x_wconf 73' lang='grc' dir='ltr'>κλεπτέτω,</span> <span class='ocrx_word' id='word_1_88' title='bbox 901 1688 1115 1766; x_wconf 74' lang='grc' dir='ltr'>μᾶλλον</span> <span class='ocrx_word' id='word_1_89' title='bbox 1218 1688 1274 1747; x_wconf 75' lang='grc' dir='ltr'>δὲ</span> <span class='ocrx_word' id='word_1_90' title='bbox 1373 1693 1619 1748; x_wconf 78' lang='grc' dir='ltr'>κοπιάτω</span> <span class='ocrx_word' id='word_1_91' title='bbox 1686 1689 1912 1766; x_wconf 71' lang='grc' dir='ltr'>ἐργαζόο</span> 
     </span>
    </p>
   </div>
   <div class='ocr_carea' id='block_1_17' title="bbox 262 1776 1908 1861">
    <p class='ocr_par' dir='ltr' id='par_1_17' title="bbox 262 1776 1908 1861">
     <span class='ocr_line' id='line_1_17' title="bbox 262 1776 1908 1861; baseline -0.002 -23"><span class='ocrx_word' id='word_1_92' title='bbox 262 1804 423 1856; x_wconf 59' lang='grc' dir='ltr'>μειος</span> <span class='ocrx_word' id='word_1_93' title='bbox 472 1781 535 1838; x_wconf 85' lang='grc' dir='ltr'>τὸ</span> <span class='ocrx_word' id='word_1_94' title='bbox 610 1782 812 1857; x_wconf 83' lang='grc' dir='ltr'>ἀγαθὸν</span> <span class='ocrx_word' id='word_1_95' title='bbox 888 1786 1007 1849; x_wconf 86' lang='grc' dir='ltr'>ταῖς</span> <span class='ocrx_word' id='word_1_96' title='bbox 1082 1782 1288 1857; x_wconf 79' lang='grc' dir='ltr'>χερσὶν,</span> <span class='ocrx_word' id='word_1_97' title='bbox 1360 1780 1452 1836; x_wconf 74' lang='grc' dir='ltr'>’ίνα</span> <span class='ocrx_word' id='word_1_98' title='bbox 1526 1777 1631 1861; x_wconf 78' lang='grc' dir='ltr'>ἔχῃ</span> <span class='ocrx_word' id='word_1_99' title='bbox 1687 1776 1908 1856; x_wconf 86' lang='grc' dir='ltr'>μεταδι-</span> 
     </span>
    </p>
   </div>
   <div class='ocr_carea' id='block_1_18' title="bbox 259 1870 1910 1951">
    <p class='ocr_par' dir='ltr' id='par_1_18' title="bbox 259 1870 1910 1951">
     <span class='ocr_line' id='line_1_18' title="bbox 259 1870 1910 1951; baseline -0.002 -22"><span class='ocrx_word' id='word_1_100' title='bbox 259 1871 413 1929; x_wconf 85' lang='grc' dir='ltr'>δόναι</span> <span class='ocrx_word' id='word_1_101' title='bbox 479 1878 558 1946; x_wconf 81' lang='grc' dir='ltr'>τῷ</span> <span class='ocrx_word' id='word_1_102' title='bbox 624 1872 814 1950; x_wconf 89' lang='grc' dir='ltr'>χρείαν</span> <span class='ocrx_word' id='word_1_103' title='bbox 880 1870 1088 1951; x_wconf 81' lang='grc' dir='ltr'>ἔχοντι.</span> <span class='ocrx_word' id='word_1_104' title='bbox 1160 1877 1268 1935; x_wconf 82' lang='grc' dir='ltr'>Πᾶς</span> <span class='ocrx_word' id='word_1_105' title='bbox 1343 1870 1514 1949; x_wconf 80' lang='grc' dir='ltr'>λόγος</span> <span class='ocrx_word' id='word_1_106' title='bbox 1580 1873 1784 1948; x_wconf 86' lang='grc' dir='ltr'>σαπρὸς</span> <span class='ocrx_word' id='word_1_107' title='bbox 1850 1870 1910 1927; x_wconf 84' lang='grc' dir='ltr'>ἐκ</span> 
     </span>
    </p>
   </div>
   <div class='ocr_carea' id='block_1_19' title="bbox 259 1958 1909 2037">
    <p class='ocr_par' dir='ltr' id='par_1_19' title="bbox 259 1958 1909 2037">
     <span class='ocr_line' id='line_1_19' title="bbox 259 1958 1909 2037; baseline -0.002 -17"><span class='ocrx_word' id='word_1_108' title='bbox 259 1968 355 2020; x_wconf 79' lang='grc' dir='ltr'>τοῦ</span> <span class='ocrx_word' id='word_1_109' title='bbox 423 1963 693 2037; x_wconf 87' lang='grc' dir='ltr'>στόματος</span> <span class='ocrx_word' id='word_1_110' title='bbox 753 1962 906 2036; x_wconf 75' lang='grc' dir='ltr'>ὑμῶν</span> <span class='ocrx_word' id='word_1_111' title='bbox 972 1964 1047 2037; x_wconf 80' lang='grc' dir='ltr'>μὴ</span> <span class='ocrx_word' id='word_1_112' title='bbox 1106 1961 1500 2037; x_wconf 70' lang='grc' dir='ltr'>ἐκπορευέσθω,</span> <span class='ocrx_word' id='word_1_113' title='bbox 1540 1958 1668 2017; x_wconf 85' lang='grc' dir='ltr'>ἀλλ’</span> <span class='ocrx_word' id='word_1_114' title='bbox 1725 1961 1774 2016; x_wconf 76' lang='grc' dir='ltr'>εἳ</span> <span class='ocrx_word' id='word_1_115' title='bbox 1827 1980 1909 2024; x_wconf 88' lang='grc' dir='ltr'>τις</span> 
     </span>
    </p>
   </div>
   <div class='ocr_carea' id='block_1_20' title="bbox 257 2047 1907 2130">
    <p class='ocr_par' dir='ltr' id='par_1_20' title="bbox 257 2047 1907 2130">
     <span class='ocr_line' id='line_1_20' title="bbox 257 2047 1907 2130; baseline -0.002 -22"><span class='ocrx_word' id='word_1_116' title='bbox 257 2053 462 2130; x_wconf 81' lang='grc' dir='ltr'>ἀγαθὸς</span> <span class='ocrx_word' id='word_1_117' title='bbox 490 2053 626 2130; x_wconf 84' lang='grc' dir='ltr'>πρὸς</span> <span class='ocrx_word' id='word_1_118' title='bbox 658 2051 959 2127; x_wconf 75' lang='grc' dir='ltr'>οἰκοδομήν</span> <span class='ocrx_word' id='word_1_119' title='bbox 995 2054 1094 2123; x_wconf 75' lang='grc' dir='ltr'>τῆς</span> <span class='ocrx_word' id='word_1_120' title='bbox 1142 2050 1333 2128; x_wconf 87' lang='grc' dir='ltr'>χρείας</span> <span class='ocrx_word' id='word_1_121' title='bbox 1361 2050 1455 2106; x_wconf 55' lang='grc' dir='ltr'>θίνα</span> <span class='ocrx_word' id='word_1_122' title='bbox 1488 2047 1566 2125; x_wconf 79' lang='grc' dir='ltr'>δῷ</span> <span class='ocrx_word' id='word_1_123' title='bbox 1598 2052 1759 2130; x_wconf 74' lang='grc' dir='ltr'>χάριν</span> <span class='ocrx_word' id='word_1_124' title='bbox 1791 2056 1907 2113; x_wconf 84' lang='grc' dir='ltr'>τοῖς</span> 
     </span>
    </p>
   </div>
   <div class='ocr_carea' id='block_1_21' title="bbox 254 2142 566 2201">
    <p class='ocr_par' dir='ltr' id='par_1_21' title="bbox 254 2142 566 2201">
     <span class='ocr_line' id='line_1_21' title="bbox 254 2142 566 2201; baseline -0.006 0"><span class='ocrx_word' id='word_1_125' title='bbox 254 2142 566 2201; x_wconf 68' lang='grc' dir='ltr'>ἀκούουσιν.</span> 
     </span>
    </p>
   </div>
   <div class='ocr_carea' id='block_1_22' title="bbox 327 2228 1903 2309">
    <p class='ocr_par' dir='ltr' id='par_1_22' title="bbox 327 2228 1903 2309">
     <span class='ocr_line' id='line_1_22' title="bbox 327 2228 1903 2309; baseline -0.003 -17"><span class='ocrx_word' id='word_1_126' title='bbox 327 2235 462 2292; x_wconf 59' lang='lat' dir='ltr'>Eius</span> <span class='ocrx_word' id='word_1_127' title='bbox 525 2234 618 2291; x_wconf 87' lang='grc' dir='ltr'>τὸν</span> <span class='ocrx_word' id='word_1_128' title='bbox 679 2230 917 2290; x_wconf 86' lang='grc' dir='ltr'>παλαιὸν</span> <span class='ocrx_word' id='word_1_129' title='bbox 985 2234 1267 2309; x_wconf 74' lang='grc' dir='ltr'>ἄνθρωπον</span> <span class='ocrx_word' id='word_1_130' title='bbox 1316 2233 1649 2302; x_wconf 80' lang='grc' dir='ltr'>καθολικῶς,</span> <span class='ocrx_word' id='word_1_131' title='bbox 1710 2228 1903 2289; x_wconf 72' lang='grc' dir='ltr'>λοιπὸν</span> 
     </span>
    </p>
   </div>
   <div class='ocr_carea' id='block_1_23' title="bbox 254 2320 1908 2402">
    <p class='ocr_par' dir='ltr' id='par_1_23' title="bbox 254 2320 1908 2402">
     <span class='ocr_line' id='line_1_23' title="bbox 254 2320 1908 2402; baseline -0.003 -21"><span class='ocrx_word' id='word_1_132' title='bbox 254 2324 347 2381; x_wconf 79' lang='grc' dir='ltr'>καὶ</span> <span class='ocrx_word' id='word_1_133' title='bbox 414 2322 601 2388; x_wconf 83' lang='grc' dir='ltr'>ίδικῶς</span> <span class='ocrx_word' id='word_1_134' title='bbox 667 2320 830 2381; x_wconf 74' lang='grc' dir='ltr'>αὖτὸν</span> <span class='ocrx_word' id='word_1_135' title='bbox 913 2320 1219 2402; x_wconf 68' lang='grc' dir='ltr'>διαγράφει.</span> <span class='ocrx_word' id='word_1_136' title='bbox 1287 2323 1391 2381; x_wconf 84' lang='grc' dir='ltr'>Καὶ</span> <span class='ocrx_word' id='word_1_137' title='bbox 1456 2327 1672 2401; x_wconf 88' lang='grc' dir='ltr'>πρῶτον</span> <span class='ocrx_word' id='word_1_138' title='bbox 1741 2323 1908 2378; x_wconf 66' lang='grc' dir='ltr'>αὐτοῦ</span> 
     </span>
    </p>
   </div>
   <div class='ocr_carea' id='block_1_24' title="bbox 253 2408 1907 2489">
    <p class='ocr_par' dir='ltr' id='par_1_24' title="bbox 253 2408 1907 2489">
     <span class='ocr_line' id='line_1_24' title="bbox 253 2408 1907 2489; baseline -0.002 -20"><span class='ocrx_word' id='word_1_139' title='bbox 253 2414 316 2469; x_wconf 83' lang='grc' dir='ltr'>τὸ</span> <span class='ocrx_word' id='word_1_140' title='bbox 349 2410 547 2489; x_wconf 77' lang='grc' dir='ltr'>ψεῦδος</span> <span class='ocrx_word' id='word_1_141' title='bbox 577 2411 900 2482; x_wconf 85' lang='grc' dir='ltr'>ἀποκόπτει,</span> <span class='ocrx_word' id='word_1_142' title='bbox 959 2412 1035 2474; x_wconf 87' lang='grc' dir='ltr'>ὡς</span> <span class='ocrx_word' id='word_1_143' title='bbox 1096 2408 1203 2466; x_wconf 82' lang='grc' dir='ltr'>ἀπὸ</span> <span class='ocrx_word' id='word_1_144' title='bbox 1265 2408 1479 2466; x_wconf 76' lang='grc' dir='ltr'>οἰκείων</span> <span class='ocrx_word' id='word_1_145' title='bbox 1533 2409 1736 2484; x_wconf 87' lang='grc' dir='ltr'>μελῶν,</span> <span class='ocrx_word' id='word_1_146' title='bbox 1778 2408 1907 2465; x_wconf 85' lang='grc' dir='ltr'>ὠσεὶ</span> 
     </span>
    </p>
   </div>
   <div class='ocr_carea' id='block_1_25' title="bbox 255 2497 1904 2582">
    <p class='ocr_par' dir='ltr' id='par_1_25' title="bbox 255 2497 1904 2582">
     <span class='ocr_line' id='line_1_25' title="bbox 255 2497 1904 2582; baseline -0.003 -24"><span class='ocrx_word' id='word_1_147' title='bbox 255 2505 389 2558; x_wconf 73' lang='grc' dir='ltr'>εἷπε·</span> <span class='ocrx_word' id='word_1_148' title='bbox 434 2502 528 2571; x_wconf 81' lang='grc' dir='ltr'>Μή</span> <span class='ocrx_word' id='word_1_149' title='bbox 583 2501 869 2582; x_wconf 76' lang='grc' dir='ltr'>ὀφθαλμὸς</span> <span class='ocrx_word' id='word_1_150' title='bbox 923 2498 1051 2556; x_wconf 85' lang='grc' dir='ltr'>ίδὼν</span> <span class='ocrx_word' id='word_1_151' title='bbox 1111 2498 1323 2575; x_wconf 82' lang='grc' dir='ltr'>θηρίον,</span> <span class='ocrx_word' id='word_1_152' title='bbox 1381 2498 1441 2555; x_wconf 76' lang='grc' dir='ltr'>οὔ</span> <span class='ocrx_word' id='word_1_153' title='bbox 1499 2497 1689 2555; x_wconf 87' lang='grc' dir='ltr'>δίδωσι</span> <span class='ocrx_word' id='word_1_154' title='bbox 1722 2500 1904 2579; x_wconf 69' lang='grc' dir='ltr'>φυγεῖν</span> 
     </span>
    </p>
   </div>
   <div class='ocr_carea' id='block_1_26' title="bbox 253 2587 1908 2668">
    <p class='ocr_par' dir='ltr' id='par_1_26' title="bbox 253 2587 1908 2668">
     <span class='ocr_line' id='line_1_26' title="bbox 253 2587 1908 2668; baseline -0.003 -20"><span class='ocrx_word' id='word_1_155' title='bbox 253 2598 370 2655; x_wconf 83' lang='grc' dir='ltr'>τοῖς</span> <span class='ocrx_word' id='word_1_156' title='bbox 427 2590 627 2662; x_wconf 88' lang='grc' dir='ltr'>ποσίν;</span> <span class='ocrx_word' id='word_1_157' title='bbox 681 2592 717 2661; x_wconf 78' lang='grc' dir='ltr'><strong>ἢ</strong></span> <span class='ocrx_word' id='word_1_158' title='bbox 778 2592 899 2668; x_wconf 85' lang='grc' dir='ltr'>χεὶρ</span> <span class='ocrx_word' id='word_1_159' title='bbox 957 2588 1331 2668; x_wconf 69' lang='grc' dir='ltr'>ψηλαφήσασά</span> <span class='ocrx_word' id='word_1_160' title='bbox 1377 2611 1430 2645; x_wconf 91' lang='grc' dir='ltr'>τι</span> <span class='ocrx_word' id='word_1_161' title='bbox 1479 2589 1743 2664; x_wconf 83' lang='grc' dir='ltr'>πονηρὸν,</span> <span class='ocrx_word' id='word_1_162' title='bbox 1778 2587 1908 2664; x_wconf 67' lang='grc' dir='ltr'>ψεύ-</span> 
     </span>
    </p>
   </div>
   <div class='ocr_carea' id='block_1_27' title="bbox 261 2678 1902 2762">
    <p class='ocr_par' dir='ltr' id='par_1_27' title="bbox 261 2678 1902 2762">
     <span class='ocr_line' id='line_1_27' title="bbox 261 2678 1902 2762; baseline 0.017 -25"><span class='ocrx_word' id='word_1_163' title='bbox 261 2680 409 2739; x_wconf 84' lang='grc' dir='ltr'>δεται</span> <span class='ocrx_word' id='word_1_164' title='bbox 439 2682 505 2738; x_wconf 75' lang='grc' dir='ltr'>τὰ</span> <span class='ocrx_word' id='word_1_165' title='bbox 535 2678 702 2737; x_wconf 83' lang='grc' dir='ltr'>λοιπά</span> <span class='ocrx_word' id='word_1_166' title='bbox 737 2680 879 2755; x_wconf 78' lang='grc' dir='ltr'>μέλη</span> <span class='ocrx_word' id='word_1_167' title='bbox 913 2703 927 2752; x_wconf 86' lang='lat'><strong>;</strong></span> <span class='ocrx_word' id='word_1_168' title='bbox 989 2682 1199 2752; x_wconf 71' lang='grc' dir='ltr'>Οὕτως,</span> <span class='ocrx_word' id='word_1_169' title='bbox 1262 2681 1418 2762; x_wconf 72' lang='grc' dir='ltr'>φησὶ,</span> <span class='ocrx_word' id='word_1_170' title='bbox 1475 2681 1563 2737; x_wconf 61' lang='grc' dir='ltr'>καὶ</span> <span class='ocrx_word' id='word_1_171' title='bbox 1619 2680 1759 2754; x_wconf 53' lang='grc' dir='ltr'>ὕμᾶξ</span> <span class='ocrx_word' id='word_1_172' title='bbox 1790 2682 1902 2761; x_wconf 63' lang='grc' dir='ltr'>χρὴ</span> 
     </span>
    </p>
   </div>
   <div class='ocr_carea' id='block_1_28' title="bbox 263 2768 1903 2848">
    <p class='ocr_par' dir='ltr' id='par_1_28' title="bbox 263 2768 1903 2848">
     <span class='ocr_line' id='line_1_28' title="bbox 263 2768 1903 2848; baseline 0.001 -21"><span class='ocrx_word' id='word_1_173' title='bbox 263 2768 583 2828; x_wconf 81' lang='grc' dir='ltr'>διακεῖσθαι.</span> <span class='ocrx_word' id='word_1_174' title='bbox 641 2795 669 2823; x_wconf 82' lang='grc'>‹‹</span> <span class='ocrx_word' id='word_1_175' title='bbox 732 2769 1059 2848; x_wconf 81' lang='grc' dir='ltr'>Ὀργίζεσθε,</span> <span class='ocrx_word' id='word_1_176' title='bbox 1134 2770 1224 2826; x_wconf 84' lang='grc' dir='ltr'>καὶ</span> <span class='ocrx_word' id='word_1_177' title='bbox 1303 2770 1380 2844; x_wconf 80' lang='grc' dir='ltr'>μή</span> <span class='ocrx_word' id='word_1_178' title='bbox 1456 2770 1810 2845; x_wconf 81' lang='grc' dir='ltr'>ἁμαρτάνετε.</span> <span class='ocrx_word' id='word_1_179' title='bbox 1876 2795 1903 2824; x_wconf 74' lang='grc' dir='ltr'>»ι</span> 
     </span>
    </p>
   </div>
   <div class='ocr_carea' id='block_1_29' title="bbox 264 2856 1908 2935">
    <p class='ocr_par' dir='ltr' id='par_1_29' title="bbox 264 2856 1908 2935">
     <span class='ocr_line' id='line_1_29' title="bbox 264 2856 1908 2935; baseline -0.001 -19"><span class='ocrx_word' id='word_1_180' title='bbox 264 2860 420 2929; x_wconf 64' lang='lat' dir='ltr'>Eius,</span> <span class='ocrx_word' id='word_1_181' title='bbox 471 2861 558 2931; x_wconf 68' lang='grc' dir='ltr'>Μὴ</span> <span class='ocrx_word' id='word_1_182' title='bbox 604 2857 876 2935; x_wconf 72' lang='grc' dir='ltr'>ψεύδεσθε.</span> <span class='ocrx_word' id='word_1_183' title='bbox 925 2859 1077 2917; x_wconf 81' lang='grc' dir='ltr'>Ἐπεὶ</span> <span class='ocrx_word' id='word_1_184' title='bbox 1127 2860 1219 2914; x_wconf 70' lang='grc' dir='ltr'>οὗν</span> <span class='ocrx_word' id='word_1_185' title='bbox 1263 2856 1539 2924; x_wconf 74' lang='grc' dir='ltr'>πολλάκις</span> <span class='ocrx_word' id='word_1_186' title='bbox 1581 2881 1663 2922; x_wconf 91' lang='grc' dir='ltr'>τις</span> <span class='ocrx_word' id='word_1_187' title='bbox 1710 2857 1908 2935; x_wconf 81' lang='grc' dir='ltr'>ψευδό-</span> 
     </span>
    </p>
   </div>
   <div class='ocr_carea' id='block_1_30' title="bbox 266 2946 1910 3029">
    <p class='ocr_par' dir='ltr' id='par_1_30' title="bbox 266 2946 1910 3029">
     <span class='ocr_line' id='line_1_30' title="bbox 266 2946 1910 3029; baseline -0.002 -24"><span class='ocrx_word' id='word_1_188' title='bbox 266 2971 447 3024; x_wconf 77' lang='grc' dir='ltr'>μενος,</span> <span class='ocrx_word' id='word_1_189' title='bbox 514 2949 688 3024; x_wconf 78' lang='grc' dir='ltr'>ὀργῆς</span> <span class='ocrx_word' id='word_1_190' title='bbox 751 2950 1019 3027; x_wconf 74' lang='grc' dir='ltr'>πρόφασιν</span> <span class='ocrx_word' id='word_1_191' title='bbox 1085 2953 1339 3024; x_wconf 82' lang='grc' dir='ltr'>παρεῖχε,</span> <span class='ocrx_word' id='word_1_192' title='bbox 1404 2948 1557 3029; x_wconf 77' lang='grc' dir='ltr'>φησί.</span> <span class='ocrx_word' id='word_1_193' title='bbox 1605 2946 1782 3004; x_wconf 84' lang='grc' dir='ltr'>Καλὸν</span> <span class='ocrx_word' id='word_1_194' title='bbox 1816 2948 1910 3021; x_wconf 72' lang='grc' dir='ltr'>μέν</span> 
     </span>
    </p>
   </div>
   <div class='ocr_carea' id='block_1_31' title="bbox 259 3035 1911 3114">
    <p class='ocr_par' dir='ltr' id='par_1_31' title="bbox 259 3035 1911 3114">
     <span class='ocr_line' id='line_1_31' title="bbox 259 3035 1911 3114; baseline -0.002 -20"><span class='ocrx_word' id='word_1_195' title='bbox 259 3039 321 3096; x_wconf 85' lang='grc' dir='ltr'>τὸ</span> <span class='ocrx_word' id='word_1_196' title='bbox 355 3042 431 3113; x_wconf 80' lang='grc' dir='ltr'>μή</span> <span class='ocrx_word' id='word_1_197' title='bbox 466 3037 774 3114; x_wconf 82' lang='grc' dir='ltr'>ὀργίζεσθαι</span> <span class='ocrx_word' id='word_1_198' title='bbox 804 3036 1070 3102; x_wconf 79' lang='grc' dir='ltr'>καθόλου.</span> <span class='ocrx_word' id='word_1_199' title='bbox 1123 3036 1184 3094; x_wconf 75' lang='lat' dir='ltr'>Ei</span> <span class='ocrx_word' id='word_1_200' title='bbox 1242 3035 1300 3092; x_wconf 72' lang='grc' dir='ltr'>δὲ</span> <span class='ocrx_word' id='word_1_201' title='bbox 1348 3039 1472 3109; x_wconf 82' lang='grc' dir='ltr'>ἄρα,</span> <span class='ocrx_word' id='word_1_202' title='bbox 1520 3038 1618 3093; x_wconf 75' lang='grc' dir='ltr'>κᾶν</span> <span class='ocrx_word' id='word_1_203' title='bbox 1664 3037 1742 3111; x_wconf 74' lang='grc' dir='ltr'>μὴ</span> <span class='ocrx_word' id='word_1_204' title='bbox 1774 3035 1911 3112; x_wconf 87' lang='grc' dir='ltr'>πρὸς</span> 
     </span>
    </p>
   </div>
   <div class='ocr_carea' id='block_1_32' title="bbox 258 3122 1908 3207">
    <p class='ocr_par' dir='ltr' id='par_1_32' title="bbox 258 3122 1908 3207">
     <span class='ocr_line' id='line_1_32' title="bbox 258 3122 1908 3207; baseline -0.003 -23"><span class='ocrx_word' id='word_1_205' title='bbox 258 3128 527 3204; x_wconf 80' lang='grc' dir='ltr'>ἁμαρτίαν</span> <span class='ocrx_word' id='word_1_206' title='bbox 559 3126 842 3207; x_wconf 75' lang='grc' dir='ltr'>ἐξαχθῆτε,</span> <span class='ocrx_word' id='word_1_207' title='bbox 896 3124 1037 3202; x_wconf 75' lang='grc' dir='ltr'>μηδὲ</span> <span class='ocrx_word' id='word_1_208' title='bbox 1093 3122 1451 3199; x_wconf 68' lang='grc' dir='ltr'>παραμενέτω</span> <span class='ocrx_word' id='word_1_209' title='bbox 1487 3127 1615 3199; x_wconf 80' lang='grc' dir='ltr'>ὑμῖν</span> <span class='ocrx_word' id='word_1_210' title='bbox 1647 3123 1734 3182; x_wconf 71' lang='grc' dir='ltr'>ἐπὶ</span> <span class='ocrx_word' id='word_1_211' title='bbox 1764 3124 1908 3180; x_wconf 82' lang='grc' dir='ltr'>πολῦ</span> 
     </span>
    </p>
   </div>
   <div class='ocr_carea' id='block_1_33' title="bbox 255 3211 1908 3292">
    <p class='ocr_par' dir='ltr' id='par_1_33' title="bbox 255 3211 1908 3292">
     <span class='ocr_line' id='line_1_33' title="bbox 255 3211 1908 3292; baseline -0.002 -19"><span class='ocrx_word' id='word_1_212' title='bbox 255 3216 318 3273; x_wconf 86' lang='grc' dir='ltr'>τὸ</span> <span class='ocrx_word' id='word_1_213' title='bbox 357 3218 549 3286; x_wconf 74' lang='grc' dir='ltr'>πάθος,</span> <span class='ocrx_word' id='word_1_214' title='bbox 607 3216 730 3273; x_wconf 76' lang='grc' dir='ltr'>’Κνι</span> <span class='ocrx_word' id='word_1_215' title='bbox 786 3215 909 3292; x_wconf 69' lang='grc' dir='ltr'>γὰρ.</span> <span class='ocrx_word' id='word_1_216' title='bbox 971 3216 1044 3278; x_wconf 84' lang='grc' dir='ltr'>ὡς</span> <span class='ocrx_word' id='word_1_217' title='bbox 1104 3212 1251 3290; x_wconf 75' lang='grc' dir='ltr'>λέγει</span> <span class='ocrx_word' id='word_1_218' title='bbox 1300 3234 1405 3286; x_wconf 90' lang='grc' dir='ltr'>τις,</span> <span class='ocrx_word' id='word_1_219' title='bbox 1465 3213 1636 3290; x_wconf 78' lang='grc' dir='ltr'>ὀργῆς</span> <span class='ocrx_word' id='word_1_220' title='bbox 1697 3211 1908 3275; x_wconf 84' lang='grc' dir='ltr'>δικαίας</span> 
     </span>
    </p>
   </div>
   <div class='ocr_carea' id='block_1_34' title="bbox 255 3299 1904 3382">
    <p class='ocr_par' dir='ltr' id='par_1_34' title="bbox 255 3299 1904 3382">
     <span class='ocr_line' id='line_1_34' title="bbox 255 3299 1904 3382; baseline -0.002 -20"><span class='ocrx_word' id='word_1_221' title='bbox 255 3307 389 3382; x_wconf 78' lang='grc' dir='ltr'>πρὸς</span> <span class='ocrx_word' id='word_1_222' title='bbox 440 3302 583 3378; x_wconf 76' lang='grc' dir='ltr'>ὥραν</span> <span class='ocrx_word' id='word_1_223' title='bbox 628 3301 1037 3379; x_wconf 77' lang='grc' dir='ltr'>ἐμπλησθῆναι.</span> <span class='ocrx_word' id='word_1_224' title='bbox 1090 3308 1264 3359; x_wconf 74' lang='grc' dir='ltr'>Λῦσον</span> <span class='ocrx_word' id='word_1_225' title='bbox 1299 3299 1356 3358; x_wconf 73' lang='grc' dir='ltr'>δὲ</span> <span class='ocrx_word' id='word_1_226' title='bbox 1386 3302 1554 3373; x_wconf 74' lang='grc' dir='ltr'>αὐτὴν</span> <span class='ocrx_word' id='word_1_227' title='bbox 1602 3303 1707 3378; x_wconf 83' lang='grc' dir='ltr'>πρὸ</span> <span class='ocrx_word' id='word_1_228' title='bbox 1734 3300 1904 3374; x_wconf 72' lang='grc' dir='ltr'>ἡλίου</span> 
     </span>
    </p>
   </div>
   <div class='ocr_carea' id='block_1_35' title="bbox 255 3390 1903 3468">
    <p class='ocr_par' dir='ltr' id='par_1_35' title="bbox 255 3390 1903 3468">
     <span class='ocr_line' id='line_1_35' title="bbox 255 3390 1903 3468; baseline -0.001 -17"><span class='ocrx_word' id='word_1_229' title='bbox 255 3393 477 3465; x_wconf 72' lang='grc' dir='ltr'>δόσεως,</span> <span class='ocrx_word' id='word_1_230' title='bbox 512 3391 602 3451; x_wconf 72' lang='grc' dir='ltr'>διά</span> <span class='ocrx_word' id='word_1_231' title='bbox 646 3415 705 3450; x_wconf 89' lang='grc' dir='ltr'>τε</span> <span class='ocrx_word' id='word_1_232' title='bbox 750 3394 814 3449; x_wconf 82' lang='grc' dir='ltr'>τὸ</span> <span class='ocrx_word' id='word_1_233' title='bbox 868 3395 942 3468; x_wconf 81' lang='grc' dir='ltr'>μή</span> <span class='ocrx_word' id='word_1_234' title='bbox 997 3390 1144 3465; x_wconf 78' lang='grc' dir='ltr'>δόξαι</span> <span class='ocrx_word' id='word_1_235' title='bbox 1189 3392 1275 3449; x_wconf 75' lang='grc' dir='ltr'>ἐπὶ</span> <span class='ocrx_word' id='word_1_236' title='bbox 1326 3392 1561 3464; x_wconf 81' lang='grc' dir='ltr'>ἀναξίοις</span> <span class='ocrx_word' id='word_1_237' title='bbox 1608 3391 1903 3450; x_wconf 77' lang='grc' dir='ltr'>ἀνατέταλ-</span> 
     </span>
    </p>
   </div>
   <div class='ocr_carea' id='block_1_36' title="bbox 252 3478 1903 3555">
    <p class='ocr_par' dir='ltr' id='par_1_36' title="bbox 252 3478 1903 3555">
     <span class='ocr_line' id='line_1_36' title="bbox 252 3478 1903 3555; baseline -0.002 -14"><span class='ocrx_word' id='word_1_238' title='bbox 252 3484 396 3541; x_wconf 86' lang='grc' dir='ltr'>κέναι</span> <span class='ocrx_word' id='word_1_239' title='bbox 427 3485 519 3539; x_wconf 81' lang='grc' dir='ltr'>τὸν</span> <span class='ocrx_word' id='word_1_240' title='bbox 566 3481 755 3553; x_wconf 72' lang='grc' dir='ltr'>ἥλιον,</span> <span class='ocrx_word' id='word_1_241' title='bbox 802 3482 895 3537; x_wconf 78' lang='grc' dir='ltr'>καὶ</span> <span class='ocrx_word' id='word_1_242' title='bbox 933 3480 1023 3537; x_wconf 66' lang='grc' dir='ltr'>’ἕνα</span> <span class='ocrx_word' id='word_1_243' title='bbox 1074 3482 1150 3555; x_wconf 78' lang='grc' dir='ltr'>μὴ</span> <span class='ocrx_word' id='word_1_244' title='bbox 1208 3484 1243 3551; x_wconf 74' lang='grc' dir='ltr'><strong>ἡ</strong></span> <span class='ocrx_word' id='word_1_245' title='bbox 1301 3480 1392 3553; x_wconf 78' lang='grc' dir='ltr'>νὺξ</span> <span class='ocrx_word' id='word_1_246' title='bbox 1433 3478 1522 3537; x_wconf 68' lang='grc' dir='ltr'>διὰ</span> <span class='ocrx_word' id='word_1_247' title='bbox 1550 3485 1655 3537; x_wconf 88' lang='grc' dir='ltr'>τῶν</span> <span class='ocrx_word' id='word_1_248' title='bbox 1687 3481 1903 3539; x_wconf 80' lang='grc' dir='ltr'>ἐννοιῶν</span> 
     </span>
    </p>
   </div>
   <div class='ocr_carea' id='block_1_37' title="bbox 256 3570 1327 3650">
    <p class='ocr_par' dir='ltr' id='par_1_37' title="bbox 256 3570 1327 3650">
     <span class='ocr_line' id='line_1_37' title="bbox 256 3570 1327 3650; baseline -0.001 -22"><span class='ocrx_word' id='word_1_249' title='bbox 256 3572 647 3650; x_wconf 80' lang='grc' dir='ltr'>χαλεπωτέραν</span> <span class='ocrx_word' id='word_1_250' title='bbox 677 3570 971 3648; x_wconf 69' lang='grc' dir='ltr'>ἐργάσηται</span> <span class='ocrx_word' id='word_1_251' title='bbox 1000 3571 1099 3641; x_wconf 78' lang='grc' dir='ltr'>τήν</span> <span class='ocrx_word' id='word_1_252' title='bbox 1132 3570 1327 3648; x_wconf 82' lang='grc' dir='ltr'>πυράν.</span> 
     </span>
    </p>
   </div>
   <div class='ocr_carea' id='block_1_38' title="bbox 336 3831 1907 3913">
    <p class='ocr_par' dir='ltr' id='par_1_38' title="bbox 336 3831 1907 3913">
     <span class='ocr_line' id='line_1_38' title="bbox 336 3831 1907 3913; baseline -0.005 -18"><span class='ocrx_word' id='word_1_253' title='bbox 336 3837 679 3913; x_wconf 80' lang='grc' dir='ltr'>[ΟΙΚΟΥΜ.]</span> <span class='ocrx_word' id='word_1_254' title='bbox 729 3831 974 3892; x_wconf 81' lang='grc' dir='ltr'>Ἤκουσᾶ</span> <span class='ocrx_word' id='word_1_255' title='bbox 1019 3852 1179 3889; x_wconf 90' lang='grc' dir='ltr'>τινων</span> <span class='ocrx_word' id='word_1_256' title='bbox 1253 3832 1726 3910; x_wconf 78' lang='grc' dir='ltr'>ἱρμηνευσάντων·</span> <span class='ocrx_word' id='word_1_257' title='bbox 1777 3832 1907 3906; x_wconf 83' lang='grc' dir='ltr'>Μία,</span> 
     </span>
    </p>
   </div>
   <div class='ocr_carea' id='block_1_39' title="bbox 267 3919 1911 4006">
    <p class='ocr_par' dir='ltr' id='par_1_39' title="bbox 267 3919 1911 4006">
     <span class='ocr_line' id='line_1_39' title="bbox 267 3919 1911 4006; baseline -0.002 -26"><span class='ocrx_word' id='word_1_258' title='bbox 267 3926 454 4006; x_wconf 69' lang='grc' dir='ltr'>φησὶν,</span> <span class='ocrx_word' id='word_1_259' title='bbox 520 3924 902 4001; x_wconf 70' lang='grc' dir='ltr'>ἀναμάρτητος</span> <span class='ocrx_word' id='word_1_260' title='bbox 962 3922 1126 3999; x_wconf 72' lang='grc' dir='ltr'>ὀργὴ,</span> <span class='ocrx_word' id='word_1_261' title='bbox 1186 3923 1221 3993; x_wconf 72' lang='grc' dir='ltr'><strong>ἡ</strong></span> <span class='ocrx_word' id='word_1_262' title='bbox 1280 3924 1417 3997; x_wconf 83' lang='grc' dir='ltr'>πρὸς</span> <span class='ocrx_word' id='word_1_263' title='bbox 1472 3923 1600 3986; x_wconf 68' lang='grc' dir='ltr'>τοὺς</span> <span class='ocrx_word' id='word_1_264' title='bbox 1650 3919 1911 3996; x_wconf 82' lang='grc' dir='ltr'>δαίμονας</span> 
     </span>
    </p>
   </div>
   <div class='ocr_carea' id='block_1_40' title="bbox 264 4008 1911 4085">
    <p class='ocr_par' dir='ltr' id='par_1_40' title="bbox 264 4008 1911 4085">
     <span class='ocr_line' id='line_1_40' title="bbox 264 4008 1911 4085; baseline -0.002 -14"><span class='ocrx_word' id='word_1_265' title='bbox 264 4016 351 4071; x_wconf 80' lang='grc' dir='ltr'>καὶ</span> <span class='ocrx_word' id='word_1_266' title='bbox 383 4014 451 4070; x_wconf 71' lang='grc' dir='ltr'>τὰ</span> <span class='ocrx_word' id='word_1_267' title='bbox 479 4013 647 4085; x_wconf 79' lang='grc' dir='ltr'>πάθη.</span> <span class='ocrx_word' id='word_1_268' title='bbox 716 4038 744 4067; x_wconf 78' lang='grc' dir='ltr'>σι</span> <span class='ocrx_word' id='word_1_269' title='bbox 788 4008 943 4085; x_wconf 74' lang='grc' dir='ltr'>Μηδὲ</span> <span class='ocrx_word' id='word_1_270' title='bbox 1007 4009 1188 4068; x_wconf 83' lang='grc' dir='ltr'>δίδοτε</span> <span class='ocrx_word' id='word_1_271' title='bbox 1249 4012 1440 4068; x_wconf 62' lang='grc' dir='ltr'>τόπον</span> <span class='ocrx_word' id='word_1_272' title='bbox 1482 4037 1510 4065; x_wconf 71' lang='grc' dir='ltr'>ι)</span> <span class='ocrx_word' id='word_1_273' title='bbox 1580 4012 1649 4070; x_wconf 75' lang='grc' dir='ltr'>ἸΙ</span> <span class='ocrx_word' id='word_1_274' title='bbox 1691 4011 1774 4068; x_wconf 76' lang='grc' dir='ltr'>δτι</span> <span class='ocrx_word' id='word_1_275' title='bbox 1813 4016 1911 4068; x_wconf 76' lang='grc' dir='ltr'>τοῦ</span> 
     </span>
    </p>
   </div>
   <div class='ocr_carea' id='block_1_41' title="bbox 266 4100 1915 4182">
    <p class='ocr_par' dir='ltr' id='par_1_41' title="bbox 266 4100 1915 4182">
     <span class='ocr_line' id='line_1_41' title="bbox 266 4100 1915 4182; baseline 0 -23"><span class='ocrx_word' id='word_1_276' title='bbox 266 4102 378 4159; x_wconf 85' lang='grc' dir='ltr'>ἀνω</span> <span class='ocrx_word' id='word_1_277' title='bbox 436 4105 691 4182; x_wconf 70' lang='grc' dir='ltr'>ἢρτηται·</span> <span class='ocrx_word' id='word_1_278' title='bbox 749 4105 842 4172; x_wconf 75' lang='grc' dir='ltr'>Μὴ</span> <span class='ocrx_word' id='word_1_279' title='bbox 899 4100 1406 4180; x_wconf 70' lang='grc' dir='ltr'>ἒπιδυέτω,φησίν,</span> <span class='ocrx_word' id='word_1_280' title='bbox 1441 4100 1657 4173; x_wconf 72' lang='grc' dir='ltr'>ὁῆλιος</span> <span class='ocrx_word' id='word_1_281' title='bbox 1718 4101 1915 4176; x_wconf 71' lang='grc' dir='ltr'>ἒπῖτῷ</span> 
     </span>
    </p>
   </div>
   <div class='ocr_carea' id='block_1_42' title="bbox 264 4186 1917 4269">
    <p class='ocr_par' dir='ltr' id='par_1_42' title="bbox 264 4186 1917 4269">
     <span class='ocr_line' id='line_1_42' title="bbox 264 4186 1917 4269; baseline 0 -21"><span class='ocrx_word' id='word_1_282' title='bbox 264 4196 633 4269; x_wconf 84' lang='grc' dir='ltr'>παροργισμῷ</span> <span class='ocrx_word' id='word_1_283' title='bbox 674 4194 850 4266; x_wconf 73' lang='grc' dir='ltr'>ὑμῶν,</span> <span class='ocrx_word' id='word_1_284' title='bbox 905 4192 997 4247; x_wconf 82' lang='grc' dir='ltr'>’ίνα</span> <span class='ocrx_word' id='word_1_285' title='bbox 1053 4192 1128 4265; x_wconf 76' lang='grc' dir='ltr'>μὴ</span> <span class='ocrx_word' id='word_1_286' title='bbox 1162 4189 1299 4248; x_wconf 87' lang='grc' dir='ltr'>δῶτε</span> <span class='ocrx_word' id='word_1_287' title='bbox 1345 4193 1535 4268; x_wconf 87' lang='grc' dir='ltr'>χώραν</span> <span class='ocrx_word' id='word_1_288' title='bbox 1562 4196 1640 4264; x_wconf 75' lang='grc' dir='ltr'>τῷ</span> <span class='ocrx_word' id='word_1_289' title='bbox 1671 4186 1917 4267; x_wconf 76' lang='grc' dir='ltr'>διαϐόλῳ</span> 
     </span>
    </p>
   </div>
   <div class='ocr_carea' id='block_1_43' title="bbox 268 4278 1915 4355">
    <p class='ocr_par' dir='ltr' id='par_1_43' title="bbox 268 4278 1915 4355">
     <span class='ocr_line' id='line_1_43' title="bbox 268 4278 1915 4355; baseline -0.001 -18"><span class='ocrx_word' id='word_1_290' title='bbox 268 4280 360 4337; x_wconf 75' lang='grc' dir='ltr'>διὰ</span> <span class='ocrx_word' id='word_1_291' title='bbox 416 4286 524 4337; x_wconf 92' lang='grc' dir='ltr'>τῶν</span> <span class='ocrx_word' id='word_1_292' title='bbox 573 4280 709 4334; x_wconf 80' lang='grc' dir='ltr'>κατᾶ</span> <span class='ocrx_word' id='word_1_293' title='bbox 764 4281 866 4349; x_wconf 82' lang='grc' dir='ltr'>τήν</span> <span class='ocrx_word' id='word_1_294' title='bbox 946 4281 1109 4333; x_wconf 73' lang='grc' dir='ltr'>νύκτα</span> <span class='ocrx_word' id='word_1_295' title='bbox 1164 4279 1466 4353; x_wconf 81' lang='grc' dir='ltr'>λογισμῶν,</span> <span class='ocrx_word' id='word_1_296' title='bbox 1526 4281 1717 4338; x_wconf 80' lang='grc' dir='ltr'>πλεῖον</span> <span class='ocrx_word' id='word_1_297' title='bbox 1777 4278 1915 4355; x_wconf 79' lang='grc' dir='ltr'>ὑμᾶς</span> 
     </span>
    </p>
   </div>
   <div class='ocr_carea' id='block_1_44' title="bbox 270 4362 1919 4440">
    <p class='ocr_par' dir='ltr' id='par_1_44' title="bbox 270 4362 1919 4440">
     <span class='ocr_line' id='line_1_44' title="bbox 270 4362 1919 4440; baseline -0.002 -14"><span class='ocrx_word' id='word_1_298' title='bbox 270 4370 503 4426; x_wconf 81' lang='grc' dir='ltr'>ἐκκαίειν</span> <span class='ocrx_word' id='word_1_299' title='bbox 536 4369 675 4422; x_wconf 80' lang='grc' dir='ltr'>κατᾶ</span> <span class='ocrx_word' id='word_1_300' title='bbox 702 4371 810 4420; x_wconf 88' lang='grc' dir='ltr'>τῶν</span> <span class='ocrx_word' id='word_1_301' title='bbox 840 4362 1111 4440; x_wconf 78' lang='grc' dir='ltr'>ἀδελφῶν.</span> <span class='ocrx_word' id='word_1_302' title='bbox 1164 4390 1191 4419; x_wconf 88' lang='grc'>‹‹</span> <span class='ocrx_word' id='word_1_303' title='bbox 1222 4369 1316 4438; x_wconf 83' lang='grc' dir='ltr'>Τῷ</span> <span class='ocrx_word' id='word_1_304' title='bbox 1366 4362 1634 4440; x_wconf 71' lang='grc' dir='ltr'>διαϐόλῳ,</span> <span class='ocrx_word' id='word_1_305' title='bbox 1674 4395 1694 4420; x_wconf 80' lang='grc' dir='ltr'>ι</span> <span class='ocrx_word' id='word_1_306' title='bbox 1739 4371 1833 4431; x_wconf 80' lang='grc' dir='ltr'>Ὣς</span> <span class='ocrx_word' id='word_1_307' title='bbox 1862 4391 1919 4426; x_wconf 77' lang='grc' dir='ltr'>τε</span> 
     </span>
    </p>
   </div>
   <div class='ocr_carea' id='block_1_45' title="bbox 267 4452 1921 4533">
    <p class='ocr_par' dir='ltr' id='par_1_45' title="bbox 267 4452 1921 4533">
     <span class='ocr_line' id='line_1_45' title="bbox 267 4452 1921 4533; baseline -0.001 -18"><span class='ocrx_word' id='word_1_308' title='bbox 267 4461 331 4515; x_wconf 81' lang='grc' dir='ltr'>τὸ</span> <span class='ocrx_word' id='word_1_309' title='bbox 363 4454 638 4527; x_wconf 71' lang='grc' dir='ltr'>ἀλληλοις</span> <span class='ocrx_word' id='word_1_310' title='bbox 679 4453 964 4527; x_wconf 84' lang='grc' dir='ltr'>πολεμεῖν,</span> <span class='ocrx_word' id='word_1_311' title='bbox 995 4453 1163 4509; x_wconf 88' lang='grc' dir='ltr'>τόπον</span> <span class='ocrx_word' id='word_1_312' title='bbox 1192 4452 1303 4509; x_wconf 70' lang='grc' dir='ltr'>ἐστὶ</span> <span class='ocrx_word' id='word_1_313' title='bbox 1337 4452 1646 4529; x_wconf 85' lang='grc' dir='ltr'>διδόναιτῷ</span> <span class='ocrx_word' id='word_1_314' title='bbox 1677 4452 1921 4533; x_wconf 77' lang='grc' dir='ltr'>διαϐόλῳ</span> 
     </span>
    </p>
   </div>
   <div class='ocr_carea' id='block_1_46' title="bbox 267 4540 1919 4619">
    <p class='ocr_par' dir='ltr' id='par_1_46' title="bbox 267 4540 1919 4619">
     <span class='ocr_line' id='line_1_46' title="bbox 267 4540 1919 4619; baseline 0 -17"><span class='ocrx_word' id='word_1_315' title='bbox 267 4547 391 4611; x_wconf 83' lang='grc' dir='ltr'>καθ’</span> <span class='ocrx_word' id='word_1_316' title='bbox 422 4547 584 4619; x_wconf 71' lang='grc' dir='ltr'>ἡμῶν</span> <span class='ocrx_word' id='word_1_317' title='bbox 614 4544 811 4600; x_wconf 78' lang='grc' dir='ltr'>αὐτῶν.</span> <span class='ocrx_word' id='word_1_318' title='bbox 865 4567 892 4594; x_wconf 90' lang='grc'>‹‹</span> <span class='ocrx_word' id='word_1_319' title='bbox 948 4545 1007 4600; x_wconf 78' lang='grc' dir='ltr'><strong>Ὀ</strong></span> <span class='ocrx_word' id='word_1_320' title='bbox 1045 4540 1296 4597; x_wconf 83' lang='grc' dir='ltr'>κλέπτων</span> <span class='ocrx_word' id='word_1_321' title='bbox 1333 4541 1525 4616; x_wconf 86' lang='grc' dir='ltr'>μηκέτι</span> <span class='ocrx_word' id='word_1_322' title='bbox 1557 4542 1853 4602; x_wconf 83' lang='grc' dir='ltr'>κλεπτέτω.</span> <span class='ocrx_word' id='word_1_323' title='bbox 1891 4571 1919 4598; x_wconf 84' lang='grc'><strong>››</strong></span> 
     </span>
    </p>
   </div>
   <div class='ocr_carea' id='block_1_47' title="bbox 269 4624 1999 4710">
    <p class='ocr_par' dir='ltr' id='par_1_47' title="bbox 269 4624 1999 4710">
     <span class='ocr_line' id='line_1_47' title="bbox 269 4624 1999 4710; baseline -0.002 -16"><span class='ocrx_word' id='word_1_324' title='bbox 269 4634 413 4695; x_wconf 70' lang='grc' dir='ltr'>Ἰδοὺ</span> <span class='ocrx_word' id='word_1_325' title='bbox 445 4635 510 4690; x_wconf 67' lang='grc' dir='ltr'>τὰ</span> <span class='ocrx_word' id='word_1_326' title='bbox 546 4633 687 4710; x_wconf 88' lang='grc' dir='ltr'>μέλη</span> <span class='ocrx_word' id='word_1_327' title='bbox 720 4636 817 4689; x_wconf 76' lang='grc' dir='ltr'>τοῦ</span> <span class='ocrx_word' id='word_1_328' title='bbox 850 4632 1088 4688; x_wconf 76' lang='grc' dir='ltr'>παλαιοῦ</span> <span class='ocrx_word' id='word_1_329' title='bbox 1126 4630 1435 4708; x_wconf 71' lang='grc' dir='ltr'>ἀνθρώπου.</span> <span class='ocrx_word' id='word_1_330' title='bbox 1473 4634 1582 4688; x_wconf 68' lang='grc' dir='ltr'>Ποῦ</span> <span class='ocrx_word' id='word_1_331' title='bbox 1616 4630 1672 4690; x_wconf 88' lang='grc' dir='ltr'>δέ</span> <span class='ocrx_word' id='word_1_332' title='bbox 1704 4635 1803 4691; x_wconf 76' lang='grc' dir='ltr'>εἶσι</span> <span class='ocrx_word' id='word_1_333' title='bbox 1833 4641 1922 4692; x_wconf 73' lang='grc' dir='ltr'>νῦν</span> <span class='ocrx_word' id='word_1_334' title='bbox 1956 4624 1999 4691; x_wconf 90' lang='grc'>[)</span> 
     </span>
    </p>
   </div>
   <div class='ocr_carea' id='block_1_48' title="bbox 270 4720 1925 4801">
    <p class='ocr_par' dir='ltr' id='par_1_48' title="bbox 270 4720 1925 4801">
     <span class='ocr_line' id='line_1_48' title="bbox 270 4720 1925 4801; baseline 0 -20"><span class='ocrx_word' id='word_1_335' title='bbox 270 4727 324 4781; x_wconf 71' lang='grc' dir='ltr'>οἱ</span> <span class='ocrx_word' id='word_1_336' title='bbox 375 4725 549 4800; x_wconf 75' lang='grc' dir='ltr'>ῥύπου</span> <span class='ocrx_word' id='word_1_337' title='bbox 597 4722 872 4801; x_wconf 76' lang='grc' dir='ltr'>γέμοντες,</span> <span class='ocrx_word' id='word_1_338' title='bbox 923 4721 1143 4785; x_wconf 73' lang='grc' dir='ltr'>ἑαυτοὺς</span> <span class='ocrx_word' id='word_1_339' title='bbox 1199 4720 1254 4778; x_wconf 74' lang='grc' dir='ltr'>δὲ</span> <span class='ocrx_word' id='word_1_340' title='bbox 1305 4723 1573 4799; x_wconf 71' lang='grc' dir='ltr'>καθαροὺς</span> <span class='ocrx_word' id='word_1_341' title='bbox 1607 4722 1925 4783; x_wconf 77' lang='grc' dir='ltr'>ἐπικαλοῦνο</span> 
     </span>
    </p>
   </div>
   <div class='ocr_carea' id='block_1_49' title="bbox 269 4809 1926 4893">
    <p class='ocr_par' dir='ltr' id='par_1_49' title="bbox 269 4809 1926 4893">
     <span class='ocr_line' id='line_1_49' title="bbox 269 4809 1926 4893; baseline -0.001 -22"><span class='ocrx_word' id='word_1_342' title='bbox 269 4835 378 4884; x_wconf 85' lang='grc' dir='ltr'>τες,</span> <span class='ocrx_word' id='word_1_343' title='bbox 431 4814 481 4869; x_wconf 74' lang='grc' dir='ltr'>οἱ</span> <span class='ocrx_word' id='word_1_344' title='bbox 545 4813 621 4887; x_wconf 80' lang='grc' dir='ltr'>μή</span> <span class='ocrx_word' id='word_1_345' title='bbox 699 4809 996 4888; x_wconf 83' lang='grc' dir='ltr'>δεχόμενοι</span> <span class='ocrx_word' id='word_1_346' title='bbox 1067 4814 1166 4883; x_wconf 73' lang='grc' dir='ltr'>τήν</span> <span class='ocrx_word' id='word_1_347' title='bbox 1244 4814 1565 4886; x_wconf 82' lang='grc' dir='ltr'>μετάνοιαν;</span> <span class='ocrx_word' id='word_1_348' title='bbox 1643 4812 1780 4871; x_wconf 77' lang='grc' dir='ltr'>Ἰδοὺ</span> <span class='ocrx_word' id='word_1_349' title='bbox 1821 4816 1926 4893; x_wconf 69' lang='grc' dir='ltr'>γὰρ</span> 
     </span>
    </p>
   </div>
   <div class='ocr_carea' id='block_1_50' title="bbox 275 4898 1923 4982">
    <p class='ocr_par' dir='ltr' id='par_1_50' title="bbox 275 4898 1923 4982">
     <span class='ocr_line' id='line_1_50' title="bbox 275 4898 1923 4982; baseline -0.005 -21"><span class='ocrx_word' id='word_1_350' title='bbox 275 4909 515 4982; x_wconf 65' lang='grc' dir='ltr'>φανερῶς</span> <span class='ocrx_word' id='word_1_351' title='bbox 565 4901 874 4969; x_wconf 62' lang='grc' dir='ltr'>ἀκούουσιν,</span> <span class='ocrx_word' id='word_1_352' title='bbox 933 4901 995 4957; x_wconf 82' lang='grc' dir='ltr'>Ὀ</span> <span class='ocrx_word' id='word_1_353' title='bbox 1054 4898 1302 4957; x_wconf 79' lang='grc' dir='ltr'>κλέπτων</span> <span class='ocrx_word' id='word_1_354' title='bbox 1367 4904 1561 4976; x_wconf 84' lang='grc' dir='ltr'>μηκέτι</span> <span class='ocrx_word' id='word_1_355' title='bbox 1623 4901 1923 4961; x_wconf 76' lang='grc' dir='ltr'>κλεπτέτω,</span> 
     </span>
    </p>
   </div>
   <div class='ocr_carea' id='block_1_51' title="bbox 275 4988 1926 5065">
    <p class='ocr_par' dir='ltr' id='par_1_51' title="bbox 275 4988 1926 5065">
     <span class='ocr_line' id='line_1_51' title="bbox 275 4988 1926 5065; baseline -0.001 -19"><span class='ocrx_word' id='word_1_356' title='bbox 275 5019 304 5046; x_wconf 87' lang='grc'>‹‹</span> <span class='ocrx_word' id='word_1_357' title='bbox 341 4991 570 5051; x_wconf 79' lang='grc' dir='ltr'>Μᾶλλον</span> <span class='ocrx_word' id='word_1_358' title='bbox 618 4989 676 5047; x_wconf 76' lang='grc' dir='ltr'>δὲ</span> <span class='ocrx_word' id='word_1_359' title='bbox 732 4988 1000 5048; x_wconf 77' lang='grc' dir='ltr'>κοπιάτω.</span> <span class='ocrx_word' id='word_1_360' title='bbox 1050 5014 1078 5040; x_wconf 88' lang='grc'>››</span> <span class='ocrx_word' id='word_1_361' title='bbox 1127 4988 1205 5047; x_wconf 74' lang='grc' dir='ltr'>Οὖ</span> <span class='ocrx_word' id='word_1_362' title='bbox 1260 4990 1363 5065; x_wconf 83' lang='grc' dir='ltr'>γὰρ</span> <span class='ocrx_word' id='word_1_363' title='bbox 1420 4990 1574 5063; x_wconf 85' lang='grc' dir='ltr'>ἀρκεῖ</span> <span class='ocrx_word' id='word_1_364' title='bbox 1626 4991 1926 5047; x_wconf 70' lang='grc' dir='ltr'>παῦσασθαι</span> 
     </span>
    </p>
   </div>
   <div class='ocr_carea' id='block_1_52' title="bbox 276 5076 1927 5157">
    <p class='ocr_par' dir='ltr' id='par_1_52' title="bbox 276 5076 1927 5157">
     <span class='ocr_line' id='line_1_52' title="bbox 276 5076 1927 5157; baseline -0.001 -18"><span class='ocrx_word' id='word_1_365' title='bbox 276 5083 544 5157; x_wconf 82' lang='grc' dir='ltr'>ἁμαρτίας</span> <span class='ocrx_word' id='word_1_366' title='bbox 591 5081 681 5138; x_wconf 80' lang='grc' dir='ltr'>τὸν</span> <span class='ocrx_word' id='word_1_367' title='bbox 748 5082 1136 5153; x_wconf 74' lang='grc' dir='ltr'>μετανοοῦντα,</span> <span class='ocrx_word' id='word_1_368' title='bbox 1196 5076 1342 5134; x_wconf 77' lang='grc' dir='ltr'>ἀλλᾶ</span> <span class='ocrx_word' id='word_1_369' title='bbox 1391 5080 1482 5133; x_wconf 78' lang='grc' dir='ltr'>καὶ</span> <span class='ocrx_word' id='word_1_370' title='bbox 1537 5081 1637 5149; x_wconf 78' lang='grc' dir='ltr'>τήν</span> <span class='ocrx_word' id='word_1_371' title='bbox 1686 5081 1927 5137; x_wconf 65' lang='grc' dir='ltr'>ἐναντίαν</span> 
     </span>
    </p>
   </div>
   <div class='ocr_carea' id='block_1_53' title="bbox 278 5164 1928 5249">
    <p class='ocr_par' dir='ltr' id='par_1_53' title="bbox 278 5164 1928 5249">
     <span class='ocr_line' id='line_1_53' title="bbox 278 5164 1928 5249; baseline -0.003 -19"><span class='ocrx_word' id='word_1_372' title='bbox 278 5173 416 5249; x_wconf 73' lang='grc' dir='ltr'>αὐτῇ</span> <span class='ocrx_word' id='word_1_373' title='bbox 448 5169 695 5229; x_wconf 78' lang='grc' dir='ltr'>ὁδευτέον</span> <span class='ocrx_word' id='word_1_374' title='bbox 744 5168 910 5242; x_wconf 74' lang='grc' dir='ltr'>αὐτῷ.</span> <span class='ocrx_word' id='word_1_375' title='bbox 968 5169 1227 5227; x_wconf 68' lang='grc' dir='ltr'>Κοπιπὶτω</span> <span class='ocrx_word' id='word_1_376' title='bbox 1288 5164 1366 5237; x_wconf 74' lang='grc' dir='ltr'>δέ,</span> <span class='ocrx_word' id='word_1_377' title='bbox 1424 5166 1611 5239; x_wconf 82' lang='grc' dir='ltr'>εἰπὼν,</span> <span class='ocrx_word' id='word_1_378' title='bbox 1643 5171 1706 5225; x_wconf 86' lang='grc' dir='ltr'>τὸ</span> <span class='ocrx_word' id='word_1_379' title='bbox 1738 5168 1928 5225; x_wconf 79' lang='grc' dir='ltr'>ἐπίπο-</span> 
     </span>
    </p>
   </div>
   <div class='ocr_carea' id='block_1_54' title="bbox 274 5254 1929 5337">
    <p class='ocr_par' dir='ltr' id='par_1_54' title="bbox 274 5254 1929 5337">
     <span class='ocr_line' id='line_1_54' title="bbox 274 5254 1929 5337; baseline -0.004 -18"><span class='ocrx_word' id='word_1_380' title='bbox 274 5284 369 5319; x_wconf 90' lang='grc' dir='ltr'>νον</span> <span class='ocrx_word' id='word_1_381' title='bbox 428 5266 525 5319; x_wconf 75' lang='grc' dir='ltr'>τοῦ</span> <span class='ocrx_word' id='word_1_382' title='bbox 580 5256 740 5337; x_wconf 80' lang='grc' dir='ltr'>ἔργου</span> <span class='ocrx_word' id='word_1_383' title='bbox 798 5254 1064 5330; x_wconf 71' lang='grc' dir='ltr'>ἐδήλωσε.</span> <span class='ocrx_word' id='word_1_384' title='bbox 1122 5257 1200 5314; x_wconf 84' lang='grc' dir='ltr'>Τὸ</span> <span class='ocrx_word' id='word_1_385' title='bbox 1260 5256 1479 5333; x_wconf 82' lang='grc' dir='ltr'>ἀγαθὸν,</span> <span class='ocrx_word' id='word_1_386' title='bbox 1512 5255 1665 5337; x_wconf 67' lang='grc' dir='ltr'>φησί.</span> <span class='ocrx_word' id='word_1_387' title='bbox 1702 5258 1797 5315; x_wconf 80' lang='grc' dir='ltr'>Καὶ</span> <span class='ocrx_word' id='word_1_388' title='bbox 1827 5259 1929 5336; x_wconf 66' lang='grc' dir='ltr'>γὰρ</span> 
     </span>
    </p>
   </div>
   <div class='ocr_carea' id='block_1_55' title="bbox 276 5344 1932 5425">
    <p class='ocr_par' dir='ltr' id='par_1_55' title="bbox 276 5344 1932 5425">
     <span class='ocr_line' id='line_1_55' title="bbox 276 5344 1932 5425; baseline -0.004 -19"><span class='ocrx_word' id='word_1_389' title='bbox 276 5350 368 5406; x_wconf 79' lang='grc' dir='ltr'>καὶ</span> <span class='ocrx_word' id='word_1_390' title='bbox 398 5351 426 5406; x_wconf 78' lang='grc' dir='ltr'>ὁ</span> <span class='ocrx_word' id='word_1_391' title='bbox 458 5350 708 5406; x_wconf 86' lang='grc' dir='ltr'>κλέπτων</span> <span class='ocrx_word' id='word_1_392' title='bbox 763 5348 1068 5423; x_wconf 68' lang='grc' dir='ltr'>ἐργάζεται,</span> <span class='ocrx_word' id='word_1_393' title='bbox 1128 5344 1273 5403; x_wconf 78' lang='grc' dir='ltr'>ἀλλὰ</span> <span class='ocrx_word' id='word_1_394' title='bbox 1328 5347 1509 5403; x_wconf 83' lang='grc' dir='ltr'>κακόν.</span> <span class='ocrx_word' id='word_1_395' title='bbox 1547 5369 1575 5397; x_wconf 93' lang='grc'><strong><em>‹‹</em></strong></span> <span class='ocrx_word' id='word_1_396' title='bbox 1624 5349 1731 5408; x_wconf 74' lang='grc' dir='ltr'>Πᾶς</span> <span class='ocrx_word' id='word_1_397' title='bbox 1764 5346 1932 5425; x_wconf 78' lang='grc' dir='ltr'>λόγος</span> 
     </span>
    </p>
   </div>
   <div class='ocr_carea' id='block_1_56' title="bbox 279 5435 1930 5516">
    <p class='ocr_par' dir='ltr' id='par_1_56' title="bbox 279 5435 1930 5516">
     <span class='ocr_line' id='line_1_56' title="bbox 279 5435 1930 5516; baseline -0.004 -19"><span class='ocrx_word' id='word_1_398' title='bbox 279 5438 507 5516; x_wconf 83' lang='grc' dir='ltr'>σαπρός.</span> <span class='ocrx_word' id='word_1_399' title='bbox 544 5464 573 5491; x_wconf 84' lang='grc'><strong>)›</strong></span> <span class='ocrx_word' id='word_1_400' title='bbox 626 5437 858 5513; x_wconf 80' lang='grc' dir='ltr'>Σαπρόν,</span> <span class='ocrx_word' id='word_1_401' title='bbox 919 5438 955 5507; x_wconf 77' lang='grc' dir='ltr'><strong>ἢ</strong></span> <span class='ocrx_word' id='word_1_402' title='bbox 1008 5437 1099 5493; x_wconf 84' lang='grc' dir='ltr'>τὸν</span> <span class='ocrx_word' id='word_1_403' title='bbox 1157 5436 1322 5516; x_wconf 84' lang='grc' dir='ltr'>ἀργὸν</span> <span class='ocrx_word' id='word_1_404' title='bbox 1376 5437 1464 5492; x_wconf 74' lang='grc' dir='ltr'>καὶ</span> <span class='ocrx_word' id='word_1_405' title='bbox 1516 5435 1718 5491; x_wconf 78' lang='grc' dir='ltr'>εἰκαῖον</span> <span class='ocrx_word' id='word_1_406' title='bbox 1751 5435 1930 5504; x_wconf 80' lang='grc' dir='ltr'>καλεῖ,</span> 
     </span>
    </p>
   </div>
   <div class='ocr_carea' id='block_1_57' title="bbox 279 5520 1935 5602">
    <p class='ocr_par' dir='ltr' id='par_1_57' title="bbox 279 5520 1935 5602">
     <span class='ocr_line' id='line_1_57' title="bbox 279 5520 1935 5602; baseline -0.003 -18"><span class='ocrx_word' id='word_1_407' title='bbox 279 5530 314 5598; x_wconf 72' lang='grc' dir='ltr'>ἢ</span> <span class='ocrx_word' id='word_1_408' title='bbox 346 5529 439 5584; x_wconf 84' lang='grc' dir='ltr'>τὸν</span> <span class='ocrx_word' id='word_1_409' title='bbox 470 5528 742 5598; x_wconf 80' lang='grc' dir='ltr'>σεσηπότα</span> <span class='ocrx_word' id='word_1_410' title='bbox 798 5525 887 5581; x_wconf 82' lang='grc' dir='ltr'>καὶ</span> <span class='ocrx_word' id='word_1_411' title='bbox 948 5522 1188 5597; x_wconf 83' lang='grc' dir='ltr'>δυσώδη.</span> <span class='ocrx_word' id='word_1_412' title='bbox 1247 5526 1306 5581; x_wconf 85' lang='grc' dir='ltr'>Τί</span> <span class='ocrx_word' id='word_1_413' title='bbox 1367 5526 1470 5602; x_wconf 81' lang='grc' dir='ltr'>γὰρ</span> <span class='ocrx_word' id='word_1_414' title='bbox 1504 5520 1804 5599; x_wconf 75' lang='grc' dir='ltr'>λοιδορίας,</span> <span class='ocrx_word' id='word_1_415' title='bbox 1834 5535 1935 5579; x_wconf 74' lang='grc' dir='ltr'>κα-</span> 
     </span>
    </p>
   </div>
   <div class='ocr_carea' id='block_1_58' title="bbox 278 5612 1935 5693">
    <p class='ocr_par' dir='ltr' id='par_1_58' title="bbox 278 5612 1935 5693">
     <span class='ocr_line' id='line_1_58' title="bbox 278 5612 1935 5693; baseline -0.003 -18"><span class='ocrx_word' id='word_1_416' title='bbox 278 5616 571 5685; x_wconf 87' lang='grc' dir='ltr'>ταλαλιᾶς,</span> <span class='ocrx_word' id='word_1_417' title='bbox 631 5613 1050 5693; x_wconf 81' lang='grc' dir='ltr'>αἰσχρολογίας,</span> <span class='ocrx_word' id='word_1_418' title='bbox 1108 5615 1479 5691; x_wconf 75' lang='grc' dir='ltr'>εὐτραπελίας,</span> <span class='ocrx_word' id='word_1_419' title='bbox 1538 5612 1935 5690; x_wconf 75' lang='grc' dir='ltr'>δυσωδέστερον</span> 
     </span>
    </p>
   </div>
   <div class='ocr_carea' id='block_1_59' title="bbox 285 5704 1931 5783">
    <p class='ocr_par' dir='ltr' id='par_1_59' title="bbox 285 5704 1931 5783">
     <span class='ocr_line' id='line_1_59' title="bbox 285 5704 1931 5783; baseline -0.001 -18"><span class='ocrx_word' id='word_1_420' title='bbox 285 5711 321 5780; x_wconf 78' lang='grc' dir='ltr'><strong>ἢ</strong></span> <span class='ocrx_word' id='word_1_421' title='bbox 384 5706 554 5766; x_wconf 75' lang='grc' dir='ltr'>πλέον</span> <span class='ocrx_word' id='word_1_422' title='bbox 617 5707 887 5779; x_wconf 88' lang='grc' dir='ltr'>σεσηπός;</span> <span class='ocrx_word' id='word_1_423' title='bbox 946 5731 973 5759; x_wconf 88' lang='grc'><em>‹‹</em></span> <span class='ocrx_word' id='word_1_424' title='bbox 1030 5708 1170 5782; x_wconf 82' lang='grc' dir='ltr'>Πρὸς</span> <span class='ocrx_word' id='word_1_425' title='bbox 1229 5704 1531 5782; x_wconf 71' lang='grc' dir='ltr'>οἰκοδομὴν</span> <span class='ocrx_word' id='word_1_426' title='bbox 1584 5714 1684 5777; x_wconf 70' lang='grc' dir='ltr'>τῆς</span> <span class='ocrx_word' id='word_1_427' title='bbox 1745 5708 1931 5783; x_wconf 83' lang='grc' dir='ltr'>χρείας</span> 
     </span>
    </p>
   </div>
   <div class='ocr_carea' id='block_1_60' title="bbox 2019 610 3665 683">
    <p class='ocr_par' dir='ltr' id='par_1_60' title="bbox 2019 610 3665 683">
     <span class='ocr_line' id='line_1_60' title="bbox 2019 610 3665 683; baseline -0.003 -19"><span class='ocrx_word' id='word_1_428' title='bbox 2019 615 2217 666; x_wconf 80' lang='lat' dir='ltr'>autem</span> <span class='ocrx_word' id='word_1_429' title='bbox 2248 616 2338 667; x_wconf 91' lang='lat' dir='ltr'>est</span> <span class='ocrx_word' id='word_1_430' title='bbox 2366 611 2612 683; x_wconf 89' lang='lat' dir='ltr'>puritas.</span> <span class='ocrx_word' id='word_1_431' title='bbox 2676 633 2703 663; x_wconf 73' lang='grc' dir='ltr'>ι(</span> <span class='ocrx_word' id='word_1_432' title='bbox 2767 613 2837 666; x_wconf 85' lang='lat' dir='ltr'>Et</span> <span class='ocrx_word' id='word_1_433' title='bbox 2888 612 3263 667; x_wconf 72' lang='lat' dir='ltr'>sanctitatem</span> <span class='ocrx_word' id='word_1_434' title='bbox 3323 610 3665 666; x_wconf 72' lang='lat' dir='ltr'>veritatis.»</span> 
     </span>
    </p>
   </div>
   <div class='ocr_carea' id='block_1_61' title="bbox 2018 698 3669 773">
    <p class='ocr_par' dir='ltr' id='par_1_61' title="bbox 2018 698 3669 773">
     <span class='ocr_line' id='line_1_61' title="bbox 2018 698 3669 773; baseline 0.002 -20"><span class='ocrx_word' id='word_1_435' title='bbox 2018 701 2227 755; x_wconf 83' lang='lat' dir='ltr'>Eratet</span> <span class='ocrx_word' id='word_1_436' title='bbox 2247 698 2401 772; x_wconf 89' lang='lat' dir='ltr'>apud</span> <span class='ocrx_word' id='word_1_437' title='bbox 2422 699 2653 758; x_wconf 70' lang='lat' dir='ltr'>Judmos</span> <span class='ocrx_word' id='word_1_438' title='bbox 2669 701 2905 773; x_wconf 89' lang='lat' dir='ltr'>justitia</span> <span class='ocrx_word' id='word_1_439' title='bbox 2928 706 2987 756; x_wconf 91' lang='lat' dir='ltr'>et</span> <span class='ocrx_word' id='word_1_440' title='bbox 3036 700 3343 767; x_wconf 79' lang='lat' dir='ltr'>sanctitas,</span> <span class='ocrx_word' id='word_1_441' title='bbox 3386 700 3490 755; x_wconf 87' lang='lat' dir='ltr'>sed</span> <span class='ocrx_word' id='word_1_442' title='bbox 3523 700 3669 772; x_wconf 82' lang='lat' dir='ltr'>ﬁgu-</span> 
     </span>
    </p>
   </div>
   <div class='ocr_carea' id='block_1_62' title="bbox 2018 787 3664 863">
    <p class='ocr_par' dir='ltr' id='par_1_62' title="bbox 2018 787 3664 863">
     <span class='ocr_line' id='line_1_62' title="bbox 2018 787 3664 863; baseline 0.001 -20"><span class='ocrx_word' id='word_1_443' title='bbox 2018 787 2159 844; x_wconf 88' lang='lat' dir='ltr'>ralis</span> <span class='ocrx_word' id='word_1_444' title='bbox 2186 804 2198 845; x_wconf 90' lang='lat'><strong>:</strong></span> <span class='ocrx_word' id='word_1_445' title='bbox 2232 806 2370 845; x_wconf 91' lang='lat' dir='ltr'>nam</span> <span class='ocrx_word' id='word_1_446' title='bbox 2401 790 2559 846; x_wconf 87' lang='lat' dir='ltr'>circa</span> <span class='ocrx_word' id='word_1_447' title='bbox 2589 791 2855 863; x_wconf 89' lang='lat' dir='ltr'>corporis</span> <span class='ocrx_word' id='word_1_448' title='bbox 2883 790 3359 863; x_wconf 79' lang='lat' dir='ltr'>puriﬁcationem</span> <span class='ocrx_word' id='word_1_449' title='bbox 3408 805 3664 861; x_wconf 88' lang='lat' dir='ltr'>occupa—</span> 
     </span>
    </p>
   </div>
   <div class='ocr_carea' id='block_1_63' title="bbox 2018 876 3671 952">
    <p class='ocr_par' dir='ltr' id='par_1_63' title="bbox 2018 876 3671 952">
     <span class='ocr_line' id='line_1_63' title="bbox 2018 876 3671 952; baseline 0 -20"><span class='ocrx_word' id='word_1_450' title='bbox 2018 876 2236 934; x_wconf 82' lang='lat' dir='ltr'>bantur</span> <span class='ocrx_word' id='word_1_451' title='bbox 2268 896 2281 933; x_wconf 87' lang='lat'><strong>:</strong></span> <span class='ocrx_word' id='word_1_452' title='bbox 2312 894 2516 936; x_wconf 87' lang='lat' dir='ltr'>verum</span> <span class='ocrx_word' id='word_1_453' title='bbox 2545 894 2665 936; x_wconf 87' lang='lat' dir='ltr'>non</span> <span class='ocrx_word' id='word_1_454' title='bbox 2699 881 2874 943; x_wconf 80' lang='lat' dir='ltr'>hanc,</span> <span class='ocrx_word' id='word_1_455' title='bbox 2910 878 3014 935; x_wconf 87' lang='lat' dir='ltr'>sed</span> <span class='ocrx_word' id='word_1_456' title='bbox 3044 896 3175 952; x_wconf 62' lang='lat' dir='ltr'>quas</span> <span class='ocrx_word' id='word_1_457' title='bbox 3208 879 3270 935; x_wconf 88' lang='lat' dir='ltr'>in</span> <span class='ocrx_word' id='word_1_458' title='bbox 3321 879 3523 935; x_wconf 88' lang='lat' dir='ltr'>anima</span> <span class='ocrx_word' id='word_1_459' title='bbox 3579 883 3671 934; x_wconf 83' lang='lat' dir='ltr'>est</span> 
     </span>
    </p>
   </div>
   <div class='ocr_carea' id='block_1_64' title="bbox 2019 966 3671 1041">
    <p class='ocr_par' dir='ltr' id='par_1_64' title="bbox 2019 966 3671 1041">
     <span class='ocr_line' id='line_1_64' title="bbox 2019 966 3671 1041; baseline -0.001 -18"><span class='ocrx_word' id='word_1_460' title='bbox 2019 969 2392 1025; x_wconf 82' lang='lat' dir='ltr'>sanctitatem</span> <span class='ocrx_word' id='word_1_461' title='bbox 2428 984 2496 1025; x_wconf 88' lang='lat' dir='ltr'>ac</span> <span class='ocrx_word' id='word_1_462' title='bbox 2518 969 2816 1041; x_wconf 88' lang='lat' dir='ltr'>justitiam</span> <span class='ocrx_word' id='word_1_463' title='bbox 2849 967 3099 1025; x_wconf 86' lang='lat' dir='ltr'>induite.</span> <span class='ocrx_word' id='word_1_464' title='bbox 3125 966 3258 1024; x_wconf 82' lang='lat' dir='ltr'>Haec</span> <span class='ocrx_word' id='word_1_465' title='bbox 3306 968 3465 1023; x_wconf 89' lang='lat' dir='ltr'>enim</span> <span class='ocrx_word' id='word_1_466' title='bbox 3524 968 3671 1022; x_wconf 85' lang='lat' dir='ltr'>veri-</span> 
     </span>
    </p>
   </div>
   <div class='ocr_carea' id='block_1_65' title="bbox 2018 1056 3667 1130">
    <p class='ocr_par' dir='ltr' id='par_1_65' title="bbox 2018 1056 3667 1130">
     <span class='ocr_line' id='line_1_65' title="bbox 2018 1056 3667 1130; baseline 0.001 -19"><span class='ocrx_word' id='word_1_467' title='bbox 2018 1057 2155 1113; x_wconf 81' lang='lat' dir='ltr'>tatis</span> <span class='ocrx_word' id='word_1_468' title='bbox 2177 1062 2286 1113; x_wconf 88' lang='lat' dir='ltr'>est.</span> <span class='ocrx_word' id='word_1_469' title='bbox 2320 1061 2434 1114; x_wconf 81' lang='lat' dir='ltr'>Aut</span> <span class='ocrx_word' id='word_1_470' title='bbox 2458 1056 2753 1130; x_wconf 84' lang='lat' dir='ltr'>justitiam</span> <span class='ocrx_word' id='word_1_471' title='bbox 2786 1058 3045 1114; x_wconf 83' lang='lat' dir='ltr'>veritatis</span> <span class='ocrx_word' id='word_1_472' title='bbox 3076 1056 3312 1113; x_wconf 89' lang='lat' dir='ltr'>dicitad</span> <span class='ocrx_word' id='word_1_473' title='bbox 3335 1056 3667 1112; x_wconf 84' lang='lat' dir='ltr'>distinctio-</span> 
     </span>
    </p>
   </div>
   <div class='ocr_carea' id='block_1_66' title="bbox 2018 1144 3559 1222">
    <p class='ocr_par' dir='ltr' id='par_1_66' title="bbox 2018 1144 3559 1222">
     <span class='ocr_line' id='line_1_66' title="bbox 2018 1144 3559 1222; baseline -0.001 -18"><span class='ocrx_word' id='word_1_474' title='bbox 2018 1162 2157 1204; x_wconf 89' lang='lat' dir='ltr'>nem</span> <span class='ocrx_word' id='word_1_475' title='bbox 2190 1149 2317 1221; x_wconf 84' lang='lat' dir='ltr'>ejus</span> <span class='ocrx_word' id='word_1_476' title='bbox 2350 1160 2480 1222; x_wconf 68' lang='lat' dir='ltr'>qua)</span> <span class='ocrx_word' id='word_1_477' title='bbox 2514 1152 2604 1206; x_wconf 89' lang='lat' dir='ltr'>est</span> <span class='ocrx_word' id='word_1_478' title='bbox 2633 1144 2694 1205; x_wconf 87' lang='lat' dir='ltr'>in</span> <span class='ocrx_word' id='word_1_479' title='bbox 2728 1149 3112 1205; x_wconf 82' lang='lat' dir='ltr'>simulatione</span> <span class='ocrx_word' id='word_1_480' title='bbox 3151 1153 3208 1204; x_wconf 88' lang='lat' dir='ltr'>et</span> <span class='ocrx_word' id='word_1_481' title='bbox 3238 1148 3559 1220; x_wconf 78' lang='lat' dir='ltr'>hypocrisi.</span> 
     </span>
    </p>
   </div>
   <div class='ocr_carea' id='block_1_67' title="bbox 2091 1242 3667 1321">
    <p class='ocr_par' dir='ltr' id='par_1_67' title="bbox 2091 1242 3667 1321">
     <span class='ocr_line' id='line_1_67' title="bbox 2091 1242 3667 1321; baseline -0.001 -20"><span class='ocrx_word' id='word_1_482' title='bbox 2091 1244 2183 1313; x_wconf 76' lang='grc' dir='ltr'>ιν,</span> <span class='ocrx_word' id='word_1_483' title='bbox 2216 1248 2406 1306; x_wconf 78' lang='grc'>25-29.</span> <span class='ocrx_word' id='word_1_484' title='bbox 2442 1272 2469 1299; x_wconf 90' lang='grc'>‹‹</span> <span class='ocrx_word' id='word_1_485' title='bbox 2503 1250 2870 1321; x_wconf 79' lang='lat' dir='ltr'>Quapropter</span> <span class='ocrx_word' id='word_1_486' title='bbox 2900 1242 3170 1319; x_wconf 90' lang='lat' dir='ltr'>deposito</span> <span class='ocrx_word' id='word_1_487' title='bbox 3216 1244 3527 1301; x_wconf 88' lang='lat' dir='ltr'>mendacio</span> <span class='ocrx_word' id='word_1_488' title='bbox 3576 1244 3667 1301; x_wconf 87' lang='lat' dir='ltr'>lo-</span> 
     </span>
    </p>
   </div>
   <div class='ocr_carea' id='block_1_68' title="bbox 2022 1336 3666 1409">
    <p class='ocr_par' dir='ltr' id='par_1_68' title="bbox 2022 1336 3666 1409">
     <span class='ocr_line' id='line_1_68' title="bbox 2022 1336 3666 1409; baseline 0.002 -23"><span class='ocrx_word' id='word_1_489' title='bbox 2022 1358 2050 1387; x_wconf 84' lang='grc'><em>‹‹</em></span> <span class='ocrx_word' id='word_1_490' title='bbox 2085 1337 2329 1408; x_wconf 89' lang='lat' dir='ltr'>quimini</span> <span class='ocrx_word' id='word_1_491' title='bbox 2361 1338 2668 1393; x_wconf 77' lang='lat' dir='ltr'>veritatem</span> <span class='ocrx_word' id='word_1_492' title='bbox 2721 1338 2971 1409; x_wconf 87' lang='lat' dir='ltr'>quisque</span> <span class='ocrx_word' id='word_1_493' title='bbox 3031 1353 3167 1392; x_wconf 89' lang='lat' dir='ltr'>cum</span> <span class='ocrx_word' id='word_1_494' title='bbox 3213 1336 3482 1407; x_wconf 84' lang='lat' dir='ltr'>proximo</span> <span class='ocrx_word' id='word_1_495' title='bbox 3537 1345 3666 1403; x_wconf 87' lang='lat' dir='ltr'>suo,</span> 
     </span>
    </p>
   </div>
   <div class='ocr_carea' id='block_1_69' title="bbox 2020 1424 3669 1499">
    <p class='ocr_par' dir='ltr' id='par_1_69' title="bbox 2020 1424 3669 1499">
     <span class='ocr_line' id='line_1_69' title="bbox 2020 1424 3669 1499; baseline 0.002 -21"><span class='ocrx_word' id='word_1_496' title='bbox 2020 1451 2048 1478; x_wconf 87' lang='lat'><strong>«</strong></span> <span class='ocrx_word' id='word_1_497' title='bbox 2083 1428 2365 1499; x_wconf 87' lang='lat' dir='ltr'>quoniam</span> <span class='ocrx_word' id='word_1_498' title='bbox 2397 1440 2602 1485; x_wconf 88' lang='lat' dir='ltr'>sumus</span> <span class='ocrx_word' id='word_1_499' title='bbox 2635 1426 2886 1485; x_wconf 79' lang='lat' dir='ltr'>invicem</span> <span class='ocrx_word' id='word_1_500' title='bbox 2919 1427 3205 1483; x_wconf 89' lang='lat' dir='ltr'>membra.</span> <span class='ocrx_word' id='word_1_501' title='bbox 3239 1424 3568 1482; x_wconf 85' lang='lat' dir='ltr'>irascimini</span> <span class='ocrx_word' id='word_1_502' title='bbox 3611 1431 3669 1481; x_wconf 86' lang='lat' dir='ltr'>et</span> 
     </span>
    </p>
   </div>
   <div class='ocr_carea' id='block_1_70' title="bbox 2021 1512 3663 1591">
    <p class='ocr_par' dir='ltr' id='par_1_70' title="bbox 2021 1512 3663 1591">
     <span class='ocr_line' id='line_1_70' title="bbox 2021 1512 3663 1591; baseline -0.002 -17"><span class='ocrx_word' id='word_1_503' title='bbox 2021 1541 2048 1568; x_wconf 89' lang='grc'>‹‹</span> <span class='ocrx_word' id='word_1_504' title='bbox 2082 1536 2202 1575; x_wconf 90' lang='lat' dir='ltr'>non</span> <span class='ocrx_word' id='word_1_505' title='bbox 2233 1516 2615 1591; x_wconf 82' lang='lat' dir='ltr'>peccetis.Sol</span> <span class='ocrx_word' id='word_1_506' title='bbox 2638 1530 2712 1574; x_wconf 87' lang='lat' dir='ltr'>ne</span> <span class='ocrx_word' id='word_1_507' title='bbox 2736 1512 2967 1574; x_wconf 89' lang='lat' dir='ltr'>occidat</span> <span class='ocrx_word' id='word_1_508' title='bbox 2997 1532 3175 1588; x_wconf 85' lang='lat' dir='ltr'>super</span> <span class='ocrx_word' id='word_1_509' title='bbox 3204 1517 3354 1572; x_wconf 88' lang='lat' dir='ltr'>iram</span> <span class='ocrx_word' id='word_1_510' title='bbox 3384 1520 3663 1571; x_wconf 79' lang='lat' dir='ltr'>vestram.</span> 
     </span>
    </p>
   </div>
   <div class='ocr_carea' id='block_1_71' title="bbox 2027 1604 3665 1672">
    <p class='ocr_par' dir='ltr' id='par_1_71' title="bbox 2027 1604 3665 1672">
     <span class='ocr_line' id='line_1_71' title="bbox 2027 1604 3665 1672; baseline -0.001 -11"><span class='ocrx_word' id='word_1_511' title='bbox 2027 1629 2053 1661; x_wconf 74' lang='grc' dir='ltr'>α</span> <span class='ocrx_word' id='word_1_512' title='bbox 2085 1609 2164 1663; x_wconf 76' lang='lat' dir='ltr'>Ne</span> <span class='ocrx_word' id='word_1_513' title='bbox 2197 1608 2349 1665; x_wconf 87' lang='lat' dir='ltr'>detis</span> <span class='ocrx_word' id='word_1_514' title='bbox 2379 1607 2576 1664; x_wconf 89' lang='lat' dir='ltr'>locum</span> <span class='ocrx_word' id='word_1_515' title='bbox 2607 1607 2863 1664; x_wconf 85' lang='lat' dir='ltr'>diabolo.</span> <span class='ocrx_word' id='word_1_516' title='bbox 2897 1604 3004 1672; x_wconf 86' lang='lat' dir='ltr'>Qui</span> <span class='ocrx_word' id='word_1_517' title='bbox 3052 1606 3360 1661; x_wconf 71' lang='lat' dir='ltr'>iurabatur</span> <span class='ocrx_word' id='word_1_518' title='bbox 3408 1621 3482 1660; x_wconf 90' lang='lat' dir='ltr'>ne</span> <span class='ocrx_word' id='word_1_519' title='bbox 3536 1620 3665 1660; x_wconf 89' lang='lat' dir='ltr'>am-</span> 
     </span>
    </p>
   </div>
   <div class='ocr_carea' id='block_1_72' title="bbox 2021 1694 3664 1771">
    <p class='ocr_par' dir='ltr' id='par_1_72' title="bbox 2021 1694 3664 1771">
     <span class='ocr_line' id='line_1_72' title="bbox 2021 1694 3664 1771; baseline 0.001 -24"><span class='ocrx_word' id='word_1_520' title='bbox 2021 1718 2050 1747; x_wconf 85' lang='grc'><em>‹‹</em></span> <span class='ocrx_word' id='word_1_521' title='bbox 2081 1698 2237 1771; x_wconf 88' lang='lat' dir='ltr'>plius</span> <span class='ocrx_word' id='word_1_522' title='bbox 2268 1698 2530 1755; x_wconf 85' lang='lat' dir='ltr'>furetur:</span> <span class='ocrx_word' id='word_1_523' title='bbox 2582 1697 2770 1771; x_wconf 84' lang='lat' dir='ltr'>magis</span> <span class='ocrx_word' id='word_1_524' title='bbox 2821 1703 3017 1753; x_wconf 85' lang='lat' dir='ltr'>autem</span> <span class='ocrx_word' id='word_1_525' title='bbox 3072 1694 3300 1752; x_wconf 90' lang='lat' dir='ltr'>laboret</span> <span class='ocrx_word' id='word_1_526' title='bbox 3362 1694 3664 1767; x_wconf 87' lang='lat' dir='ltr'>operando</span> 
     </span>
    </p>
   </div>
   <div class='ocr_carea' id='block_1_73' title="bbox 2024 1784 3666 1860">
    <p class='ocr_par' dir='ltr' id='par_1_73' title="bbox 2024 1784 3666 1860">
     <span class='ocr_line' id='line_1_73' title="bbox 2024 1784 3666 1860; baseline -0.003 -17"><span class='ocrx_word' id='word_1_527' title='bbox 2024 1810 2045 1838; x_wconf 78' lang='grc' dir='ltr'>ι</span> <span class='ocrx_word' id='word_1_528' title='bbox 2081 1789 2362 1844; x_wconf 89' lang='lat' dir='ltr'>manibus</span> <span class='ocrx_word' id='word_1_529' title='bbox 2390 1788 2550 1860; x_wconf 90' lang='lat' dir='ltr'>quod</span> <span class='ocrx_word' id='word_1_530' title='bbox 2578 1788 2803 1843; x_wconf 91' lang='lat' dir='ltr'>bonum</span> <span class='ocrx_word' id='word_1_531' title='bbox 2837 1790 2945 1855; x_wconf 86' lang='lat' dir='ltr'>est,</span> <span class='ocrx_word' id='word_1_532' title='bbox 2976 1790 3041 1842; x_wconf 86' lang='lat' dir='ltr'>ut</span> <span class='ocrx_word' id='word_1_533' title='bbox 3072 1786 3257 1858; x_wconf 83' lang='lat' dir='ltr'>possit</span> <span class='ocrx_word' id='word_1_534' title='bbox 3288 1784 3579 1857; x_wconf 87' lang='lat' dir='ltr'>impartiri</span> <span class='ocrx_word' id='word_1_535' title='bbox 3612 1785 3666 1840; x_wconf 89' lang='lat' dir='ltr'>ei</span> 
     </span>
    </p>
   </div>
   <div class='ocr_carea' id='block_1_74' title="bbox 1942 1876 3665 1963">
    <p class='ocr_par' dir='ltr' id='par_1_74' title="bbox 1942 1876 3665 1963">
     <span class='ocr_line' id='line_1_74' title="bbox 1942 1876 3665 1963; baseline 0 -34"><span class='ocrx_word' id='word_1_536' title='bbox 1942 1894 1988 1963; x_wconf 75' lang='grc' dir='ltr'><strong>Β</strong></span> <span class='ocrx_word' id='word_1_537' title='bbox 2022 1898 2046 1929; x_wconf 81' lang='grc' dir='ltr'>ιι</span> <span class='ocrx_word' id='word_1_538' title='bbox 2082 1878 2182 1949; x_wconf 88' lang='lat' dir='ltr'>qui</span> <span class='ocrx_word' id='word_1_539' title='bbox 2217 1890 2365 1950; x_wconf 87' lang='lat' dir='ltr'>opus</span> <span class='ocrx_word' id='word_1_540' title='bbox 2395 1877 2689 1933; x_wconf 89' lang='lat' dir='ltr'>habuerit.</span> <span class='ocrx_word' id='word_1_541' title='bbox 2723 1876 2929 1932; x_wconf 85' lang='lat' dir='ltr'>Omnis</span> <span class='ocrx_word' id='word_1_542' title='bbox 2959 1890 3154 1931; x_wconf 84' lang='lat' dir='ltr'>sermo</span> <span class='ocrx_word' id='word_1_543' title='bbox 3188 1891 3435 1947; x_wconf 89' lang='lat' dir='ltr'>spurcus</span> <span class='ocrx_word' id='word_1_544' title='bbox 3466 1891 3535 1930; x_wconf 81' lang='lat' dir='ltr'>ex</span> <span class='ocrx_word' id='word_1_545' title='bbox 3565 1891 3665 1929; x_wconf 85' lang='lat' dir='ltr'>ore</span> 
     </span>
    </p>
   </div>
   <div class='ocr_carea' id='block_1_75' title="bbox 2021 1962 3667 2038">
    <p class='ocr_par' dir='ltr' id='par_1_75' title="bbox 2021 1962 3667 2038">
     <span class='ocr_line' id='line_1_75' title="bbox 2021 1962 3667 2038; baseline -0.001 -20"><span class='ocrx_word' id='word_1_546' title='bbox 2021 1987 2050 2018; x_wconf 81' lang='grc' dir='ltr'>κ</span> <span class='ocrx_word' id='word_1_547' title='bbox 2083 1971 2273 2022; x_wconf 92' lang='lat' dir='ltr'>vestro</span> <span class='ocrx_word' id='word_1_548' title='bbox 2305 1983 2379 2021; x_wconf 89' lang='lat' dir='ltr'>ne</span> <span class='ocrx_word' id='word_1_549' title='bbox 2412 1965 2715 2038; x_wconf 86' lang='lat' dir='ltr'>procedat,</span> <span class='ocrx_word' id='word_1_550' title='bbox 2776 1963 2879 2021; x_wconf 89' lang='lat' dir='ltr'>sed</span> <span class='ocrx_word' id='word_1_551' title='bbox 2939 1964 2987 2020; x_wconf 90' lang='lat' dir='ltr'>si</span> <span class='ocrx_word' id='word_1_552' title='bbox 3046 1964 3179 2035; x_wconf 87' lang='lat' dir='ltr'>quis</span> <span class='ocrx_word' id='word_1_553' title='bbox 3229 1969 3317 2018; x_wconf 88' lang='lat' dir='ltr'>est</span> <span class='ocrx_word' id='word_1_554' title='bbox 3369 1962 3560 2018; x_wconf 90' lang='lat' dir='ltr'>bonus</span> <span class='ocrx_word' id='word_1_555' title='bbox 3592 1962 3667 2019; x_wconf 89' lang='lat' dir='ltr'>ad</span> 
     </span>
    </p>
   </div>
   <div class='ocr_carea' id='block_1_76' title="bbox 2021 2051 3667 2127">
    <p class='ocr_par' dir='ltr' id='par_1_76' title="bbox 2021 2051 3667 2127">
     <span class='ocr_line' id='line_1_76' title="bbox 2021 2051 3667 2127; baseline -0.001 -19"><span class='ocrx_word' id='word_1_556' title='bbox 2021 2078 2050 2108; x_wconf 81' lang='grc' dir='ltr'>(ι</span> <span class='ocrx_word' id='word_1_557' title='bbox 2085 2054 2538 2112; x_wconf 72' lang='grc' dir='ltr'>ωίίἰίίοοῑίοηοω</span> <span class='ocrx_word' id='word_1_558' title='bbox 2570 2053 2789 2127; x_wconf 77' lang='lat' dir='ltr'>negotii</span> <span class='ocrx_word' id='word_1_559' title='bbox 2823 2058 2889 2109; x_wconf 87' lang='lat' dir='ltr'>ut</span> <span class='ocrx_word' id='word_1_560' title='bbox 2918 2053 3016 2110; x_wconf 91' lang='lat' dir='ltr'>det</span> <span class='ocrx_word' id='word_1_561' title='bbox 3071 2053 3321 2126; x_wconf 80' lang='lat' dir='ltr'>gratiam</span> <span class='ocrx_word' id='word_1_562' title='bbox 3371 2051 3667 2107; x_wconf 86' lang='lat' dir='ltr'>audienti-</span> 
     </span>
    </p>
   </div>
   <div class='ocr_carea' id='block_1_77' title="bbox 2023 2143 2272 2200">
    <p class='ocr_par' dir='ltr' id='par_1_77' title="bbox 2023 2143 2272 2200">
     <span class='ocr_line' id='line_1_77' title="bbox 2023 2143 2272 2200; baseline -0.012 -3"><span class='ocrx_word' id='word_1_563' title='bbox 2023 2163 2052 2197; x_wconf 74' lang='grc' dir='ltr'>ι</span> <span class='ocrx_word' id='word_1_564' title='bbox 2080 2143 2211 2200; x_wconf 88' lang='lat' dir='ltr'>bus.</span> <span class='ocrx_word' id='word_1_565' title='bbox 2244 2166 2272 2194; x_wconf 84' lang='lat'>»</span> 
     </span>
    </p>
   </div>
   <div class='ocr_carea' id='block_1_78' title="bbox 2092 2236 3663 2301">
    <p class='ocr_par' dir='ltr' id='par_1_78' title="bbox 2092 2236 3663 2301">
     <span class='ocr_line' id='line_1_78' title="bbox 2092 2236 3663 2301; baseline -0.005 0"><span class='ocrx_word' id='word_1_566' title='bbox 2092 2240 2509 2301; x_wconf 86' lang='lat' dir='ltr'>Universaliter</span> <span class='ocrx_word' id='word_1_567' title='bbox 2526 2236 2759 2297; x_wconf 83' lang='lat' dir='ltr'>dixerat</span> <span class='ocrx_word' id='word_1_568' title='bbox 2773 2244 3028 2295; x_wconf 88' lang='lat' dir='ltr'>veterem</span> <span class='ocrx_word' id='word_1_569' title='bbox 3043 2238 3346 2294; x_wconf 85' lang='lat' dir='ltr'>hominem</span> <span class='ocrx_word' id='word_1_570' title='bbox 3363 2241 3663 2293; x_wconf 84' lang='lat' dir='ltr'>:caeterum</span> 
     </span>
    </p>
   </div>
   <div class='ocr_carea' id='block_1_79' title="bbox 2021 2326 3665 2405">
    <p class='ocr_par' dir='ltr' id='par_1_79' title="bbox 2021 2326 3665 2405">
     <span class='ocr_line' id='line_1_79' title="bbox 2021 2326 3665 2405; baseline -0.004 -16"><span class='ocrx_word' id='word_1_571' title='bbox 2021 2333 2200 2390; x_wconf 88' lang='lat' dir='ltr'>etiam</span> <span class='ocrx_word' id='word_1_572' title='bbox 2224 2331 2563 2405; x_wconf 88' lang='lat' dir='ltr'>specialiter</span> <span class='ocrx_word' id='word_1_573' title='bbox 2583 2329 2773 2403; x_wconf 88' lang='lat' dir='ltr'>ipsum</span> <span class='ocrx_word' id='word_1_574' title='bbox 2798 2326 3098 2384; x_wconf 86' lang='lat' dir='ltr'>describit.</span> <span class='ocrx_word' id='word_1_575' title='bbox 3125 2328 3194 2383; x_wconf 86' lang='lat' dir='ltr'>Et</span> <span class='ocrx_word' id='word_1_576' title='bbox 3212 2327 3406 2399; x_wconf 92' lang='lat' dir='ltr'>primo</span> <span class='ocrx_word' id='word_1_577' title='bbox 3423 2327 3665 2383; x_wconf 85' lang='lat' dir='ltr'>menda-</span> 
     </span>
    </p>
   </div>
   <div class='ocr_carea' id='block_1_80' title="bbox 2020 2415 3663 2493">
    <p class='ocr_par' dir='ltr' id='par_1_80' title="bbox 2020 2415 3663 2493">
     <span class='ocr_line' id='line_1_80' title="bbox 2020 2415 3663 2493; baseline -0.004 -16"><span class='ocrx_word' id='word_1_578' title='bbox 2020 2421 2178 2477; x_wconf 88' lang='lat' dir='ltr'>cium</span> <span class='ocrx_word' id='word_1_579' title='bbox 2208 2422 2339 2492; x_wconf 90' lang='lat' dir='ltr'>ejus</span> <span class='ocrx_word' id='word_1_580' title='bbox 2370 2426 2658 2493; x_wconf 87' lang='lat' dir='ltr'>amputat,</span> <span class='ocrx_word' id='word_1_581' title='bbox 2692 2416 2850 2473; x_wconf 85' lang='lat' dir='ltr'>velut</span> <span class='ocrx_word' id='word_1_582' title='bbox 2879 2435 2913 2472; x_wconf 89' lang='lat' dir='ltr'>a</span> <span class='ocrx_word' id='word_1_583' title='bbox 2944 2416 3200 2489; x_wconf 88' lang='lat' dir='ltr'>propriis</span> <span class='ocrx_word' id='word_1_584' title='bbox 3252 2415 3553 2482; x_wconf 87' lang='lat' dir='ltr'>membris,</span> <span class='ocrx_word' id='word_1_585' title='bbox 3596 2433 3663 2471; x_wconf 89' lang='lat' dir='ltr'>ac</span> 
     </span>
    </p>
   </div>
   <div class='ocr_carea' id='block_1_81' title="bbox 2021 2502 3664 2581">
    <p class='ocr_par' dir='ltr' id='par_1_81' title="bbox 2021 2502 3664 2581">
     <span class='ocr_line' id='line_1_81' title="bbox 2021 2502 3664 2581; baseline -0.004 -15"><span class='ocrx_word' id='word_1_586' title='bbox 2021 2510 2069 2567; x_wconf 87' lang='lat' dir='ltr'>si</span> <span class='ocrx_word' id='word_1_587' title='bbox 2102 2509 2327 2566; x_wconf 87' lang='lat' dir='ltr'>diceret</span> <span class='ocrx_word' id='word_1_588' title='bbox 2356 2526 2369 2565; x_wconf 89' lang='lat'><strong>:</strong></span> <span class='ocrx_word' id='word_1_589' title='bbox 2394 2506 2669 2581; x_wconf 85' lang='lat' dir='ltr'>Nunquid</span> <span class='ocrx_word' id='word_1_590' title='bbox 2691 2506 2898 2563; x_wconf 90' lang='lat' dir='ltr'>oculus</span> <span class='ocrx_word' id='word_1_591' title='bbox 2919 2502 3020 2562; x_wconf 91' lang='lat' dir='ltr'>ubi</span> <span class='ocrx_word' id='word_1_592' title='bbox 3042 2506 3229 2561; x_wconf 82' lang='lat' dir='ltr'>feram</span> <span class='ocrx_word' id='word_1_593' title='bbox 3265 2506 3364 2560; x_wconf 68' lang='lat'>43</span> <span class='ocrx_word' id='word_1_594' title='bbox 3410 2505 3664 2560; x_wconf 88' lang='lat' dir='ltr'>intuitus</span> 
     </span>
    </p>
   </div>
   <div class='ocr_carea' id='block_1_82' title="bbox 2021 2594 3664 2670">
    <p class='ocr_par' dir='ltr' id='par_1_82' title="bbox 2021 2594 3664 2670">
     <span class='ocr_line' id='line_1_82' title="bbox 2021 2594 3664 2670; baseline -0.004 -14"><span class='ocrx_word' id='word_1_595' title='bbox 2021 2603 2130 2667; x_wconf 90' lang='lat' dir='ltr'>est,</span> <span class='ocrx_word' id='word_1_596' title='bbox 2163 2615 2284 2654; x_wconf 89' lang='lat' dir='ltr'>non</span> <span class='ocrx_word' id='word_1_597' title='bbox 2316 2598 2419 2654; x_wconf 88' lang='lat' dir='ltr'>dat</span> <span class='ocrx_word' id='word_1_598' title='bbox 2447 2596 2697 2670; x_wconf 83' lang='lat' dir='ltr'>pedibus</span> <span class='ocrx_word' id='word_1_599' title='bbox 2729 2612 2970 2669; x_wconf 82' lang='lat' dir='ltr'>Operam</span> <span class='ocrx_word' id='word_1_600' title='bbox 3004 2599 3066 2650; x_wconf 90' lang='lat' dir='ltr'>ut</span> <span class='ocrx_word' id='word_1_601' title='bbox 3091 2594 3362 2667; x_wconf 79' lang='lat' dir='ltr'>fugiant?</span> <span class='ocrx_word' id='word_1_602' title='bbox 3410 2599 3513 2648; x_wconf 91' lang='lat' dir='ltr'>aut</span> <span class='ocrx_word' id='word_1_603' title='bbox 3542 2611 3664 2649; x_wconf 87' lang='lat' dir='ltr'>ma-</span> 
     </span>
    </p>
   </div>
   <div class='ocr_carea' id='block_1_83' title="bbox 2020 2682 3668 2759">
    <p class='ocr_par' dir='ltr' id='par_1_83' title="bbox 2020 2682 3668 2759">
     <span class='ocr_line' id='line_1_83' title="bbox 2020 2682 3668 2759; baseline -0.004 -15"><span class='ocrx_word' id='word_1_604' title='bbox 2020 2706 2133 2744; x_wconf 86' lang='lat' dir='ltr'>nus</span> <span class='ocrx_word' id='word_1_605' title='bbox 2164 2686 2307 2744; x_wconf 88' lang='lat' dir='ltr'>mali</span> <span class='ocrx_word' id='word_1_606' title='bbox 2339 2687 2647 2759; x_wconf 87' lang='lat' dir='ltr'>quippiam</span> <span class='ocrx_word' id='word_1_607' title='bbox 2677 2689 3077 2749; x_wconf 84' lang='lat' dir='ltr'>contrectans,</span> <span class='ocrx_word' id='word_1_608' title='bbox 3136 2682 3406 2738; x_wconf 76' lang='lat' dir='ltr'>ludificat</span> <span class='ocrx_word' id='word_1_609' title='bbox 3454 2688 3668 2739; x_wconf 61' lang='lat' dir='ltr'>caetera</span> 
     </span>
    </p>
   </div>
   <div class='ocr_carea' id='block_1_84' title="bbox 2021 2771 3667 2847">
    <p class='ocr_par' dir='ltr' id='par_1_84' title="bbox 2021 2771 3667 2847">
     <span class='ocr_line' id='line_1_84' title="bbox 2021 2771 3667 2847; baseline -0.004 -13"><span class='ocrx_word' id='word_1_610' title='bbox 2021 2774 2455 2840; x_wconf 69' lang='lat' dir='ltr'>membra‘nta,</span> <span class='ocrx_word' id='word_1_611' title='bbox 2476 2775 2691 2847; x_wconf 89' lang='lat' dir='ltr'>inquit,</span> <span class='ocrx_word' id='word_1_612' title='bbox 2717 2780 2774 2829; x_wconf 87' lang='lat' dir='ltr'>et</span> <span class='ocrx_word' id='word_1_613' title='bbox 2821 2791 2917 2828; x_wconf 86' lang='lat' dir='ltr'>vos</span> <span class='ocrx_word' id='word_1_614' title='bbox 2969 2776 3201 2844; x_wconf 88' lang='lat' dir='ltr'>oportet</span> <span class='ocrx_word' id='word_1_615' title='bbox 3244 2771 3485 2827; x_wconf 80' lang='lat' dir='ltr'>affectos</span> <span class='ocrx_word' id='word_1_616' title='bbox 3516 2788 3667 2840; x_wconf 89' lang='lat' dir='ltr'>esse,</span> 
     </span>
    </p>
   </div>
   <div class='ocr_carea' id='block_1_85' title="bbox 2023 2860 3668 2934">
    <p class='ocr_par' dir='ltr' id='par_1_85' title="bbox 2023 2860 3668 2934">
     <span class='ocr_line' id='line_1_85' title="bbox 2023 2860 3668 2934; baseline -0.002 -14"><span class='ocrx_word' id='word_1_617' title='bbox 2023 2863 2424 2931; x_wconf 70' lang='lat' dir='ltr'>«Irascimini,</span> <span class='ocrx_word' id='word_1_618' title='bbox 2459 2866 2517 2918; x_wconf 85' lang='lat' dir='ltr'>et</span> <span class='ocrx_word' id='word_1_619' title='bbox 2564 2880 2685 2918; x_wconf 85' lang='lat' dir='ltr'>non</span> <span class='ocrx_word' id='word_1_620' title='bbox 2727 2860 3003 2934; x_wconf 86' lang='lat' dir='ltr'>peccetis.</span> <span class='ocrx_word' id='word_1_621' title='bbox 3032 2883 3057 2909; x_wconf 82' lang='grc'><strong>››</strong></span> <span class='ocrx_word' id='word_1_622' title='bbox 3083 2860 3274 2915; x_wconf 86' lang='lat' dir='ltr'>Dixit:</span> <span class='ocrx_word' id='word_1_623' title='bbox 3309 2861 3387 2915; x_wconf 86' lang='lat' dir='ltr'>Ne</span> <span class='ocrx_word' id='word_1_624' title='bbox 3418 2861 3668 2916; x_wconf 89' lang='lat' dir='ltr'>mentia-</span> 
     </span>
    </p>
   </div>
   <div class='ocr_carea' id='block_1_86' title="bbox 2024 2947 3670 3024">
    <p class='ocr_par' dir='ltr' id='par_1_86' title="bbox 2024 2947 3670 3024">
     <span class='ocr_line' id='line_1_86' title="bbox 2024 2947 3670 3024; baseline -0.002 -15"><span class='ocrx_word' id='word_1_625' title='bbox 2024 2954 2194 3009; x_wconf 88' lang='lat' dir='ltr'>mini.</span> <span class='ocrx_word' id='word_1_626' title='bbox 2218 2951 2509 3018; x_wconf 89' lang='lat' dir='ltr'>Quoniam</span> <span class='ocrx_word' id='word_1_627' title='bbox 2532 2968 2667 3024; x_wconf 87' lang='lat' dir='ltr'>ergo</span> <span class='ocrx_word' id='word_1_628' title='bbox 2690 2949 3036 3022; x_wconf 85' lang='lat' dir='ltr'>frequenter</span> <span class='ocrx_word' id='word_1_629' title='bbox 3058 2947 3355 3020; x_wconf 81' lang='lat' dir='ltr'>quispiam</span> <span class='ocrx_word' id='word_1_630' title='bbox 3376 2949 3670 3005; x_wconf 85' lang='lat' dir='ltr'>mentien-</span> 
     </span>
    </p>
   </div>
   <div class='ocr_carea' id='block_1_87' title="bbox 2026 3036 3671 3112">
    <p class='ocr_par' dir='ltr' id='par_1_87' title="bbox 2026 3036 3671 3112">
     <span class='ocr_line' id='line_1_87' title="bbox 2026 3036 3671 3112; baseline -0.002 -15"><span class='ocrx_word' id='word_1_631' title='bbox 2026 3041 2099 3097; x_wconf 92' lang='lat' dir='ltr'>do</span> <span class='ocrx_word' id='word_1_632' title='bbox 2124 3041 2224 3097; x_wconf 72' lang='lat' dir='ltr'>ira)</span> <span class='ocrx_word' id='word_1_633' title='bbox 2251 3057 2458 3096; x_wconf 89' lang='lat' dir='ltr'>ansam</span> <span class='ocrx_word' id='word_1_634' title='bbox 2483 3039 2756 3112; x_wconf 71' lang='lat' dir='ltr'>prmbuit,</span> <span class='ocrx_word' id='word_1_635' title='bbox 2781 3038 3000 3095; x_wconf 89' lang='lat' dir='ltr'>idcirco</span> <span class='ocrx_word' id='word_1_636' title='bbox 3024 3036 3107 3094; x_wconf 87' lang='lat' dir='ltr'>ait</span> <span class='ocrx_word' id='word_1_637' title='bbox 3131 3052 3144 3092; x_wconf 87' lang='lat'><strong>:</strong></span> <span class='ocrx_word' id='word_1_638' title='bbox 3191 3036 3511 3093; x_wconf 87' lang='lat' dir='ltr'>Pulchrum</span> <span class='ocrx_word' id='word_1_639' title='bbox 3545 3038 3671 3109; x_wconf 89' lang='lat' dir='ltr'>qui-</span> 
     </span>
    </p>
   </div>
   <div class='ocr_carea' id='block_1_88' title="bbox 2026 3124 3670 3187">
    <p class='ocr_par' dir='ltr' id='par_1_88' title="bbox 2026 3124 3670 3187">
     <span class='ocr_line' id='line_1_88' title="bbox 2026 3124 3670 3187; baseline -0.001 -2"><span class='ocrx_word' id='word_1_640' title='bbox 2026 3124 2160 3187; x_wconf 90' lang='lat' dir='ltr'>dem</span> <span class='ocrx_word' id='word_1_641' title='bbox 2194 3134 2283 3186; x_wconf 89' lang='lat' dir='ltr'>est</span> <span class='ocrx_word' id='word_1_642' title='bbox 2316 3128 2561 3184; x_wconf 89' lang='lat' dir='ltr'>omnino</span> <span class='ocrx_word' id='word_1_643' title='bbox 2621 3145 2740 3183; x_wconf 87' lang='lat' dir='ltr'>non</span> <span class='ocrx_word' id='word_1_644' title='bbox 2798 3126 3013 3184; x_wconf 86' lang='lat' dir='ltr'>irasci:</span> <span class='ocrx_word' id='word_1_645' title='bbox 3075 3140 3276 3183; x_wconf 81' lang='lat' dir='ltr'>verum</span> <span class='ocrx_word' id='word_1_646' title='bbox 3335 3127 3383 3181; x_wconf 89' lang='lat' dir='ltr'>si</span> <span class='ocrx_word' id='word_1_647' title='bbox 3439 3127 3497 3182; x_wconf 90' lang='lat' dir='ltr'>id</span> <span class='ocrx_word' id='word_1_648' title='bbox 3551 3142 3670 3184; x_wconf 88' lang='lat' dir='ltr'>non</span> 
     </span>
    </p>
   </div>
   <div class='ocr_carea' id='block_1_89' title="bbox 1940 3214 3670 3323">
    <p class='ocr_par' dir='ltr' id='par_1_89' title="bbox 1940 3214 3670 3323">
     <span class='ocr_line' id='line_1_89' title="bbox 1940 3214 3670 3323; baseline -0.001 -47"><span class='ocrx_word' id='word_1_649' title='bbox 1940 3250 1984 3323; x_wconf 81' lang='lat' dir='ltr'><strong>c</strong></span> <span class='ocrx_word' id='word_1_650' title='bbox 2025 3222 2348 3293; x_wconf 87' lang='lat' dir='ltr'>contingat.</span> <span class='ocrx_word' id='word_1_651' title='bbox 2384 3220 2595 3275; x_wconf 89' lang='lat' dir='ltr'>saltem</span> <span class='ocrx_word' id='word_1_652' title='bbox 2646 3235 2719 3274; x_wconf 90' lang='lat' dir='ltr'>ne</span> <span class='ocrx_word' id='word_1_653' title='bbox 2780 3217 2852 3274; x_wconf 89' lang='lat' dir='ltr'>ad</span> <span class='ocrx_word' id='word_1_654' title='bbox 2913 3222 3221 3290; x_wconf 91' lang='lat' dir='ltr'>peccatum</span> <span class='ocrx_word' id='word_1_655' title='bbox 3271 3214 3670 3286; x_wconf 83' lang='lat' dir='ltr'>exagitemini,</span> 
     </span>
    </p>
   </div>
   <div class='ocr_carea' id='block_1_90' title="bbox 2022 3306 3664 3382">
    <p class='ocr_par' dir='ltr' id='par_1_90' title="bbox 2022 3306 3664 3382">
     <span class='ocr_line' id='line_1_90' title="bbox 2022 3306 3664 3382; baseline -0.001 -17"><span class='ocrx_word' id='word_1_656' title='bbox 2022 3327 2217 3382; x_wconf 89' lang='lat' dir='ltr'>neque</span> <span class='ocrx_word' id='word_1_657' title='bbox 2249 3308 2450 3366; x_wconf 88' lang='lat' dir='ltr'>diutus</span> <span class='ocrx_word' id='word_1_658' title='bbox 2482 3310 2828 3381; x_wconf 80' lang='lat' dir='ltr'>permaneat</span> <span class='ocrx_word' id='word_1_659' title='bbox 2884 3306 3041 3378; x_wconf 85' lang='lat' dir='ltr'>apud</span> <span class='ocrx_word' id='word_1_660' title='bbox 3088 3325 3187 3362; x_wconf 87' lang='lat' dir='ltr'>vos</span> <span class='ocrx_word' id='word_1_661' title='bbox 3246 3307 3347 3362; x_wconf 73' lang='lat' dir='ltr'>iraa</span> <span class='ocrx_word' id='word_1_662' title='bbox 3395 3308 3664 3363; x_wconf 77' lang='lat' dir='ltr'>affectus.</span> 
     </span>
    </p>
   </div>
   <div class='ocr_carea' id='block_1_91' title="bbox 2015 3394 3669 3472">
    <p class='ocr_par' dir='ltr' id='par_1_91' title="bbox 2015 3394 3669 3472">
     <span class='ocr_line' id='line_1_91' title="bbox 2015 3394 3669 3472; baseline -0.002 -17"><span class='ocrx_word' id='word_1_663' title='bbox 2015 3399 2317 3472; x_wconf 88' lang='lat' dir='ltr'>Contingit</span> <span class='ocrx_word' id='word_1_664' title='bbox 2346 3394 2529 3467; x_wconf 88' lang='lat' dir='ltr'>enim,</span> <span class='ocrx_word' id='word_1_665' title='bbox 2562 3404 2629 3454; x_wconf 88' lang='lat' dir='ltr'>ut</span> <span class='ocrx_word' id='word_1_666' title='bbox 2659 3397 2804 3453; x_wconf 76' lang='lat' dir='ltr'>dicit</span> <span class='ocrx_word' id='word_1_667' title='bbox 2861 3396 3180 3468; x_wconf 84' lang='lat' dir='ltr'>quispiam,</span> <span class='ocrx_word' id='word_1_668' title='bbox 3231 3397 3397 3467; x_wconf 86' lang='lat' dir='ltr'>justa</span> <span class='ocrx_word' id='word_1_669' title='bbox 3444 3394 3519 3451; x_wconf 89' lang='lat' dir='ltr'>ad</span> <span class='ocrx_word' id='word_1_670' title='bbox 3568 3396 3669 3452; x_wconf 85' lang='lat' dir='ltr'>bo-</span> 
     </span>
    </p>
   </div>
   <div class='ocr_carea' id='block_1_92' title="bbox 2017 3482 3670 3562">
    <p class='ocr_par' dir='ltr' id='par_1_92' title="bbox 2017 3482 3670 3562">
     <span class='ocr_line' id='line_1_92' title="bbox 2017 3482 3670 3562; baseline -0.001 -17"><span class='ocrx_word' id='word_1_671' title='bbox 2017 3507 2147 3546; x_wconf 88' lang='lat' dir='ltr'>ram</span> <span class='ocrx_word' id='word_1_672' title='bbox 2179 3487 2413 3562; x_wconf 89' lang='lat' dir='ltr'>impleri</span> <span class='ocrx_word' id='word_1_673' title='bbox 2451 3506 2463 3543; x_wconf 92' lang='lat'><strong>:</strong></span> <span class='ocrx_word' id='word_1_674' title='bbox 2498 3482 2657 3543; x_wconf 82' lang='lat' dir='ltr'>solve</span> <span class='ocrx_word' id='word_1_675' title='bbox 2685 3494 2883 3544; x_wconf 86' lang='lat' dir='ltr'>autem</span> <span class='ocrx_word' id='word_1_676' title='bbox 2916 3482 3105 3559; x_wconf 89' lang='lat' dir='ltr'>ipsam</span> <span class='ocrx_word' id='word_1_677' title='bbox 3140 3490 3277 3540; x_wconf 87' lang='lat' dir='ltr'>ante</span> <span class='ocrx_word' id='word_1_678' title='bbox 3309 3486 3454 3541; x_wconf 89' lang='lat' dir='ltr'>solis</span> <span class='ocrx_word' id='word_1_679' title='bbox 3501 3500 3670 3543; x_wconf 87' lang='lat' dir='ltr'>occa-</span> 
     </span>
    </p>
   </div>
   <div class='ocr_carea' id='block_1_93' title="bbox 2018 3572 3671 3650">
    <p class='ocr_par' dir='ltr' id='par_1_93' title="bbox 2018 3572 3671 3650">
     <span class='ocr_line' id='line_1_93' title="bbox 2018 3572 3671 3650; baseline -0.002 -14"><span class='ocrx_word' id='word_1_680' title='bbox 2018 3597 2172 3650; x_wconf 86' lang='lat' dir='ltr'>sum,</span> <span class='ocrx_word' id='word_1_681' title='bbox 2197 3584 2255 3635; x_wconf 90' lang='lat' dir='ltr'>et</span> <span class='ocrx_word' id='word_1_682' title='bbox 2284 3595 2359 3635; x_wconf 90' lang='lat' dir='ltr'>ne</span> <span class='ocrx_word' id='word_1_683' title='bbox 2393 3574 2480 3633; x_wconf 91' lang='lat' dir='ltr'>sol</span> <span class='ocrx_word' id='word_1_684' title='bbox 2513 3594 2692 3649; x_wconf 91' lang='lat' dir='ltr'>super</span> <span class='ocrx_word' id='word_1_685' title='bbox 2721 3572 2999 3648; x_wconf 87' lang='lat' dir='ltr'>indignos</span> <span class='ocrx_word' id='word_1_686' title='bbox 3023 3580 3187 3631; x_wconf 88' lang='lat' dir='ltr'>ortus</span> <span class='ocrx_word' id='word_1_687' title='bbox 3208 3574 3388 3631; x_wconf 81' lang='lat' dir='ltr'>fuisse</span> <span class='ocrx_word' id='word_1_688' title='bbox 3420 3575 3671 3641; x_wconf 88' lang='lat' dir='ltr'>dicatur,</span> 
     </span>
    </p>
   </div>
   <div class='ocr_carea' id='block_1_94' title="bbox 2020 3663 3676 3741">
    <p class='ocr_par' dir='ltr' id='par_1_94' title="bbox 2020 3663 3676 3741">
     <span class='ocr_line' id='line_1_94' title="bbox 2020 3663 3676 3741; baseline -0.003 -17"><span class='ocrx_word' id='word_1_689' title='bbox 2020 3674 2077 3725; x_wconf 91' lang='lat' dir='ltr'>et</span> <span class='ocrx_word' id='word_1_690' title='bbox 2104 3685 2178 3723; x_wconf 86' lang='lat' dir='ltr'>ne</span> <span class='ocrx_word' id='word_1_691' title='bbox 2210 3685 2319 3724; x_wconf 88' lang='lat' dir='ltr'>nos</span> <span class='ocrx_word' id='word_1_692' title='bbox 2350 3666 2811 3741; x_wconf 80' lang='lat' dir='ltr'>cogitationibus</span> <span class='ocrx_word' id='word_1_693' title='bbox 2838 3665 3249 3722; x_wconf 88' lang='lat' dir='ltr'>infeliciorum</span> <span class='ocrx_word' id='word_1_694' title='bbox 3273 3663 3493 3719; x_wconf 79' lang='lat' dir='ltr'>efﬁciat</span> <span class='ocrx_word' id='word_1_695' title='bbox 3513 3664 3676 3721; x_wconf 81' lang='lat' dir='ltr'>llam-</span> 
     </span>
    </p>
   </div>
   <div class='ocr_carea' id='block_1_95' title="bbox 2029 3774 2208 3814">
    <p class='ocr_par' dir='ltr' id='par_1_95' title="bbox 2029 3774 2208 3814">
     <span class='ocr_line' id='line_1_95' title="bbox 2029 3774 2208 3814; baseline -0.006 0"><span class='ocrx_word' id='word_1_696' title='bbox 2029 3774 2208 3814; x_wconf 88' lang='lat' dir='ltr'>mam.</span> 
     </span>
    </p>
   </div>
   <div class='ocr_carea' id='block_1_96' title="bbox 2094 3838 3676 3914">
    <p class='ocr_par' dir='ltr' id='par_1_96' title="bbox 2094 3838 3676 3914">
     <span class='ocr_line' id='line_1_96' title="bbox 2094 3838 3676 3914; baseline -0.003 -13"><span class='ocrx_word' id='word_1_697' title='bbox 2094 3846 2394 3913; x_wconf 87' lang='lat' dir='ltr'>Quosdam</span> <span class='ocrx_word' id='word_1_698' title='bbox 2410 3840 2492 3901; x_wconf 88' lang='lat' dir='ltr'>ita</span> <span class='ocrx_word' id='word_1_699' title='bbox 2505 3844 2704 3901; x_wconf 89' lang='lat' dir='ltr'>audivi</span> <span class='ocrx_word' id='word_1_700' title='bbox 2720 3843 3186 3914; x_wconf 89' lang='lat' dir='ltr'>interpretantes</span> <span class='ocrx_word' id='word_1_701' title='bbox 3203 3859 3215 3895; x_wconf 90' lang='lat'><strong>:</strong></span> <span class='ocrx_word' id='word_1_702' title='bbox 3234 3843 3359 3897; x_wconf 85' lang='lat' dir='ltr'>Una</span> <span class='ocrx_word' id='word_1_703' title='bbox 3372 3838 3676 3901; x_wconf 87' lang='lat' dir='ltr'>ait.incul-</span> 
     </span>
    </p>
   </div>
   <div class='ocr_carea' id='block_1_97' title="bbox 2024 3928 3673 4010">
    <p class='ocr_par' dir='ltr' id='par_1_97' title="bbox 2024 3928 3673 4010">
     <span class='ocr_line' id='line_1_97' title="bbox 2024 3928 3673 4010; baseline -0.005 -16"><span class='ocrx_word' id='word_1_704' title='bbox 2024 3944 2161 4010; x_wconf 88' lang='lat' dir='ltr'>pata</span> <span class='ocrx_word' id='word_1_705' title='bbox 2192 3938 2280 3992; x_wconf 87' lang='lat' dir='ltr'>ira</span> <span class='ocrx_word' id='word_1_706' title='bbox 2310 3941 2418 4003; x_wconf 87' lang='lat' dir='ltr'>est,</span> <span class='ocrx_word' id='word_1_707' title='bbox 2452 3951 2667 4005; x_wconf 87' lang='lat' dir='ltr'>nempe</span> <span class='ocrx_word' id='word_1_708' title='bbox 2688 3951 2818 4005; x_wconf 83' lang='lat' dir='ltr'>quae</span> <span class='ocrx_word' id='word_1_709' title='bbox 2840 3949 2975 4003; x_wconf 85' lang='lat' dir='ltr'>erga</span> <span class='ocrx_word' id='word_1_710' title='bbox 2995 3930 3299 3987; x_wconf 83' lang='lat' dir='ltr'>daemones</span> <span class='ocrx_word' id='word_1_711' title='bbox 3323 3935 3381 3985; x_wconf 91' lang='lat' dir='ltr'>et</span> <span class='ocrx_word' id='word_1_712' title='bbox 3428 3928 3673 3986; x_wconf 78' lang='lat' dir='ltr'>affectus</span> 
     </span>
    </p>
   </div>
   <div class='ocr_carea' id='block_1_98' title="bbox 2023 4019 3674 4090">
    <p class='ocr_par' dir='ltr' id='par_1_98' title="bbox 2023 4019 3674 4090">
     <span class='ocr_line' id='line_1_98' title="bbox 2023 4019 3674 4090; baseline -0.004 -9"><span class='ocrx_word' id='word_1_713' title='bbox 2023 4025 2377 4081; x_wconf 88' lang='lat' dir='ltr'>concitatur.</span> <span class='ocrx_word' id='word_1_714' title='bbox 2404 4045 2431 4073; x_wconf 81' lang='grc' dir='ltr'>ι(</span> <span class='ocrx_word' id='word_1_715' title='bbox 2459 4024 2537 4077; x_wconf 85' lang='lat' dir='ltr'>Ne</span> <span class='ocrx_word' id='word_1_716' title='bbox 2561 4021 2714 4077; x_wconf 90' lang='lat' dir='ltr'>detis</span> <span class='ocrx_word' id='word_1_717' title='bbox 2740 4020 2955 4075; x_wconf 89' lang='lat' dir='ltr'>locum.</span> <span class='ocrx_word' id='word_1_718' title='bbox 2989 4021 3143 4075; x_wconf 74' lang='lat' dir='ltr'>nAut</span> <span class='ocrx_word' id='word_1_719' title='bbox 3187 4035 3321 4074; x_wconf 91' lang='lat' dir='ltr'>cum</span> <span class='ocrx_word' id='word_1_720' title='bbox 3371 4019 3674 4090; x_wconf 85' lang='lat' dir='ltr'>superiore</span> 
     </span>
    </p>
   </div>
   <div class='ocr_carea' id='block_1_99' title="bbox 2024 4106 3676 4185">
    <p class='ocr_par' dir='ltr' id='par_1_99' title="bbox 2024 4106 3676 4185">
     <span class='ocr_line' id='line_1_99' title="bbox 2024 4106 3676 4185; baseline -0.004 -16"><span class='ocrx_word' id='word_1_721' title='bbox 2024 4109 2847 4185; x_wconf 75' lang='lat' dir='ltr'>conjungitursententia:Ne</span> <span class='ocrx_word' id='word_1_722' title='bbox 2864 4108 3114 4176; x_wconf 87' lang='lat' dir='ltr'>occidat,</span> <span class='ocrx_word' id='word_1_723' title='bbox 3151 4106 3363 4179; x_wconf 87' lang='lat' dir='ltr'>inquit,</span> <span class='ocrx_word' id='word_1_724' title='bbox 3380 4106 3465 4164; x_wconf 89' lang='lat' dir='ltr'>sol</span> <span class='ocrx_word' id='word_1_725' title='bbox 3499 4119 3676 4179; x_wconf 87' lang='lat' dir='ltr'>super</span> 
     </span>
    </p>
   </div>
   <div class='ocr_carea' id='block_1_100' title="bbox 2026 4194 3673 4268">
    <p class='ocr_par' dir='ltr' id='par_1_100' title="bbox 2026 4194 3673 4268">
     <span class='ocr_line' id='line_1_100' title="bbox 2026 4194 3673 4268; baseline -0.004 -11"><span class='ocrx_word' id='word_1_726' title='bbox 2026 4202 2175 4257; x_wconf 88' lang='lat' dir='ltr'>iram</span> <span class='ocrx_word' id='word_1_727' title='bbox 2198 4203 2474 4263; x_wconf 82' lang='lat' dir='ltr'>vestram.</span> <span class='ocrx_word' id='word_1_728' title='bbox 2497 4202 2563 4253; x_wconf 88' lang='lat' dir='ltr'>ut</span> <span class='ocrx_word' id='word_1_729' title='bbox 2583 4214 2702 4253; x_wconf 91' lang='lat' dir='ltr'>non</span> <span class='ocrx_word' id='word_1_730' title='bbox 2725 4194 2876 4253; x_wconf 88' lang='lat' dir='ltr'>detis</span> <span class='ocrx_word' id='word_1_731' title='bbox 2894 4196 3091 4252; x_wconf 89' lang='lat' dir='ltr'>locum</span> <span class='ocrx_word' id='word_1_732' title='bbox 3115 4196 3350 4252; x_wconf 89' lang='lat' dir='ltr'>diabolo</span> <span class='ocrx_word' id='word_1_733' title='bbox 3388 4214 3493 4268; x_wconf 89' lang='lat' dir='ltr'>per</span> <span class='ocrx_word' id='word_1_734' title='bbox 3514 4196 3673 4268; x_wconf 83' lang='lat' dir='ltr'>cogi-</span> 
     </span>
    </p>
   </div>
   <div class='ocr_carea' id='block_1_101' title="bbox 2030 4282 3675 4358">
    <p class='ocr_par' dir='ltr' id='par_1_101' title="bbox 2030 4282 3675 4358">
     <span class='ocr_line' id='line_1_101' title="bbox 2030 4282 3675 4358; baseline -0.004 -13"><span class='ocrx_word' id='word_1_735' title='bbox 2030 4290 2281 4345; x_wconf 89' lang='lat' dir='ltr'>tationes</span> <span class='ocrx_word' id='word_1_736' title='bbox 2303 4293 2627 4343; x_wconf 87' lang='lat' dir='ltr'>nocturnas</span> <span class='ocrx_word' id='word_1_737' title='bbox 2650 4286 2911 4358; x_wconf 85' lang='lat' dir='ltr'>amplius</span> <span class='ocrx_word' id='word_1_738' title='bbox 2933 4282 3675 4341; x_wconf 84' lang='lat' dir='ltr'>vosinflammandiadver—</span> 
     </span>
    </p>
   </div>
   <div class='ocr_carea' id='block_1_102' title="bbox 2029 4370 3676 4446">
    <p class='ocr_par' dir='ltr' id='par_1_102' title="bbox 2029 4370 3676 4446">
     <span class='ocr_line' id='line_1_102' title="bbox 2029 4370 3676 4446; baseline -0.004 -12"><span class='ocrx_word' id='word_1_739' title='bbox 2029 4396 2129 4434; x_wconf 90' lang='lat' dir='ltr'>sus</span> <span class='ocrx_word' id='word_1_740' title='bbox 2152 4374 2384 4433; x_wconf 83' lang='lat' dir='ltr'>fratres.</span> <span class='ocrx_word' id='word_1_741' title='bbox 2409 4398 2434 4423; x_wconf 76' lang='grc' dir='ltr'>ιι</span> <span class='ocrx_word' id='word_1_742' title='bbox 2462 4370 2725 4430; x_wconf 83' lang='lat' dir='ltr'>Diabolo.</span> <span class='ocrx_word' id='word_1_743' title='bbox 2749 4398 2775 4424; x_wconf 88' lang='grc'><strong><em>‹‹</em></strong></span> <span class='ocrx_word' id='word_1_744' title='bbox 2806 4375 3065 4431; x_wconf 87' lang='lat' dir='ltr'>Invicem</span> <span class='ocrx_word' id='word_1_745' title='bbox 3116 4390 3250 4446; x_wconf 89' lang='lat' dir='ltr'>ergo</span> <span class='ocrx_word' id='word_1_746' title='bbox 3295 4388 3556 4446; x_wconf 86' lang='lat' dir='ltr'>pugnare</span> <span class='ocrx_word' id='word_1_747' title='bbox 3586 4378 3676 4429; x_wconf 87' lang='lat' dir='ltr'>est</span> 
     </span>
    </p>
   </div>
   <div class='ocr_carea' id='block_1_103' title="bbox 2031 4458 3675 4535">
    <p class='ocr_par' dir='ltr' id='par_1_103' title="bbox 2031 4458 3675 4535">
     <span class='ocr_line' id='line_1_103' title="bbox 2031 4458 3675 4535; baseline -0.004 -12"><span class='ocrx_word' id='word_1_748' title='bbox 2031 4467 2171 4523; x_wconf 90' lang='lat' dir='ltr'>dare</span> <span class='ocrx_word' id='word_1_749' title='bbox 2194 4462 2392 4521; x_wconf 89' lang='lat' dir='ltr'>locum</span> <span class='ocrx_word' id='word_1_750' title='bbox 2415 4462 2650 4520; x_wconf 86' lang='lat' dir='ltr'>diabolo</span> <span class='ocrx_word' id='word_1_751' title='bbox 2674 4458 2954 4520; x_wconf 83' lang='lat' dir='ltr'>adversus</span> <span class='ocrx_word' id='word_1_752' title='bbox 2984 4480 3091 4519; x_wconf 88' lang='lat' dir='ltr'>nos</span> <span class='ocrx_word' id='word_1_753' title='bbox 3123 4464 3303 4535; x_wconf 91' lang='lat' dir='ltr'>ipsos.</span> <span class='ocrx_word' id='word_1_754' title='bbox 3337 4486 3364 4513; x_wconf 92' lang='grc'>‹‹</span> <span class='ocrx_word' id='word_1_755' title='bbox 3426 4462 3534 4530; x_wconf 91' lang='lat' dir='ltr'>Qui</span> <span class='ocrx_word' id='word_1_756' title='bbox 3588 4461 3675 4517; x_wconf 85' lang='lat' dir='ltr'>fu-</span> 
     </span>
    </p>
   </div>
   <div class='ocr_carea' id='block_1_104' title="bbox 2033 4551 3676 4625">
    <p class='ocr_par' dir='ltr' id='par_1_104' title="bbox 2033 4551 3676 4625">
     <span class='ocr_line' id='line_1_104' title="bbox 2033 4551 3676 4625; baseline -0.004 -13"><span class='ocrx_word' id='word_1_757' title='bbox 2033 4555 2295 4622; x_wconf 87' lang='lat' dir='ltr'>rabatur,</span> <span class='ocrx_word' id='word_1_758' title='bbox 2329 4571 2448 4609; x_wconf 90' lang='lat' dir='ltr'>non</span> <span class='ocrx_word' id='word_1_759' title='bbox 2497 4553 2753 4625; x_wconf 80' lang='lat' dir='ltr'>amplius</span> <span class='ocrx_word' id='word_1_760' title='bbox 2810 4552 3061 4608; x_wconf 77' lang='lat' dir='ltr'>furetur.</span> <span class='ocrx_word' id='word_1_761' title='bbox 3120 4575 3147 4602; x_wconf 82' lang='lat'>»</span> <span class='ocrx_word' id='word_1_762' title='bbox 3206 4555 3349 4607; x_wconf 88' lang='lat' dir='ltr'>Ecce</span> <span class='ocrx_word' id='word_1_763' title='bbox 3409 4551 3676 4607; x_wconf 87' lang='lat' dir='ltr'>membra</span> 
     </span>
    </p>
   </div>
   <div class='ocr_carea' id='block_1_105' title="bbox 2033 4640 3674 4712">
    <p class='ocr_par' dir='ltr' id='par_1_105' title="bbox 2033 4640 3674 4712">
     <span class='ocr_line' id='line_1_105' title="bbox 2033 4640 3674 4712; baseline -0.004 -12"><span class='ocrx_word' id='word_1_764' title='bbox 2033 4645 2245 4702; x_wconf 88' lang='lat' dir='ltr'>veteris</span> <span class='ocrx_word' id='word_1_765' title='bbox 2276 4642 2556 4699; x_wconf 88' lang='lat' dir='ltr'>hominis.</span> <span class='ocrx_word' id='word_1_766' title='bbox 2592 4642 2694 4698; x_wconf 79' lang='lat' dir='ltr'>L’bi</span> <span class='ocrx_word' id='word_1_767' title='bbox 2723 4646 2922 4696; x_wconf 86' lang='lat' dir='ltr'>autem</span> <span class='ocrx_word' id='word_1_768' title='bbox 2955 4658 3112 4696; x_wconf 90' lang='lat' dir='ltr'>nunc</span> <span class='ocrx_word' id='word_1_769' title='bbox 3144 4646 3282 4696; x_wconf 91' lang='lat' dir='ltr'>sunt</span> <span class='ocrx_word' id='word_1_770' title='bbox 3332 4641 3433 4712; x_wconf 86' lang='lat' dir='ltr'>qui</span> <span class='ocrx_word' id='word_1_771' title='bbox 3486 4640 3674 4695; x_wconf 85' lang='lat' dir='ltr'>sordi-</span> 
     </span>
    </p>
   </div>
   <div class='ocr_carea' id='block_1_106' title="bbox 2035 4729 3672 4805">
    <p class='ocr_par' dir='ltr' id='par_1_106' title="bbox 2035 4729 3672 4805">
     <span class='ocr_line' id='line_1_106' title="bbox 2035 4729 3672 4805; baseline -0.004 -16"><span class='ocrx_word' id='word_1_772' title='bbox 2035 4735 2145 4789; x_wconf 89' lang='lat' dir='ltr'>bus</span> <span class='ocrx_word' id='word_1_773' title='bbox 2177 4732 2424 4805; x_wconf 89' lang='lat' dir='ltr'>oppleti,</span> <span class='ocrx_word' id='word_1_774' title='bbox 2450 4731 2677 4802; x_wconf 87' lang='lat' dir='ltr'>seipsos</span> <span class='ocrx_word' id='word_1_775' title='bbox 2701 4737 2897 4787; x_wconf 87' lang='lat' dir='ltr'>tamen</span> <span class='ocrx_word' id='word_1_776' title='bbox 2921 4747 3099 4803; x_wconf 90' lang='lat' dir='ltr'>puros</span> <span class='ocrx_word' id='word_1_777' title='bbox 3124 4729 3349 4797; x_wconf 85' lang='lat' dir='ltr'>dicunt,</span> <span class='ocrx_word' id='word_1_778' title='bbox 3390 4744 3509 4784; x_wconf 89' lang='lat' dir='ltr'>non</span> <span class='ocrx_word' id='word_1_779' title='bbox 3540 4745 3672 4784; x_wconf 84' lang='lat' dir='ltr'>sus-</span> 
     </span>
    </p>
   </div>
   <div class='ocr_carea' id='block_1_107' title="bbox 2036 4816 3677 4895">
    <p class='ocr_par' dir='ltr' id='par_1_107' title="bbox 2036 4816 3677 4895">
     <span class='ocr_line' id='line_1_107' title="bbox 2036 4816 3677 4895; baseline -0.004 -15"><span class='ocrx_word' id='word_1_780' title='bbox 2036 4824 2325 4895; x_wconf 87' lang='lat' dir='ltr'>cipientes</span> <span class='ocrx_word' id='word_1_781' title='bbox 2358 4822 2766 4893; x_wconf 70' lang='lat' dir='ltr'>pmnitentiam</span> <span class='ocrx_word' id='word_1_782' title='bbox 2788 4822 2816 4874; x_wconf 77' lang='lat'>‘?</span> <span class='ocrx_word' id='word_1_783' title='bbox 2841 4822 2987 4875; x_wconf 84' lang='lat' dir='ltr'>Ecce</span> <span class='ocrx_word' id='word_1_784' title='bbox 3020 4820 3179 4874; x_wconf 89' lang='lat' dir='ltr'>enim</span> <span class='ocrx_word' id='word_1_785' title='bbox 3213 4816 3524 4874; x_wconf 78' lang='lat' dir='ltr'>manifeste</span> <span class='ocrx_word' id='word_1_786' title='bbox 3570 4832 3677 4874; x_wconf 88' lang='lat' dir='ltr'>au-</span> 
     </span>
    </p>
   </div>
   <div class='ocr_carea' id='block_1_108' title="bbox 2038 4907 3676 4981">
    <p class='ocr_par' dir='ltr' id='par_1_108' title="bbox 2038 4907 3676 4981">
     <span class='ocr_line' id='line_1_108' title="bbox 2038 4907 3676 4981; baseline -0.001 -14"><span class='ocrx_word' id='word_1_787' title='bbox 2038 4909 2708 4975; x_wconf 78' lang='lat' dir='ltr'>diuntzQuifurabatur</span> <span class='ocrx_word' id='word_1_788' title='bbox 2730 4926 2849 4964; x_wconf 89' lang='lat' dir='ltr'>non</span> <span class='ocrx_word' id='word_1_789' title='bbox 2866 4909 3123 4981; x_wconf 87' lang='lat' dir='ltr'>amplius</span> <span class='ocrx_word' id='word_1_790' title='bbox 3143 4908 3389 4966; x_wconf 83' lang='lat' dir='ltr'>furetur.</span> <span class='ocrx_word' id='word_1_791' title='bbox 3437 4931 3458 4956; x_wconf 78' lang='grc' dir='ltr'>ι</span> <span class='ocrx_word' id='word_1_792' title='bbox 3499 4907 3676 4981; x_wconf 82' lang='lat' dir='ltr'>Magis</span> 
     </span>
    </p>
   </div>
   <div class='ocr_carea' id='block_1_109' title="bbox 2038 4995 3677 5069">
    <p class='ocr_par' dir='ltr' id='par_1_109' title="bbox 2038 4995 3677 5069">
     <span class='ocr_line' id='line_1_109' title="bbox 2038 4995 3677 5069; baseline -0.002 -15"><span class='ocrx_word' id='word_1_793' title='bbox 2038 5004 2238 5054; x_wconf 89' lang='lat' dir='ltr'>autem</span> <span class='ocrx_word' id='word_1_794' title='bbox 2272 4995 2520 5054; x_wconf 88' lang='lat' dir='ltr'>laboret.</span> <span class='ocrx_word' id='word_1_795' title='bbox 2556 5019 2582 5047; x_wconf 83' lang='grc'><strong>››</strong></span> <span class='ocrx_word' id='word_1_796' title='bbox 2617 4998 2814 5068; x_wconf 79' lang='lat' dir='ltr'>Neque</span> <span class='ocrx_word' id='word_1_797' title='bbox 2849 4998 3007 5053; x_wconf 88' lang='lat' dir='ltr'>enim</span> <span class='ocrx_word' id='word_1_798' title='bbox 3040 4996 3183 5053; x_wconf 91' lang='lat' dir='ltr'>satis</span> <span class='ocrx_word' id='word_1_799' title='bbox 3214 5002 3303 5054; x_wconf 87' lang='lat' dir='ltr'>est</span> <span class='ocrx_word' id='word_1_800' title='bbox 3339 5013 3375 5053; x_wconf 91' lang='lat' dir='ltr'>a</span> <span class='ocrx_word' id='word_1_801' title='bbox 3420 4997 3677 5069; x_wconf 90' lang='lat' dir='ltr'>peccatis</span> 
     </span>
    </p>
   </div>
   <div class='ocr_carea' id='block_1_110' title="bbox 2040 5084 3679 5158">
    <p class='ocr_par' dir='ltr' id='par_1_110' title="bbox 2040 5084 3679 5158">
     <span class='ocr_line' id='line_1_110' title="bbox 2040 5084 3679 5158; baseline -0.001 -16"><span class='ocrx_word' id='word_1_802' title='bbox 2040 5102 2302 5142; x_wconf 87' lang='lat' dir='ltr'>cessasse</span> <span class='ocrx_word' id='word_1_803' title='bbox 2336 5102 2469 5140; x_wconf 89' lang='lat' dir='ltr'>eum</span> <span class='ocrx_word' id='word_1_804' title='bbox 2503 5084 2603 5155; x_wconf 87' lang='lat' dir='ltr'>qui</span> <span class='ocrx_word' id='word_1_805' title='bbox 2636 5084 2950 5156; x_wconf 87' lang='lat' dir='ltr'>resipiscit,</span> <span class='ocrx_word' id='word_1_806' title='bbox 2976 5087 3079 5141; x_wconf 88' lang='lat' dir='ltr'>sed</span> <span class='ocrx_word' id='word_1_807' title='bbox 3111 5091 3169 5141; x_wconf 90' lang='lat' dir='ltr'>et</span> <span class='ocrx_word' id='word_1_808' title='bbox 3219 5085 3400 5158; x_wconf 83' lang='lat' dir='ltr'>priori</span> <span class='ocrx_word' id='word_1_809' title='bbox 3450 5089 3679 5142; x_wconf 81' lang='lat' dir='ltr'>contra-</span> 
     </span>
    </p>
   </div>
   <div class='ocr_carea' id='block_1_111' title="bbox 2041 5172 3681 5245">
    <p class='ocr_par' dir='ltr' id='par_1_111' title="bbox 2041 5172 3681 5245">
     <span class='ocr_line' id='line_1_111' title="bbox 2041 5172 3681 5245; baseline -0.001 -15"><span class='ocrx_word' id='word_1_810' title='bbox 2041 5172 2545 5231; x_wconf 84' lang='lat' dir='ltr'>riaincedendum</span> <span class='ocrx_word' id='word_1_811' title='bbox 2569 5180 2657 5228; x_wconf 88' lang='lat' dir='ltr'>est</span> <span class='ocrx_word' id='word_1_812' title='bbox 2679 5174 2789 5245; x_wconf 87' lang='lat' dir='ltr'>ipsi</span> <span class='ocrx_word' id='word_1_813' title='bbox 2812 5174 2923 5230; x_wconf 89' lang='lat' dir='ltr'>via.</span> <span class='ocrx_word' id='word_1_814' title='bbox 2975 5174 3187 5231; x_wconf 87' lang='lat' dir='ltr'>Dicens</span> <span class='ocrx_word' id='word_1_815' title='bbox 3234 5182 3471 5232; x_wconf 86' lang='lat' dir='ltr'>autem:</span> <span class='ocrx_word' id='word_1_816' title='bbox 3506 5174 3681 5230; x_wconf 81' lang='lat' dir='ltr'>Labo-</span> 
     </span>
    </p>
   </div>
   <div class='ocr_carea' id='block_1_112' title="bbox 2040 5262 3677 5337">
    <p class='ocr_par' dir='ltr' id='par_1_112' title="bbox 2040 5262 3677 5337">
     <span class='ocr_line' id='line_1_112' title="bbox 2040 5262 3677 5337; baseline -0.006 -15"><span class='ocrx_word' id='word_1_817' title='bbox 2040 5270 2152 5330; x_wconf 87' lang='lat' dir='ltr'>ret,</span> <span class='ocrx_word' id='word_1_818' title='bbox 2186 5263 2383 5336; x_wconf 90' lang='lat' dir='ltr'>operis</span> <span class='ocrx_word' id='word_1_819' title='bbox 2414 5262 2826 5319; x_wconf 82' lang='lat' dir='ltr'>difﬁcultatem</span> <span class='ocrx_word' id='word_1_820' title='bbox 2860 5264 3225 5337; x_wconf 76' lang='lat' dir='ltr'>signiﬁcavit.</span> <span class='ocrx_word' id='word_1_821' title='bbox 3262 5265 3426 5331; x_wconf 84' lang='lat' dir='ltr'>Quod</span> <span class='ocrx_word' id='word_1_822' title='bbox 3448 5265 3677 5318; x_wconf 80' lang='lat' dir='ltr'>bonum</span> 
     </span>
    </p>
   </div>
   <div class='ocr_carea' id='block_1_113' title="bbox 2041 5350 3677 5425">
    <p class='ocr_par' dir='ltr' id='par_1_113' title="bbox 2041 5350 3677 5425">
     <span class='ocr_line' id='line_1_113' title="bbox 2041 5350 3677 5425; baseline -0.006 -14"><span class='ocrx_word' id='word_1_823' title='bbox 2041 5350 2683 5424; x_wconf 86' lang='lat' dir='ltr'>est,inquit.Siquidem</span> <span class='ocrx_word' id='word_1_824' title='bbox 2707 5360 2985 5425; x_wconf 86' lang='lat' dir='ltr'>operatur</span> <span class='ocrx_word' id='word_1_825' title='bbox 3008 5355 3185 5410; x_wconf 89' lang='lat' dir='ltr'>etiam</span> <span class='ocrx_word' id='word_1_826' title='bbox 3210 5356 3258 5409; x_wconf 91' lang='lat' dir='ltr'>is</span> <span class='ocrx_word' id='word_1_827' title='bbox 3280 5355 3380 5425; x_wconf 88' lang='lat' dir='ltr'>qui</span> <span class='ocrx_word' id='word_1_828' title='bbox 3430 5354 3677 5411; x_wconf 76' lang='lat' dir='ltr'>furatur,</span> 
     </span>
    </p>
   </div>
   <div class='ocr_carea' id='block_1_114' title="bbox 2042 5440 3676 5514">
    <p class='ocr_par' dir='ltr' id='par_1_114' title="bbox 2042 5440 3676 5514">
     <span class='ocr_line' id='line_1_114' title="bbox 2042 5440 3676 5514; baseline -0.008 -15"><span class='ocrx_word' id='word_1_829' title='bbox 2042 5442 2144 5499; x_wconf 88' lang='lat' dir='ltr'>sed</span> <span class='ocrx_word' id='word_1_830' title='bbox 2175 5440 2333 5514; x_wconf 89' lang='lat' dir='ltr'>quod</span> <span class='ocrx_word' id='word_1_831' title='bbox 2368 5441 2588 5497; x_wconf 87' lang='lat' dir='ltr'>malum</span> <span class='ocrx_word' id='word_1_832' title='bbox 2623 5448 2729 5497; x_wconf 86' lang='lat' dir='ltr'>est.</span> <span class='ocrx_word' id='word_1_833' title='bbox 2766 5466 2793 5493; x_wconf 88' lang='grc'>‹‹</span> <span class='ocrx_word' id='word_1_834' title='bbox 2832 5444 3035 5499; x_wconf 89' lang='lat' dir='ltr'>Omnis</span> <span class='ocrx_word' id='word_1_835' title='bbox 3078 5461 3272 5500; x_wconf 88' lang='lat' dir='ltr'>sermo</span> <span class='ocrx_word' id='word_1_836' title='bbox 3330 5454 3595 5513; x_wconf 84' lang='lat' dir='ltr'>spurcus.</span> <span class='ocrx_word' id='word_1_837' title='bbox 3650 5455 3676 5485; x_wconf 73' lang='grc' dir='ltr'>ι</span> 
     </span>
    </p>
   </div>
   <div class='ocr_carea' id='block_1_115' title="bbox 2044 5524 3683 5604">
    <p class='ocr_par' dir='ltr' id='par_1_115' title="bbox 2044 5524 3683 5604">
     <span class='ocr_line' id='line_1_115' title="bbox 2044 5524 3683 5604; baseline -0.005 -20"><span class='ocrx_word' id='word_1_838' title='bbox 2044 5529 2258 5604; x_wconf 74' lang='grc' dir='ltr'>Σαπρόν</span> <span class='ocrx_word' id='word_1_839' title='bbox 2288 5529 2553 5583; x_wconf 78' lang='lat' dir='ltr'>dicituut</span> <span class='ocrx_word' id='word_1_840' title='bbox 2575 5532 2828 5586; x_wconf 75' lang='lat' dir='ltr'>otiosum</span> <span class='ocrx_word' id='word_1_841' title='bbox 2881 5538 2939 5587; x_wconf 85' lang='lat' dir='ltr'>et</span> <span class='ocrx_word' id='word_1_842' title='bbox 2988 5550 3223 5601; x_wconf 81' lang='lat' dir='ltr'>vanum,</span> <span class='ocrx_word' id='word_1_843' title='bbox 3254 5536 3353 5585; x_wconf 88' lang='lat' dir='ltr'>aut</span> <span class='ocrx_word' id='word_1_844' title='bbox 3379 5524 3683 5599; x_wconf 88' lang='lat' dir='ltr'>putridum</span> 
     </span>
    </p>
   </div>
   <div class='ocr_carea' id='block_1_116' title="bbox 2042 5616 3685 5694">
    <p class='ocr_par' dir='ltr' id='par_1_116' title="bbox 2042 5616 3685 5694">
     <span class='ocr_line' id='line_1_116' title="bbox 2042 5616 3685 5694; baseline -0.007 -18"><span class='ocrx_word' id='word_1_845' title='bbox 2042 5627 2100 5676; x_wconf 87' lang='lat' dir='ltr'>et</span> <span class='ocrx_word' id='word_1_846' title='bbox 2128 5617 2493 5693; x_wconf 78' lang='lat' dir='ltr'>graveolens.</span> <span class='ocrx_word' id='word_1_847' title='bbox 2527 5619 2674 5684; x_wconf 86' lang='lat' dir='ltr'>Quid</span> <span class='ocrx_word' id='word_1_848' title='bbox 2702 5621 2861 5675; x_wconf 82' lang='lat' dir='ltr'>enim</span> <span class='ocrx_word' id='word_1_849' title='bbox 2894 5622 3081 5694; x_wconf 88' lang='lat' dir='ltr'>magis</span> <span class='ocrx_word' id='word_1_850' title='bbox 3114 5620 3416 5692; x_wconf 89' lang='lat' dir='ltr'>putridum</span> <span class='ocrx_word' id='word_1_851' title='bbox 3448 5619 3536 5668; x_wconf 90' lang='lat' dir='ltr'>est</span> <span class='ocrx_word' id='word_1_852' title='bbox 3583 5616 3685 5667; x_wconf 89' lang='lat' dir='ltr'>aut</span> 
     </span>
    </p>
   </div>
   <div class='ocr_carea' id='block_1_117' title="bbox 2042 5705 3685 5784">
    <p class='ocr_par' dir='ltr' id='par_1_117' title="bbox 2042 5705 3685 5784">
     <span class='ocr_line' id='line_1_117' title="bbox 2042 5705 3685 5784; baseline -0.004 -18"><span class='ocrx_word' id='word_1_853' title='bbox 2042 5710 2274 5784; x_wconf 77' lang='lat' dir='ltr'>gravius</span> <span class='ocrx_word' id='word_1_854' title='bbox 2296 5708 2414 5764; x_wconf 89' lang='lat' dir='ltr'>olet</span> <span class='ocrx_word' id='word_1_855' title='bbox 2432 5724 2607 5780; x_wconf 89' lang='lat' dir='ltr'>quam</span> <span class='ocrx_word' id='word_1_856' title='bbox 2623 5710 2975 5782; x_wconf 86' lang='lat' dir='ltr'>convicium,</span> <span class='ocrx_word' id='word_1_857' title='bbox 2998 5708 3306 5774; x_wconf 86' lang='lat' dir='ltr'>detractio,</span> <span class='ocrx_word' id='word_1_858' title='bbox 3340 5705 3685 5761; x_wconf 58' lang='lat' dir='ltr'>obscaenum</span> 
     </span>
    </p>
   </div>
  </div>
