4096 6194
323 354 476 417 1233

1354 352 1760 415 COMMENT.
1808 350 1880 409 IN
1927 348 2175 410 EPIST.
2220 348 2278 408 II
2323 346 2434 408 AD
2481 346 2761 407 EPHES.

3570 347 3728 409 1234

318 486 645 566 ἀφεθήσεται
678 486 823 559 ὑμῖν.
870 509 898 537 ››
957 483 1117 541 Ἀλλ’
1174 482 1363 553 ἐπειδὴ
1417 481 1623 540 πολλοὶ
1656 481 1718 538 οὐ
1759 476 1955 558 σφόδρα

2080 478 2400 537 admodum
2440 483 2500 533 et
2556 479 2711 534 Deus
2767 494 2874 549 per
2917 477 3235 533 Christum.
3272 500 3300 527 »
3332 480 3579 535 Maxima
3600 482 3733 553 qui-

316 582 435 639 τοῖς
488 573 758 650 μέλλουσι
815 576 1183 646 πιστεύουσιν,
1244 576 1349 632 ἀπὸ
1406 581 1514 631 τῶν
1569 570 1973 650 προϋπηργμέ-

315 687 426 721 νων
483 671 706 734 ποιῆται
787 667 888 735 τὴν
967 664 1335 740 παράκλησιν.
1423 664 1785 740 Χαριζόμενοι
1843 662 1969 737 γὰρ,

317 756 506 829 φησὶν,
538 755 772 821 ἑαυτοῖς,
825 754 1005 818 καθὼς
1029 754 1119 808 καὶ
1175 755 1203 809 ὁ
1262 753 1392 815 Θεὸς
1442 752 1497 808 ἐν
1560 755 1781 826 Χριστῷ
1838 749 1969 824 ἐχα-

317 844 504 919 ρίσατο
538 844 687 918 ὑμῖν.
734 843 793 898 Τί
854 843 993 899 ἐστιν
1046 846 1138 900 Ἐν
1193 844 1456 918 Χριστῴ;
1517 844 1776 898 Τουτεστι
1839 839 1971 913 μετά

315 931 570 990 κινδύνου
598 937 697 988 τοῦ
722 933 852 988 Υίοῦ
881 932 1069 1003 αὐτοῦ,
1104 930 1193 987 διὰ
1228 939 1329 1001 τῆς
1390 938 1603 1011 σφαγῆς
1662 929 1826 984 αὐτοῦ
1879 927 1971 983 καὶ

311 1027 411 1080 τοῦ
443 1026 697 1097 σταυροῦ.
732 1020 832 1079 Καὶ
866 1021 929 1076 σὺ
970 1024 1086 1095 μὲν,
1142 1020 1327 1098 φησὶν,
1388 1016 1686 1081 ἀκινδύνως
1741 1018 1966 1095 χαρίζῃ,

316 1114 345 1168 ὁ
377 1109 435 1167 δὲ
465 1112 596 1174 Θεὸς
632 1110 768 1185 μετά
809 1113 905 1165 τοῦ
961 1107 1190 1175 θανᾶτου
1246 1130 1348 1165 του
1406 1110 1749 1183 Μονοτενοῦς
1795 1105 1967 1162 αὐτοῦ

314 1200 608 1277 ἐχαρίσατο
668 1200 819 1272 ὁμῖν.
881 1200 1039 1274 Ὀρᾷς
1100 1194 1459 1273 ὑπερϐολήν;
1515 1222 1543 1249 ι(
1602 1195 1817 1259 Γίνεσθε
1872 1193 1965 1250 οὖν

317 1290 557 1364 μιμηταὶ
585 1292 682 1345 τοῦ
722 1292 873 1345 Θεοῦ.
911 1312 940 1340 ››
972 1289 1158 1365 Ἀρκεῖ
1210 1292 1374 1343 τοῦτο
1428 1286 1565 1362 πρὸς
1629 1284 1819 1359 μισθὸν
1884 1288 1965 1357 τῷ

314 1378 689 1455 χαριζομένῳ,
741 1377 803 1432 τὸ
854 1375 1095 1452 γενέσθαι
1156 1379 1409 1449 μιμητὴν
1475 1378 1571 1431 τοῦ
1628 1378 1782 1431 Θεοῦ.
1820 1396 1847 1426 α
1877 1375 1967 1437 Ὡς

314 1473 475 1525 τέκνα
506 1466 780 1543 ἀγαπητά.
814 1490 843 1519 ››
869 1464 1008 1523 Ἰδοὺ
1038 1466 1128 1521 καὶ
1158 1464 1306 1537 ἄλλη
1355 1466 1494 1540 πρὸς
1521 1466 1584 1520 τὸ
1642 1466 1960 1541 χαρίζεσθαι

312 1558 624 1635 προτροπὴ,
665 1554 879 1630 μᾶλλον
913 1552 972 1610 8t
1010 1554 1240 1631 ἀνάγκη.
1299 1556 1563 1630 Ἀνάγκην
1622 1554 1724 1630 γὰρ
1783 1552 1959 1637 ἔχετε,

313 1646 469 1728 φησὶ,
515 1648 803 1720 μιμεῖσθαι
839 1644 932 1701 τὸν
992 1646 1202 1719 Πατέρα
1258 1644 1433 1717 ὑμῶν.
1467 1644 1597 1701 Εἶτα
1627 1642 1815 1713 ἐπειδή
1880 1644 1957 1717 μὴ

310 1735 482 1791 πάντα
509 1735 576 1789 τὰ
603 1732 761 1790 τέκνα
803 1737 1050 1806 μιμεῖται
1089 1734 1184 1788 τὸν
1239 1733 1462 1804 πατέρα,
1512 1733 1819 1806 προσέθηκε
1872 1734 1956 1803 τὸ,

312 1823 620 1900 Ἀγαπητοί.
649 1824 784 1883 Τοῖς
813 1822 920 1897 γὰρ
970 1820 1244 1882 τοιούτοις
1300 1819 1351 1896 ἒξ
1410 1822 1651 1897 ἀνάγκης
1717 1822 1867 1885 τινὸς
1920 1824 1956 1891 ἡ
1992 1848 2037 1912 Β

315 1914 575 1987 μίμησις.
618 1933 642 1962 ι
696 1911 801 1968 Καὶ
840 1915 1186 1986 περιπατεῖτε
1217 1910 1270 1965 ἐν
1322 1910 1531 1985 ἀγάπῃ.
1566 1935 1595 1962 ››
1656 1907 1796 1967 Ἰδοὺ
1826 1911 1962 1966 πάν-

306 2024 416 2059 των
442 2006 553 2057 τῶν
603 1997 788 2055 καλῶν
842 2001 877 2070 ἡ
938 1998 1081 2074 ῥίζα.
1115 1999 1331 2071 Ταύτης
1385 2000 1489 2076 γὰρ
1524 1996 1714 2071 οὔσης,
1772 2000 1863 2055 καὶ
1923 2002 1958 2068 ἡ

311 2092 457 2173 φυγὴ
489 2094 598 2146 τῶν
630 2094 837 2159 κακῶν,
871 2088 960 2144 καὶ
987 2090 1022 2158 ἡ
1062 2090 1286 2159 ποίησις
1332 2093 1441 2145 τῶν
1498 2089 1736 2164 ἀγαθῶν,
1796 2089 1960 2165 εὔχεο

311 2185 422 2253 ρῖυς
477 2181 863 2255 κατορθοῦται.
933 2178 1151 2247 Καθὼς,
1208 2178 1393 2257 φησὶν,
1457 2179 1485 2233 ὁ
1543 2178 1777 2253 Χριστὸς
1820 2179 1961 2252 ἠγά-

313 2291 484 2341 πησεν
515 2271 684 2343 ἡμᾶς.
718 2268 909 2325 Καίτοι
969 2267 1072 2323 οὐκ
1120 2262 1264 2323 ἔστιν
1294 2268 1486 2341 ὅμοιον
1525 2270 1624 2337 τῆς
1677 2272 1776 2323 τοῦ
1816 2269 1959 2342 Χρι-

311 2380 440 2417 στου
470 2359 690 2434 ἀγάπης
734 2359 797 2412 τὸ
844 2356 1135 2432 ἡμέτερον.
1195 2358 1257 2416 Ὁ
1290 2358 1385 2430 μὶν
1436 2358 1540 2435 γὰρ
1572 2357 1807 2436 ἐχθροὺς
1866 2354 1959 2413 ὅν.

308 2470 405 2511 τας
433 2450 584 2521 ἡμᾶς
614 2446 890 2521 ἠγάπησε,
923 2444 985 2500 σὺ
1040 2443 1119 2515 δὲ,
1150 2446 1309 2525 φησί,
1350 2449 1513 2501 τοῦτο
1570 2444 1665 2501 κᾶν
1698 2446 1774 2507 εἰς
1831 2445 1960 2509 τοὺς

308 2538 545 2609 πλησίον
579 2532 860 2606 ἐπίδειξον.
894 2536 958 2593 Ὀ
1016 2534 1112 2608 μὶν
1166 2535 1401 2611 Χριστὸς
1434 2535 1619 2591 ἑαυτὸν
1661 2536 1737 2597 εἷς
1795 2536 1957 2591 θάνα-

308 2647 400 2682 τον
430 2623 732 2701 παρέδωκε,
764 2624 851 2679 σοὶ
883 2621 939 2680 δὲ
970 2621 1254 2688 ἀκίνδυνος
1279 2624 1370 2680 καὶ
1418 2624 1655 2698 ἀζήμιος
1714 2622 1861 2681 ἔσται
1920 2628 1955 2695 ἡ

308 2717 447 2792 πρὸς
484 2715 580 2771 τὸν
611 2713 848 2786 πλησίον
883 2713 1088 2791 ἀγάπη.
1148 2713 1219 2771 Εἴ
1276 2711 1333 2769 δὲ
1396 2712 1626 2790 ἐχθροὺς
1659 2714 1957 2788 ἀγαπήσεις

310 2804 447 2861 κατά
479 2805 712 2878 μίμησιν
737 2808 836 2859 τοῦ
866 2807 1135 2878 Χριστου,
1165 2806 1370 2879 γενήσῃ
1425 2804 1514 2859 καὶ
1568 2805 1632 2858 σὺ
1664 2804 1822 2868 θυσία
1876 2807 1956 2874 τῷ

309 2897 426 2966 Θεῷ
451 2894 543 2949 καὶ
573 2896 882 2971 προσφορὰ,
933 2892 1009 2955 εἷς
1058 2894 1236 2965 ὀσμήν
1305 2892 1535 2956 εὐωδίας
1593 2890 1954 2967 λογιζομένη.

305 2982 493 3044 Οὒτως
524 2983 553 3037 ὁ
583 2984 816 3058 Χριστὸς
841 2981 1050 3058 γέγονε,
1086 2980 1231 3037 οὕτω
1258 2981 1348 3036 καὶ
1380 2983 1565 3053 ἡμεῖς,
1597 2979 1686 3034 ἐὰν
1716 2978 1959 3050 θελήσω-

309 3091 427 3145 μεν,
452 3070 541 3126 ἒσό
550 3081 704 3144 μεθα.

375 3314 606 3391 Πορνεία
664 3313 722 3371 δὲ
782 3316 873 3370 καὶ
952 3319 1098 3371 πᾶσα
1157 3316 1453 3393 ἀκαθαρσία
1529 3318 1563 3387 ἢ
1645 3317 1947 3391 πλεονεξία,

307 3403 452 3479 μηδέ
513 3403 866 3479 ὀνομαζέσθω
923 3404 978 3461 ἐν
1040 3405 1188 3479 ὑμῖν,
1245 3406 1427 3471 καθὼς
1497 3406 1689 3482 πρέπει
1747 3407 1947 3482 ἁγίοις,

308 3496 406 3551 Καὶ
464 3495 770 3571 αἰσχρότης
849 3493 941 3550 καὶ
1038 3494 1386 3571 μωρολογία,
1452 3497 1487 3566 ἢ
1574 3495 1949 3572 εὐτραπέλεια,

300 3587 369 3641 τὰ
443 3583 544 3640 οὐκ
633 3585 939 3655 ἀνήκοντα.
1024 3581 1201 3640 Ἀλλά
1286 3583 1501 3658 μᾶλλον
1606 3587 1944 3661 εὐχαριστία.

302 3678 481 3733 Τοῦτο
537 3674 642 3751 γὰρ
697 3674 816 3730 ’ἰστε
863 3673 1247 3750 γινώσκοντες,
1304 3674 1389 3731 ὅτι
1444 3681 1550 3738 πᾶς
1629 3678 1830 3752 πόρνος
1909 3674 1946 3746 ἤ

303 3764 626 3839 ἀκάθαρτος,
682 3764 717 3833 ἢ
774 3762 1135 3835 πλεονέκτης,
1198 3763 1259 3827 ὅς
1312 3762 1454 3820 ἔστιν
1512 3762 1948 3841 εἰδωλολάτρης,

306 3854 409 3908 οὐκ
466 3847 583 3928 ἔχει
639 3850 1013 3927 κληρονομίαν
1070 3852 1123 3908 ἐν
1199 3858 1267 3928 τῇ
1338 3851 1590 3928 βασιλείᾳ
1659 3859 1758 3910 τοῦ
1813 3856 1950 3930 Χρι-

302 3962 430 3997 στου
509 3943 600 3997 καὶ
688 3946 842 3999 Θεοῦ.
923 3938 1129 4011 Μηδεὶς
1233 3942 1374 4016 ὑμᾶς
1455 3943 1713 4000 ἀπατάτω
1772 3950 1949 4007 κενοῖς

302 4029 519 4106 λόγοις,
562 4032 660 4087 Διά
713 4036 886 4087 ταῦτα
939 4030 1044 4106 γάρ
1102 4025 1321 4106 ἔρχεται
1377 4034 1413 4102 ἡ
1473 4031 1608 4110 ὀργὴ
1666 4038 1763 4089 τοῦ
1816 4039 1950 4090 Θεοῦ

302 4119 390 4175 ἐπὶ
447 4122 579 4184 τοὺς
634 4120 784 4183 υἱοὺς
837 4127 941 4191 τῆς
1025 4120 1318 4185 ἀπειθείας.
1406 4122 1500 4192 Μὴ
1572 4124 1662 4177 οὖν
1739 4122 1952 4200 γίνεσθε

301 4210 648 4284 συμμέτοχοι
680 4209 884 4265 αὐτῶν.
912 4209 1045 4265 Ἤτε
1072 4209 1176 4285 γάρ
1206 4231 1339 4266 ποτε
1369 4211 1584 4279 σκότος,
1616 4217 1707 4268 νῦν
1740 4210 1798 4268 δὲ
1836 4217 1952 4290 φῶς

301 4294 352 4350 ἦν
388 4294 594 4369 Κυρίῳ.

374 4384 514 4441 Eius
543 4384 666 4457 περὶ
709 4403 807 4439 του
839 4394 1074 4455 θυμικου
1104 4384 1329 4454 πάθους,
1360 4391 1458 4441 τοῦ
1490 4390 1668 4461 θυμοῦ
1704 4390 1795 4443 καὶ
1850 4397 1953 4460 τῆς

303 4476 495 4550 ὀργῆς,
529 4474 621 4529 καὶ
650 4480 750 4543 τῆς
780 4471 1026 4549 πικρίας.
1085 4472 1259 4539 Ἦλθε
1318 4475 1513 4531 λοιπὸν
1546 4476 1622 4539 εἷς
1660 4478 1722 4533 τὸ
1766 4477 1950 4544 ἐπιθυ-

2086 569 2221 624 dem
2252 568 2586 624 exhortatio
2626 567 2699 622 ad
2730 565 3075 621 donandum
3109 566 3358 621 invicem
3392 574 3482 622 est
3513 570 3730 625 dixisse

2083 661 2383 716 Christum
2419 676 2433 714 :
2467 683 2494 705 ιο
2550 659 2849 715 Remittite
2909 665 2967 713 et
3023 658 3359 714 remittetur
3407 659 3572 715 vobis
3604 663 3667 715 ³⁷.
3706 685 3733 711 ιι

2083 749 2195 804 Sed
2225 749 2510 821 quoniam
2542 747 2846 803 multinon
2880 747 3200 803 admodum
3224 748 3731 822 creduntliisqum

2082 842 2281 896 futura
2307 847 2465 907 sunt,
2500 840 2573 896 ab
2604 840 2699 894 his
2729 857 2860 911 quas
2896 847 3330 911 prtecesserunt
3360 841 3501 896 facit
3532 843 3733 897 admo-

2082 930 2371 985 nitionem
2400 947 2413 984 :
2450 929 2991 998 Donantes,inqnit,
3015 928 3179 983 vobis
3205 929 3478 995 invicem,
3513 949 3730 1001 quem-

2080 1019 2398 1076 admodum
2432 1025 2492 1073 et
2539 1020 2691 1073 Deus
2744 1034 2850 1091 per
2904 1017 3194 1073 Christum
3248 1018 3486 1074 donavit
3542 1023 3724 1077 vobis.

2078 1108 2227 1175 Quid
2261 1114 2350 1163 est
2378 1108 2490 1163 Per
2512 1108 2812 1163 Christum
2834 1108 2861 1162 ?
2916 1107 3027 1162 hoc
3057 1112 3147 1163 est
3197 1124 3329 1163 cum
3379 1109 3645 1180 periculo
3677 1119 3734 1166 et

2077 1199 2296 1254 damno
2319 1198 2452 1253 Filii
2481 1198 2595 1260 sui,
2625 1214 2734 1269 per
2753 1197 2972 1253 caedem
3008 1203 3064 1253 et
3119 1200 3457 1270 passionem
3481 1202 3631 1271 ejus.
3662 1205 3732 1258 Et

2076 1292 2136 1343 tu
2150 1287 2391 1359 quidem
2415 1288 2543 1343 sine
2564 1286 3511 1358 periculo,inquit,donabis,Deus
3524 1297 3721 1347 autem

2073 1393 2205 1432 cum
2228 1382 2418 1431 morte
2437 1376 2732 1448 Unigeniti
2773 1376 2862 1430 sui
2885 1375 3127 1430 donavit
3145 1376 3328 1431 vobis.
3364 1378 3537 1434 Vides
3568 1397 3720 1450 pra:-

2072 1465 2458 1520 eminentiam
2477 1480 2545 1519 ac
2558 1463 3027 1519 excellentiam.«
3042 1466 3239 1521 Estote
3255 1466 3724 1538 igiturimitatio-

2071 1569 2165 1609 res
2192 1554 2294 1609 Dei
2353 1576 2383 1603 »
2414 1553 2568 1608 Satis
2600 1558 2689 1607 est
2719 1552 2793 1608 ad
2819 1552 3147 1610 mercedem
3181 1554 3233 1607 ei
3280 1554 3380 1625 qui
3430 1554 3610 1610 donat
3656 1562 3724 1611 ut

2070 1643 2148 1698 sit
2174 1643 2272 1697 Dei
2307 1643 2590 1698 imitator.
2624 1664 2652 1693 ι(
2681 1644 2979 1713 Tanquam
3022 1643 3128 1698 ﬁlii
3163 1642 3385 1699 dilecti.
3420 1666 3448 1693 »
3471 1646 3617 1700 Ecce
3667 1653 3723 1700 et

2068 1733 2185 1789 alia
2213 1732 2287 1788 ad
2346 1731 2804 1787 condonandum
2866 1732 3219 1797 exhortatio,
3278 1733 3466 1805 magis
3521 1740 3719 1789 autem

2068 1825 2414 1880 necessitas.
2439 1826 2688 1880 Necesse
2719 1830 2811 1879 est
2839 1824 3025 1894 vobis,
3049 1825 3263 1896 inquit,
3298 1832 3362 1880 ut
3392 1826 3713 1882 imitemini

2068 1914 2299 1970 Patrem
2331 1919 2610 1971 vestrum.
2645 1914 2867 1969 Deinde
2897 1915 3040 1985 quia
3069 1931 3187 1970 non
3215 1931 3423 1970 omnes
3472 1915 3577 1969 filii
3612 1933 3715 1987 pa-

2068 2008 2217 2058 trem
2251 2003 2580 2069 imitantur,
2610 2002 2840 2058 addidit
2866 2003 3075 2059 Dilecti
3109 2020 3122 2057 :
3157 2003 3372 2059 talibus
3430 2004 3589 2060 enim
3645 2022 3714 2061 ex

2065 2092 2421 2147 necessitate
2453 2091 2707 2164 quadam
2740 2091 3033 2147 incumbit
3059 2093 3332 2149 imitatio.
3356 2118 3382 2143 τι
3409 2095 3480 2148 Ει
3507 2094 3713 2149 ambu-

2064 2180 2183 2236 late
2215 2180 2275 2235 in
2307 2180 2686 2237 dilectione.»
2705 2183 2852 2236 Ecce
2883 2181 3155 2237 omnium
3188 2182 3478 2237 bonorum
3527 2182 3716 2238 radix.

2065 2272 2209 2327 Nam
2242 2271 2290 2325 si
2321 2271 2448 2326 haec
2478 2271 2654 2337 adsit,
2711 2276 2770 2326 et
2821 2271 2959 2343 fuga
3015 2271 3329 2340 malorum,
3362 2277 3421 2326 et
3451 2272 3717 2342 operatio

2062 2358 2356 2414 bonorum
2387 2359 2560 2414 facile
2585 2359 3037 2431 attingunturac
3060 2359 3717 2430 subsequuntur.Sicut,

2065 2448 2279 2519 inquit,
2312 2448 2580 2503 Christus
2612 2448 2821 2502 dilexit
2849 2464 2981 2503 nos.
3014 2449 3191 2518 Atqui
3224 2449 3393 2504 nulla
3418 2455 3508 2505 est
3546 2449 3712 2504 simi-

2065 2539 2253 2595 litudo
2285 2541 2442 2596 inter
2470 2540 2687 2595 Christi
2718 2540 3101 2596 dilectionem
3146 2548 3204 2597 et
3261 2548 3548 2597 nostram.
3611 2542 3716 2596 Ille

2064 2645 2487 2701 namque,cum
2524 2630 2752 2686 inimici
2784 2646 3072 2694 essemus,
3105 2630 3314 2684 dilexit
3345 2636 3552 2698 nos,tu
3584 2646 3717 2683 vero

2066 2719 2179 2774 hoc
2205 2720 2418 2775 saltem
2450 2734 2589 2789 erga
2633 2719 2973 2790 proximum
3030 2718 3258 2774 exhibe.
3290 2718 3555 2773 Christus
3586 2719 3723 2788 qui-

2065 2807 2202 2863 dem
2231 2808 2493 2878 seipsum
2526 2809 2589 2861 in
2621 2812 2872 2861 mortem
2906 2806 3169 2869 tradidit,
3202 2806 3307 2860 tibi
3337 2822 3472 2861 vero
3494 2807 3718 2878 absque

2063 2896 2329 2966 periculo
2361 2900 2419 2948 et
2442 2893 2661 2949 damno
2710 2894 2824 2949 erit
2876 2910 3013 2967 erga
3062 2895 3397 2967 proximum
3453 2895 3712 2951 dilectio.

2062 2983 2226 3048 Quod
2286 2983 2335 3037 si
2385 2982 2663 3037 inimicos
2694 2982 2769 3037 ad
2799 2983 3014 3037 Christi
3063 2982 3461 3039 imitationem
3487 2985 3713 3040 dilexe-

2060 3071 2165 3138 ris,
2193 3072 2311 3127 eris
2342 3077 2405 3126 tu
2437 3072 2553 3126 Deo
2584 3071 2821 3127 victima
2841 3078 2899 3127 et
2918 3071 3139 3128 oblatio
3169 3072 3233 3127 in
3260 3073 3505 3129 odorem
3535 3073 3707 3130 bonas

2060 3160 2396 3233 fragrantia:
2426 3165 2714 3232 reputate.
2751 3163 2839 3217 Ita
2867 3162 3134 3217 Christus
3164 3161 3353 3218 factus
3384 3169 3492 3233 est,
3544 3164 3627 3218 ita
3650 3170 3709 3219 et

1987 3216 2032 3284 δ
2060 3265 2171 3305 nos
2200 3249 2423 3305 erimus
2453 3249 2503 3305 si
2542 3249 2924 3305 voluerimus.

2125 3339 2191 3407 V,
2223 3338 2688 3393 3.8.«Caaterum
2715 3341 2994 3395 scortatio
3023 3345 3084 3394 et
3110 3340 3306 3396 omnis
3327 3341 3708 3398 immunditia

2056 3451 2085 3479 α
2108 3432 2211 3484 aut
2230 3428 2476 3484 avaritia
2496 3445 2570 3483 ne
2594 3428 2938 3484 nominetur
2958 3429 3198 3500 quidem
3230 3430 3386 3486 inter
3401 3448 3520 3496 vos,
3553 3432 3707 3487 sicut

2057 3537 2087 3567 ‹‹
2109 3515 2280 3572 decet
2301 3522 2559 3585 sanctos,
2592 3522 2695 3573 aut
2720 3516 3095 3585 obscaenitas,
3128 3525 3229 3574 aut
3243 3520 3703 3594 stultiloquium,

2057 3628 2086 3655 ‹‹
2118 3612 2219 3661 aut
2248 3606 2583 3662 urbanitas:
2609 3607 2711 3662 40
2731 3624 2864 3677 qua;
2876 3623 2996 3662 non
3018 3610 3506 3673 conveniunt,sed
3522 3613 3706 3685 magis

2055 3695 2427 3763 «gratiarum
2472 3695 2645 3751 actio.
2689 3698 2833 3751 Nam
2876 3697 2988 3753 hoc
3028 3698 3237 3753 scitote
3283 3711 3705 3770 cognoscentes

2055 3807 2085 3836 «
2113 3784 2272 3856 quod
2303 3786 2502 3841 omnis
2533 3791 2827 3842 scortator
2857 3793 2960 3841 aut
2989 3788 3332 3843 immundus
3365 3795 3466 3844 aut
3497 3807 3705 3846 avarus

2056 3896 2084 3924 ιι
2109 3874 2211 3945 qui
2233 3879 2323 3929 est
2361 3873 2659 3930 idolorum
2687 3876 2904 3939 cultor,
2936 3892 3055 3930 non
3087 3876 3266 3932 habet
3295 3877 3704 3934 hwreditatem

2058 3984 2086 4012 ‹‹
2119 3963 2182 4017 in
2213 3978 2392 4035 regno
2423 3961 2638 4017 Christi
2656 3963 2849 4018 etDei.
2879 3964 2958 4017 Ne
2981 3964 3297 4034 quisquam
3321 3981 3419 4020 vos
3449 3966 3707 4039 decipiat

2058 4074 2085 4102 σι
2119 4050 2398 4106 inanibus
2424 4052 2819 4108 sermonibus.
2844 4051 3090 4123 Propter
3114 4054 3239 4109 hanc
3268 4056 3428 4110 enim
3444 4057 3601 4112 venit
3620 4058 3707 4114 ira

2058 4163 2083 4189 ι(
2111 4140 2212 4194 Dei
2242 4139 2301 4193 in
2332 4139 2490 4195 filios
2520 4140 2961 4198 inobedientiaa.
2995 4144 3074 4197 Ne
3108 4143 3236 4197 sitis
3260 4144 3435 4216 igitur
3463 4163 3704 4202 consor-

2059 4233 2207 4282 «tes
2254 4227 2519 4284 illorum.
2574 4231 2765 4285 Eratis
2822 4231 2983 4286 enim
3048 4232 3346 4302 quondam
3405 4236 3701 4290 tenebras:

2058 4339 2086 4366 «ς
2121 4332 2282 4371 nunc
2311 4323 2507 4372 autem
2534 4318 2632 4374 lux
2663 4319 2726 4375 in
2758 4320 3065 4377 Domino.»

2131 4404 2211 4459 De
2242 4404 2566 4462 iracundias
2595 4407 2745 4462 dixit
2800 4410 3037 4475 affectu,
3099 4410 3592 4468 excandescentia
3649 4419 3707 4467 et

2060 4492 2149 4548 ira
2177 4510 2244 4549 ac
2269 4494 2664 4552 amarulentia
2698 4514 2711 4551 :
2745 4498 2904 4553 venit
2933 4498 3215 4571 deinceps
3270 4500 3343 4555 ad
3392 4503 3706 4573 concupis-

306 4566 563 4641 μητικὸν,
592 4564 655 4618 τὸ
684 4570 784 4634 τῆς
813 4562 1090 4640 πορνείας.
1127 4563 1226 4619 Καὶ
1254 4566 1357 4641 γὰρ
1388 4566 1478 4621 καὶ
1518 4567 1547 4622 ὁ
1598 4568 1769 4642 νόμος
1799 4574 1949 4643 πρῶ-

2067 4583 2271 4639 centiaa
2296 4585 2674 4640 aﬂ'ectionem
2704 4603 2837 4657 quas
2864 4593 2954 4643 est
3011 4588 3083 4643 ad
3141 4591 3583 4648 scortationem.
3619 4592 3706 4646 Si-

299 4675 390 4709 τον
431 4653 623 4721 εἰπὼν,
684 4676 711 4705 ‹‹
769 4652 849 4710 Οὐ
907 4651 1209 4732 φονεύσεις,
1267 4678 1298 4707 ››
1357 4654 1489 4725 ὅπερ
1547 4661 1645 4712 τοῦ
1711 4659 1945 4733 θυμικοῦ

300 4745 507 4806 πάθους
557 4742 816 4817 ὑπάρχει,
901 4742 1026 4798 τότε
1082 4742 1249 4813 εἶπεν,
1309 4767 1337 4796 ι(
1396 4746 1472 4800 Οὐ
1548 4746 1884 4823 μοιχεύσεις,
1922 4775 1942 4800 ι

302 4830 434 4900 ὅπερ
512 4834 611 4884 τοῦ
687 4828 1087 4903 ἐπιθυμητικοῦ
1165 4833 1481 4904 καθέστηκε.
1532 4838 1786 4911 Καθάπερ
1843 4841 1946 4915 γάρ

300 4917 550 5005 ἡπικρία
577 4918 667 4971 καὶ
698 4920 734 4985 ἠ
785 4919 992 4993 κραυγή
1050 4918 1139 4973 καὶ
1191 4922 1227 4989 ἡ
1292 4922 1453 4977 κακία
1481 4925 1630 4995 καὶὴ
1691 4925 1949 5005 βλασφη-

307 5004 403 5077 μία
432 5009 530 5060 τοῦ
562 5009 798 5078 θυμικοῦ
853 5005 1058 5069 πάθους
1116 5004 1281 5074 ἰστίν,
1336 5010 1480 5066 οὕτω
1529 5017 1628 5067 τοῦ
1675 5013 1949 5090 ἐπιθυμη-

297 5098 478 5164 τικοῦ,
527 5092 772 5168 πορνεία,
840 5095 1087 5170 μοιχεία,
1147 5095 1462 5171 ἀκαθαρσία,
1520 5101 1826 5174 πλεονεξία.
1886 5106 1946 5163 Εἰ

301 5182 407 5257 γὰρ
437 5182 527 5237 καὶ
582 5193 658 5256 μη
720 5184 1011 5256 σωμάτων,
1071 5186 1378 5259 χρημάτων
1432 5190 1612 5261 μέντοι
1670 5191 1944 5268 ἐπιθυμεῖ.

304 5294 332 5323 u
367 5268 526 5342 Μηδὲ
556 5271 925 5344 ἐνομαζέσθω.
961 5296 991 5326 ››
1024 5271 1158 5330 Οἵδε
1214 5276 1317 5353 γὰρ
1374 5277 1501 5341 τοὺς
1558 5281 1682 5354 περὶ
1740 5284 1948 5341 τούτων

303 5358 527 5434 λόγους,
590 5359 908 5434 ὑπέκκαυμα
964 5362 1053 5417 καὶ
1112 5366 1426 5439 προτροπὰς
1480 5373 1591 5423 τῶν
1636 5367 1805 5446 ἔργων
1860 5396 1947 5451 γι-

299 5446 573 5522 νομένους.
644 5475 672 5502 ‹‹
733 5452 929 5514 Καθὼς
996 5449 1187 5529 πρέπει
1261 5455 1456 5529 ἁγίοις.
1519 5480 1549 5510 n
1633 5461 1793 5517 Οὕτω
1842 5446 1944 5540 γάρ

373 5605 418 5640 ³⁷
453 5604 585 5660 Luc.
621 5621 694 5659 νι.
728 5607 815 5659 37.
848 5604 897 5639 ³⁸
925 5604 1106 5659 Exod.
1131 5621 1225 5673 xx,
1265 5610 1344 5661 l3.
1380 5607 1427 5643 ³⁸
1456 5610 1600 5679 ibid,
1640 5618 1722 5670 ti.

2060 4672 2302 4744 quidem
2361 4674 2456 4730 lex
2515 4693 2752 4748 quoque
2808 4679 3066 4749 primum
3113 4680 3280 4747 dixit,
3315 4704 3343 4730 α
3373 4682 3501 4737 Non
3549 4684 3705 4738 occi-

2060 4761 2488 4835 (1808⁸⁸,ιιιιιοι1
2502 4766 2578 4821 ad
2590 4768 2870 4821 affectum
2893 4769 3705 4839 spectatiracundiae,deinde

2060 4850 2406 4923 subjunxit:
2435 4875 2463 4903 ‹‹
2497 4855 2622 4909 Non
2645 4856 2981 4912 committes
3011 4857 3369 4915 adulterium
3386 4859 3452 4929 3",
3488 4885 3515 4910 ››
3547 4863 3704 4932 quod

2058 4955 2093 4993 a
2122 4941 2624 5012 concupiscentim
2651 4945 2867 4999 atTectu
2898 4946 3168 5016 procedit
3193 4949 3702 5013 Quemadmodum

2059 5027 2219 5082 enim
2251 5030 2651 5087 amarulentia
2677 5038 2736 5088 et
2782 5033 3122 5091 vociferatio
3171 5052 3239 5092 ac
3287 5038 3703 5096 maledicentia

2059 5123 2289 5173 suntex
2322 5120 2638 5176 affectione
2671 5122 3034 5179 iracundiae:
3084 5126 3164 5180 ita
3203 5129 3700 5200 concupiscentiae

2058 5212 2201 5261 sunt
2229 5209 2530 5276 scortatio,
2590 5210 2971 5277 adulterium,
3008 5213 3408 5279 immunditia,
3459 5219 3702 5273 avaritia

2058 5312 2190 5366 quas
2222 5313 2564 5370 quanquam
2596 5316 2716 5356 non
2742 5318 3009 5374 corpora,
3043 5303 3274 5360 divitias
3316 5313 3513 5361 tamen
3567 5320 3701 5358 con-

2058 5385 2372 5456 cupiscit.«
2401 5390 2481 5443 Ne
2512 5391 2854 5446 nominetur
2872 5391 3131 5463 quidem.
3170 5417 3191 5442 ι
3218 5394 3383 5449 Novit
3406 5391 3561 5446 enim
3597 5408 3696 5447 eos

2057 5474 2157 5542 qui
2189 5474 2263 5530 de
2296 5475 2387 5532 his
2418 5476 2593 5532 rebus
2617 5478 2767 5533 fiunt
2797 5482 3392 5549 sermones,fomitem
3418 5485 3474 5533 et
3494 5480 3697 5534 exhor-
