4108 6192
267 332 289 392 1
307 333 420 392 237

1323 326 1733 391 ΟΟΜΜΕΝΤ.
1781 328 1861 389 ΙΝ
1909 326 2148 390 EPIST.
2198 326 2250 389 11
2298 328 2403 388 AD
2446 318 2719 388 EPHES.

3533 331 3690 396 1238

263 465 436 522 Τοῦτο
476 462 552 525 ὡς
610 461 747 539 πρὸς
812 459 941 522 τοὺς
994 458 1412 536 ὀργιζομένους,
1468 458 1606 535 πρὸς
1637 457 1830 520 τοὺςπ
1880 480 1895 513 ι

2015 520 2018 527 ,
2046 460 2449 518 amarulentos
2478 464 2752 522 refertur.
2785 463 2951 530 Quod
2982 470 3180 521 autem
3197 463 3395 522 addit:
3426 469 3685 532 Justitia,

262 554 451 629 κρούς.
505 551 582 610 Τὸ
639 549 717 621 δὲ,
780 548 1128 629 Δικαιοσύνῃ,
1187 550 1262 613 ὡς
1316 549 1452 620 πρὸς
1503 549 1632 612 τοὺς
1688 548 1919 605 πλεονέ-

264 662 413 707 κτας.
446 642 524 699 Τὸ
555 638 634 709 Si,
659 637 948 711 ’Δλῃθείιμ
993 638 1068 703 ὡς
1114 638 1251 713 πρὸς
1281 637 1409 700 τοὺς
1465 637 1565 707 τὴν
1597 635 1771 712 ψεῦδῆ
1819 642 1923 707 τῆς

266 729 561 793 ἀκολασίας
611 729 701 784 καὶ
751 726 1019 805 ἁμαρτίας
1079 723 1378 790 διώκοντας
1420 723 1645 797 ἡδονήν.
1679 751 1706 778 (ι
1762 735 1919 782 Δοκι-

269 819 531 893 μάζοντες
559 818 613 874 τί
643 817 785 875 ἐστιν
814 817 1097 893 εὐάρεστον
1124 821 1204 891 τῷ
1253 813 1460 891 Κυρίῳ.
1511 839 1540 867 ››
1599 817 1740 890 Ἀρα
1797 811 1925 869 ἀδο-

261 907 431 984 κίμου
489 907 583 964 καὶ
648 904 910 976 παιδικῆς
972 903 1210 971 διανοίας
1262 906 1329 962 τὰ
1381 901 1608 961 ἄλλα.‹‹
1669 903 1772 961 Καὶ
1841 900 1919 976 μή

263 1002 680 1072 συγκοινωνεῖτε
708 1000 825 1053 τοῖς
858 992 1063 1071 ἔργοις.
1096 1018 1125 1045 ››
1148 1026 1216 1038 -
1247 993 1455 1068 [ΦΩΤ.]
1487 994 1660 1069 Ἔργα
1690 990 1920 1052 σκότους

267 1087 387 1143 εἶπε
414 1090 643 1162 γενικῶς
699 1084 974 1159 ὀνομάσας
1032 1088 1203 1141 πᾶσαν
1254 1081 1539 1157 ἁμαρτίαν.
1599 1083 1697 1137 Διὰ
1726 1077 1781 1136 τί
1839 1078 1917 1149 δὶ,

266 1175 459 1254 φησὶν,
492 1174 592 1232 οὐκ
621 1171 917 1248 ἰπεξῆλθον
977 1173 1204 1243 ἑκάστην
1262 1170 1437 1229 αὐτῶν
1471 1171 1731 1246 ὀνομαστὶ
1778 1177 1919 1247 πρᾶ-

263 1266 342 1337 ξιν
372 1283 387 1335 ;
421 1265 506 1321 ὅτι
554 1264 645 1321 καὶ
702 1263 756 1322 ἑν
811 1264 959 1337 αὐτῷ
1003 1268 1085 1336 τῷ
1124 1261 1306 1340 λέγειν
1360 1260 1552 1331 αὐτας,
1610 1261 1919 1337 αἰσχρότη-

262 1376 361 1417 τος
392 1353 699 1429 πληροῦται
747 1354 836 1410 καὶ
893 1354 921 1408 ὁ
980 1351 1202 1423 ἐπεξιὼν
1258 1351 1445 1414 αὐτάς.
1496 1353 1664 1409 -Ἣ
1721 1350 1917 1414 οὕτως.

262 1438 578 1519 Ἐλέγχετε,
604 1442 757 1521 φησί,
789 1445 859 1518 τῇ
890 1441 1177 1518 παραθέσει
1206 1444 1304 1496 τοῦ
1362 1440 1564 1496 οἰκείου
1614 1440 1759 1516 βίου·
1793 1436 1921 1495 οὐδὲ

260 1535 365 1611 γαρ
399 1531 541 1611 λέγω
575 1532 828 1614 ἐλέγχειν
878 1532 1096 1601 αὐτοὺς,
1152 1534 1247 1594 τὰς
1300 1533 1517 1607 πράξεις
1554 1531 1734 1589 αὐτῶν
1767 1530 1917 1605 ἐπεξ-

261 1623 437 1686 ιόντας
468 1622 664 1687 αὐτοὺς
694 1623 784 1678 καὶ
809 1617 1334 1693 ὀνειδίζοντας.οἶδα
1358 1622 1463 1698 γαρ
1492 1620 1577 1677 ὅτι
1605 1626 1723 1684 τοῖς
1748 1641 1916 1678 σπου-

260 1711 433 1776 δαίοις
462 1713 551 1768 καὶ
586 1712 649 1771 τὸ
674 1709 824 1774 ὅλως
846 1711 1207 1787 μνημονεύειν
1236 1710 1917 1791 αὖτῶν,αἰσχρότηςνομί-

259 1810 430 1875 ζεται.
464 1801 630 1859 Ούδὶν
648 1802 750 1880 γὰρ
780 1798 1028 1872 ἔλαττον,
1085 1803 1242 1882 φησὶ,
1270 1806 1379 1857 τῶν
1437 1802 1709 1879 ὑμετέρων
1737 1798 1911 1878 ἔργων

258 1897 379 1954 ταῖς
464 1889 680 1965 ἀρεταῖς
759 1890 1175 1968 ἀστραπτόντων
1261 1889 1710 1967 ἐλεγχθήσονται,
1769 1889 1806 1961 ἢ
1865 1889 1911 1946 εἶ

258 1982 348 2040 διὰ
377 1983 559 2063 λόγων
584 2005 668 2049 τις
699 1983 896 2047 αὐτοὺς
925 1981 1312 2041 ἀνεκάλυπτεν·
1371 1981 1517 2039 ἀλλὰ
1546 1983 1637 2040 καὶ
1698 1981 1912 2057 μᾶλλον

258 2076 465 2131 ἅπαντα
484 2075 554 2131 τὰ
585 2072 717 2152 ἔργα
769 2073 945 2130 αὐτῶν
1007 2070 1097 2129 δια
1149 2078 1247 2131 τοῦ
1289 2075 1471 2153 φωτὸς
1499 2078 1596 2131 τοῦ
1648 2073 1910 2150 ὑμετέρου

260 2162 384 2241 βίου
416 2161 707 2240 ἐλέγχεται
765 2163 858 2218 καὶ
921 2161 1362 2219 ἀποκαλύπτεται
1417 2164 1509 2219 καὶ
1567 2166 1909 2239 φανεροῦται.

258 2251 642 2329 Φονερούμενα
672 2248 729 2310 δὶ
758 2250 1050 2331 φωτίζεται
1089 2251 1181 2309 καὶ
1238 2253 1314 2314 εἷς
1369 2252 1432 2308 τὸ
1492 2249 1714 2327 ἄμεινον
1772 2274 1910 2328 μετ-

253 2343 440 2421 άγεται
492 2346 584 2403 καὶ
620 2349 1022 2419 μεταποιεῖται.
1082 2345 1144 2401 Ἠ
1202 2344 1307 2420 γὰρ
1362 2348 1471 2400 τῶν
1520 2342 1763 2425 κρυφίων
1822 2340 1909 2399 διὰ

250 2440 351 2504 τῆς
409 2432 664 2509 ἰναρὲτου
723 2431 1012 2495 πολιτείας
1072 2434 1375 2512 φανέρωσις
1433 2431 1509 2497 εἷς
1566 2434 1905 2509 κατάγνωσιν

249 2521 639 2600 προτρέπεται.
691 2529 753 2582 Ἠ
808 2521 867 2578 δὶ
920 2522 1069 2598 ἀρχὴ
1101 2523 1311 2599 γίνεται
1361 2522 1714 2604 ἐπιστροφῆς.
1755 2522 1919 2595 Αὕτη

256 2609 314 2667 δὲ
346 2611 421 2675 εἷς
449 2610 707 2689 ἐργασίαν
761 2614 959 2689 ἀρετῆς
1017 2610 1349 2691 καταλήγει,
1407 2611 1538 2687 ὅπερ
1596 2611 1707 2671 ὶστὶ
1766 2617 1902 2689 φῶς,

254 2701 331 2762 ὡς
364 2701 617 2775 πρόξενον
644 2705 743 2759 τοῦ
782 2700 984 2759 ἐκεῖθεν
1039 2700 1241 2779 φωτός.
1296 2702 1399 2761 Καὶ
1453 2706 1567 2779 φῶς
1594 2700 1785 2769 πάλιν,
1819 2701 1902 2756 ὅτι

251 2789 575 2870 τυφλῶττον
604 2790 657 2845 ἐν
716 2793 853 2864 ἡμῖν
910 2790 1176 2868 πρότερον
1234 2790 1358 2868 περὶ
1413 2789 1480 2847 τὰ
1536 2792 1702 2862 παθη,
1763 2791 1900 2862 αὕτη

247 2877 656 2953 καταλάμψασα
711 2881 777 2936 τὸ
832 2880 1185 2955 ἡγεμονικὸν,
1253 2886 1405 2935 ποιεῖ
1459 2880 1592 2935 αὐτὸ
1665 2884 1901 2952 καθορᾷς)

245 2968 346 3037 τὴν
376 2967 428 3022 ἐν
461 2972 529 3042 τῇ
571 2969 813 3044 ἁμαρτίᾳ
841 2968 1239 3043 ἀσχημοσύνην
1292 2969 1384 3024 καὶ
1415 2968 1756 3046 αἰσχρότητα
1810 2969 1899 3022 καὶ

245 3056 544 3134 ἀμορφίαν.
603 3060 674 3113 Τὸ
731 3055 809 3128 δὲ,
871 3064 980 3114 Πᾶν
1034 3058 1135 3133 γὰρ
1184 3058 1248 3115 τὸ
1307 3057 1723 3137 φανερούμενον,
1786 3061 1902 3134 φῶς

244 3143 411 3215 ἔστιν,
441 3142 501 3215 ἤ.
533 3146 611 3209 ὡς
670 3145 885 3222 εἴρηται
967 3144 1230 3217 ληπτέον,
1296 3145 1333 3216 ἢ
1387 3144 1893 3214 κατασκευαστικὸν,

242 3238 341 3291 τοῦ
363 3232 619 3290 δύνασθαι
651 3234 899 3311 ἐλέγχειν
924 3235 1054 3298 τοὺς
1115 3231 1466 3305 σπουδαίους,
1525 3231 1612 3290 διὰ
1658 3237 1753 3289 τοῦ
1810 3234 1894 3289 οἱ-

238 3322 389 3381 κείου
424 3324 569 3399 βίου,
602 3325 703 3395 τὴν
766 3328 874 3381 τῶν
935 3322 1161 3402 φαύλων
1221 3324 1525 3380 πολιτείαν.
1560 3327 1896 3397 Φανεροῦται

241 3413 649 3487 μὶνγᾶρὸτοῦ
709 3410 1008 3471 σπουδαίου
1065 3413 1209 3489 βίος,
1268 3414 1424 3493 φησί.
1487 3412 1894 3486 Φανερούμενος

239 3499 317 3571 δὲ,
352 3506 468 3580 φῶς
495 3501 626 3558 ἆστι.
672 3503 864 3565 Φωτὸς
914 3500 971 3559 δὲ
1029 3500 1371 3575 λάμποντος,
1429 3502 1491 3557 τὸ
1520 3502 1712 3567 σκότος
1741 3500 1899 3577 ἐλέγ-

237 3610 421 3665 χεται,
451 3591 585 3667 ὅπερ
617 3591 756 3648 ἰστίν
790 3593 818 3648 ὃ
849 3596 955 3647 τῶν
1004 3591 1231 3669 φαύλων
1293 3591 1433 3667 βίος.
1469 3614 1498 3645 ‹‹
1552 3595 1677 3653 Τοῖς
1727 3589 1896 3666 ἀκάρ-

241 3700 393 3743 ποις.
428 3703 456 3732 ››
509 3686 678 3744 Ποῖος
734 3680 835 3756 γὰρ
888 3680 1118 3755 καρπὸς,
1177 3685 1336 3736 ποῖον
1393 3676 1590 3759 ὄφελος
1646 3679 1698 3751 ἐξ
1757 3678 1897 3736 ἐκεί-

242 3791 399 3839 vom;
459 3769 686 3833 θάνατος
745 3770 839 3844 μὶν
900 3768 1015 3826 οὖν.
1074 3768 1317 3832 Σκότους
1374 3766 1431 3825 δὲ
1475 3768 1619 3844 λέγει
1679 3773 1786 3825 τῶν
1841 3767 1892 3823 ἐν

244 3857 425 3934 πλάνῃ
455 3859 546 3914 καὶ
580 3858 870 3934 ἁμαρτίαις
919 3858 1245 3933 ἀνθρώπων.
1307 3859 1410 3916 Καὶ
1466 3858 1520 3915 τί
1577 3856 1745 3936 λέγω,
1805 3858 1892 3927 Μὴ

246 3954 705 4025 συγκοινωνεῖτε;
756 3947 1008 4021 Μᾶλλον,
1056 3950 1212 4027 φησὶ,
1269 3948 1359 4005 καὶ
1429 3946 1708 4025 ἐλέγχετε,
1766 3969 1894 4005 παι-

243 4034 490 4100 δεύοντες
540 4038 739 4101 αύτοὺς
803 4035 895 4093 διὰ
952 4042 1059 4093 τῶν
1116 4035 1391 4117 ἐλέγχων.
1445 4040 1622 4095 Τοῦτο
1682 4035 1738 4093 δὲ
1796 4036 1897 4093 ούκ

239 4122 384 4181 ἔστιν
437 4124 677 4182 ἐναντίον
733 4131 835 4198 τῷ,
895 4149 923 4179 κ
978 4129 1072 4198 Μὴ
1129 4129 1359 4203 κρίνετε.
1394 4151 1422 4180 ››
1475 4126 1602 4182 Ὧδε
1657 4128 1760 4205 γαρ
1809 4128 1892 4196 τὸ,

238 4213 523 4288 ἱλέγχετε,
553 4213 670 4268 ἀντὶ
717 4217 837 4282 τοῦ,
890 4210 1191 4283 παιδεύετε,
1239 4221 1433 4273 κεῖται.
1483 4216 1630 4274 Ἐκεῖ
1688 4212 1744 4271 δὲ
1808 4214 1892 4280 τὸ,

238 4301 497 4375 κατακρίν
506 4320 608 4357 ste.

310 4557 383 4612 "H
444 4554 641 4615 οὓτως.
701 4548 920 4628 [ΦΩΤ.”Ι
1025 4550 1315 4634 Ἐλέγκετε

242 4644 509 4718 ὑμετὶρου
539 4647 801 4717 Λαμπροῦ
856 4641 946 4699 καὶ
1007 4640 1304 4699 σπουδαίου
1366 4644 1513 4720 βίου,
1541 4645 1627 4702 καὶ
1661 4647 1739 4722 μή
1770 4647 1895 4702 ἀνα-

245 4733 429 4805 μένετε
457 4730 717 4801 ἐκείνους,
749 4731 972 4795 ἑαυτοὺς
1029 4731 1491 4811 προσαγγέλλειν,
1553 4737 1642 4791 καὶ
1684 4759 1895 4812 κωμῳ-

244 4819 354 4879 δεῖν
386 4823 453 4879 τᾶι
484 4821 679 4891 οἶκεῖα,
710 4821 799 4876 καὶ
832 4821 908 4884 εἷς
946 4820 1107 4893 μέσον
1150 4824 1328 4900 ἄγειν,
1386 4824 1476 4881 καὶ
1532 4824 1705 4889 οὕτως
1767 4826 1895 4903 βελ-

244 4914 512 4975 τιοῢσοαι.
546 4909 744 4988 Εἱγὰρ
798 4909 889 4962 καὶ
919 4909 1248 4983 πράττουσιν
1308 4908 1340 4965 ἄ
1399 4913 1476 4984 μή
1534 4912 1709 4985 θέμις,
1766 4914 1895 4970 ἀλλ’

248 5000 339 5055 οὖν
396 4999 499 5059 ὑπὸ
552 5006 652 5068 τῆς
709 4996 951 5078 ἐμφύτου
1007 4997 1259 5073 γνώσεως
1317 4996 1519 5062 εἰδότες
1567 4998 1739 5055 αὐτῶν
1792 5004 1892 5073 τήν

244 5088 611 5166 αἰσχρότητα,
696 5087 1084 5165 αἰσχύνονται,
1180 5087 1357 5141 καίτοι
1435 5086 1551 5143 δέον
1629 5089 1893 5145 ἀνακαλύ-

241 5200 396 5236 πτειν
453 5181 554 5248 τὴν
622 5175 1019 5251 ἀσχημοσύνην
1073 5176 1298 5231 ἑαυτῶν.
1358 5199 1386 5228 «ι
1449 5176 1529 5234 Τὰ
1610 5174 1667 5234 δὲ
1722 5180 1895 5235 πάντα

239 5268 608 5346 ἐλεγχόμενα,
641 5288 666 5318 I
706 5264 1020 5336 Τουτέστιν,
1081 5263 1141 5320 ἄν
1178 5265 1278 5336 ἦτε
1327 5265 1481 5340 ὑμεῖς
1514 5264 1772 5344 ἐνάρετοι,
1830 5269 1891 5324 ού

239 5354 494 5413 δύνανται
525 5356 802 5413 λανθάνειν
838 5355 890 5411 οἱ
924 5355 1179 5430 πονηροὶ,
1238 5353 1366 5411 ἀλλ’
1429 5355 1593 5419 αὐτὸς
1653 5356 1804 5431 ὑμῶν
1864 5358 1892 5412 ὁ

239 5444 361 5521 βίος
385 5446 643 5520 καὶπρὸς
670 5449 778 5501 τῶν
832 5442 1104 5520 ὑμετέρων
1155 5441 1338 5521 λόγων
1393 5445 1705 5522 κατήγορός
1758 5446 1890 5516 ἐστι,

309 5639 355 5681 ³³
387 5645 586 5706 Matth.
619 5662 715 5711 νη.
750 5649 802 5701 1.

2035 550 2109 605 ad
2139 566 2382 607 avaros:
2421 552 2678 608 Veritate
2698 570 2858 621 vero,
2892 559 3176 626 tanquam
3207 552 3283 609 ad
3313 569 3413 611 eos
3437 557 3539 627 qui
3571 557 3686 614 fal-

2036 655 2163 696 sam
2212 640 2519 696 veritatem
2567 647 3013 714 prosequuntur
3036 660 3166 715 quae
3217 648 3307 699 est
3342 644 3401 701 in
3446 644 3687 703 lascivia

2036 733 2094 784 et
2114 734 2376 801 peccato.
2411 752 2438 779 ‹‹
2462 730 2789 787 Probantes
2818 732 2919 803 qui
2952 733 3026 787 sit
3044 738 3350 805 acceptum
3377 734 3685 792 Domino.»

2034 818 2259 874 Caetera
2278 818 2479 891 itaque
2509 820 2764 892 reproba
2781 826 2923 876 sunt
2947 822 3283 894 mentisque
3305 823 3686 896 puerilis.«Et

2035 923 2110 964 ne
2140 908 2567 965 commercium
2585 909 2912 966 habueritis
2943 927 3077 966 cum
3096 910 3395 982 operibus.
3430 935 3458 963 »
3492 914 3683 984 Opera

2034 996 2477 1054 dixittenebras
2506 998 2770 1070 generali
2810 998 3093 1055 vocabulo
3142 1001 3456 1057 nominans
3505 1018 3679 1059 omne

2032 1093 2365 1160 peccatum.
2393 1090 2584 1154 Quare
2613 1094 2814 1145 autem
2844 1106 2966 1147 non
3013 1090 3305 1155 recensui,
3332 1091 3545 1164 inquit,
3578 1108 3678 1147 no-

2030 1177 2305 1233 minatim
2335 1177 2602 1250 singulas
2630 1179 2896 1252 ipsorum
2918 1179 3183 1235 actiones
3200 1180 3227 1235 ῗ
3248 1180 3387 1251 quia
3416 1181 3593 1236 etiam
3615 1182 3677 1237 in

2031 1267 2160 1339 ipso
2208 1273 2341 1324 actu
2390 1266 2742 1324 recensendi
2782 1268 2918 1324 illas
2971 1268 3338 1341 turpitudine
3369 1270 3673 1349 .oppletur,

2031 1356 2210 1412 etiam
2228 1356 2278 1412 is
2305 1355 2404 1427 qui
2426 1361 2700 1413 recenset
2719 1359 3041 1414 eas—Aut
3074 1358 3171 1415 hoc
3200 1359 3377 1415 modo.
3410 1360 3672 1432 Arguite,

2030 1443 2245 1516 inquit,
2290 1446 2732 1518 comparatione
2784 1447 3037 1519 propria:
3085 1447 3464 1519 vitenneque
3513 1449 3672 1506 enim

2029 1533 2161 1590 dico
2186 1538 2253 1589 ut
2272 1534 2529 1606 arguatis
2547 1550 2647 1590 eos
2692 1534 3060 1591 recensendo
3092 1535 3239 1607 ipsis
3275 1552 3343 1592 ac
3372 1536 3673 1609 imprOpe-

2026 1623 2213 1679 rando
2237 1639 2375 1680 suas
2420 1624 2704 1682 actiones.
2740 1625 2870 1681 Scio
2892 1640 3153 1696 namque
3171 1625 3330 1699 quod
3347 1626 3549 1699 probis
3579 1627 3673 1684 vel

2027 1712 2207 1769 etiam
2229 1712 2539 1770 minimam
2554 1711 2751 1769 facere
2764 1713 3003 1770 illarum
3018 1714 3668 1787 mentionem,turpitu-

1943 1832 1991 1899 Β
2021 1802 2093 1858 do
2121 1801 2371 1858 dicatur.
2404 1801 2710 1874 Siquidem
2730 1818 2851 1899 non
2875 1803 3324 1899 minus,inquit,
3350 1803 3666 1861 virtutibus

2024 1896 2351 1949 vestrorum
2393 1908 2636 1966 operum
2668 1892 3096 1966 refulgentibus
3125 1900 3466 1968 urguentur,
3491 1912 3670 1967 quam

2025 1982 2073 2037 si
2122 1981 2418 2055 quispiam
2474 1982 2636 2054 ipsos
2690 1982 3067 2039 sermonibus
3130 1983 3466 2057 detegeret:
3525 1985 3669 2055 quin

2023 2071 2210 2144 magis
2230 2072 2428 2143 potius
2449 2076 2664 2128 cuncta
2684 2071 2926 2128 illorum
2950 2088 3132 2146 opera
3153 2070 3285 2128 luce
3307 2073 3440 2129 vitae
3462 2080 3668 2130 vestrae

2022 2166 2352 2233 arguuntur
2367 2177 2433 2218 ac
2463 2160 2820 2235 detegantur
2845 2166 2906 2217 et
2962 2162 3456 2229 manifestantur;
3484 2164 3669 2218 mani-

2021 2250 2234 2306 festata
2251 2265 2385 2304 vero
2410 2249 2912 2319 illuminantur,et
2934 2251 3008 2306 ad
3040 2250 3254 2306 melius
3276 2250 3669 2307 traducuntur

2019 2354 2088 2393 ac
2108 2342 2572 2395 commutantur.
2600 2337 2979 2394 Occultorum
3005 2342 3167 2395 enim
3189 2354 3298 2410 per
3316 2339 3496 2394 vitam
3526 2355 3667 2411 pro-

2016 2426 2154 2483 bam
2172 2427 2572 2483 manifestatio
2595 2427 2668 2483 ad
2688 2424 2927 2484 illarum
2955 2426 3517 2484 condemnationem
3540 2444 3670 2500 pro-

2016 2520 2202 2584 vocat,
2231 2516 2414 2587 ﬁtque
2432 2515 2795 2588 principium
2839 2516 3282 2573 conversionis:
3308 2517 3435 2572 haec
3468 2523 3667 2573 autem

2016 2607 2077 2663 in
2111 2605 2347 2661 virtutia
2376 2605 2782 2678 operationem
2806 2605 3042 2670 desinit,
3078 2621 3209 2675 qua)
3233 2610 3322 2659 est
3350 2603 3472 2672 lux,
3535 2610 3675 2659 tan-—

2015 2711 2193 2767 quam
2216 2693 2756 2751 conciliativalucis
2780 2694 2917 2749 inde
2949 2692 3334 2749 suborientis.
3376 2694 3664 2748 Rursum—

2014 2800 2129 2857 que
2151 2784 2251 2840 lux
2282 2783 2498 2839 dicitur
2539 2782 2680 2854 quia
2713 2781 2856 2836 dum
2900 2780 3065 2853 prius
3115 2780 3274 2836 circa
3320 2781 3665 2837 atTectiones

2013 2873 2388 2937 caicutiretis,
2449 2869 2549 2926 ubi
2593 2870 2720 2925 hinc
2778 2875 3041 2924 mentem
3082 2868 3419 2936 illustravit,
3474 2870 3664 2942 ipsam

2014 2960 2355 3031 conspicere
2375 2960 2518 3014 facit
2539 2974 2833 3029 eam,quaa
2856 2959 2918 3014 in
2945 2964 3186 3029 peccato
3218 2960 3659 3032 est,turpitudi-

2012 3066 2148 3105 nem
2168 3054 2226 3105 et
2253 3049 2698 3105 obsccenitatem
2722 3064 2790 3104 ac
2831 3046 3294 3104 deformitatem.
3325 3048 3390 3103 Id
3414 3055 3612 3104 autem
3647 3066 3661 3115 ;

2011 3136 2311 3209 Quidquid
2341 3136 2501 3193 enim
2543 3135 2927 3193 manifestum
2968 3135 3257 3205 redditur,
3292 3137 3390 3193 lux
3422 3142 3530 3207 est,
3564 3144 3666 3194 aut

2006 3226 2416 3298 accipiendum
2448 3230 2513 3283 ut
2544 3225 2765 3282 dictum
2800 3229 2909 3295 est,
2942 3231 3044 3282 aut
3076 3231 3143 3280 ut
3172 3225 3650 3284 confirmativum

2005 3316 2082 3371 sit
2102 3315 2260 3387 quod
2292 3315 2522 3387 possint
2550 3315 2721 3387 probi
2766 3331 2874 3372 sua
2900 3315 3018 3370 vita
3039 3330 3286 3388 arguere
3345 3332 3660 3387 pravorum

2004 3404 2533 3462 conversationem.
2573 3404 2881 3478 Siquidem
2949 3403 3392 3472 manifestatur,
3439 3406 3656 3478 inquit,

2003 3494 2174 3567 probi
2197 3493 2460 3550 hominis
2490 3494 2605 3549 vita
2630 3510 2643 3549 :
2675 3492 3063 3550 manifestata
3084 3509 3220 3549 vero
3240 3492 3341 3549 lux
3364 3500 3657 3566 estzporro

2003 3584 2135 3640 luce
2164 3583 2514 3656 splendente
2536 3588 2867 3656 arguuntur
2894 3582 3155 3639 tenebras
3194 3599 3324 3655 quae
3346 3589 3487 3641 sunt
3518 3584 3659 3640 vitia

2003 3688 2335 3745 pravorum.
2402 3694 2431 3723 «
2482 3672 2869 3742 Infrugiferis.
2932 3694 2961 3723 ››
3020 3671 3161 3738 Quis
3216 3672 3376 3728 enim
3407 3670 3653 3740 fructus,

2002 3767 2254 3834 antqua)
2298 3760 2370 3818 ab
2421 3760 2543 3817 illis
2595 3760 2871 3817 utilitas?
2911 3777 3072 3817 mors
3103 3760 3388 3832 profecto.
3414 3760 3514 3815 49
3546 3762 3654 3816 Te-

2003 3851 2218 3909 nebras
2249 3867 2384 3906 vero
2407 3850 2553 3906 dicit
2588 3850 2899 3908 hominum
2923 3849 3103 3904 vitam
3140 3848 3241 3921 qui
3271 3848 3331 3904 in
3354 3864 3555 3905 errore
3588 3865 3656 3904 ac

2003 3939 2261 4012 peccatis
2303 3944 2635 3994 versantur.
2663 3940 2736 3995 Et
2756 3936 2899 4010 quid
2931 3936 3082 3993 dico.
3116 3936 3194 3991 Ne
3230 3936 3653 3992 commercium

2003 4028 2329 4085 habueritis
2351 4027 2379 4081 ‘2
2400 4026 2600 4098 Magis,
2633 4026 2848 4095 inquit,
2875 4024 3051 4079 etiam
3077 4023 3327 4096 arguite,
3354 4024 3652 4081 instruen-

2004 4123 2092 4175 tes
2125 4134 2224 4173 eos
2256 4133 2361 4188 per
2407 4113 2926 4187 reprehensiones.
2990 4114 3110 4170 Hoc
3166 4120 3364 4170 autem
3399 4131 3521 4171 non
3566 4120 3654 4170 est

2003 4206 2367 4264 contrarium
2400 4205 2452 4260 ei
2505 4202 2664 4274 quod
2715 4202 2978 4259 dicitur:
3029 4224 3056 4253 «
3103 4203 3185 4259 Ne
3217 4202 3587 4276 judicetis“.
3622 4225 3651 4252 ››

2004 4295 2121 4352 Hoc
2158 4295 2318 4351 enim
2364 4293 2493 4349 loco
2526 4294 2745 4363 arguile
2784 4291 3027 4365 ponitur
3076 4309 3182 4365 pro
3240 4291 3516 4348 instruite.
3568 4291 3651 4347 lbi

2003 4402 2138 4442 vero
2170 4381 2542 4441 tantumdem
2578 4386 2671 4439 est
2714 4397 2781 4439 ac
2813 4382 2862 4437 si
2912 4380 3177 4439 dicatur:
3240 4382 3319 4435 Ne
3367 4379 3652 4437 condem-

2004 4472 2181 4532 netis.

1416 4552 1569 4609 αύτοὶ
1638 4551 1726 4610 διὰ
1795 4562 1893 4613 τοῦ

2066 4563 2172 4619 Aut
2198 4561 2300 4618 hoc
2330 4562 2512 4621 modo.
2544 4560 2785 4633 Arguite
2842 4576 2943 4615 vos
2990 4559 3102 4632 ipsi
3148 4575 3255 4631 per
3287 4557 3545 4614 lucidam
3585 4574 3652 4614 ac

2006 4651 2254 4724 probam
2285 4651 2465 4709 vitam
2509 4656 2801 4707 vestram:
2864 4663 3058 4720 neque
3117 4647 3470 4720 exspectetis
3516 4646 3651 4704 illos

2006 4739 2193 4799 donec
2219 4741 2447 4813 seipsos
2469 4739 2845 4807 annuntient,
2877 4752 2943 4793 ac
2975 4752 3083 4792 sua
3123 4735 3566 4811 reprehendant
3595 4742 3653 4792 et

2004 4830 2068 4885 in
2090 4829 2352 4887 medium
2387 4828 2709 4901 proferant,
2746 4826 2947 4899 sicque
2978 4824 3259 4881 meliores
3304 4824 3646 4881 reddantur.

2004 4919 2354 4989 Quanquam
2387 4918 2547 4975 enim
2578 4920 2922 4991 perpetrant
2953 4930 3022 4970 ea
3049 4931 3180 4986 quas
3208 4914 3299 4972 fas
3332 4930 3451 4970 non
3478 4919 3584 4984 est,
3615 4932 3650 4970 a

2005 5006 2263 5063 naturali
2286 5010 2481 5062 tamen
2499 5006 2711 5063 notitia
2722 5021 2886 5063 suam
2904 5010 3325 5079 cognoscentes
3340 5003 3651 5077 turpitudi-

2004 5110 2143 5153 nem
2192 5094 2524 5171 pudefiunt.
2583 5094 2761 5166 Atqui
2821 5097 3122 5168 Oporteret
3172 5109 3337 5151 suam
3386 5092 3647 5150 revelare

2003 5183 2612 5256 turpitudinem.«Sed
2635 5182 2836 5242 omnia
2856 5183 2998 5240 dum
3019 5182 3370 5255 produntur.
3386 5183 3539 5238 »Hoc
3557 5186 3647 5238 est

2004 5274 2051 5331 si
2082 5290 2183 5329 vos
2208 5273 2378 5346 probi
2402 5273 2552 5342 sitis,
2586 5289 2707 5329 non
2753 5277 3001 5346 possunt
3029 5271 3312 5329 occultari
3348 5271 3511 5337 mali,
3546 5268 3648 5324 sed

2002 5361 2135 5433 ipsu
2161 5362 2280 5418 vita
2307 5365 2500 5419 vestra
2520 5361 2699 5416 etiam
2730 5365 2866 5416 ante
2897 5375 3201 5418 sermones
3223 5362 3445 5413 vestros
3479 5368 3648 5409 accu-

2003 5456 2164 5507 sator
2195 5456 2284 5509 est
2317 5456 2374 5505 et
2406 5454 2819 5523 argumentum
2852 5449 2987 5505 illos
3017 5448 3394 5507 convincens.
3425 5441 3564 5496 Nam
3595 5439 3643 5492 si
