  <div class='ocr_page' id='page_1' title='image "/cluster/home/n/w/nwhite01/storage/ocr_20150623/118/hvd.32044073502247/625.png"; bbox 0 0 4108 6192; ppageno 0'>
   <div class='ocr_carea' id='block_1_1' title="bbox 537 353 690 416">
    <p class='ocr_par' dir='ltr' id='par_1_1' title="bbox 537 353 690 416">
     <span class='ocr_line' id='line_1_1' title="bbox 537 353 690 416; baseline -0.02 0"><span class='ocrx_word' id='word_1_1' title='bbox 537 353 690 416; x_wconf 72' lang='grc'>1239</span> 
     </span>
    </p>
   </div>
   <div class='ocr_carea' id='block_1_2' title="bbox 1653 350 2825 423">
    <p class='ocr_par' dir='ltr' id='par_1_2' title="bbox 1653 350 2825 423">
     <span class='ocr_line' id='line_1_2' title="bbox 1653 350 2825 423; baseline 0.01 -12"><span class='ocrx_word' id='word_1_2' title='bbox 1653 350 1786 412; x_wconf 74' lang='grc' dir='ltr'>(ΕΟ</span> <span class='ocrx_word' id='word_1_3' title='bbox 1797 354 1910 413; x_wconf 80' lang='lat' dir='ltr'>UM</span> <span class='ocrx_word' id='word_1_4' title='bbox 1923 352 2012 411; x_wconf 85' lang='lat' dir='ltr'>EN</span> <span class='ocrx_word' id='word_1_5' title='bbox 2022 351 2074 411; x_wconf 88' lang='lat' dir='ltr'><strong>II</strong></span> <span class='ocrx_word' id='word_1_6' title='bbox 2118 352 2425 417; x_wconf 68' lang='lat' dir='ltr'>&#39;l‘PthC/E</span> <span class='ocrx_word' id='word_1_7' title='bbox 2470 359 2825 423; x_wconf 85' lang='lat' dir='ltr'>EPISCOPI</span> 
     </span>
    </p>
   </div>
   <div class='ocr_carea' id='block_1_3' title="bbox 3744 365 3860 423">
    <p class='ocr_par' dir='ltr' id='par_1_3' title="bbox 3744 365 3860 423">
     <span class='ocr_line' id='line_1_3' title="bbox 3744 365 3860 423; baseline 0.034 -4"><span class='ocrx_word' id='word_1_8' title='bbox 3744 365 3760 419; x_wconf 85' lang='lat' dir='ltr'>l</span> <span class='ocrx_word' id='word_1_9' title='bbox 3772 365 3860 423; x_wconf 69' lang='grc'>240</span> 
     </span>
    </p>
   </div>
   <div class='ocr_carea' id='block_1_4' title="bbox 536 485 2199 570">
    <p class='ocr_par' dir='ltr' id='par_1_4' title="bbox 536 485 2174 552">
     <span class='ocr_line' id='line_1_4' title="bbox 536 485 2174 552; baseline -0.002 -6"><span class='ocrx_word' id='word_1_10' title='bbox 536 489 811 546; x_wconf 76' lang='lat' dir='ltr'>occultati</span> <span class='ocrx_word' id='word_1_11' title='bbox 840 487 1082 552; x_wconf 78' lang='lat' dir='ltr'>fuerint,</span> <span class='ocrx_word' id='word_1_12' title='bbox 1114 485 1429 542; x_wconf 89' lang='lat' dir='ltr'>incorrecti</span> <span class='ocrx_word' id='word_1_13' title='bbox 1471 493 1751 544; x_wconf 85' lang='lat' dir='ltr'>manent:</span> <span class='ocrx_word' id='word_1_14' title='bbox 1812 486 2174 543; x_wconf 85' lang='lat' dir='ltr'>manifestati</span> 
     </span>
    </p>
   </div>
   <div class='ocr_carea' id='block_1_5' title="bbox 2307 485 3859 570">
    <p class='ocr_par' dir='ltr' id='par_1_5' title="bbox 2307 488 3859 570">
     <span class='ocr_line' id='line_1_5' title="bbox 2307 488 3859 570; baseline 0.005 -27"><span class='ocrx_word' id='word_1_15' title='bbox 2307 490 2381 544; x_wconf 84' lang='grc' dir='ltr'>ιαὶ</span> <span class='ocrx_word' id='word_1_16' title='bbox 2439 488 2675 570; x_wconf 80' lang='grc' dir='ltr'>ἔλεγχος</span> <span class='ocrx_word' id='word_1_17' title='bbox 2730 494 2928 551; x_wconf 78' lang='grc' dir='ltr'>αὐτῶν.</span> <span class='ocrx_word' id='word_1_18' title='bbox 2991 495 3116 552; x_wconf 75' lang='grc' dir='ltr'>Ἐὰν</span> <span class='ocrx_word' id='word_1_19' title='bbox 3142 495 3243 570; x_wconf 77' lang='grc' dir='ltr'>γὰρ</span> <span class='ocrx_word' id='word_1_20' title='bbox 3277 491 3622 561; x_wconf 75' lang='grc' dir='ltr'>λανθάνωσιν,</span> <span class='ocrx_word' id='word_1_21' title='bbox 3649 490 3859 568; x_wconf 73' lang='grc' dir='ltr'>ἀδιόρθω-</span> 
     </span>
    </p>
   </div>
   <div class='ocr_carea' id='block_1_6' title="bbox 535 575 2180 647">
    <p class='ocr_par' dir='ltr' id='par_1_6' title="bbox 535 575 2180 647">
     <span class='ocr_line' id='line_1_6' title="bbox 535 575 2180 647; baseline 0.001 -16"><span class='ocrx_word' id='word_1_22' title='bbox 535 595 668 634; x_wconf 86' lang='lat' dir='ltr'>vero</span> <span class='ocrx_word' id='word_1_23' title='bbox 726 576 1118 647; x_wconf 78' lang='lat' dir='ltr'>corrigentur.</span> <span class='ocrx_word' id='word_1_24' title='bbox 1162 575 1528 646; x_wconf 82' lang='lat' dir='ltr'>«Quidquid</span> <span class='ocrx_word' id='word_1_25' title='bbox 1586 576 1744 632; x_wconf 90' lang='lat' dir='ltr'>enim</span> <span class='ocrx_word' id='word_1_26' title='bbox 1800 577 2180 633; x_wconf 85' lang='lat' dir='ltr'>manifestum</span> 
     </span>
    </p>
   </div>
   <div class='ocr_carea' id='block_1_7' title="bbox 535 663 2180 737">
    <p class='ocr_par' dir='ltr' id='par_1_7' title="bbox 535 663 2180 737">
     <span class='ocr_line' id='line_1_7' title="bbox 535 663 2180 737; baseline 0.001 -17"><span class='ocrx_word' id='word_1_27' title='bbox 535 665 802 721; x_wconf 80' lang='lat' dir='ltr'>redditur</span> <span class='ocrx_word' id='word_1_28' title='bbox 831 663 933 723; x_wconf 78' lang='lat' dir='ltr'>lux</span> <span class='ocrx_word' id='word_1_29' title='bbox 965 670 1073 719; x_wconf 87' lang='lat' dir='ltr'>est.</span> <span class='ocrx_word' id='word_1_30' title='bbox 1106 684 1134 714; x_wconf 81' lang='lat'><strong>»</strong></span> <span class='ocrx_word' id='word_1_31' title='bbox 1169 667 1285 719; x_wconf 82' lang='lat' dir='ltr'>Aut</span> <span class='ocrx_word' id='word_1_32' title='bbox 1315 664 1425 719; x_wconf 90' lang='lat' dir='ltr'>hoc</span> <span class='ocrx_word' id='word_1_33' title='bbox 1444 665 1590 720; x_wconf 81' lang='lat' dir='ltr'>dicit</span> <span class='ocrx_word' id='word_1_34' title='bbox 1623 666 1778 737; x_wconf 93' lang='lat' dir='ltr'>quod</span> <span class='ocrx_word' id='word_1_35' title='bbox 1808 673 2051 737; x_wconf 85' lang='lat' dir='ltr'>peccata</span> <span class='ocrx_word' id='word_1_36' title='bbox 2078 667 2180 721; x_wconf 89' lang='lat' dir='ltr'>ubi</span> 
     </span>
    </p>
   </div>
   <div class='ocr_carea' id='block_1_8' title="bbox 536 752 2180 826">
    <p class='ocr_par' dir='ltr' id='par_1_8' title="bbox 536 752 2180 826">
     <span class='ocr_line' id='line_1_8' title="bbox 536 752 2180 826; baseline -0.001 -15"><span class='ocrx_word' id='word_1_37' title='bbox 536 753 917 811; x_wconf 86' lang='lat' dir='ltr'>manifestata</span> <span class='ocrx_word' id='word_1_38' title='bbox 946 752 1171 807; x_wconf 78' lang='lat' dir='ltr'>fuerint</span> <span class='ocrx_word' id='word_1_39' title='bbox 1199 753 1302 808; x_wconf 87' lang='lat' dir='ltr'>lux</span> <span class='ocrx_word' id='word_1_40' title='bbox 1335 754 1486 809; x_wconf 84' lang='lat' dir='ltr'>ﬁunt</span> <span class='ocrx_word' id='word_1_41' title='bbox 1513 772 1525 809; x_wconf 92' lang='lat'><strong>:</strong></span> <span class='ocrx_word' id='word_1_42' title='bbox 1564 755 1673 809; x_wconf 84' lang='lat' dir='ltr'>hoc</span> <span class='ocrx_word' id='word_1_43' title='bbox 1704 761 1794 810; x_wconf 91' lang='lat' dir='ltr'>est</span> <span class='ocrx_word' id='word_1_44' title='bbox 1814 756 2180 826; x_wconf 86' lang='lat' dir='ltr'>injustitiam</span> 
     </span>
    </p>
   </div>
   <div class='ocr_carea' id='block_1_9' title="bbox 536 843 2182 915">
    <p class='ocr_par' dir='ltr' id='par_1_9' title="bbox 536 843 2182 915">
     <span class='ocr_line' id='line_1_9' title="bbox 536 843 2182 915; baseline 0.001 -17"><span class='ocrx_word' id='word_1_45' title='bbox 536 847 961 899; x_wconf 84' lang='lat' dir='ltr'>convertuntur</span> <span class='ocrx_word' id='word_1_46' title='bbox 987 859 1095 913; x_wconf 88' lang='lat' dir='ltr'>per</span> <span class='ocrx_word' id='word_1_47' title='bbox 1122 843 1530 913; x_wconf 77' lang='lat' dir='ltr'>pcnnitentiam</span> <span class='ocrx_word' id='word_1_48' title='bbox 1565 860 1578 897; x_wconf 93' lang='lat'><strong>:</strong></span> <span class='ocrx_word' id='word_1_49' title='bbox 1623 850 1725 897; x_wconf 89' lang='lat' dir='ltr'>aut</span> <span class='ocrx_word' id='word_1_50' title='bbox 1783 844 1941 914; x_wconf 89' lang='lat' dir='ltr'>quod</span> <span class='ocrx_word' id='word_1_51' title='bbox 1998 844 2182 915; x_wconf 89' lang='lat' dir='ltr'>proba</span> 
     </span>
    </p>
   </div>
   <div class='ocr_carea' id='block_1_10' title="bbox 535 930 2184 1003">
    <p class='ocr_par' dir='ltr' id='par_1_10' title="bbox 535 930 2184 1003">
     <span class='ocr_line' id='line_1_10' title="bbox 535 930 2184 1003; baseline 0 -17"><span class='ocrx_word' id='word_1_52' title='bbox 535 934 652 987; x_wconf 80' lang='lat' dir='ltr'>vita</span> <span class='ocrx_word' id='word_1_53' title='bbox 681 948 801 986; x_wconf 87' lang='lat' dir='ltr'>non</span> <span class='ocrx_word' id='word_1_54' title='bbox 819 936 1013 1003; x_wconf 89' lang='lat' dir='ltr'>potest</span> <span class='ocrx_word' id='word_1_55' title='bbox 1033 930 1339 999; x_wconf 87' lang='lat' dir='ltr'>occultari,</span> <span class='ocrx_word' id='word_1_56' title='bbox 1371 931 1502 987; x_wconf 91' lang='lat' dir='ltr'>ideo</span> <span class='ocrx_word' id='word_1_57' title='bbox 1535 932 1725 1003; x_wconf 83' lang='lat' dir='ltr'>arguit</span> <span class='ocrx_word' id='word_1_58' title='bbox 1773 938 1830 987; x_wconf 91' lang='lat' dir='ltr'>et</span> <span class='ocrx_word' id='word_1_59' title='bbox 1887 933 2184 988; x_wconf 87' lang='lat' dir='ltr'>convincit</span> 
     </span>
    </p>
   </div>
   <div class='ocr_carea' id='block_1_11' title="bbox 536 1020 2184 1093">
    <p class='ocr_par' dir='ltr' id='par_1_11' title="bbox 536 1020 2184 1093">
     <span class='ocr_line' id='line_1_11' title="bbox 536 1020 2184 1093; baseline 0.001 -18"><span class='ocrx_word' id='word_1_60' title='bbox 536 1020 833 1089; x_wconf 78' lang='lat' dir='ltr'>tenebras,</span> <span class='ocrx_word' id='word_1_61' title='bbox 868 1020 977 1075; x_wconf 90' lang='lat' dir='ltr'>hoc</span> <span class='ocrx_word' id='word_1_62' title='bbox 1006 1026 1093 1074; x_wconf 87' lang='lat' dir='ltr'>est</span> <span class='ocrx_word' id='word_1_63' title='bbox 1123 1020 1333 1075; x_wconf 89' lang='lat' dir='ltr'>malos.</span> <span class='ocrx_word' id='word_1_64' title='bbox 1365 1052 1434 1061; x_wconf 90' lang='lat'><strong>—</strong></span> <span class='ocrx_word' id='word_1_65' title='bbox 1464 1021 1627 1085; x_wconf 89' lang='lat' dir='ltr'>Quod</span> <span class='ocrx_word' id='word_1_66' title='bbox 1645 1022 1728 1076; x_wconf 91' lang='lat' dir='ltr'>ait</span> <span class='ocrx_word' id='word_1_67' title='bbox 1752 1038 1764 1075; x_wconf 92' lang='lat'><strong>:</strong></span> <span class='ocrx_word' id='word_1_68' title='bbox 1792 1021 1851 1076; x_wconf 87' lang='lat' dir='ltr'>Id</span> <span class='ocrx_word' id='word_1_69' title='bbox 1883 1022 2039 1093; x_wconf 90' lang='lat' dir='ltr'>quod</span> <span class='ocrx_word' id='word_1_70' title='bbox 2066 1039 2184 1077; x_wconf 90' lang='lat' dir='ltr'>ma-</span> 
     </span>
    </p>
   </div>
   <div class='ocr_carea' id='block_1_12' title="bbox 533 1109 2181 1182">
    <p class='ocr_par' dir='ltr' id='par_1_12' title="bbox 533 1109 2181 1182">
     <span class='ocr_line' id='line_1_12' title="bbox 533 1109 2181 1182; baseline 0.001 -18"><span class='ocrx_word' id='word_1_71' title='bbox 533 1110 817 1165; x_wconf 81' lang='lat' dir='ltr'>nifestum</span> <span class='ocrx_word' id='word_1_72' title='bbox 847 1109 1116 1164; x_wconf 86' lang='lat' dir='ltr'>redditur</span> <span class='ocrx_word' id='word_1_73' title='bbox 1135 1126 1201 1164; x_wconf 91' lang='lat' dir='ltr'>ac</span> <span class='ocrx_word' id='word_1_74' title='bbox 1223 1109 1516 1182; x_wconf 83' lang='lat' dir='ltr'>detegitur</span> <span class='ocrx_word' id='word_1_75' title='bbox 1539 1110 1928 1177; x_wconf 79' lang='lat' dir='ltr'>efficiturlux,</span> <span class='ocrx_word' id='word_1_76' title='bbox 1955 1117 2013 1166; x_wconf 92' lang='lat' dir='ltr'>et</span> <span class='ocrx_word' id='word_1_77' title='bbox 2056 1112 2181 1182; x_wconf 84' lang='lat' dir='ltr'>ipso</span> 
     </span>
    </p>
   </div>
   <div class='ocr_carea' id='block_1_13' title="bbox 535 1199 2181 1271">
    <p class='ocr_par' dir='ltr' id='par_1_13' title="bbox 535 1199 2181 1271">
     <span class='ocr_line' id='line_1_13' title="bbox 535 1199 2181 1271; baseline -0.001 -18"><span class='ocrx_word' id='word_1_78' title='bbox 535 1215 733 1253; x_wconf 88' lang='lat' dir='ltr'>rerum</span> <span class='ocrx_word' id='word_1_79' title='bbox 754 1215 863 1252; x_wconf 87' lang='lat' dir='ltr'>usu</span> <span class='ocrx_word' id='word_1_80' title='bbox 887 1199 1069 1252; x_wconf 85' lang='lat' dir='ltr'>sumit</span> <span class='ocrx_word' id='word_1_81' title='bbox 1092 1199 1518 1253; x_wconf 86' lang='lat' dir='ltr'>testimonium.</span> <span class='ocrx_word' id='word_1_82' title='bbox 1542 1199 1867 1254; x_wconf 88' lang='lat' dir='ltr'>Dicitenim</span> <span class='ocrx_word' id='word_1_83' title='bbox 1895 1218 1906 1254; x_wconf 96' lang='lat'>:</span> <span class='ocrx_word' id='word_1_84' title='bbox 1935 1200 2181 1271; x_wconf 81' lang='lat' dir='ltr'>Exsper-</span> 
     </span>
    </p>
   </div>
   <div class='ocr_carea' id='block_1_14' title="bbox 536 1286 2183 1360">
    <p class='ocr_par' dir='ltr' id='par_1_14' title="bbox 536 1286 2183 1360">
     <span class='ocr_line' id='line_1_14' title="bbox 536 1286 2183 1360; baseline 0.001 -19"><span class='ocrx_word' id='word_1_85' title='bbox 536 1289 760 1360; x_wconf 81' lang='lat' dir='ltr'>giscere</span> <span class='ocrx_word' id='word_1_86' title='bbox 776 1288 876 1358; x_wconf 85' lang='lat' dir='ltr'>qui</span> <span class='ocrx_word' id='word_1_87' title='bbox 907 1286 1163 1342; x_wconf 90' lang='lat' dir='ltr'>dormis:</span> <span class='ocrx_word' id='word_1_88' title='bbox 1192 1288 1302 1341; x_wconf 87' lang='lat' dir='ltr'>hoc</span> <span class='ocrx_word' id='word_1_89' title='bbox 1327 1293 1434 1354; x_wconf 86' lang='lat' dir='ltr'>est,</span> <span class='ocrx_word' id='word_1_90' title='bbox 1460 1288 1715 1343; x_wconf 86' lang='lat' dir='ltr'>excitare</span> <span class='ocrx_word' id='word_1_91' title='bbox 1739 1305 1773 1343; x_wconf 88' lang='lat' dir='ltr'>a</span> <span class='ocrx_word' id='word_1_92' title='bbox 1794 1288 2183 1344; x_wconf 87' lang='lat' dir='ltr'>reclinatione</span> 
     </span>
    </p>
   </div>
   <div class='ocr_carea' id='block_1_15' title="bbox 537 1376 2184 1450">
    <p class='ocr_par' dir='ltr' id='par_1_15' title="bbox 537 1376 2184 1450">
     <span class='ocr_line' id='line_1_15' title="bbox 537 1376 2184 1450; baseline 0.001 -19"><span class='ocrx_word' id='word_1_93' title='bbox 537 1382 596 1431; x_wconf 89' lang='lat' dir='ltr'>et</span> <span class='ocrx_word' id='word_1_94' title='bbox 633 1376 979 1431; x_wconf 82' lang='lat' dir='ltr'>assiduitate</span> <span class='ocrx_word' id='word_1_95' title='bbox 1010 1376 1069 1430; x_wconf 92' lang='lat' dir='ltr'>in</span> <span class='ocrx_word' id='word_1_96' title='bbox 1135 1376 1325 1431; x_wconf 88' lang='lat' dir='ltr'>solitis</span> <span class='ocrx_word' id='word_1_97' title='bbox 1382 1377 1709 1431; x_wconf 73' lang='lat' dir='ltr'>affectibus.</span> <span class='ocrx_word' id='word_1_98' title='bbox 1747 1400 1773 1427; x_wconf 87' lang='grc'>‹‹</span> <span class='ocrx_word' id='word_1_99' title='bbox 1832 1382 1897 1432; x_wconf 82' lang='lat' dir='ltr'>Et</span> <span class='ocrx_word' id='word_1_100' title='bbox 1948 1395 2119 1450; x_wconf 85' lang='lat' dir='ltr'>surge</span> <span class='ocrx_word' id='word_1_101' title='bbox 2151 1396 2184 1433; x_wconf 88' lang='lat' dir='ltr'>a</span> 
     </span>
    </p>
   </div>
   <div class='ocr_carea' id='block_1_16' title="bbox 537 1465 2180 1536">
    <p class='ocr_par' dir='ltr' id='par_1_16' title="bbox 537 1465 2180 1536">
     <span class='ocr_line' id='line_1_16' title="bbox 537 1465 2180 1536; baseline 0.001 -16"><span class='ocrx_word' id='word_1_102' title='bbox 537 1465 846 1520; x_wconf 85' lang='lat' dir='ltr'>mortuis»</span> <span class='ocrx_word' id='word_1_103' title='bbox 871 1465 1005 1521; x_wconf 90' lang='lat' dir='ltr'>Sine</span> <span class='ocrx_word' id='word_1_104' title='bbox 1030 1466 1159 1536; x_wconf 87' lang='lat' dir='ltr'>ipsa</span> <span class='ocrx_word' id='word_1_105' title='bbox 1203 1472 1437 1521; x_wconf 89' lang='lat' dir='ltr'>mortua</span> <span class='ocrx_word' id='word_1_106' title='bbox 1457 1483 1523 1521; x_wconf 90' lang='lat' dir='ltr'>ac</span> <span class='ocrx_word' id='word_1_107' title='bbox 1568 1466 1841 1522; x_wconf 77' lang='lat' dir='ltr'>obscmna</span> <span class='ocrx_word' id='word_1_108' title='bbox 1870 1467 2049 1522; x_wconf 81' lang='lat' dir='ltr'>veluti</span> <span class='ocrx_word' id='word_1_109' title='bbox 2086 1485 2180 1523; x_wconf 89' lang='lat' dir='ltr'>re-</span> 
     </span>
    </p>
   </div>
   <div class='ocr_carea' id='block_1_17' title="bbox 538 1555 2181 1624">
    <p class='ocr_par' dir='ltr' id='par_1_17' title="bbox 538 1555 2181 1624">
     <span class='ocr_line' id='line_1_17' title="bbox 538 1555 2181 1624; baseline 0.002 -15"><span class='ocrx_word' id='word_1_110' title='bbox 538 1571 676 1610; x_wconf 86' lang='lat' dir='ltr'>vera</span> <span class='ocrx_word' id='word_1_111' title='bbox 706 1561 864 1621; x_wconf 87' lang='lat' dir='ltr'>sunt,</span> <span class='ocrx_word' id='word_1_112' title='bbox 898 1555 1215 1610; x_wconf 81' lang='lat' dir='ltr'>manifesta</span> <span class='ocrx_word' id='word_1_113' title='bbox 1259 1555 1409 1610; x_wconf 80' lang='lat' dir='ltr'>fieri.</span> <span class='ocrx_word' id='word_1_114' title='bbox 1443 1557 1607 1621; x_wconf 90' lang='lat' dir='ltr'>Quod</span> <span class='ocrx_word' id='word_1_115' title='bbox 1640 1556 1688 1611; x_wconf 89' lang='lat' dir='ltr'>si</span> <span class='ocrx_word' id='word_1_116' title='bbox 1719 1558 1843 1612; x_wconf 61' lang='lat' dir='ltr'>haec</span> <span class='ocrx_word' id='word_1_117' title='bbox 1903 1558 1983 1613; x_wconf 87' lang='lat' dir='ltr'>ita</span> <span class='ocrx_word' id='word_1_118' title='bbox 2016 1558 2181 1624; x_wconf 88' lang='lat' dir='ltr'>fiant,</span> 
     </span>
    </p>
   </div>
   <div class='ocr_carea' id='block_1_18' title="bbox 540 1643 2185 1717">
    <p class='ocr_par' dir='ltr' id='par_1_18' title="bbox 540 1643 2185 1717">
     <span class='ocr_line' id='line_1_18' title="bbox 540 1643 2185 1717; baseline 0.001 -18"><span class='ocrx_word' id='word_1_119' title='bbox 540 1644 867 1699; x_wconf 83' lang='lat' dir='ltr'>illustrabit</span> <span class='ocrx_word' id='word_1_120' title='bbox 897 1661 964 1699; x_wconf 89' lang='lat' dir='ltr'>ac</span> <span class='ocrx_word' id='word_1_121' title='bbox 1003 1643 1369 1699; x_wconf 86' lang='lat' dir='ltr'>illuminabit</span> <span class='ocrx_word' id='word_1_122' title='bbox 1398 1651 1454 1698; x_wconf 88' lang='lat' dir='ltr'>te</span> <span class='ocrx_word' id='word_1_123' title='bbox 1485 1645 1771 1709; x_wconf 85' lang='lat' dir='ltr'>Christus,</span> <span class='ocrx_word' id='word_1_124' title='bbox 1800 1646 2023 1717; x_wconf 87' lang='lat' dir='ltr'>tibique</span> <span class='ocrx_word' id='word_1_125' title='bbox 2047 1646 2185 1701; x_wconf 88' lang='lat' dir='ltr'>illu-</span> 
     </span>
    </p>
   </div>
   <div class='ocr_carea' id='block_1_19' title="bbox 544 1733 2187 1804">
    <p class='ocr_par' dir='ltr' id='par_1_19' title="bbox 544 1733 2187 1804">
     <span class='ocr_line' id='line_1_19' title="bbox 544 1733 2187 1804; baseline 0.002 -17"><span class='ocrx_word' id='word_1_126' title='bbox 544 1740 755 1789; x_wconf 81' lang='lat' dir='ltr'>resset.</span> <span class='ocrx_word' id='word_1_127' title='bbox 787 1734 993 1804; x_wconf 88' lang='lat' dir='ltr'>Itaque</span> <span class='ocrx_word' id='word_1_128' title='bbox 1024 1733 1185 1804; x_wconf 87' lang='lat' dir='ltr'>quod</span> <span class='ocrx_word' id='word_1_129' title='bbox 1216 1750 1335 1788; x_wconf 91' lang='lat' dir='ltr'>non</span> <span class='ocrx_word' id='word_1_130' title='bbox 1353 1735 1769 1790; x_wconf 87' lang='lat' dir='ltr'>manifestatur</span> <span class='ocrx_word' id='word_1_131' title='bbox 1798 1736 1895 1790; x_wconf 88' lang='lat' dir='ltr'>lux</span> <span class='ocrx_word' id='word_1_132' title='bbox 1928 1735 2187 1791; x_wconf 78' lang='lat' dir='ltr'>efﬁcitur</span> 
     </span>
    </p>
   </div>
   <div class='ocr_carea' id='block_1_20' title="bbox 2291 578 3864 661">
    <p class='ocr_par' dir='ltr' id='par_1_20' title="bbox 2291 578 3864 661">
     <span class='ocr_line' id='line_1_20' title="bbox 2291 578 3864 661; baseline 0.003 -28"><span class='ocrx_word' id='word_1_133' title='bbox 2291 601 2377 634; x_wconf 84' lang='grc' dir='ltr'>τοι</span> <span class='ocrx_word' id='word_1_134' title='bbox 2406 578 2644 655; x_wconf 82' lang='grc' dir='ltr'>μένουσι.</span> <span class='ocrx_word' id='word_1_135' title='bbox 2680 585 3087 661; x_wconf 72' lang='grc' dir='ltr'>Φανεροῦμενοι</span> <span class='ocrx_word' id='word_1_136' title='bbox 3119 580 3180 638; x_wconf 73' lang='grc' dir='ltr'>δὲ</span> <span class='ocrx_word' id='word_1_137' title='bbox 3211 579 3671 657; x_wconf 69' lang='grc' dir='ltr'>ὃιορθωθήσονται.</span> <span class='ocrx_word' id='word_1_138' title='bbox 3724 608 3749 633; x_wconf 90' lang='grc'>‹‹</span> <span class='ocrx_word' id='word_1_139' title='bbox 3785 588 3864 640; x_wconf 76' lang='grc' dir='ltr'>Ηᾶν</span> 
     </span>
    </p>
   </div>
   <div class='ocr_carea' id='block_1_21' title="bbox 2291 668 3867 753">
    <p class='ocr_par' dir='ltr' id='par_1_21' title="bbox 2291 668 3867 753">
     <span class='ocr_line' id='line_1_21' title="bbox 2291 668 3867 753; baseline 0.001 -29"><span class='ocrx_word' id='word_1_140' title='bbox 2291 668 2392 744; x_wconf 68' lang='grc' dir='ltr'>γὰρ</span> <span class='ocrx_word' id='word_1_141' title='bbox 2450 672 2512 727; x_wconf 80' lang='grc' dir='ltr'>τὸ</span> <span class='ocrx_word' id='word_1_142' title='bbox 2572 675 2998 751; x_wconf 66' lang='grc' dir='ltr'>φανερούμενον,</span> <span class='ocrx_word' id='word_1_143' title='bbox 3060 678 3176 753; x_wconf 72' lang='grc' dir='ltr'>φῶς</span> <span class='ocrx_word' id='word_1_144' title='bbox 3233 670 3365 727; x_wconf 83' lang='grc' dir='ltr'>ἐστι.</span> <span class='ocrx_word' id='word_1_145' title='bbox 3405 672 3473 727; x_wconf 77' lang='lat' dir='ltr'>&#39;ll</span> <span class='ocrx_word' id='word_1_146' title='bbox 3524 671 3671 726; x_wconf 85' lang='grc' dir='ltr'>τοῦτό</span> <span class='ocrx_word' id='word_1_147' title='bbox 3728 694 3867 749; x_wconf 57' lang='grc' dir='ltr'>φησιν,</span> 
     </span>
    </p>
   </div>
   <div class='ocr_carea' id='block_1_22' title="bbox 2294 758 3863 842">
    <p class='ocr_par' dir='ltr' id='par_1_22' title="bbox 2294 758 3863 842">
     <span class='ocr_line' id='line_1_22' title="bbox 2294 758 3863 842; baseline 0.003 -29"><span class='ocrx_word' id='word_1_148' title='bbox 2294 758 2377 814; x_wconf 79' lang='grc' dir='ltr'>ὅτι</span> <span class='ocrx_word' id='word_1_149' title='bbox 2432 762 2498 817; x_wconf 73' lang='grc' dir='ltr'>τὰ</span> <span class='ocrx_word' id='word_1_150' title='bbox 2555 765 2923 838; x_wconf 62' lang='grc' dir='ltr'>ἁμαρτήματα</span> <span class='ocrx_word' id='word_1_151' title='bbox 2999 761 3129 819; x_wconf 84' lang='grc' dir='ltr'>ἐπὰν</span> <span class='ocrx_word' id='word_1_152' title='bbox 3214 764 3516 842; x_wconf 69' lang='grc' dir='ltr'>φανερωθῇ,</span> <span class='ocrx_word' id='word_1_153' title='bbox 3590 765 3689 838; x_wconf 70' lang='grc' dir='ltr'>φῶς</span> <span class='ocrx_word' id='word_1_154' title='bbox 3758 764 3863 839; x_wconf 79' lang='grc' dir='ltr'>γίνεο</span> 
     </span>
    </p>
   </div>
   <div class='ocr_carea' id='block_1_23' title="bbox 2290 849 3869 925">
    <p class='ocr_par' dir='ltr' id='par_1_23' title="bbox 2290 849 3869 925">
     <span class='ocr_line' id='line_1_23' title="bbox 2290 849 3869 925; baseline 0.001 -22"><span class='ocrx_word' id='word_1_155' title='bbox 2290 870 2402 917; x_wconf 79' lang='grc' dir='ltr'>ται,</span> <span class='ocrx_word' id='word_1_156' title='bbox 2457 852 2756 924; x_wconf 73' lang='grc' dir='ltr'>τουτέστιν,</span> <span class='ocrx_word' id='word_1_157' title='bbox 2814 852 2888 914; x_wconf 75' lang='grc' dir='ltr'>εἷς</span> <span class='ocrx_word' id='word_1_158' title='bbox 2947 849 3291 920; x_wconf 61' lang='grc' dir='ltr'>δικαιοσύνην</span> <span class='ocrx_word' id='word_1_159' title='bbox 3350 851 3595 925; x_wconf 72' lang='grc' dir='ltr'>τρέπεται</span> <span class='ocrx_word' id='word_1_160' title='bbox 3647 849 3699 904; x_wconf 78' lang='grc' dir='ltr'>ἐκ</span> <span class='ocrx_word' id='word_1_161' title='bbox 3747 871 3869 923; x_wconf 70' lang='grc' dir='ltr'>μετα-</span> 
     </span>
    </p>
   </div>
   <div class='ocr_carea' id='block_1_24' title="bbox 2292 933 3862 1017">
    <p class='ocr_par' dir='ltr' id='par_1_24' title="bbox 2292 933 3862 1017">
     <span class='ocr_line' id='line_1_24' title="bbox 2292 933 3862 1017; baseline 0.001 -26"><span class='ocrx_word' id='word_1_162' title='bbox 2292 946 2464 1010; x_wconf 82' lang='grc' dir='ltr'>νοίας,</span> <span class='ocrx_word' id='word_1_163' title='bbox 2496 940 2531 1011; x_wconf 69' lang='grc' dir='ltr'>ἢ</span> <span class='ocrx_word' id='word_1_164' title='bbox 2563 941 2646 997; x_wconf 81' lang='grc' dir='ltr'>ὅτι</span> <span class='ocrx_word' id='word_1_165' title='bbox 2679 942 2925 1015; x_wconf 70' lang='grc' dir='ltr'>ἐνάρετος</span> <span class='ocrx_word' id='word_1_166' title='bbox 2961 942 3081 1017; x_wconf 88' lang='grc' dir='ltr'>βίος</span> <span class='ocrx_word' id='word_1_167' title='bbox 3128 941 3190 996; x_wconf 79' lang='grc' dir='ltr'>οὐ</span> <span class='ocrx_word' id='word_1_168' title='bbox 3248 937 3467 995; x_wconf 73' lang='grc' dir='ltr'>δύναται</span> <span class='ocrx_word' id='word_1_169' title='bbox 3507 933 3765 1013; x_wconf 71' lang='grc' dir='ltr'>κρυϐῆναι.</span> <span class='ocrx_word' id='word_1_170' title='bbox 3795 942 3862 997; x_wconf 79' lang='grc' dir='ltr'>Διὸ</span> 
     </span>
    </p>
   </div>
   <div class='ocr_carea' id='block_1_25' title="bbox 2295 1025 3867 1104">
    <p class='ocr_par' dir='ltr' id='par_1_25' title="bbox 2295 1025 3867 1104">
     <span class='ocr_line' id='line_1_25' title="bbox 2295 1025 3867 1104; baseline 0.001 -22"><span class='ocrx_word' id='word_1_171' title='bbox 2295 1025 2508 1104; x_wconf 80' lang='grc' dir='ltr'>ἐλὲγχει</span> <span class='ocrx_word' id='word_1_172' title='bbox 2539 1030 2602 1085; x_wconf 86' lang='grc' dir='ltr'>τὸ</span> <span class='ocrx_word' id='word_1_173' title='bbox 2633 1031 2847 1098; x_wconf 75' lang='grc' dir='ltr'>σκότος,</span> <span class='ocrx_word' id='word_1_174' title='bbox 2870 1029 3135 1099; x_wconf 76' lang='grc' dir='ltr'>τουτέστι,</span> <span class='ocrx_word' id='word_1_175' title='bbox 3168 1028 3292 1092; x_wconf 70' lang='grc' dir='ltr'>τοὺς</span> <span class='ocrx_word' id='word_1_176' title='bbox 3323 1027 3610 1102; x_wconf 75' lang='grc' dir='ltr'>πονηρούς.</span> <span class='ocrx_word' id='word_1_177' title='bbox 3629 1031 3867 1101; x_wconf 77' lang='grc' dir='ltr'>-[ΦΩΤ.]</span> 
     </span>
    </p>
   </div>
   <div class='ocr_carea' id='block_1_26' title="bbox 2293 1115 3866 1199">
    <p class='ocr_par' dir='ltr' id='par_1_26' title="bbox 2293 1115 3866 1199">
     <span class='ocr_line' id='line_1_26' title="bbox 2293 1115 3866 1199; baseline -0.003 -24"><span class='ocrx_word' id='word_1_178' title='bbox 2293 1118 2438 1186; x_wconf 81' lang='grc' dir='ltr'>”Οτι,</span> <span class='ocrx_word' id='word_1_179' title='bbox 2495 1120 2649 1199; x_wconf 71' lang='grc' dir='ltr'>φησί,</span> <span class='ocrx_word' id='word_1_180' title='bbox 2705 1122 2767 1175; x_wconf 86' lang='grc' dir='ltr'>τὸ</span> <span class='ocrx_word' id='word_1_181' title='bbox 2819 1119 3215 1198; x_wconf 73' lang='grc' dir='ltr'>φανερούμενον</span> <span class='ocrx_word' id='word_1_182' title='bbox 3277 1117 3367 1172; x_wconf 84' lang='grc' dir='ltr'>καὶ</span> <span class='ocrx_word' id='word_1_183' title='bbox 3432 1115 3866 1189; x_wconf 69' lang='grc' dir='ltr'>ἀνακαλυπτόμενον</span> 
     </span>
    </p>
   </div>
   <div class='ocr_carea' id='block_1_27' title="bbox 2295 1205 3865 1284">
    <p class='ocr_par' dir='ltr' id='par_1_27' title="bbox 2295 1205 3865 1284">
     <span class='ocr_line' id='line_1_27' title="bbox 2295 1205 3865 1284; baseline -0.002 -24"><span class='ocrx_word' id='word_1_184' title='bbox 2295 1211 2410 1284; x_wconf 71' lang='grc' dir='ltr'>φῶς</span> <span class='ocrx_word' id='word_1_185' title='bbox 2438 1208 2665 1283; x_wconf 83' lang='grc' dir='ltr'>γίνεται,</span> <span class='ocrx_word' id='word_1_186' title='bbox 2722 1215 2982 1284; x_wconf 81' lang='grc' dir='ltr'>μαρτυρεῖ</span> <span class='ocrx_word' id='word_1_187' title='bbox 3039 1209 3129 1263; x_wconf 80' lang='grc' dir='ltr'>καὶ</span> <span class='ocrx_word' id='word_1_188' title='bbox 3184 1209 3219 1278; x_wconf 74' lang='grc' dir='ltr'>ἡ</span> <span class='ocrx_word' id='word_1_189' title='bbox 3271 1208 3491 1281; x_wconf 75' lang='grc' dir='ltr'>χρῆσις.</span> <span class='ocrx_word' id='word_1_190' title='bbox 3547 1206 3734 1277; x_wconf 70' lang='grc' dir='ltr'>Ἔγειρε</span> <span class='ocrx_word' id='word_1_191' title='bbox 3774 1205 3865 1278; x_wconf 45' lang='lat' dir='ltr'>vis,</span> 
     </span>
    </p>
   </div>
   <div class='ocr_carea' id='block_1_28' title="bbox 2294 1294 3867 1369">
    <p class='ocr_par' dir='ltr' id='par_1_28' title="bbox 2294 1294 3867 1369">
     <span class='ocr_line' id='line_1_28' title="bbox 2294 1294 3867 1369; baseline -0.001 -20"><span class='ocrx_word' id='word_1_192' title='bbox 2294 1297 2482 1369; x_wconf 71' lang='grc' dir='ltr'>φησῖν,</span> <span class='ocrx_word' id='word_1_193' title='bbox 2515 1298 2542 1351; x_wconf 99' lang='lat'>6</span> <span class='ocrx_word' id='word_1_194' title='bbox 2572 1294 3041 1367; x_wconf 68' lang='grc' dir='ltr'>καοεῦδων,οίον,</span> <span class='ocrx_word' id='word_1_195' title='bbox 3100 1296 3426 1367; x_wconf 76' lang='grc' dir='ltr'>Διανάστηθι</span> <span class='ocrx_word' id='word_1_196' title='bbox 3484 1295 3584 1349; x_wconf 83' lang='grc' dir='ltr'>ἀπὸ</span> <span class='ocrx_word' id='word_1_197' title='bbox 3638 1296 3721 1363; x_wconf 75' lang='grc' dir='ltr'>τῆς</span> <span class='ocrx_word' id='word_1_198' title='bbox 3769 1296 3867 1368; x_wconf 76' lang='grc' dir='ltr'>πρὸς</span> 
     </span>
    </p>
   </div>
   <div class='ocr_carea' id='block_1_29' title="bbox 2292 1382 3866 1461">
    <p class='ocr_par' dir='ltr' id='par_1_29' title="bbox 2292 1382 3866 1461">
     <span class='ocr_line' id='line_1_29' title="bbox 2292 1382 3866 1461; baseline -0.003 -22"><span class='ocrx_word' id='word_1_199' title='bbox 2292 1384 2359 1439; x_wconf 71' lang='grc' dir='ltr'>τὰ</span> <span class='ocrx_word' id='word_1_200' title='bbox 2413 1389 2558 1457; x_wconf 75' lang='grc' dir='ltr'>παθη</span> <span class='ocrx_word' id='word_1_201' title='bbox 2617 1385 2988 1448; x_wconf 69' lang='grc' dir='ltr'>κατακλίσεως</span> <span class='ocrx_word' id='word_1_202' title='bbox 3043 1387 3132 1441; x_wconf 79' lang='grc' dir='ltr'>καὶ</span> <span class='ocrx_word' id='word_1_203' title='bbox 3192 1382 3561 1461; x_wconf 81' lang='grc' dir='ltr'>προσεδρείας.</span> <span class='ocrx_word' id='word_1_204' title='bbox 3597 1383 3736 1438; x_wconf 63' lang='lat' dir='ltr'>«Kal</span> <span class='ocrx_word' id='word_1_205' title='bbox 3782 1384 3866 1435; x_wconf 71' lang='lat' dir='ltr'>ivi-</span> 
     </span>
    </p>
   </div>
   <div class='ocr_carea' id='block_1_30' title="bbox 2296 1481 3866 1561">
    <p class='ocr_par' dir='ltr' id='par_1_30' title="bbox 2296 1481 3866 1561">
     <span class='ocr_line' id='line_1_30' title="bbox 2296 1481 3866 1561; baseline -0.002 -24"><span class='ocrx_word' id='word_1_206' title='bbox 2296 1504 2392 1538; x_wconf 90' lang='grc' dir='ltr'>στα</span> <span class='ocrx_word' id='word_1_207' title='bbox 2442 1484 2499 1539; x_wconf 83' lang='grc' dir='ltr'>ἐκ</span> <span class='ocrx_word' id='word_1_208' title='bbox 2552 1490 2658 1540; x_wconf 73' lang='grc' dir='ltr'>τῶν</span> <span class='ocrx_word' id='word_1_209' title='bbox 2693 1489 2913 1561; x_wconf 76' lang='grc' dir='ltr'>νεκρῶν.</span> <span class='ocrx_word' id='word_1_210' title='bbox 2967 1510 2993 1537; x_wconf 88' lang='grc'><strong>››</strong></span> <span class='ocrx_word' id='word_1_211' title='bbox 3052 1490 3246 1539; x_wconf 84' lang='grc' dir='ltr'>Ἔασον</span> <span class='ocrx_word' id='word_1_212' title='bbox 3311 1484 3444 1538; x_wconf 76' lang='grc' dir='ltr'>αὒτὰ</span> <span class='ocrx_word' id='word_1_213' title='bbox 3499 1482 3649 1557; x_wconf 79' lang='grc' dir='ltr'>νεκρᾶ</span> <span class='ocrx_word' id='word_1_214' title='bbox 3696 1481 3769 1536; x_wconf 79' lang='grc' dir='ltr'>καὶ</span> <span class='ocrx_word' id='word_1_215' title='bbox 3810 1484 3866 1534; x_wconf 72' lang='grc' dir='ltr'>αἲ-</span> 
     </span>
    </p>
   </div>
   <div class='ocr_carea' id='block_1_31' title="bbox 2296 1568 3870 1657">
    <p class='ocr_par' dir='ltr' id='par_1_31' title="bbox 2296 1568 3870 1657">
     <span class='ocr_line' id='line_1_31' title="bbox 2296 1568 3870 1657; baseline -0.003 -27"><span class='ocrx_word' id='word_1_216' title='bbox 2296 1577 2439 1652; x_wconf 76' lang='grc' dir='ltr'>σχρὰ</span> <span class='ocrx_word' id='word_1_217' title='bbox 2464 1576 2641 1639; x_wconf 69' lang='grc' dir='ltr'>καθώς</span> <span class='ocrx_word' id='word_1_218' title='bbox 2677 1576 2780 1632; x_wconf 79' lang='grc' dir='ltr'>εἶσι</span> <span class='ocrx_word' id='word_1_219' title='bbox 2814 1568 3223 1657; x_wconf 58' lang='grc' dir='ltr'>φανερωθῆναι.</span> <span class='ocrx_word' id='word_1_220' title='bbox 3286 1576 3391 1631; x_wconf 82' lang='grc' dir='ltr'>Καὶ</span> <span class='ocrx_word' id='word_1_221' title='bbox 3453 1571 3517 1628; x_wconf 81' lang='grc' dir='ltr'>ἂν</span> <span class='ocrx_word' id='word_1_222' title='bbox 3568 1577 3717 1628; x_wconf 82' lang='grc' dir='ltr'>ταῦτα</span> <span class='ocrx_word' id='word_1_223' title='bbox 3756 1570 3870 1647; x_wconf 68' lang='grc' dir='ltr'>γίνη-</span> 
     </span>
    </p>
   </div>
   <div class='ocr_carea' id='block_1_32' title="bbox 2292 1660 3870 1743">
    <p class='ocr_par' dir='ltr' id='par_1_32' title="bbox 2292 1660 3870 1743">
     <span class='ocr_line' id='line_1_32' title="bbox 2292 1660 3870 1743; baseline -0.003 -24"><span class='ocrx_word' id='word_1_224' title='bbox 2292 1685 2403 1733; x_wconf 82' lang='grc' dir='ltr'>ται,</span> <span class='ocrx_word' id='word_1_225' title='bbox 2435 1664 2715 1743; x_wconf 63' lang='grc' dir='ltr'>ἐπιφαύσει</span> <span class='ocrx_word' id='word_1_226' title='bbox 2748 1686 2832 1720; x_wconf 90' lang='grc' dir='ltr'>σοι</span> <span class='ocrx_word' id='word_1_227' title='bbox 2886 1666 3008 1720; x_wconf 79' lang='grc' dir='ltr'>τότε</span> <span class='ocrx_word' id='word_1_228' title='bbox 3048 1664 3138 1719; x_wconf 80' lang='grc' dir='ltr'>καὶ</span> <span class='ocrx_word' id='word_1_229' title='bbox 3190 1663 3418 1743; x_wconf 67' lang='grc' dir='ltr'>φωτίσει</span> <span class='ocrx_word' id='word_1_230' title='bbox 3471 1662 3559 1717; x_wconf 79' lang='grc' dir='ltr'>καὶ</span> <span class='ocrx_word' id='word_1_231' title='bbox 3615 1660 3870 1735; x_wconf 63' lang='grc' dir='ltr'>καταυγὼτει</span> 
     </span>
    </p>
   </div>
   <div class='ocr_carea' id='block_1_33' title="bbox 2296 1749 3873 1831">
    <p class='ocr_par' dir='ltr' id='par_1_33' title="bbox 2296 1749 3873 1831">
     <span class='ocr_line' id='line_1_33' title="bbox 2296 1749 3873 1831; baseline -0.004 -23"><span class='ocrx_word' id='word_1_232' title='bbox 2296 1775 2353 1808; x_wconf 89' lang='grc' dir='ltr'>σε</span> <span class='ocrx_word' id='word_1_233' title='bbox 2411 1755 2439 1808; x_wconf 96' lang='lat'>6</span> <span class='ocrx_word' id='word_1_234' title='bbox 2492 1755 2751 1829; x_wconf 82' lang='grc' dir='ltr'>Χριστὸς,</span> <span class='ocrx_word' id='word_1_235' title='bbox 2809 1753 2948 1809; x_wconf 79' lang='grc' dir='ltr'>ὥστε</span> <span class='ocrx_word' id='word_1_236' title='bbox 3003 1754 3063 1809; x_wconf 87' lang='grc' dir='ltr'>τὸ</span> <span class='ocrx_word' id='word_1_237' title='bbox 3127 1752 3527 1831; x_wconf 71' lang='grc' dir='ltr'>φανερούμενον</span> <span class='ocrx_word' id='word_1_238' title='bbox 3585 1755 3690 1830; x_wconf 65' lang='grc' dir='ltr'>φῶς</span> <span class='ocrx_word' id='word_1_239' title='bbox 3725 1749 3873 1824; x_wconf 73' lang='grc' dir='ltr'>γίνεται</span> 
     </span>
    </p>
   </div>
   <div class='ocr_carea' id='block_1_34' title="bbox 544 1823 2199 1924">
    <p class='ocr_par' dir='ltr' id='par_1_34' title="bbox 544 1823 2185 1896">
     <span class='ocr_line' id='line_1_34' title="bbox 544 1823 2185 1896; baseline 0.001 -18"><span class='ocrx_word' id='word_1_240' title='bbox 544 1828 601 1878; x_wconf 90' lang='lat' dir='ltr'>et</span> <span class='ocrx_word' id='word_1_241' title='bbox 632 1823 1059 1877; x_wconf 83' lang='lat' dir='ltr'>illuminatur.«</span> <span class='ocrx_word' id='word_1_242' title='bbox 1084 1824 1533 1896; x_wconf 81' lang='lat' dir='ltr'>Exspergiscere</span> <span class='ocrx_word' id='word_1_243' title='bbox 1564 1825 1664 1895; x_wconf 87' lang='lat' dir='ltr'>qui</span> <span class='ocrx_word' id='word_1_244' title='bbox 1699 1823 1943 1880; x_wconf 87' lang='lat' dir='ltr'>dormis.</span> <span class='ocrx_word' id='word_1_245' title='bbox 1976 1847 2004 1875; x_wconf 84' lang='lat'><strong>»</strong></span> <span class='ocrx_word' id='word_1_246' title='bbox 2040 1826 2185 1879; x_wconf 83' lang='lat' dir='ltr'>Dor-</span> 
     </span>
    </p>
   </div>
   <div class='ocr_carea' id='block_1_35' title="bbox 2307 1823 3875 1924">
    <p class='ocr_par' dir='ltr' id='par_1_35' title="bbox 2307 1836 3875 1922">
     <span class='ocr_line' id='line_1_35' title="bbox 2307 1836 3875 1922; baseline -0.003 -24"><span class='ocrx_word' id='word_1_247' title='bbox 2307 1843 2384 1898; x_wconf 74' lang='grc' dir='ltr'>ιιαὶ</span> <span class='ocrx_word' id='word_1_248' title='bbox 2416 1844 2729 1922; x_wconf 71' lang='grc' dir='ltr'>φωτίζεται.</span> <span class='ocrx_word' id='word_1_249' title='bbox 2763 1869 2792 1897; x_wconf 77' lang='grc' dir='ltr'>ι(</span> <span class='ocrx_word' id='word_1_250' title='bbox 2829 1846 3059 1921; x_wconf 81' lang='grc' dir='ltr'>Ἔγειρε,</span> <span class='ocrx_word' id='word_1_251' title='bbox 3089 1845 3117 1897; x_wconf 92' lang='lat'>6</span> <span class='ocrx_word' id='word_1_252' title='bbox 3172 1839 3476 1900; x_wconf 66' lang='grc' dir='ltr'>καθεύδων,</span> <span class='ocrx_word' id='word_1_253' title='bbox 3521 1864 3548 1893; x_wconf 88' lang='grc'><strong>››</strong></span> <span class='ocrx_word' id='word_1_254' title='bbox 3612 1836 3875 1903; x_wconf 68' lang='grc' dir='ltr'>Καθεῦδοντα</span> 
     </span>
    </p>
   </div>
   <div class='ocr_carea' id='block_1_36' title="bbox 542 1910 2186 1984">
    <p class='ocr_par' dir='ltr' id='par_1_36' title="bbox 542 1910 2186 1984">
     <span class='ocr_line' id='line_1_36' title="bbox 542 1910 2186 1984; baseline 0.001 -18"><span class='ocrx_word' id='word_1_255' title='bbox 542 1912 825 1967; x_wconf 88' lang='lat' dir='ltr'>mientem</span> <span class='ocrx_word' id='word_1_256' title='bbox 860 1928 926 1966; x_wconf 90' lang='lat' dir='ltr'>ac</span> <span class='ocrx_word' id='word_1_257' title='bbox 954 1917 1250 1966; x_wconf 89' lang='lat' dir='ltr'>mortuum</span> <span class='ocrx_word' id='word_1_258' title='bbox 1273 1910 1566 1967; x_wconf 89' lang='lat' dir='ltr'>diciteum</span> <span class='ocrx_word' id='word_1_259' title='bbox 1599 1913 1698 1983; x_wconf 90' lang='lat' dir='ltr'>qui</span> <span class='ocrx_word' id='word_1_260' title='bbox 1718 1912 1777 1966; x_wconf 88' lang='lat' dir='ltr'>in</span> <span class='ocrx_word' id='word_1_261' title='bbox 1801 1914 2059 1984; x_wconf 83' lang='lat' dir='ltr'>peccatis</span> <span class='ocrx_word' id='word_1_262' title='bbox 2077 1918 2186 1983; x_wconf 92' lang='lat' dir='ltr'>est,</span> 
     </span>
    </p>
   </div>
   <div class='ocr_carea' id='block_1_37' title="bbox 544 2000 2189 2073">
    <p class='ocr_par' dir='ltr' id='par_1_37' title="bbox 544 2000 2189 2073">
     <span class='ocr_line' id='line_1_37' title="bbox 544 2000 2189 2073; baseline 0.001 -17"><span class='ocrx_word' id='word_1_263' title='bbox 544 2001 776 2058; x_wconf 85' lang='lat' dir='ltr'>Etenim</span> <span class='ocrx_word' id='word_1_264' title='bbox 826 2000 1181 2073; x_wconf 85' lang='lat' dir='ltr'>exspergisci</span> <span class='ocrx_word' id='word_1_265' title='bbox 1214 2017 1336 2055; x_wconf 90' lang='lat' dir='ltr'>non</span> <span class='ocrx_word' id='word_1_266' title='bbox 1358 2006 1554 2072; x_wconf 88' lang='lat' dir='ltr'>potest</span> <span class='ocrx_word' id='word_1_267' title='bbox 1582 2001 1655 2056; x_wconf 87' lang='lat' dir='ltr'>ad</span> <span class='ocrx_word' id='word_1_268' title='bbox 1688 2001 1748 2055; x_wconf 88' lang='lat' dir='ltr'>id</span> <span class='ocrx_word' id='word_1_269' title='bbox 1780 2001 1939 2073; x_wconf 89' lang='lat' dir='ltr'>quod</span> <span class='ocrx_word' id='word_1_270' title='bbox 1968 2002 2189 2057; x_wconf 89' lang='lat' dir='ltr'>bonum</span> 
     </span>
    </p>
   </div>
   <div class='ocr_carea' id='block_1_38' title="bbox 548 2089 2192 2164">
    <p class='ocr_par' dir='ltr' id='par_1_38' title="bbox 548 2089 2192 2164">
     <span class='ocr_line' id='line_1_38' title="bbox 548 2089 2192 2164; baseline 0 -19"><span class='ocrx_word' id='word_1_271' title='bbox 548 2096 655 2155; x_wconf 84' lang='lat' dir='ltr'>est,</span> <span class='ocrx_word' id='word_1_272' title='bbox 687 2089 866 2143; x_wconf 82' lang='lat' dir='ltr'>veluti</span> <span class='ocrx_word' id='word_1_273' title='bbox 898 2096 1168 2144; x_wconf 89' lang='lat' dir='ltr'>mortuus</span> <span class='ocrx_word' id='word_1_274' title='bbox 1195 2106 1207 2155; x_wconf 93' lang='lat'><strong>;</strong></span> <span class='ocrx_word' id='word_1_275' title='bbox 1232 2090 1515 2161; x_wconf 87' lang='lat' dir='ltr'>variaque</span> <span class='ocrx_word' id='word_1_276' title='bbox 1547 2090 2105 2164; x_wconf 86' lang='lat' dir='ltr'>imaginatur,sicuti</span> <span class='ocrx_word' id='word_1_277' title='bbox 2141 2092 2192 2145; x_wconf 89' lang='lat' dir='ltr'>is</span> 
     </span>
    </p>
   </div>
   <div class='ocr_carea' id='block_1_39' title="bbox 549 2177 2193 2251">
    <p class='ocr_par' dir='ltr' id='par_1_39' title="bbox 549 2177 2193 2251">
     <span class='ocr_line' id='line_1_39' title="bbox 549 2177 2193 2251; baseline -0.001 -16"><span class='ocrx_word' id='word_1_278' title='bbox 549 2181 648 2251; x_wconf 89' lang='lat' dir='ltr'>qui</span> <span class='ocrx_word' id='word_1_279' title='bbox 707 2179 928 2234; x_wconf 88' lang='lat' dir='ltr'>dormit</span> <span class='ocrx_word' id='word_1_280' title='bbox 977 2194 989 2232; x_wconf 92' lang='lat'><strong>:</strong></span> <span class='ocrx_word' id='word_1_281' title='bbox 1035 2194 1392 2250; x_wconf 88' lang='lat' dir='ltr'>rursumque</span> <span class='ocrx_word' id='word_1_282' title='bbox 1445 2177 1728 2233; x_wconf 83' lang='lat' dir='ltr'>deformis</span> <span class='ocrx_word' id='word_1_283' title='bbox 1776 2184 1867 2233; x_wconf 91' lang='lat' dir='ltr'>est</span> <span class='ocrx_word' id='word_1_284' title='bbox 1912 2195 1978 2234; x_wconf 89' lang='lat' dir='ltr'>ac</span> <span class='ocrx_word' id='word_1_285' title='bbox 2034 2180 2193 2250; x_wconf 82' lang='lat' dir='ltr'>gravi</span> 
     </span>
    </p>
   </div>
   <div class='ocr_carea' id='block_1_40' title="bbox 487 2267 2192 2341">
    <p class='ocr_par' dir='ltr' id='par_1_40' title="bbox 487 2267 2192 2341">
     <span class='ocr_line' id='line_1_40' title="bbox 487 2267 2192 2341; baseline -0.001 -16"><span class='ocrx_word' id='word_1_286' title='bbox 487 2276 491 2285; x_wconf 87' lang='lat'><strong><em>&#39;</em></strong></span> <span class='ocrx_word' id='word_1_287' title='bbox 547 2269 728 2325; x_wconf 90' lang='lat' dir='ltr'>odore</span> <span class='ocrx_word' id='word_1_288' title='bbox 758 2268 997 2341; x_wconf 77' lang='lat' dir='ltr'>plenus,</span> <span class='ocrx_word' id='word_1_289' title='bbox 1027 2267 1207 2322; x_wconf 89' lang='lat' dir='ltr'>veluti</span> <span class='ocrx_word' id='word_1_290' title='bbox 1241 2273 1533 2323; x_wconf 88' lang='lat' dir='ltr'>mortuus.</span> <span class='ocrx_word' id='word_1_291' title='bbox 1570 2290 1597 2317; x_wconf 90' lang='grc'><em>‹‹</em></span> <span class='ocrx_word' id='word_1_292' title='bbox 1633 2270 1703 2323; x_wconf 89' lang='lat' dir='ltr'>Et</span> <span class='ocrx_word' id='word_1_293' title='bbox 1750 2268 2192 2324; x_wconf 88' lang='lat' dir='ltr'>illuminabitte</span> 
     </span>
    </p>
   </div>
   <div class='ocr_carea' id='block_1_41' title="bbox 549 2356 2196 2429">
    <p class='ocr_par' dir='ltr' id='par_1_41' title="bbox 549 2356 2196 2429">
     <span class='ocr_line' id='line_1_41' title="bbox 549 2356 2196 2429; baseline -0.001 -15"><span class='ocrx_word' id='word_1_294' title='bbox 549 2360 837 2415; x_wconf 84' lang='lat' dir='ltr'>Christus.</span> <span class='ocrx_word' id='word_1_295' title='bbox 874 2378 898 2408; x_wconf 76' lang='grc' dir='ltr'>ν</span> <span class='ocrx_word' id='word_1_296' title='bbox 932 2356 1097 2421; x_wconf 86' lang='lat' dir='ltr'>Quod</span> <span class='ocrx_word' id='word_1_297' title='bbox 1127 2362 1327 2412; x_wconf 85' lang='lat' dir='ltr'>autem</span> <span class='ocrx_word' id='word_1_298' title='bbox 1360 2356 1410 2411; x_wconf 92' lang='lat' dir='ltr'>is</span> <span class='ocrx_word' id='word_1_299' title='bbox 1458 2357 1560 2428; x_wconf 90' lang='lat' dir='ltr'>qui</span> <span class='ocrx_word' id='word_1_300' title='bbox 1592 2363 1860 2413; x_wconf 82' lang='lat' dir='ltr'>versatur</span> <span class='ocrx_word' id='word_1_301' title='bbox 1903 2359 1963 2412; x_wconf 91' lang='lat' dir='ltr'>in</span> <span class='ocrx_word' id='word_1_302' title='bbox 1993 2374 2196 2429; x_wconf 88' lang='lat' dir='ltr'>pecca-</span> 
     </span>
    </p>
   </div>
   <div class='ocr_carea' id='block_1_42' title="bbox 553 2445 2193 2518">
    <p class='ocr_par' dir='ltr' id='par_1_42' title="bbox 553 2445 2193 2518">
     <span class='ocr_line' id='line_1_42' title="bbox 553 2445 2193 2518; baseline -0.001 -15"><span class='ocrx_word' id='word_1_303' title='bbox 553 2451 628 2505; x_wconf 92' lang='lat' dir='ltr'>tis</span> <span class='ocrx_word' id='word_1_304' title='bbox 651 2449 726 2503; x_wconf 88' lang='lat' dir='ltr'>sit</span> <span class='ocrx_word' id='word_1_305' title='bbox 750 2445 1007 2502; x_wconf 73' lang='lat' dir='ltr'>tenebrze</span> <span class='ocrx_word' id='word_1_306' title='bbox 1022 2445 1155 2501; x_wconf 91' lang='lat' dir='ltr'>audi</span> <span class='ocrx_word' id='word_1_307' title='bbox 1174 2462 1290 2516; x_wconf 89' lang='lat' dir='ltr'>quo</span> <span class='ocrx_word' id='word_1_308' title='bbox 1327 2446 1504 2501; x_wconf 90' lang='lat' dir='ltr'>modo</span> <span class='ocrx_word' id='word_1_309' title='bbox 1543 2447 1740 2518; x_wconf 91' lang='lat' dir='ltr'>ipsum</span> <span class='ocrx_word' id='word_1_310' title='bbox 1761 2448 2027 2518; x_wconf 87' lang='lat' dir='ltr'>Scriptur</span> <span class='ocrx_word' id='word_1_311' title='bbox 2055 2448 2193 2502; x_wconf 81' lang='lat' dir='ltr'>dor—</span> 
     </span>
    </p>
   </div>
   <div class='ocr_carea' id='block_1_43' title="bbox 554 2536 2194 2607">
    <p class='ocr_par' dir='ltr' id='par_1_43' title="bbox 554 2536 2194 2607">
     <span class='ocr_line' id='line_1_43' title="bbox 554 2536 2194 2607; baseline -0.001 -15"><span class='ocrx_word' id='word_1_312' title='bbox 554 2538 837 2593; x_wconf 84' lang='lat' dir='ltr'>mientem</span> <span class='ocrx_word' id='word_1_313' title='bbox 890 2551 957 2590; x_wconf 91' lang='lat' dir='ltr'>ac</span> <span class='ocrx_word' id='word_1_314' title='bbox 982 2540 1283 2590; x_wconf 88' lang='lat' dir='ltr'>mortuum</span> <span class='ocrx_word' id='word_1_315' title='bbox 1306 2541 1473 2590; x_wconf 83' lang='lat' dir='ltr'>vocet</span> <span class='ocrx_word' id='word_1_316' title='bbox 1506 2552 1517 2589; x_wconf 89' lang='lat'>:</span> <span class='ocrx_word' id='word_1_317' title='bbox 1544 2542 1602 2589; x_wconf 90' lang='lat' dir='ltr'>et</span> <span class='ocrx_word' id='word_1_318' title='bbox 1641 2536 1797 2606; x_wconf 88' lang='lat' dir='ltr'>quod</span> <span class='ocrx_word' id='word_1_319' title='bbox 1819 2552 2194 2607; x_wconf 81' lang='lat' dir='ltr'>nequaquam</span> 
     </span>
    </p>
   </div>
   <div class='ocr_carea' id='block_1_44' title="bbox 556 2624 2199 2696">
    <p class='ocr_par' dir='ltr' id='par_1_44' title="bbox 556 2624 2199 2696">
     <span class='ocr_line' id='line_1_44' title="bbox 556 2624 2199 2696; baseline -0.001 -14"><span class='ocrx_word' id='word_1_320' title='bbox 556 2628 673 2682; x_wconf 89' lang='lat' dir='ltr'>alio</span> <span class='ocrx_word' id='word_1_321' title='bbox 706 2626 883 2682; x_wconf 92' lang='lat' dir='ltr'>modo</span> <span class='ocrx_word' id='word_1_322' title='bbox 908 2624 1629 2696; x_wconf 89' lang='lat' dir='ltr'>possitillumilluminare</span> <span class='ocrx_word' id='word_1_323' title='bbox 1652 2625 2199 2693; x_wconf 86' lang='lat' dir='ltr'>Christus,nisices-</span> 
     </span>
    </p>
   </div>
   <div class='ocr_carea' id='block_1_45' title="bbox 557 2714 2195 2789">
    <p class='ocr_par' dir='ltr' id='par_1_45' title="bbox 557 2714 2195 2789">
     <span class='ocr_line' id='line_1_45' title="bbox 557 2714 2195 2789; baseline -0.001 -17"><span class='ocrx_word' id='word_1_324' title='bbox 557 2724 647 2774; x_wconf 88' lang='lat' dir='ltr'>set</span> <span class='ocrx_word' id='word_1_325' title='bbox 674 2734 707 2772; x_wconf 90' lang='lat' dir='ltr'>a</span> <span class='ocrx_word' id='word_1_326' title='bbox 734 2724 995 2789; x_wconf 85' lang='lat' dir='ltr'>peccato.</span> <span class='ocrx_word' id='word_1_327' title='bbox 1055 2715 1470 2787; x_wconf 82' lang='lat' dir='ltr'>Expergisccre</span> <span class='ocrx_word' id='word_1_328' title='bbox 1497 2715 1679 2781; x_wconf 89' lang='lat' dir='ltr'>enim,</span> <span class='ocrx_word' id='word_1_329' title='bbox 1712 2714 1825 2769; x_wconf 89' lang='lat' dir='ltr'>hoc</span> <span class='ocrx_word' id='word_1_330' title='bbox 1856 2720 1963 2779; x_wconf 90' lang='lat' dir='ltr'>est,</span> <span class='ocrx_word' id='word_1_331' title='bbox 1999 2715 2195 2781; x_wconf 91' lang='lat' dir='ltr'>Cessa,</span> 
     </span>
    </p>
   </div>
   <div class='ocr_carea' id='block_1_46' title="bbox 555 2802 2197 2878">
    <p class='ocr_par' dir='ltr' id='par_1_46' title="bbox 555 2802 2197 2878">
     <span class='ocr_line' id='line_1_46' title="bbox 555 2802 2197 2878; baseline -0.001 -19"><span class='ocrx_word' id='word_1_332' title='bbox 555 2805 955 2878; x_wconf 75' lang='lat' dir='ltr'>quiesce.llmc</span> <span class='ocrx_word' id='word_1_333' title='bbox 976 2809 1035 2860; x_wconf 87' lang='lat' dir='ltr'>et</span> <span class='ocrx_word' id='word_1_334' title='bbox 1055 2803 1125 2860; x_wconf 89' lang='lat' dir='ltr'>ad</span> <span class='ocrx_word' id='word_1_335' title='bbox 1158 2802 1432 2858; x_wconf 80' lang='lat' dir='ltr'>inﬁdeles</span> <span class='ocrx_word' id='word_1_336' title='bbox 1450 2803 1550 2859; x_wconf 80' lang='lat'><strong>50</strong></span> <span class='ocrx_word' id='word_1_337' title='bbox 1581 2808 1639 2857; x_wconf 89' lang='lat' dir='ltr'>et</span> <span class='ocrx_word' id='word_1_338' title='bbox 1658 2802 1732 2858; x_wconf 92' lang='lat' dir='ltr'>ad</span> <span class='ocrx_word' id='word_1_339' title='bbox 1764 2802 2073 2859; x_wconf 88' lang='lat' dir='ltr'>credentes</span> <span class='ocrx_word' id='word_1_340' title='bbox 2096 2804 2197 2874; x_wconf 88' lang='lat' dir='ltr'>qui</span> 
     </span>
    </p>
   </div>
   <div class='ocr_carea' id='block_1_47' title="bbox 554 2892 2196 2967">
    <p class='ocr_par' dir='ltr' id='par_1_47' title="bbox 554 2892 2196 2967">
     <span class='ocr_line' id='line_1_47' title="bbox 554 2892 2196 2967; baseline -0.002 -17"><span class='ocrx_word' id='word_1_341' title='bbox 554 2898 615 2950; x_wconf 93' lang='lat' dir='ltr'>in</span> <span class='ocrx_word' id='word_1_342' title='bbox 647 2895 903 2966; x_wconf 88' lang='lat' dir='ltr'>peccatis</span> <span class='ocrx_word' id='word_1_343' title='bbox 926 2900 1065 2950; x_wconf 89' lang='lat' dir='ltr'>sunt</span> <span class='ocrx_word' id='word_1_344' title='bbox 1085 2892 1759 2967; x_wconf 85' lang='lat' dir='ltr'>aptantur.llluminabit</span> <span class='ocrx_word' id='word_1_345' title='bbox 1779 2893 2063 2961; x_wconf 83' lang='lat' dir='ltr'>autem,id</span> <span class='ocrx_word' id='word_1_346' title='bbox 2088 2898 2196 2962; x_wconf 85' lang='lat' dir='ltr'>est,</span> 
     </span>
    </p>
   </div>
   <div class='ocr_carea' id='block_1_48' title="bbox 555 2984 899 3041">
    <p class='ocr_par' dir='ltr' id='par_1_48' title="bbox 555 2984 899 3041">
     <span class='ocr_line' id='line_1_48' title="bbox 555 2984 899 3041; baseline -0.006 0"><span class='ocrx_word' id='word_1_347' title='bbox 555 2984 899 3041; x_wconf 87' lang='lat' dir='ltr'>illustrabit.</span> 
     </span>
    </p>
   </div>
   <div class='ocr_carea' id='block_1_49' title="bbox 628 3073 2199 3147">
    <p class='ocr_par' dir='ltr' id='par_1_49' title="bbox 628 3073 2199 3147">
     <span class='ocr_line' id='line_1_49' title="bbox 628 3073 2199 3147; baseline -0.001 -18"><span class='ocrx_word' id='word_1_348' title='bbox 628 3076 693 3143; x_wconf 86' lang='lat' dir='ltr'><strong>V,</strong></span> <span class='ocrx_word' id='word_1_349' title='bbox 728 3077 917 3129; x_wconf 61' lang='lat'>15.21.</span> <span class='ocrx_word' id='word_1_350' title='bbox 955 3095 979 3126; x_wconf 77' lang='grc' dir='ltr'>α</span> <span class='ocrx_word' id='word_1_351' title='bbox 1017 3073 1216 3129; x_wconf 77' lang='lat' dir='ltr'>Videte</span> <span class='ocrx_word' id='word_1_352' title='bbox 1243 3074 1421 3147; x_wconf 86' lang='lat' dir='ltr'>igitur</span> <span class='ocrx_word' id='word_1_353' title='bbox 1440 3074 1739 3146; x_wconf 89' lang='lat' dir='ltr'>quomodo</span> <span class='ocrx_word' id='word_1_354' title='bbox 1772 3074 2199 3146; x_wconf 89' lang='lat' dir='ltr'>circumspecte</span> 
     </span>
    </p>
   </div>
   <div class='ocr_carea' id='block_1_50' title="bbox 564 3162 2199 3235">
    <p class='ocr_par' dir='ltr' id='par_1_50' title="bbox 564 3162 2199 3235">
     <span class='ocr_line' id='line_1_50' title="bbox 564 3162 2199 3235; baseline 0 -18"><span class='ocrx_word' id='word_1_355' title='bbox 564 3185 591 3217; x_wconf 73' lang='grc' dir='ltr'>α</span> <span class='ocrx_word' id='word_1_356' title='bbox 610 3163 927 3220; x_wconf 85' lang='lat' dir='ltr'>ambuletis</span> <span class='ocrx_word' id='word_1_357' title='bbox 944 3179 957 3217; x_wconf 89' lang='lat'>:</span> <span class='ocrx_word' id='word_1_358' title='bbox 973 3179 1092 3218; x_wconf 93' lang='lat' dir='ltr'>non</span> <span class='ocrx_word' id='word_1_359' title='bbox 1108 3168 1174 3218; x_wconf 93' lang='lat' dir='ltr'>ut</span> <span class='ocrx_word' id='word_1_360' title='bbox 1193 3162 1544 3235; x_wconf 90' lang='lat' dir='ltr'>insipientes</span> <span class='ocrx_word' id='word_1_361' title='bbox 1566 3162 1669 3217; x_wconf 90' lang='lat' dir='ltr'>sed</span> <span class='ocrx_word' id='word_1_362' title='bbox 1687 3168 1753 3216; x_wconf 92' lang='lat' dir='ltr'>ut</span> <span class='ocrx_word' id='word_1_363' title='bbox 1773 3163 2090 3234; x_wconf 82' lang='lat' dir='ltr'>sapientes:</span> <span class='ocrx_word' id='word_1_364' title='bbox 2110 3177 2199 3217; x_wconf 89' lang='lat' dir='ltr'>re-</span> 
     </span>
    </p>
   </div>
   <div class='ocr_carea' id='block_1_51' title="bbox 560 3220 2287 3325">
    <p class='ocr_par' dir='ltr' id='par_1_51' title="bbox 560 3220 2287 3325">
     <span class='ocr_line' id='line_1_51' title="bbox 560 3220 2287 3325; baseline -0.002 -16"><span class='ocrx_word' id='word_1_365' title='bbox 560 3278 587 3304; x_wconf 87' lang='grc'>‹‹</span> <span class='ocrx_word' id='word_1_366' title='bbox 613 3220 1337 3325; x_wconf 80' lang='lat' dir='ltr'>din1entestempus,quod</span> <span class='ocrx_word' id='word_1_367' title='bbox 1354 3252 1478 3308; x_wconf 91' lang='lat' dir='ltr'>dies</span> <span class='ocrx_word' id='word_1_368' title='bbox 1492 3252 1631 3308; x_wconf 90' lang='lat' dir='ltr'>mali</span> <span class='ocrx_word' id='word_1_369' title='bbox 1651 3220 2202 3325; x_wconf 64' lang='lat' dir='ltr'>sint.Proptereane</span> <span class='ocrx_word' id='word_1_370' title='bbox 2244 3220 2287 3287; x_wconf 68' lang='grc' dir='ltr'>Ο</span> 
     </span>
    </p>
   </div>
   <div class='ocr_carea' id='block_1_52' title="bbox 558 3341 2205 3414">
    <p class='ocr_par' dir='ltr' id='par_1_52' title="bbox 558 3341 2205 3414">
     <span class='ocr_line' id='line_1_52' title="bbox 558 3341 2205 3414; baseline 0.002 -21"><span class='ocrx_word' id='word_1_371' title='bbox 558 3367 585 3393; x_wconf 90' lang='grc'>‹‹</span> <span class='ocrx_word' id='word_1_372' title='bbox 611 3343 738 3399; x_wconf 90' lang='lat' dir='ltr'>sitis</span> <span class='ocrx_word' id='word_1_373' title='bbox 764 3342 1304 3414; x_wconf 85' lang='lat' dir='ltr'>imprudentes,sed</span> <span class='ocrx_word' id='word_1_374' title='bbox 1324 3342 1727 3413; x_wconf 80' lang='lat' dir='ltr'>intelligentes</span> <span class='ocrx_word' id='word_1_375' title='bbox 1751 3358 1881 3413; x_wconf 78' lang='lat' dir='ltr'>qum</span> <span class='ocrx_word' id='word_1_376' title='bbox 1905 3341 2205 3397; x_wconf 88' lang='lat' dir='ltr'>sitvolun-</span> 
     </span>
    </p>
   </div>
   <div class='ocr_carea' id='block_1_53' title="bbox 558 3430 2212 3502">
    <p class='ocr_par' dir='ltr' id='par_1_53' title="bbox 558 3430 2212 3502">
     <span class='ocr_line' id='line_1_53' title="bbox 558 3430 2212 3502; baseline 0.002 -21"><span class='ocrx_word' id='word_1_377' title='bbox 558 3456 584 3482; x_wconf 76' lang='grc' dir='ltr'>α</span> <span class='ocrx_word' id='word_1_378' title='bbox 607 3437 699 3486; x_wconf 85' lang='lat' dir='ltr'>tas</span> <span class='ocrx_word' id='word_1_379' title='bbox 723 3432 1053 3486; x_wconf 87' lang='lat' dir='ltr'>Domini.Et</span> <span class='ocrx_word' id='word_1_380' title='bbox 1084 3448 1157 3485; x_wconf 91' lang='lat' dir='ltr'>ne</span> <span class='ocrx_word' id='word_1_381' title='bbox 1184 3430 1563 3485; x_wconf 89' lang='lat' dir='ltr'>inebriemini</span> <span class='ocrx_word' id='word_1_382' title='bbox 1587 3431 1722 3485; x_wconf 85' lang='lat' dir='ltr'>vino</span> <span class='ocrx_word' id='word_1_383' title='bbox 1745 3431 1805 3484; x_wconf 91' lang='lat' dir='ltr'>in</span> <span class='ocrx_word' id='word_1_384' title='bbox 1827 3448 1942 3502; x_wconf 89' lang='lat' dir='ltr'>quo</span> <span class='ocrx_word' id='word_1_385' title='bbox 1970 3430 2212 3486; x_wconf 82' lang='lat' dir='ltr'>lascivia</span> 
     </span>
    </p>
   </div>
   <div class='ocr_carea' id='block_1_54' title="bbox 567 3518 2215 3592">
    <p class='ocr_par' dir='ltr' id='par_1_54' title="bbox 567 3518 2215 3592">
     <span class='ocr_line' id='line_1_54' title="bbox 567 3518 2215 3592; baseline 0.002 -21"><span class='ocrx_word' id='word_1_386' title='bbox 567 3544 587 3571; x_wconf 76' lang='grc' dir='ltr'>ι</span> <span class='ocrx_word' id='word_1_387' title='bbox 618 3525 707 3576; x_wconf 89' lang='lat' dir='ltr'>est</span> <span class='ocrx_word' id='word_1_388' title='bbox 732 3538 744 3574; x_wconf 89' lang='lat'><strong>:</strong></span> <span class='ocrx_word' id='word_1_389' title='bbox 774 3518 1265 3590; x_wconf 84' lang='lat' dir='ltr'>sedimpleamini</span> <span class='ocrx_word' id='word_1_390' title='bbox 1291 3519 1523 3589; x_wconf 87' lang='lat' dir='ltr'>spiritu,</span> <span class='ocrx_word' id='word_1_391' title='bbox 1545 3520 1857 3590; x_wconf 88' lang='lat' dir='ltr'>loquentes</span> <span class='ocrx_word' id='word_1_392' title='bbox 1881 3520 2045 3574; x_wconf 84' lang='lat' dir='ltr'>vobis</span> <span class='ocrx_word' id='word_1_393' title='bbox 2068 3520 2215 3592; x_wconf 86' lang='lat' dir='ltr'>ipsis</span> 
     </span>
    </p>
   </div>
   <div class='ocr_carea' id='block_1_55' title="bbox 572 3607 2212 3682">
    <p class='ocr_par' dir='ltr' id='par_1_55' title="bbox 572 3607 2212 3682">
     <span class='ocr_line' id='line_1_55' title="bbox 572 3607 2212 3682; baseline 0.001 -21"><span class='ocrx_word' id='word_1_394' title='bbox 572 3633 593 3661; x_wconf 75' lang='grc' dir='ltr'>ι</span> <span class='ocrx_word' id='word_1_395' title='bbox 623 3626 731 3682; x_wconf 90' lang='lat' dir='ltr'>per</span> <span class='ocrx_word' id='word_1_396' title='bbox 758 3609 1020 3681; x_wconf 88' lang='lat' dir='ltr'>psalmos</span> <span class='ocrx_word' id='word_1_397' title='bbox 1053 3613 1112 3663; x_wconf 90' lang='lat' dir='ltr'>et</span> <span class='ocrx_word' id='word_1_398' title='bbox 1133 3607 1386 3678; x_wconf 84' lang='lat' dir='ltr'>hymnos</span> <span class='ocrx_word' id='word_1_399' title='bbox 1409 3612 1468 3662; x_wconf 89' lang='lat' dir='ltr'>et</span> <span class='ocrx_word' id='word_1_400' title='bbox 1497 3608 1806 3662; x_wconf 83' lang='lat' dir='ltr'>cautiones</span> <span class='ocrx_word' id='word_1_401' title='bbox 1841 3609 2212 3679; x_wconf 86' lang='lat' dir='ltr'>spirituales:</span> 
     </span>
    </p>
   </div>
   <div class='ocr_carea' id='block_1_56' title="bbox 573 3697 2211 3769">
    <p class='ocr_par' dir='ltr' id='par_1_56' title="bbox 573 3697 2211 3769">
     <span class='ocr_line' id='line_1_56' title="bbox 573 3697 2211 3769; baseline -0.002 -12"><span class='ocrx_word' id='word_1_402' title='bbox 573 3724 596 3751; x_wconf 80' lang='grc' dir='ltr'>ι</span> <span class='ocrx_word' id='word_1_403' title='bbox 633 3706 916 3757; x_wconf 86' lang='lat' dir='ltr'>canentes</span> <span class='ocrx_word' id='word_1_404' title='bbox 963 3714 1031 3753; x_wconf 89' lang='lat' dir='ltr'>ac</span> <span class='ocrx_word' id='word_1_405' title='bbox 1060 3698 1385 3769; x_wconf 88' lang='lat' dir='ltr'>psallentes</span> <span class='ocrx_word' id='word_1_406' title='bbox 1418 3698 1479 3752; x_wconf 88' lang='lat' dir='ltr'>in</span> <span class='ocrx_word' id='word_1_407' title='bbox 1513 3697 1689 3752; x_wconf 89' lang='lat' dir='ltr'>corde</span> <span class='ocrx_word' id='word_1_408' title='bbox 1715 3705 1907 3753; x_wconf 83' lang='lat' dir='ltr'>vestro</span> <span class='ocrx_word' id='word_1_409' title='bbox 1937 3700 2211 3767; x_wconf 85' lang='lat' dir='ltr'>Domino,</span> 
     </span>
    </p>
   </div>
   <div class='ocr_carea' id='block_1_57' title="bbox 573 3785 2212 3864">
    <p class='ocr_par' dir='ltr' id='par_1_57' title="bbox 573 3785 2212 3864">
     <span class='ocr_line' id='line_1_57' title="bbox 573 3785 2212 3864; baseline 0.001 -23"><span class='ocrx_word' id='word_1_410' title='bbox 573 3814 602 3842; x_wconf 84' lang='lat'><strong>«</strong></span> <span class='ocrx_word' id='word_1_411' title='bbox 625 3790 843 3864; x_wconf 79' lang='lat' dir='ltr'>gratias</span> <span class='ocrx_word' id='word_1_412' title='bbox 874 3793 1111 3859; x_wconf 84' lang='lat' dir='ltr'>agentes</span> <span class='ocrx_word' id='word_1_413' title='bbox 1134 3802 1368 3857; x_wconf 85' lang='lat' dir='ltr'>semper</span> <span class='ocrx_word' id='word_1_414' title='bbox 1396 3785 1468 3842; x_wconf 89' lang='lat' dir='ltr'>de</span> <span class='ocrx_word' id='word_1_415' title='bbox 1517 3786 1798 3842; x_wconf 90' lang='lat' dir='ltr'>omnibus</span> <span class='ocrx_word' id='word_1_416' title='bbox 1854 3788 1915 3842; x_wconf 92' lang='lat' dir='ltr'>in</span> <span class='ocrx_word' id='word_1_417' title='bbox 1970 3788 2212 3843; x_wconf 88' lang='lat' dir='ltr'>nomine</span> 
     </span>
    </p>
   </div>
   <div class='ocr_carea' id='block_1_58' title="bbox 573 3876 2209 3935">
    <p class='ocr_par' dir='ltr' id='par_1_58' title="bbox 573 3876 2209 3935">
     <span class='ocr_line' id='line_1_58' title="bbox 573 3876 2209 3935; baseline 0 -4"><span class='ocrx_word' id='word_1_418' title='bbox 573 3878 859 3934; x_wconf 76' lang='lat' dir='ltr'>«Domini</span> <span class='ocrx_word' id='word_1_419' title='bbox 883 3876 1069 3931; x_wconf 90' lang='lat' dir='ltr'>nostri</span> <span class='ocrx_word' id='word_1_420' title='bbox 1099 3877 1236 3931; x_wconf 88' lang='lat' dir='ltr'>Jesu</span> <span class='ocrx_word' id='word_1_421' title='bbox 1258 3876 1475 3932; x_wconf 88' lang='lat' dir='ltr'>Christi</span> <span class='ocrx_word' id='word_1_422' title='bbox 1506 3878 1625 3932; x_wconf 93' lang='lat' dir='ltr'>Deo</span> <span class='ocrx_word' id='word_1_423' title='bbox 1670 3883 1729 3932; x_wconf 87' lang='lat' dir='ltr'>et</span> <span class='ocrx_word' id='word_1_424' title='bbox 1778 3878 1955 3935; x_wconf 88' lang='lat' dir='ltr'>Patri.</span> <span class='ocrx_word' id='word_1_425' title='bbox 1983 3876 2209 3931; x_wconf 84' lang='lat' dir='ltr'>Subditi</span> 
     </span>
    </p>
   </div>
   <div class='ocr_carea' id='block_1_59' title="bbox 571 3964 1819 4027">
    <p class='ocr_par' dir='ltr' id='par_1_59' title="bbox 571 3964 1819 4027">
     <span class='ocr_line' id='line_1_59' title="bbox 571 3964 1819 4027; baseline 0 -10"><span class='ocrx_word' id='word_1_426' title='bbox 571 3992 599 4018; x_wconf 87' lang='grc'><strong>‹‹</strong></span> <span class='ocrx_word' id='word_1_427' title='bbox 631 3966 890 4021; x_wconf 87' lang='lat' dir='ltr'>vicissim</span> <span class='ocrx_word' id='word_1_428' title='bbox 914 3965 1066 4027; x_wconf 83' lang='lat' dir='ltr'>alius</span> <span class='ocrx_word' id='word_1_429' title='bbox 1098 3964 1198 4020; x_wconf 91' lang='lat' dir='ltr'>alii</span> <span class='ocrx_word' id='word_1_430' title='bbox 1230 3982 1367 4022; x_wconf 89' lang='lat' dir='ltr'>cum</span> <span class='ocrx_word' id='word_1_431' title='bbox 1400 3966 1609 4021; x_wconf 89' lang='lat' dir='ltr'>timore</span> <span class='ocrx_word' id='word_1_432' title='bbox 1632 3966 1756 4021; x_wconf 91' lang='lat' dir='ltr'>Dei.</span> <span class='ocrx_word' id='word_1_433' title='bbox 1790 3989 1819 4017; x_wconf 85' lang='grc'>››</span> 
     </span>
    </p>
   </div>
   <div class='ocr_carea' id='block_1_60' title="bbox 636 4147 2206 4223">
    <p class='ocr_par' dir='ltr' id='par_1_60' title="bbox 636 4147 2206 4223">
     <span class='ocr_line' id='line_1_60' title="bbox 636 4147 2206 4223; baseline 0.006 -27"><span class='ocrx_word' id='word_1_434' title='bbox 636 4170 663 4197; x_wconf 76' lang='grc' dir='ltr'>ι(</span> <span class='ocrx_word' id='word_1_435' title='bbox 699 4147 900 4203; x_wconf 89' lang='lat' dir='ltr'>Videte</span> <span class='ocrx_word' id='word_1_436' title='bbox 932 4148 1126 4221; x_wconf 80' lang='lat' dir='ltr'>igitur.</span> <span class='ocrx_word' id='word_1_437' title='bbox 1155 4173 1175 4200; x_wconf 76' lang='grc' dir='ltr'><strong><em>ι</em></strong></span> <span class='ocrx_word' id='word_1_438' title='bbox 1210 4150 1354 4205; x_wconf 83' lang='lat' dir='ltr'>Oves</span> <span class='ocrx_word' id='word_1_439' title='bbox 1379 4149 1519 4204; x_wconf 89' lang='lat' dir='ltr'>estis</span> <span class='ocrx_word' id='word_1_440' title='bbox 1553 4150 1613 4204; x_wconf 91' lang='lat' dir='ltr'>in</span> <span class='ocrx_word' id='word_1_441' title='bbox 1662 4151 1855 4206; x_wconf 87' lang='lat' dir='ltr'>medio</span> <span class='ocrx_word' id='word_1_442' title='bbox 1909 4150 2206 4223; x_wconf 89' lang='lat' dir='ltr'>luporum,</span> 
     </span>
    </p>
   </div>
   <div class='ocr_carea' id='block_1_61' title="bbox 563 4237 2209 4311">
    <p class='ocr_par' dir='ltr' id='par_1_61' title="bbox 563 4237 2209 4311">
     <span class='ocr_line' id='line_1_61' title="bbox 563 4237 2209 4311; baseline 0.001 -18"><span class='ocrx_word' id='word_1_443' title='bbox 563 4237 695 4293; x_wconf 89' lang='lat' dir='ltr'>ideo</span> <span class='ocrx_word' id='word_1_444' title='bbox 729 4237 915 4292; x_wconf 81' lang='lat' dir='ltr'>multa</span> <span class='ocrx_word' id='word_1_445' title='bbox 935 4240 1209 4294; x_wconf 86' lang='lat' dir='ltr'>cautione</span> <span class='ocrx_word' id='word_1_446' title='bbox 1224 4255 1373 4310; x_wconf 88' lang='lat' dir='ltr'>opus</span> <span class='ocrx_word' id='word_1_447' title='bbox 1399 4244 1573 4293; x_wconf 87' lang='lat' dir='ltr'>estne</span> <span class='ocrx_word' id='word_1_448' title='bbox 1597 4240 1934 4311; x_wconf 85' lang='lat' dir='ltr'>suscipiatis</span> <span class='ocrx_word' id='word_1_449' title='bbox 1959 4241 2209 4296; x_wconf 90' lang='lat' dir='ltr'>inimici-</span> 
     </span>
    </p>
   </div>
   <div class='ocr_carea' id='block_1_62' title="bbox 561 4326 2205 4399">
    <p class='ocr_par' dir='ltr' id='par_1_62' title="bbox 561 4326 2205 4399">
     <span class='ocr_line' id='line_1_62' title="bbox 561 4326 2205 4399; baseline 0.002 -18"><span class='ocrx_word' id='word_1_450' title='bbox 561 4326 708 4383; x_wconf 89' lang='lat' dir='ltr'>tiam</span> <span class='ocrx_word' id='word_1_451' title='bbox 744 4327 855 4381; x_wconf 82' lang='lat' dir='ltr'>nisi</span> <span class='ocrx_word' id='word_1_452' title='bbox 888 4333 1128 4399; x_wconf 88' lang='lat' dir='ltr'>propter</span> <span class='ocrx_word' id='word_1_453' title='bbox 1185 4326 1690 4398; x_wconf 77' lang='lat' dir='ltr'>prmdicationem.</span> <span class='ocrx_word' id='word_1_454' title='bbox 1732 4351 1751 4375; x_wconf 84' lang='lat'><strong>-</strong></span> <span class='ocrx_word' id='word_1_455' title='bbox 1788 4330 1911 4383; x_wconf 83' lang='lat' dir='ltr'>Non</span> <span class='ocrx_word' id='word_1_456' title='bbox 1948 4335 2008 4383; x_wconf 88' lang='lat' dir='ltr'>ut</span> <span class='ocrx_word' id='word_1_457' title='bbox 2062 4330 2205 4384; x_wconf 91' lang='lat' dir='ltr'>insi-</span> 
     </span>
    </p>
   </div>
   <div class='ocr_carea' id='block_1_63' title="bbox 562 4415 2208 4490">
    <p class='ocr_par' dir='ltr' id='par_1_63' title="bbox 562 4415 2208 4490">
     <span class='ocr_line' id='line_1_63' title="bbox 562 4415 2208 4490; baseline 0.001 -19"><span class='ocrx_word' id='word_1_458' title='bbox 562 4418 817 4490; x_wconf 90' lang='lat' dir='ltr'>pientes.</span> <span class='ocrx_word' id='word_1_459' title='bbox 854 4438 881 4464; x_wconf 81' lang='lat'><strong>»</strong></span> <span class='ocrx_word' id='word_1_460' title='bbox 914 4415 1221 4487; x_wconf 89' lang='lat' dir='ltr'>Sapientes</span> <span class='ocrx_word' id='word_1_461' title='bbox 1251 4416 1409 4470; x_wconf 91' lang='lat' dir='ltr'>enim</span> <span class='ocrx_word' id='word_1_462' title='bbox 1462 4422 1681 4470; x_wconf 90' lang='lat' dir='ltr'>norunt</span> <span class='ocrx_word' id='word_1_463' title='bbox 1707 4417 2002 4488; x_wconf 89' lang='lat' dir='ltr'>quomodo</span> <span class='ocrx_word' id='word_1_464' title='bbox 2034 4436 2208 4489; x_wconf 89' lang='lat' dir='ltr'>opor-</span> 
     </span>
    </p>
   </div>
   <div class='ocr_carea' id='block_1_64' title="bbox 567 4505 2207 4579">
    <p class='ocr_par' dir='ltr' id='par_1_64' title="bbox 567 4505 2207 4579">
     <span class='ocr_line' id='line_1_64' title="bbox 567 4505 2207 4579; baseline 0 -16"><span class='ocrx_word' id='word_1_465' title='bbox 567 4514 689 4564; x_wconf 84' lang='lat' dir='ltr'>teat</span> <span class='ocrx_word' id='word_1_466' title='bbox 704 4505 1249 4562; x_wconf 88' lang='lat' dir='ltr'>ambulare.0mnia</span> <span class='ocrx_word' id='word_1_467' title='bbox 1261 4521 1518 4577; x_wconf 85' lang='lat' dir='ltr'>namque</span> <span class='ocrx_word' id='word_1_468' title='bbox 1532 4505 1729 4578; x_wconf 83' lang='lat' dir='ltr'>largiri</span> <span class='ocrx_word' id='word_1_469' title='bbox 1746 4512 1998 4578; x_wconf 84' lang='lat' dir='ltr'>Oportet,</span> <span class='ocrx_word' id='word_1_470' title='bbox 2032 4507 2207 4579; x_wconf 88' lang='lat' dir='ltr'>idque</span> 
     </span>
    </p>
   </div>
   <div class='ocr_carea' id='block_1_65' title="bbox 2297 1929 3877 2008">
    <p class='ocr_par' dir='ltr' id='par_1_65' title="bbox 2297 1929 3877 2008">
     <span class='ocr_line' id='line_1_65' title="bbox 2372 1929 3831 1951; baseline -0.002 0"><span class='ocrx_word' id='word_1_471' title='bbox 2372 1934 2384 1951; x_wconf 66' lang='grc' dir='ltr'><strong>ς</strong></span> <span class='ocrx_word' id='word_1_472' title='bbox 2548 1934 2563 1951; x_wconf 64' lang='grc' dir='ltr'>ς</span> <span class='ocrx_word' id='word_1_473' title='bbox 2723 1935 2735 1948; x_wconf 84' lang='lat'>.</span> <span class='ocrx_word' id='word_1_474' title='bbox 2944 1935 2957 1949; x_wconf 88' lang='lat'>.</span> <span class='ocrx_word' id='word_1_475' title='bbox 3126 1932 3137 1951; x_wconf 87' lang='grc'><strong><em>,</em></strong></span> <span class='ocrx_word' id='word_1_476' title='bbox 3360 1931 3370 1949; x_wconf 69' lang='grc' dir='ltr'><strong>ρ</strong></span> <span class='ocrx_word' id='word_1_477' title='bbox 3568 1930 3635 1949; x_wconf 70' lang='grc' dir='ltr'>ν.</span> <span class='ocrx_word' id='word_1_478' title='bbox 3729 1930 3741 1945; x_wconf 68' lang='grc' dir='ltr'><strong>ς</strong></span> <span class='ocrx_word' id='word_1_479' title='bbox 3819 1929 3831 1943; x_wconf 64' lang='lat'><strong><em>~</em></strong></span> 
     </span>
     <span class='ocr_line' id='line_1_66' title="bbox 2297 1930 3877 2008; baseline -0.004 -20"><span class='ocrx_word' id='word_1_480' title='bbox 2297 1955 2386 1988; x_wconf 86' lang='grc' dir='ltr'>και</span> <span class='ocrx_word' id='word_1_481' title='bbox 2418 1955 2626 2008; x_wconf 88' lang='grc' dir='ltr'>νεκρον,</span> <span class='ocrx_word' id='word_1_482' title='bbox 2683 1955 2775 1989; x_wconf 81' lang='grc' dir='ltr'>τον</span> <span class='ocrx_word' id='word_1_483' title='bbox 2826 1933 2875 1989; x_wconf 83' lang='grc' dir='ltr'>ἐν</span> <span class='ocrx_word' id='word_1_484' title='bbox 2934 1953 3249 2007; x_wconf 81' lang='grc' dir='ltr'>αμαρτιαις,</span> <span class='ocrx_word' id='word_1_485' title='bbox 3311 1930 3481 2005; x_wconf 87' lang='grc' dir='ltr'>λεγει.</span> <span class='ocrx_word' id='word_1_486' title='bbox 3542 1932 3637 1988; x_wconf 71' lang='lat' dir='ltr'>Im:</span> <span class='ocrx_word' id='word_1_487' title='bbox 3688 1949 3774 2004; x_wconf 80' lang='grc' dir='ltr'>γαρ</span> <span class='ocrx_word' id='word_1_488' title='bbox 3813 1950 3877 1981; x_wconf 78' lang='grc' dir='ltr'>αν-</span> 
     </span>
    </p>
   </div>
   <div class='ocr_carea' id='block_1_66' title="bbox 2299 2018 3875 2098">
    <p class='ocr_par' dir='ltr' id='par_1_66' title="bbox 2299 2018 3875 2098">
     <span class='ocr_line' id='line_1_67' title="bbox 2299 2018 3875 2098; baseline -0.004 -21"><span class='ocrx_word' id='word_1_489' title='bbox 2299 2018 2588 2098; x_wconf 78' lang='grc' dir='ltr'>ενὲργητός</span> <span class='ocrx_word' id='word_1_490' title='bbox 2638 2021 2749 2079; x_wconf 78' lang='grc' dir='ltr'>ἐστι</span> <span class='ocrx_word' id='word_1_491' title='bbox 2806 2024 2943 2098; x_wconf 83' lang='grc' dir='ltr'>πρὸς</span> <span class='ocrx_word' id='word_1_492' title='bbox 2998 2023 3060 2078; x_wconf 87' lang='grc' dir='ltr'>τὸ</span> <span class='ocrx_word' id='word_1_493' title='bbox 3120 2022 3344 2097; x_wconf 84' lang='grc' dir='ltr'>ἀγαθὸν,</span> <span class='ocrx_word' id='word_1_494' title='bbox 3406 2021 3481 2084; x_wconf 85' lang='grc' dir='ltr'>ὡς</span> <span class='ocrx_word' id='word_1_495' title='bbox 3536 2021 3564 2075; x_wconf 90' lang='lat'>6</span> <span class='ocrx_word' id='word_1_496' title='bbox 3615 2018 3792 2093; x_wconf 79' lang='grc' dir='ltr'>νεκρὸς,</span> <span class='ocrx_word' id='word_1_497' title='bbox 3815 2018 3875 2071; x_wconf 67' lang='grc' dir='ltr'>καὶ</span> 
     </span>
    </p>
   </div>
   <div class='ocr_carea' id='block_1_67' title="bbox 2300 2106 3879 2190">
    <p class='ocr_par' dir='ltr' id='par_1_67' title="bbox 2300 2106 3879 2190">
     <span class='ocr_line' id='line_1_68' title="bbox 2300 2106 3879 2190; baseline -0.005 -23"><span class='ocrx_word' id='word_1_498' title='bbox 2300 2118 2686 2190; x_wconf 78' lang='grc' dir='ltr'>φαντασιοῦται</span> <span class='ocrx_word' id='word_1_499' title='bbox 2718 2112 2793 2176; x_wconf 86' lang='grc' dir='ltr'>ὡς</span> <span class='ocrx_word' id='word_1_500' title='bbox 2826 2113 2854 2167; x_wconf 91' lang='lat'>6</span> <span class='ocrx_word' id='word_1_501' title='bbox 2886 2110 3181 2179; x_wconf 70' lang='grc' dir='ltr'>καθεύδων,</span> <span class='ocrx_word' id='word_1_502' title='bbox 3242 2110 3333 2165; x_wconf 62' lang='grc' dir='ltr'>καὶ</span> <span class='ocrx_word' id='word_1_503' title='bbox 3382 2107 3633 2184; x_wconf 70' lang='grc' dir='ltr'>είδεχθής</span> <span class='ocrx_word' id='word_1_504' title='bbox 3684 2106 3777 2162; x_wconf 83' lang='grc' dir='ltr'>ἐστι</span> <span class='ocrx_word' id='word_1_505' title='bbox 3820 2106 3879 2160; x_wconf 71' lang='grc' dir='ltr'>καὶ</span> 
     </span>
    </p>
   </div>
   <div class='ocr_carea' id='block_1_68' title="bbox 2301 2194 3880 2277">
    <p class='ocr_par' dir='ltr' id='par_1_68' title="bbox 2301 2194 3880 2277">
     <span class='ocr_line' id='line_1_69' title="bbox 2301 2194 3880 2277; baseline -0.005 -21"><span class='ocrx_word' id='word_1_506' title='bbox 2301 2198 2571 2265; x_wconf 81' lang='grc' dir='ltr'>δυσωδίας</span> <span class='ocrx_word' id='word_1_507' title='bbox 2611 2203 2790 2277; x_wconf 86' lang='grc' dir='ltr'>γέμει,</span> <span class='ocrx_word' id='word_1_508' title='bbox 2823 2201 2897 2265; x_wconf 86' lang='grc' dir='ltr'>ὡς</span> <span class='ocrx_word' id='word_1_509' title='bbox 2925 2201 2953 2257; x_wconf 86' lang='grc' dir='ltr'>ὁ</span> <span class='ocrx_word' id='word_1_510' title='bbox 2984 2200 3172 2275; x_wconf 85' lang='grc' dir='ltr'>νεκρὸς</span> <span class='ocrx_word' id='word_1_511' title='bbox 3203 2196 3395 2257; x_wconf 71' lang='grc' dir='ltr'>πάλιν.</span> <span class='ocrx_word' id='word_1_512' title='bbox 3438 2221 3465 2252; x_wconf 76' lang='grc' dir='ltr'>ι</span> <span class='ocrx_word' id='word_1_513' title='bbox 3514 2196 3613 2254; x_wconf 85' lang='grc' dir='ltr'>Καὶ</span> <span class='ocrx_word' id='word_1_514' title='bbox 3665 2194 3880 2271; x_wconf 71' lang='grc' dir='ltr'>ἐπιφαύσει</span> 
     </span>
    </p>
   </div>
   <div class='ocr_carea' id='block_1_69' title="bbox 2301 2282 3881 2365">
    <p class='ocr_par' dir='ltr' id='par_1_69' title="bbox 2301 2282 3881 2365">
     <span class='ocr_line' id='line_1_70' title="bbox 2301 2282 3881 2365; baseline -0.006 -19"><span class='ocrx_word' id='word_1_515' title='bbox 2301 2311 2386 2346; x_wconf 89' lang='grc' dir='ltr'>σοι</span> <span class='ocrx_word' id='word_1_516' title='bbox 2418 2289 2723 2365; x_wconf 79' lang='grc' dir='ltr'>ὁΧριστός.</span> <span class='ocrx_word' id='word_1_517' title='bbox 2780 2314 2808 2343; x_wconf 83' lang='grc'><strong>››</strong></span> <span class='ocrx_word' id='word_1_518' title='bbox 2853 2292 2977 2347; x_wconf 89' lang='grc' dir='ltr'>Ὅτι</span> <span class='ocrx_word' id='word_1_519' title='bbox 3037 2286 3095 2344; x_wconf 79' lang='grc' dir='ltr'>δὲ</span> <span class='ocrx_word' id='word_1_520' title='bbox 3149 2288 3344 2350; x_wconf 77' lang='grc' dir='ltr'>σκότος</span> <span class='ocrx_word' id='word_1_521' title='bbox 3384 2286 3524 2354; x_wconf 85' lang='grc' dir='ltr'>ἐστὶ,</span> <span class='ocrx_word' id='word_1_522' title='bbox 3580 2285 3747 2365; x_wconf 70' lang='grc' dir='ltr'>φησὶν,</span> <span class='ocrx_word' id='word_1_523' title='bbox 3794 2282 3881 2338; x_wconf 72' lang='grc' dir='ltr'>ὁίν</span> 
     </span>
    </p>
   </div>
   <div class='ocr_carea' id='block_1_70' title="bbox 2300 2374 3885 2455">
    <p class='ocr_par' dir='ltr' id='par_1_70' title="bbox 2300 2374 3885 2455">
     <span class='ocr_line' id='line_1_71' title="bbox 2300 2374 3885 2455; baseline -0.006 -20"><span class='ocrx_word' id='word_1_524' title='bbox 2300 2380 2615 2455; x_wconf 83' lang='grc' dir='ltr'>ἁμαρτίαις,</span> <span class='ocrx_word' id='word_1_525' title='bbox 2648 2377 2875 2435; x_wconf 80' lang='grc' dir='ltr'>ἃκουσον</span> <span class='ocrx_word' id='word_1_526' title='bbox 2915 2383 3033 2443; x_wconf 81' lang='grc' dir='ltr'>πῶς</span> <span class='ocrx_word' id='word_1_527' title='bbox 3062 2378 3222 2433; x_wconf 83' lang='grc' dir='ltr'>αὐτὸν</span> <span class='ocrx_word' id='word_1_528' title='bbox 3254 2374 3590 2441; x_wconf 75' lang='grc' dir='ltr'>καθεύδοντα</span> <span class='ocrx_word' id='word_1_529' title='bbox 3617 2375 3697 2429; x_wconf 80' lang='grc' dir='ltr'>καὶ</span> <span class='ocrx_word' id='word_1_530' title='bbox 3752 2374 3885 2444; x_wconf 59' lang='grc' dir='ltr'>νεκρὸν</span> 
     </span>
    </p>
   </div>
   <div class='ocr_carea' id='block_1_71' title="bbox 2301 2462 3888 2546">
    <p class='ocr_par' dir='ltr' id='par_1_71' title="bbox 2301 2462 3888 2546">
     <span class='ocr_line' id='line_1_72' title="bbox 2301 2462 3888 2546; baseline -0.008 -21"><span class='ocrx_word' id='word_1_531' title='bbox 2301 2473 2336 2540; x_wconf 75' lang='grc' dir='ltr'>ἡ</span> <span class='ocrx_word' id='word_1_532' title='bbox 2371 2470 2554 2546; x_wconf 74' lang='grc' dir='ltr'>Γραφή</span> <span class='ocrx_word' id='word_1_533' title='bbox 2586 2467 2766 2538; x_wconf 83' lang='grc' dir='ltr'>καλεῖ,</span> <span class='ocrx_word' id='word_1_534' title='bbox 2799 2469 2889 2524; x_wconf 82' lang='grc' dir='ltr'>καὶ</span> <span class='ocrx_word' id='word_1_535' title='bbox 2935 2468 3009 2530; x_wconf 87' lang='grc' dir='ltr'>ὡς</span> <span class='ocrx_word' id='word_1_536' title='bbox 3069 2466 3170 2522; x_wconf 69' lang='grc' dir='ltr'>οὒκ</span> <span class='ocrx_word' id='word_1_537' title='bbox 3224 2465 3285 2521; x_wconf 76' lang='grc' dir='ltr'>ἄν</span> <span class='ocrx_word' id='word_1_538' title='bbox 3336 2465 3533 2528; x_wconf 72' lang='grc' dir='ltr'>ἄλλως</span> <span class='ocrx_word' id='word_1_539' title='bbox 3599 2462 3888 2535; x_wconf 71' lang='grc' dir='ltr'>ἐπιλάμψειεν</span> 
     </span>
    </p>
   </div>
   <div class='ocr_carea' id='block_1_72' title="bbox 2302 2550 3883 2633">
    <p class='ocr_par' dir='ltr' id='par_1_72' title="bbox 2302 2550 3883 2633">
     <span class='ocr_line' id='line_1_73' title="bbox 2302 2550 3883 2633; baseline -0.007 -19"><span class='ocrx_word' id='word_1_540' title='bbox 2302 2560 2449 2631; x_wconf 76' lang='grc' dir='ltr'>αὐτῷ</span> <span class='ocrx_word' id='word_1_541' title='bbox 2481 2560 2508 2613; x_wconf 90' lang='lat'>6</span> <span class='ocrx_word' id='word_1_542' title='bbox 2540 2558 2796 2633; x_wconf 75' lang='grc' dir='ltr'>Χριστὸς,</span> <span class='ocrx_word' id='word_1_543' title='bbox 2828 2557 2977 2628; x_wconf 71' lang='grc' dir='ltr'>πλὴν</span> <span class='ocrx_word' id='word_1_544' title='bbox 3009 2557 3052 2612; x_wconf 82' lang='grc' dir='ltr'>εἷ</span> <span class='ocrx_word' id='word_1_545' title='bbox 3089 2558 3163 2629; x_wconf 74' lang='grc' dir='ltr'>μὴ</span> <span class='ocrx_word' id='word_1_546' title='bbox 3196 2555 3479 2625; x_wconf 65' lang='grc' dir='ltr'>παύσηται</span> <span class='ocrx_word' id='word_1_547' title='bbox 3527 2561 3624 2623; x_wconf 78' lang='grc' dir='ltr'>τῆς</span> <span class='ocrx_word' id='word_1_548' title='bbox 3665 2550 3883 2625; x_wconf 77' lang='grc' dir='ltr'>ἁμαρτίας.</span> 
     </span>
    </p>
   </div>
   <div class='ocr_carea' id='block_1_73' title="bbox 2302 2639 3883 2725">
    <p class='ocr_par' dir='ltr' id='par_1_73' title="bbox 2302 2639 3883 2725">
     <span class='ocr_line' id='line_1_74' title="bbox 2302 2639 3883 2725; baseline -0.01 -19"><span class='ocrx_word' id='word_1_549' title='bbox 2302 2648 2382 2706; x_wconf 85' lang='grc' dir='ltr'>Τὸ</span> <span class='ocrx_word' id='word_1_550' title='bbox 2412 2648 2514 2725; x_wconf 78' lang='grc' dir='ltr'>γὰρ</span> <span class='ocrx_word' id='word_1_551' title='bbox 2545 2649 2783 2724; x_wconf 76' lang='grc' dir='ltr'>Ἔγειρε,</span> <span class='ocrx_word' id='word_1_552' title='bbox 2818 2651 3047 2715; x_wconf 81' lang='grc' dir='ltr'>Παῦσον,</span> <span class='ocrx_word' id='word_1_553' title='bbox 3082 2643 3214 2700; x_wconf 86' lang='grc' dir='ltr'>ἐστί.</span> <span class='ocrx_word' id='word_1_554' title='bbox 3245 2645 3435 2701; x_wconf 81' lang='grc' dir='ltr'>Ταῦτα</span> <span class='ocrx_word' id='word_1_555' title='bbox 3466 2642 3556 2699; x_wconf 81' lang='grc' dir='ltr'>καὶ</span> <span class='ocrx_word' id='word_1_556' title='bbox 3605 2643 3727 2716; x_wconf 78' lang='grc' dir='ltr'>πρὸς</span> <span class='ocrx_word' id='word_1_557' title='bbox 3766 2639 3883 2694; x_wconf 75' lang='grc' dir='ltr'>ἀτίτ-</span> 
     </span>
    </p>
   </div>
   <div class='ocr_carea' id='block_1_74' title="bbox 2299 2723 3884 2811">
    <p class='ocr_par' dir='ltr' id='par_1_74' title="bbox 2299 2723 3884 2811">
     <span class='ocr_line' id='line_1_75' title="bbox 2299 2723 3884 2811; baseline -0.008 -20"><span class='ocrx_word' id='word_1_558' title='bbox 2299 2757 2451 2805; x_wconf 86' lang='grc' dir='ltr'>τους,</span> <span class='ocrx_word' id='word_1_559' title='bbox 2482 2737 2572 2792; x_wconf 79' lang='grc' dir='ltr'>καὶ</span> <span class='ocrx_word' id='word_1_560' title='bbox 2620 2738 2756 2811; x_wconf 85' lang='grc' dir='ltr'>πρὸς</span> <span class='ocrx_word' id='word_1_561' title='bbox 2790 2734 3018 2797; x_wconf 70' lang='grc' dir='ltr'>πιστοὺς</span> <span class='ocrx_word' id='word_1_562' title='bbox 3058 2731 3431 2809; x_wconf 71' lang='grc' dir='ltr'>ἁμαρτωλοὺς</span> <span class='ocrx_word' id='word_1_563' title='bbox 3492 2734 3724 2809; x_wconf 76' lang='grc' dir='ltr'>ἁρμόζει.</span> <span class='ocrx_word' id='word_1_564' title='bbox 3766 2729 3827 2784; x_wconf 79' lang='grc' dir='ltr'>Τὸ</span> <span class='ocrx_word' id='word_1_565' title='bbox 3848 2723 3884 2779; x_wconf 70' lang='grc' dir='ltr'><em>δὲ</em></span> 
     </span>
    </p>
   </div>
   <div class='ocr_carea' id='block_1_75' title="bbox 2302 2822 3233 2903">
    <p class='ocr_par' dir='ltr' id='par_1_75' title="bbox 2302 2822 3233 2903">
     <span class='ocr_line' id='line_1_76' title="bbox 2302 2822 3233 2903; baseline -0.006 -20"><span class='ocrx_word' id='word_1_566' title='bbox 2302 2824 2645 2903; x_wconf 67' lang='grc' dir='ltr'>Ἐπιτραΰσει,</span> <span class='ocrx_word' id='word_1_567' title='bbox 2679 2823 3036 2899; x_wconf 72' lang='grc' dir='ltr'>Ἐπιλάμψει,</span> <span class='ocrx_word' id='word_1_568' title='bbox 3069 2822 3233 2878; x_wconf 85' lang='grc' dir='ltr'>ἐστίν.</span> 
     </span>
    </p>
   </div>
   <div class='ocr_carea' id='block_1_76' title="bbox 2380 3074 3886 3159">
    <p class='ocr_par' dir='ltr' id='par_1_76' title="bbox 2380 3074 3886 3159">
     <span class='ocr_line' id='line_1_77' title="bbox 2380 3074 3886 3159; baseline -0.009 -15"><span class='ocrx_word' id='word_1_569' title='bbox 2380 3083 2618 3144; x_wconf 81' lang='grc' dir='ltr'>Βλέπετε</span> <span class='ocrx_word' id='word_1_570' title='bbox 2677 3087 2767 3140; x_wconf 79' lang='grc' dir='ltr'>οῦν</span> <span class='ocrx_word' id='word_1_571' title='bbox 2819 3089 2936 3147; x_wconf 80' lang='grc' dir='ltr'>πῶς</span> <span class='ocrx_word' id='word_1_572' title='bbox 2993 3078 3235 3159; x_wconf 77' lang='grc' dir='ltr'>ἀκριϐῶς</span> <span class='ocrx_word' id='word_1_573' title='bbox 3312 3085 3676 3156; x_wconf 78' lang='grc' dir='ltr'>περιπατεῖτε,</span> <span class='ocrx_word' id='word_1_574' title='bbox 3732 3079 3792 3148; x_wconf 68' lang='grc' dir='ltr'>μή</span> <span class='ocrx_word' id='word_1_575' title='bbox 3837 3074 3886 3131; x_wconf 76' lang='grc' dir='ltr'>ὼς</span> 
     </span>
    </p>
   </div>
   <div class='ocr_carea' id='block_1_77' title="bbox 2311 3161 3893 3252">
    <p class='ocr_par' dir='ltr' id='par_1_77' title="bbox 2311 3161 3893 3252">
     <span class='ocr_line' id='line_1_78' title="bbox 2311 3161 3893 3252; baseline -0.009 -22"><span class='ocrx_word' id='word_1_576' title='bbox 2311 3173 2531 3252; x_wconf 71' lang='grc' dir='ltr'>ἃσοφοι,</span> <span class='ocrx_word' id='word_1_577' title='bbox 2633 3172 2762 3229; x_wconf 82' lang='grc' dir='ltr'>ἀλλ’</span> <span class='ocrx_word' id='word_1_578' title='bbox 2863 3173 2937 3234; x_wconf 85' lang='grc' dir='ltr'>ὡς</span> <span class='ocrx_word' id='word_1_579' title='bbox 3066 3172 3245 3250; x_wconf 71' lang='grc' dir='ltr'>σοφοὶ,</span> <span class='ocrx_word' id='word_1_580' title='bbox 3351 3168 3781 3244; x_wconf 72' lang='grc' dir='ltr'>ἐξαγοραζόμενοι</span> <span class='ocrx_word' id='word_1_581' title='bbox 3832 3161 3893 3215; x_wconf 72' lang='grc' dir='ltr'>τὸν</span> 
     </span>
    </p>
   </div>
   <div class='ocr_carea' id='block_1_78' title="bbox 2311 3258 3718 3339">
    <p class='ocr_par' dir='ltr' id='par_1_78' title="bbox 2311 3258 3718 3339">
     <span class='ocr_line' id='line_1_79' title="bbox 2311 3258 3718 3339; baseline -0.007 -20"><span class='ocrx_word' id='word_1_582' title='bbox 2311 3264 2522 3339; x_wconf 85' lang='grc' dir='ltr'>καιρὸν,</span> <span class='ocrx_word' id='word_1_583' title='bbox 2576 3262 2661 3318; x_wconf 73' lang='grc' dir='ltr'>ὅτι</span> <span class='ocrx_word' id='word_1_584' title='bbox 2730 3264 2783 3317; x_wconf 72' lang='grc' dir='ltr'>αἱ</span> <span class='ocrx_word' id='word_1_585' title='bbox 2843 3258 3047 3336; x_wconf 79' lang='grc' dir='ltr'>ἡμέραι</span> <span class='ocrx_word' id='word_1_586' title='bbox 3103 3260 3337 3335; x_wconf 82' lang='grc' dir='ltr'>πονηραί</span> <span class='ocrx_word' id='word_1_587' title='bbox 3428 3259 3554 3316; x_wconf 71' lang='grc' dir='ltr'>εῗσι.</span> <span class='ocrx_word' id='word_1_588' title='bbox 3629 3258 3718 3311; x_wconf 69' lang='grc' dir='ltr'>Διά</span> 
     </span>
    </p>
   </div>
   <div class='ocr_carea' id='block_1_79' title="bbox 2314 3341 3891 3429">
    <p class='ocr_par' dir='ltr' id='par_1_79' title="bbox 2314 3341 3891 3429">
     <span class='ocr_line' id='line_1_80' title="bbox 2314 3341 3891 3429; baseline -0.006 -23"><span class='ocrx_word' id='word_1_589' title='bbox 2314 3354 2389 3427; x_wconf 81' lang='grc' dir='ltr'>μή</span> <span class='ocrx_word' id='word_1_590' title='bbox 2428 3350 2637 3426; x_wconf 79' lang='grc' dir='ltr'>γίνεσθε</span> <span class='ocrx_word' id='word_1_591' title='bbox 2694 3350 2939 3429; x_wconf 68' lang='grc' dir='ltr'>ἄφρονες,</span> <span class='ocrx_word' id='word_1_592' title='bbox 2995 3348 3142 3406; x_wconf 76' lang='grc' dir='ltr'>ἀλλᾶ</span> <span class='ocrx_word' id='word_1_593' title='bbox 3192 3349 3459 3411; x_wconf 69' lang='grc' dir='ltr'>συνιέντες</span> <span class='ocrx_word' id='word_1_594' title='bbox 3526 3347 3578 3402; x_wconf 77' lang='grc' dir='ltr'>τί</span> <span class='ocrx_word' id='word_1_595' title='bbox 3628 3346 3684 3400; x_wconf 82' lang='grc' dir='ltr'>τὸ</span> <span class='ocrx_word' id='word_1_596' title='bbox 3733 3341 3891 3409; x_wconf 69' lang='grc' dir='ltr'>θέληξλπ</span> 
     </span>
    </p>
   </div>
   <div class='ocr_carea' id='block_1_80' title="bbox 2304 3429 3892 3517">
    <p class='ocr_par' dir='ltr' id='par_1_80' title="bbox 2304 3429 3892 3517">
     <span class='ocr_line' id='line_1_81' title="bbox 2304 3429 3892 3517; baseline -0.006 -19"><span class='ocrx_word' id='word_1_597' title='bbox 2304 3446 2403 3498; x_wconf 87' lang='grc' dir='ltr'>τοῦ</span> <span class='ocrx_word' id='word_1_598' title='bbox 2462 3441 2687 3517; x_wconf 86' lang='grc' dir='ltr'>Κυρίου.</span> <span class='ocrx_word' id='word_1_599' title='bbox 2749 3440 2853 3496; x_wconf 82' lang='grc' dir='ltr'>Καὶ</span> <span class='ocrx_word' id='word_1_600' title='bbox 2917 3441 2993 3512; x_wconf 75' lang='grc' dir='ltr'>μὴ</span> <span class='ocrx_word' id='word_1_601' title='bbox 3054 3436 3381 3512; x_wconf 72' lang='grc' dir='ltr'>μεθύσκεσθε</span> <span class='ocrx_word' id='word_1_602' title='bbox 3439 3435 3577 3509; x_wconf 76' lang='grc' dir='ltr'>οἷ’νῳ</span> <span class='ocrx_word' id='word_1_603' title='bbox 3607 3434 3655 3490; x_wconf 83' lang='grc' dir='ltr'>ἐν</span> <span class='ocrx_word' id='word_1_604' title='bbox 3710 3432 3749 3503; x_wconf 78' lang='grc' dir='ltr'>ᾧ</span> <span class='ocrx_word' id='word_1_605' title='bbox 3795 3429 3892 3483; x_wconf 68' lang='grc' dir='ltr'>ἐστιν</span> 
     </span>
    </p>
   </div>
   <div class='ocr_carea' id='block_1_81' title="bbox 2307 3519 3895 3603">
    <p class='ocr_par' dir='ltr' id='par_1_81' title="bbox 2307 3519 3895 3603">
     <span class='ocr_line' id='line_1_82' title="bbox 2307 3519 3895 3603; baseline -0.007 -18"><span class='ocrx_word' id='word_1_606' title='bbox 2307 3530 2538 3601; x_wconf 82' lang='grc' dir='ltr'>ἀσωτία,</span> <span class='ocrx_word' id='word_1_607' title='bbox 2596 3528 2740 3584; x_wconf 83' lang='grc' dir='ltr'>ἀλλᾶ</span> <span class='ocrx_word' id='word_1_608' title='bbox 2807 3525 3125 3603; x_wconf 77' lang='grc' dir='ltr'>πληροῦσθε</span> <span class='ocrx_word' id='word_1_609' title='bbox 3182 3524 3235 3580; x_wconf 84' lang='grc' dir='ltr'>ἐν</span> <span class='ocrx_word' id='word_1_610' title='bbox 3319 3546 3611 3600; x_wconf 73' lang='grc' dir='ltr'>πνεοματι,</span> <span class='ocrx_word' id='word_1_611' title='bbox 3666 3519 3895 3576; x_wconf 69' lang='grc' dir='ltr'>λαλοῦντες</span> 
     </span>
    </p>
   </div>
   <div class='ocr_carea' id='block_1_82' title="bbox 2309 3610 3894 3691">
    <p class='ocr_par' dir='ltr' id='par_1_82' title="bbox 2309 3610 3894 3691">
     <span class='ocr_line' id='line_1_83' title="bbox 2309 3610 3894 3691; baseline -0.009 -16"><span class='ocrx_word' id='word_1_612' title='bbox 2309 3621 2521 3681; x_wconf 70' lang='grc' dir='ltr'>ἑαυτοῖς</span> <span class='ocrx_word' id='word_1_613' title='bbox 2577 3616 2822 3691; x_wconf 70' lang='grc' dir='ltr'>ψαλμοῖς</span> <span class='ocrx_word' id='word_1_614' title='bbox 2902 3617 2993 3671; x_wconf 85' lang='grc' dir='ltr'>καὶ</span> <span class='ocrx_word' id='word_1_615' title='bbox 3050 3615 3267 3687; x_wconf 78' lang='grc' dir='ltr'>ὕμνοις,</span> <span class='ocrx_word' id='word_1_616' title='bbox 3330 3613 3428 3668; x_wconf 80' lang='grc' dir='ltr'>καὶ</span> <span class='ocrx_word' id='word_1_617' title='bbox 3506 3610 3671 3687; x_wconf 77' lang='grc' dir='ltr'>ᾠδαῖς</span> <span class='ocrx_word' id='word_1_618' title='bbox 3712 3625 3894 3678; x_wconf 72' lang='grc' dir='ltr'>πνευμα-</span> 
     </span>
    </p>
   </div>
   <div class='ocr_carea' id='block_1_83' title="bbox 2305 3691 3893 3780">
    <p class='ocr_par' dir='ltr' id='par_1_83' title="bbox 2305 3691 3893 3780">
     <span class='ocr_line' id='line_1_84' title="bbox 2305 3691 3893 3780; baseline -0.011 -15"><span class='ocrx_word' id='word_1_619' title='bbox 2305 3715 2483 3772; x_wconf 82' lang='grc' dir='ltr'>τικαῖς</span> <span class='ocrx_word' id='word_1_620' title='bbox 2540 3705 2783 3780; x_wconf 80' lang='grc' dir='ltr'>ᾄδοντες,</span> <span class='ocrx_word' id='word_1_621' title='bbox 2885 3707 2976 3760; x_wconf 77' lang='grc' dir='ltr'>καὶ</span> <span class='ocrx_word' id='word_1_622' title='bbox 3052 3702 3361 3779; x_wconf 68' lang='grc' dir='ltr'>ψάλλοντες</span> <span class='ocrx_word' id='word_1_623' title='bbox 3469 3702 3522 3758; x_wconf 86' lang='grc' dir='ltr'>ἐν</span> <span class='ocrx_word' id='word_1_624' title='bbox 3620 3703 3686 3773; x_wconf 79' lang='grc' dir='ltr'>τῇ</span> <span class='ocrx_word' id='word_1_625' title='bbox 3750 3691 3893 3767; x_wconf 69' lang='grc' dir='ltr'>καρδίᾳ</span> 
     </span>
    </p>
   </div>
   <div class='ocr_carea' id='block_1_84' title="bbox 2312 3784 3896 3873">
    <p class='ocr_par' dir='ltr' id='par_1_84' title="bbox 2312 3784 3896 3873">
     <span class='ocr_line' id='line_1_85' title="bbox 2312 3784 3896 3873; baseline -0.009 -20"><span class='ocrx_word' id='word_1_626' title='bbox 2312 3798 2464 3873; x_wconf 78' lang='grc' dir='ltr'>ὑμῶν</span> <span class='ocrx_word' id='word_1_627' title='bbox 2540 3801 2618 3868; x_wconf 77' lang='grc' dir='ltr'>τῷ</span> <span class='ocrx_word' id='word_1_628' title='bbox 2718 3796 2920 3871; x_wconf 76' lang='grc' dir='ltr'>Κυρίῳ,</span> <span class='ocrx_word' id='word_1_629' title='bbox 2999 3793 3454 3872; x_wconf 68' lang='grc' dir='ltr'>εὐχαριστοῦντες</span> <span class='ocrx_word' id='word_1_630' title='bbox 3526 3789 3742 3845; x_wconf 74' lang='grc' dir='ltr'>πάντοτε</span> <span class='ocrx_word' id='word_1_631' title='bbox 3803 3784 3896 3853; x_wconf 60' lang='grc' dir='ltr'>ὑπὲρ</span> 
     </span>
    </p>
   </div>
   <div class='ocr_carea' id='block_1_85' title="bbox 2307 3873 3897 3958">
    <p class='ocr_par' dir='ltr' id='par_1_85' title="bbox 2307 3873 3897 3958">
     <span class='ocr_line' id='line_1_86' title="bbox 2307 3873 3897 3958; baseline -0.012 -15"><span class='ocrx_word' id='word_1_632' title='bbox 2307 3888 2546 3956; x_wconf 79' lang='grc' dir='ltr'>πάντων,</span> <span class='ocrx_word' id='word_1_633' title='bbox 2590 3885 2820 3958; x_wconf 77' lang='grc' dir='ltr'>ὀνόματι</span> <span class='ocrx_word' id='word_1_634' title='bbox 2875 3888 2974 3939; x_wconf 85' lang='grc' dir='ltr'>τοῦ</span> <span class='ocrx_word' id='word_1_635' title='bbox 3015 3882 3222 3957; x_wconf 84' lang='grc' dir='ltr'>Κυρίου</span> <span class='ocrx_word' id='word_1_636' title='bbox 3273 3883 3438 3954; x_wconf 78' lang='grc' dir='ltr'>ἡμῶν</span> <span class='ocrx_word' id='word_1_637' title='bbox 3496 3882 3674 3949; x_wconf 69' lang='grc' dir='ltr'>Ἰησοῦ</span> <span class='ocrx_word' id='word_1_638' title='bbox 3722 3873 3897 3958; x_wconf 66' lang='grc' dir='ltr'>Χριστοῦ</span> 
     </span>
    </p>
   </div>
   <div class='ocr_carea' id='block_1_86' title="bbox 2306 3955 3896 4049">
    <p class='ocr_par' dir='ltr' id='par_1_86' title="bbox 2306 3955 3896 4049">
     <span class='ocr_line' id='line_1_87' title="bbox 2306 3955 3896 4049; baseline -0.011 -17"><span class='ocrx_word' id='word_1_639' title='bbox 2306 3981 2384 4048; x_wconf 80' lang='grc' dir='ltr'>τῷ</span> <span class='ocrx_word' id='word_1_640' title='bbox 2414 3955 2650 4049; x_wconf 74' lang='grc' dir='ltr'>Θεῷκαὶ</span> <span class='ocrx_word' id='word_1_641' title='bbox 2684 3955 2879 4048; x_wconf 74' lang='grc' dir='ltr'>Πατρὶ,</span> <span class='ocrx_word' id='word_1_642' title='bbox 2912 3955 3341 4045; x_wconf 82' lang='grc' dir='ltr'>ὑποτασσόμενοι</span> <span class='ocrx_word' id='word_1_643' title='bbox 3372 3967 3652 4040; x_wconf 72' lang='grc' dir='ltr'>ἀλλήλοις</span> <span class='ocrx_word' id='word_1_644' title='bbox 3701 3964 3749 4020; x_wconf 84' lang='grc' dir='ltr'>ἐν</span> <span class='ocrx_word' id='word_1_645' title='bbox 3786 3955 3896 4039; x_wconf 66' lang='grc' dir='ltr'>φὸὗφ</span> 
     </span>
    </p>
   </div>
   <div class='ocr_carea' id='block_1_87' title="bbox 2308 4069 2469 4122">
    <p class='ocr_par' dir='ltr' id='par_1_87' title="bbox 2308 4069 2469 4122">
     <span class='ocr_line' id='line_1_88' title="bbox 2308 4069 2469 4122; baseline 0.006 -1"><span class='ocrx_word' id='word_1_646' title='bbox 2308 4069 2443 4121; x_wconf 87' lang='grc' dir='ltr'>Θεοῦ</span> <span class='ocrx_word' id='word_1_647' title='bbox 2458 4109 2469 4122; x_wconf 93' lang='grc'><strong>.</strong></span> 
     </span>
    </p>
   </div>
   <div class='ocr_carea' id='block_1_88' title="bbox 2383 4141 3898 4227">
    <p class='ocr_par' dir='ltr' id='par_1_88' title="bbox 2383 4141 3898 4227">
     <span class='ocr_line' id='line_1_89' title="bbox 2383 4141 3898 4227; baseline -0.007 -22"><span class='ocrx_word' id='word_1_648' title='bbox 2383 4181 2409 4207; x_wconf 90' lang='grc'><strong>‹‹</strong></span> <span class='ocrx_word' id='word_1_649' title='bbox 2443 4153 2679 4210; x_wconf 83' lang='grc' dir='ltr'>Βλέπετε</span> <span class='ocrx_word' id='word_1_650' title='bbox 2709 4151 2825 4210; x_wconf 75' lang='grc' dir='ltr'>οὖν.</span> <span class='ocrx_word' id='word_1_651' title='bbox 2859 4176 2887 4205; x_wconf 82' lang='grc'><strong>››</strong></span> <span class='ocrx_word' id='word_1_652' title='bbox 2951 4145 3206 4227; x_wconf 74' lang='grc' dir='ltr'>Πρὸϐατςὶ</span> <span class='ocrx_word' id='word_1_653' title='bbox 3262 4150 3378 4205; x_wconf 85' lang='grc' dir='ltr'>ἐστε</span> <span class='ocrx_word' id='word_1_654' title='bbox 3443 4148 3501 4204; x_wconf 80' lang='grc' dir='ltr'>ἐν</span> <span class='ocrx_word' id='word_1_655' title='bbox 3569 4147 3710 4219; x_wconf 79' lang='grc' dir='ltr'>μέσῳ</span> <span class='ocrx_word' id='word_1_656' title='bbox 3748 4141 3898 4227; x_wconf 51' lang='lat' dir='ltr'>Muci.</span> 
     </span>
    </p>
   </div>
   <div class='ocr_carea' id='block_1_89' title="bbox 2312 4225 3901 4321">
    <p class='ocr_par' dir='ltr' id='par_1_89' title="bbox 2312 4225 3901 4321">
     <span class='ocr_line' id='line_1_90' title="bbox 2312 4225 3901 4321; baseline -0.013 -21"><span class='ocrx_word' id='word_1_657' title='bbox 2312 4245 2405 4300; x_wconf 85' lang='grc' dir='ltr'>Διὸ</span> <span class='ocrx_word' id='word_1_658' title='bbox 2431 4241 2654 4311; x_wconf 78' lang='grc' dir='ltr'>πολλῆς</span> <span class='ocrx_word' id='word_1_659' title='bbox 2683 4225 3086 4321; x_wconf 68' lang='grc' dir='ltr'>παραφυλακῆς</span> <span class='ocrx_word' id='word_1_660' title='bbox 3117 4239 3281 4315; x_wconf 73' lang='grc' dir='ltr'>χρεία</span> <span class='ocrx_word' id='word_1_661' title='bbox 3338 4240 3414 4312; x_wconf 78' lang='grc' dir='ltr'>μὴ</span> <span class='ocrx_word' id='word_1_662' title='bbox 3461 4234 3792 4309; x_wconf 69' lang='grc' dir='ltr'>ἀναδέξασθαι</span> <span class='ocrx_word' id='word_1_663' title='bbox 3836 4225 3901 4280; x_wconf 71' lang='lat' dir='ltr'>E7.-</span> 
     </span>
    </p>
   </div>
   <div class='ocr_carea' id='block_1_90' title="bbox 2312 4323 3901 4408">
    <p class='ocr_par' dir='ltr' id='par_1_90' title="bbox 2312 4323 3901 4408">
     <span class='ocr_line' id='line_1_91' title="bbox 2312 4323 3901 4408; baseline -0.011 -18"><span class='ocrx_word' id='word_1_664' title='bbox 2312 4346 2466 4408; x_wconf 84' lang='grc' dir='ltr'>θρας,</span> <span class='ocrx_word' id='word_1_665' title='bbox 2499 4331 2645 4401; x_wconf 73' lang='grc' dir='ltr'>πλὴν</span> <span class='ocrx_word' id='word_1_666' title='bbox 2699 4329 2788 4386; x_wconf 75' lang='grc' dir='ltr'>διὰ</span> <span class='ocrx_word' id='word_1_667' title='bbox 2840 4330 2901 4384; x_wconf 86' lang='grc' dir='ltr'>τὸ</span> <span class='ocrx_word' id='word_1_668' title='bbox 2953 4332 3236 4403; x_wconf 73' lang='grc' dir='ltr'>κήρυγμα.</span> <span class='ocrx_word' id='word_1_669' title='bbox 3282 4353 3304 4379; x_wconf 76' lang='grc' dir='ltr'>ι</span> <span class='ocrx_word' id='word_1_670' title='bbox 3367 4328 3464 4396; x_wconf 77' lang='grc' dir='ltr'>Μὴ</span> <span class='ocrx_word' id='word_1_671' title='bbox 3526 4327 3602 4388; x_wconf 84' lang='grc' dir='ltr'>ὡς</span> <span class='ocrx_word' id='word_1_672' title='bbox 3659 4323 3901 4408; x_wconf 27' lang='grc' dir='ltr'>ἄσοῩοιη»</span> 
     </span>
    </p>
   </div>
   <div class='ocr_carea' id='block_1_91' title="bbox 2313 4404 3901 4503">
    <p class='ocr_par' dir='ltr' id='par_1_91' title="bbox 2313 4404 3901 4499">
     <span class='ocr_line' id='line_1_92' title="bbox 2313 4404 3901 4499; baseline -0.006 -22"><span class='ocrx_word' id='word_1_673' title='bbox 2313 4404 2379 4481; x_wconf 75' lang='grc' dir='ltr'>Οἱ</span> <span class='ocrx_word' id='word_1_674' title='bbox 2416 4424 2521 4499; x_wconf 76' lang='grc' dir='ltr'>γὰρ</span> <span class='ocrx_word' id='word_1_675' title='bbox 2550 4420 2712 4498; x_wconf 63' lang='grc' dir='ltr'>σοφοὶ</span> <span class='ocrx_word' id='word_1_676' title='bbox 2747 4419 2888 4474; x_wconf 74' lang='grc' dir='ltr'>ἴσασι</span> <span class='ocrx_word' id='word_1_677' title='bbox 2921 4422 3040 4477; x_wconf 83' lang='grc' dir='ltr'>πῶς</span> <span class='ocrx_word' id='word_1_678' title='bbox 3099 4415 3181 4473; x_wconf 86' lang='grc' dir='ltr'>δεῖ</span> <span class='ocrx_word' id='word_1_679' title='bbox 3236 4422 3574 4491; x_wconf 86' lang='grc' dir='ltr'>περιπατεῖν.</span> <span class='ocrx_word' id='word_1_680' title='bbox 3631 4413 3787 4469; x_wconf 71' lang='grc' dir='ltr'>Πάντα</span> <span class='ocrx_word' id='word_1_681' title='bbox 3831 4404 3901 4480; x_wconf 60' lang='grc' dir='ltr'>τάξ</span> 
     </span>
    </p>
   </div>
   <div class='ocr_carea' id='block_1_92' title="bbox 2316 4500 3900 4588">
    <p class='ocr_par' dir='ltr' id='par_1_92' title="bbox 2316 4500 3900 4588">
     <span class='ocr_line' id='line_1_93' title="bbox 2316 4500 3900 4588; baseline -0.005 -21"><span class='ocrx_word' id='word_1_682' title='bbox 2316 4510 2418 4581; x_wconf 80' lang='grc' dir='ltr'>δεῖ,</span> <span class='ocrx_word' id='word_1_683' title='bbox 2450 4511 2605 4588; x_wconf 68' lang='grc' dir='ltr'>φησὶ,</span> <span class='ocrx_word' id='word_1_684' title='bbox 2636 4509 2948 4584; x_wconf 71' lang='grc' dir='ltr'>προῖεσθαι,</span> <span class='ocrx_word' id='word_1_685' title='bbox 2977 4508 3066 4562; x_wconf 80' lang='grc' dir='ltr'>καὶ</span> <span class='ocrx_word' id='word_1_686' title='bbox 3100 4507 3384 4581; x_wconf 74' lang='grc' dir='ltr'>ἀγοράζειν</span> <span class='ocrx_word' id='word_1_687' title='bbox 3445 4505 3511 4560; x_wconf 86' lang='grc' dir='ltr'>τὸ</span> <span class='ocrx_word' id='word_1_688' title='bbox 3574 4505 3647 4577; x_wconf 81' lang='grc' dir='ltr'><strong>μή</strong></span> <span class='ocrx_word' id='word_1_689' title='bbox 3676 4500 3785 4574; x_wconf 72' lang='grc' dir='ltr'>περὶ</span> <span class='ocrx_word' id='word_1_690' title='bbox 3833 4500 3900 4559; x_wconf 55' lang='grc' dir='ltr'>τήν</span> 
     </span>
    </p>
   </div>
   <div class='ocr_carea' id='block_1_93' title="bbox 3778 3256 3891 3308">
    <p class='ocr_par' dir='ltr' id='par_1_93' title="bbox 3778 3256 3891 3308">
     <span class='ocr_line' id='line_1_94' title="bbox 3778 3256 3891 3308; baseline -0.062 0"><span class='ocrx_word' id='word_1_691' title='bbox 3778 3256 3891 3308; x_wconf 69' lang='grc' dir='ltr'>τοῦτο</span> 
     </span>
    </p>
   </div>
   <div class='ocr_carea' id='block_1_94' title="bbox 567 4584 2199 4672">
    <p class='ocr_par' dir='ltr' id='par_1_94' title="bbox 567 4593 2199 4668">
     <span class='ocr_line' id='line_1_95' title="bbox 567 4593 2199 4668; baseline -0.001 -15"><span class='ocrx_word' id='word_1_692' title='bbox 567 4596 743 4653; x_wconf 89' lang='lat' dir='ltr'>nobis</span> <span class='ocrx_word' id='word_1_693' title='bbox 763 4610 1107 4666; x_wconf 82' lang='lat' dir='ltr'>comparare</span> <span class='ocrx_word' id='word_1_694' title='bbox 1158 4610 1232 4647; x_wconf 90' lang='lat' dir='ltr'>ne</span> <span class='ocrx_word' id='word_1_695' title='bbox 1252 4594 1409 4649; x_wconf 88' lang='lat' dir='ltr'>circa</span> <span class='ocrx_word' id='word_1_696' title='bbox 1428 4593 1602 4648; x_wconf 77' lang='lat' dir='ltr'>{idem</span> <span class='ocrx_word' id='word_1_697' title='bbox 1627 4595 1996 4668; x_wconf 85' lang='lat' dir='ltr'>naufragium</span> <span class='ocrx_word' id='word_1_698' title='bbox 2029 4596 2199 4653; x_wconf 88' lang='lat' dir='ltr'>facia-</span> 
     </span>
    </p>
   </div>
   <div class='ocr_carea' id='block_1_95' title="bbox 2307 4584 3904 4672">
    <p class='ocr_par' dir='ltr' id='par_1_95' title="bbox 2315 4584 3904 4672">
     <span class='ocr_line' id='line_1_96' title="bbox 2315 4584 3904 4672; baseline -0.008 -16"><span class='ocrx_word' id='word_1_699' title='bbox 2315 4584 2494 4656; x_wconf 73' lang='grc' dir='ltr'>πίστιν</span> <span class='ocrx_word' id='word_1_700' title='bbox 2524 4605 2850 4672; x_wconf 80' lang='grc' dir='ltr'>ναυαγῆσαι.</span> <span class='ocrx_word' id='word_1_701' title='bbox 2884 4630 2950 4639; x_wconf 88' lang='lat'>—-</span> <span class='ocrx_word' id='word_1_702' title='bbox 2987 4598 3058 4653; x_wconf 82' lang='grc' dir='ltr'><em>’Ἡ</em></span> <span class='ocrx_word' id='word_1_703' title='bbox 3086 4595 3278 4658; x_wconf 76' lang='grc' dir='ltr'>οὕτως.</span> <span class='ocrx_word' id='word_1_704' title='bbox 3334 4594 3680 4667; x_wconf 74' lang='grc' dir='ltr'>[ΟΙΚΟΥΜ.]</span> <span class='ocrx_word' id='word_1_705' title='bbox 3728 4590 3781 4645; x_wconf 78' lang='grc' dir='ltr'>Ὀ</span> <span class='ocrx_word' id='word_1_706' title='bbox 3828 4602 3904 4637; x_wconf 65' lang='grc' dir='ltr'>καῖ’</span> 
     </span>
    </p>
   </div>
   <div class='ocr_carea' id='block_1_96' title="bbox 564 4682 2203 4755">
    <p class='ocr_par' dir='ltr' id='par_1_96' title="bbox 564 4682 2203 4755">
     <span class='ocr_line' id='line_1_97' title="bbox 564 4682 2203 4755; baseline 0.001 -15"><span class='ocrx_word' id='word_1_707' title='bbox 564 4702 718 4740; x_wconf 89' lang='lat' dir='ltr'>mus.</span> <span class='ocrx_word' id='word_1_708' title='bbox 755 4686 927 4738; x_wconf 81' lang='lat' dir='ltr'>—Aut</span> <span class='ocrx_word' id='word_1_709' title='bbox 956 4683 1054 4737; x_wconf 86' lang='lat' dir='ltr'>hoc</span> <span class='ocrx_word' id='word_1_710' title='bbox 1084 4683 1396 4739; x_wconf 84' lang='lat' dir='ltr'>modo.Non</span> <span class='ocrx_word' id='word_1_711' title='bbox 1420 4688 1509 4737; x_wconf 87' lang='lat' dir='ltr'>est</span> <span class='ocrx_word' id='word_1_712' title='bbox 1530 4682 1704 4737; x_wconf 89' lang='lat' dir='ltr'>nobis</span> <span class='ocrx_word' id='word_1_713' title='bbox 1728 4689 1959 4755; x_wconf 84' lang='lat' dir='ltr'>tempus</span> <span class='ocrx_word' id='word_1_714' title='bbox 1974 4685 2203 4741; x_wconf 86' lang='lat' dir='ltr'>stabile:</span> 
     </span>
    </p>
   </div>
   <div class='ocr_carea' id='block_1_97' title="bbox 567 4773 2208 4844">
    <p class='ocr_par' dir='ltr' id='par_1_97' title="bbox 567 4773 2208 4844">
     <span class='ocr_line' id='line_1_98' title="bbox 567 4773 2208 4844; baseline 0.001 -15"><span class='ocrx_word' id='word_1_715' title='bbox 567 4774 804 4829; x_wconf 64' lang='lat' dir='ltr'>advena:</span> <span class='ocrx_word' id='word_1_716' title='bbox 836 4773 995 4827; x_wconf 89' lang='lat' dir='ltr'>enim</span> <span class='ocrx_word' id='word_1_717' title='bbox 1029 4788 1269 4827; x_wconf 88' lang='lat' dir='ltr'>sumus:</span> <span class='ocrx_word' id='word_1_718' title='bbox 1306 4787 1435 4827; x_wconf 90' lang='lat' dir='ltr'>eme</span> <span class='ocrx_word' id='word_1_719' title='bbox 1477 4786 1613 4844; x_wconf 84' lang='lat' dir='ltr'>ergo</span> <span class='ocrx_word' id='word_1_720' title='bbox 1674 4773 1869 4843; x_wconf 89' lang='lat' dir='ltr'>ipsum</span> <span class='ocrx_word' id='word_1_721' title='bbox 1927 4778 1985 4827; x_wconf 90' lang='lat' dir='ltr'>et</span> <span class='ocrx_word' id='word_1_722' title='bbox 2031 4774 2208 4830; x_wconf 85' lang='lat' dir='ltr'>facito</span> 
     </span>
    </p>
   </div>
   <div class='ocr_carea' id='block_1_98' title="bbox 567 4860 2211 4935">
    <p class='ocr_par' dir='ltr' id='par_1_98' title="bbox 567 4860 2211 4935">
     <span class='ocr_line' id='line_1_99' title="bbox 567 4860 2211 4935; baseline 0.003 -21"><span class='ocrx_word' id='word_1_723' title='bbox 567 4861 893 4932; x_wconf 88' lang='lat' dir='ltr'>proprium.</span> <span class='ocrx_word' id='word_1_724' title='bbox 911 4860 1216 4927; x_wconf 89' lang='lat' dir='ltr'>Quomodo</span> <span class='ocrx_word' id='word_1_725' title='bbox 1248 4866 1445 4915; x_wconf 90' lang='lat' dir='ltr'>autem</span> <span class='ocrx_word' id='word_1_726' title='bbox 1471 4861 1580 4915; x_wconf 90' lang='lat' dir='ltr'>hoc</span> <span class='ocrx_word' id='word_1_727' title='bbox 1603 4861 1761 4916; x_wconf 83' lang='lat' dir='ltr'>erit?</span> <span class='ocrx_word' id='word_1_728' title='bbox 1781 4863 1892 4917; x_wconf 87' lang='lat' dir='ltr'>Per</span> <span class='ocrx_word' id='word_1_729' title='bbox 1909 4862 2020 4918; x_wconf 82' lang='lat' dir='ltr'>hoc</span> <span class='ocrx_word' id='word_1_730' title='bbox 2054 4865 2211 4935; x_wconf 79' lang='lat' dir='ltr'>quod</span> 
     </span>
    </p>
   </div>
   <div class='ocr_carea' id='block_1_99' title="bbox 573 4948 2215 5020">
    <p class='ocr_par' dir='ltr' id='par_1_99' title="bbox 573 4948 2215 5020">
     <span class='ocr_line' id='line_1_100' title="bbox 573 4948 2215 5020; baseline 0.003 -19"><span class='ocrx_word' id='word_1_731' title='bbox 573 4949 635 5001; x_wconf 90' lang='lat' dir='ltr'>in</span> <span class='ocrx_word' id='word_1_732' title='bbox 668 4948 793 5018; x_wconf 91' lang='lat' dir='ltr'>ipso</span> <span class='ocrx_word' id='word_1_733' title='bbox 828 4950 1165 5019; x_wconf 86' lang='lat' dir='ltr'>placeamus</span> <span class='ocrx_word' id='word_1_734' title='bbox 1188 4950 1762 5020; x_wconf 83' lang='lat' dir='ltr'>Deo.Tuncnamque</span> <span class='ocrx_word' id='word_1_735' title='bbox 1784 4951 1927 5006; x_wconf 89' lang='lat' dir='ltr'>illud</span> <span class='ocrx_word' id='word_1_736' title='bbox 1959 4952 2215 5007; x_wconf 83' lang='lat' dir='ltr'>efficitur</span> 
     </span>
    </p>
   </div>
   <div class='ocr_carea' id='block_1_100' title="bbox 577 5036 2211 5109">
    <p class='ocr_par' dir='ltr' id='par_1_100' title="bbox 577 5036 2211 5109">
     <span class='ocr_line' id='line_1_101' title="bbox 577 5036 2211 5109; baseline 0.003 -21"><span class='ocrx_word' id='word_1_737' title='bbox 577 5037 1145 5109; x_wconf 76' lang='lat' dir='ltr'>proprium,quando</span> <span class='ocrx_word' id='word_1_738' title='bbox 1168 5037 1338 5092; x_wconf 66' lang='lat' dir='ltr'>bona:</span> <span class='ocrx_word' id='word_1_739' title='bbox 1360 5036 1623 5092; x_wconf 88' lang='lat' dir='ltr'>actiones</span> <span class='ocrx_word' id='word_1_740' title='bbox 1654 5037 1716 5092; x_wconf 91' lang='lat' dir='ltr'>in</span> <span class='ocrx_word' id='word_1_741' title='bbox 1746 5055 1814 5092; x_wconf 91' lang='lat' dir='ltr'>eo</span> <span class='ocrx_word' id='word_1_742' title='bbox 1846 5040 2014 5093; x_wconf 63' lang='lat' dir='ltr'>facta:</span> <span class='ocrx_word' id='word_1_743' title='bbox 2072 5057 2211 5094; x_wconf 78' lang='lat' dir='ltr'>con-</span> 
     </span>
    </p>
   </div>
   <div class='ocr_carea' id='block_1_101' title="bbox 578 5125 2216 5198">
    <p class='ocr_par' dir='ltr' id='par_1_101' title="bbox 578 5125 2216 5198">
     <span class='ocr_line' id='line_1_102' title="bbox 578 5125 2216 5198; baseline 0.002 -19"><span class='ocrx_word' id='word_1_744' title='bbox 578 5130 1067 5196; x_wconf 75' lang='lat' dir='ltr'>sequuntur,quze</span> <span class='ocrx_word' id='word_1_745' title='bbox 1099 5126 1159 5179; x_wconf 89' lang='lat' dir='ltr'>in</span> <span class='ocrx_word' id='word_1_746' title='bbox 1185 5126 1383 5180; x_wconf 89' lang='lat' dir='ltr'>futuro</span> <span class='ocrx_word' id='word_1_747' title='bbox 1415 5125 1632 5181; x_wconf 76' lang='lat' dir='ltr'>szeculo</span> <span class='ocrx_word' id='word_1_748' title='bbox 1677 5127 2029 5198; x_wconf 83' lang='lat' dir='ltr'>gloriﬁcant,</span> <span class='ocrx_word' id='word_1_749' title='bbox 2064 5129 2216 5184; x_wconf 87' lang='lat' dir='ltr'>sicut</span> 
     </span>
    </p>
   </div>
   <div class='ocr_carea' id='block_1_102' title="bbox 577 5212 2213 5279">
    <p class='ocr_par' dir='ltr' id='par_1_102' title="bbox 577 5212 2213 5279">
     <span class='ocr_line' id='line_1_103' title="bbox 577 5212 2213 5279; baseline 0.002 -10"><span class='ocrx_word' id='word_1_750' title='bbox 577 5212 732 5269; x_wconf 90' lang='lat' dir='ltr'>male</span> <span class='ocrx_word' id='word_1_751' title='bbox 791 5213 1209 5268; x_wconf 90' lang='lat' dir='ltr'>condemnant.</span> <span class='ocrx_word' id='word_1_752' title='bbox 1249 5238 1268 5264; x_wconf 74' lang='grc' dir='ltr'><strong><em>σ</em></strong></span> <span class='ocrx_word' id='word_1_753' title='bbox 1304 5214 1467 5279; x_wconf 90' lang='lat' dir='ltr'>Quod</span> <span class='ocrx_word' id='word_1_754' title='bbox 1501 5214 1627 5269; x_wconf 89' lang='lat' dir='ltr'>dies</span> <span class='ocrx_word' id='word_1_755' title='bbox 1656 5215 1797 5270; x_wconf 90' lang='lat' dir='ltr'>mali</span> <span class='ocrx_word' id='word_1_756' title='bbox 1838 5217 1976 5271; x_wconf 88' lang='lat' dir='ltr'>sint.</span> <span class='ocrx_word' id='word_1_757' title='bbox 2014 5239 2039 5265; x_wconf 76' lang='lat' dir='ltr'>n</span> <span class='ocrx_word' id='word_1_758' title='bbox 2088 5219 2213 5272; x_wconf 84' lang='lat' dir='ltr'>Non</span> 
     </span>
    </p>
   </div>
   <div class='ocr_carea' id='block_1_103' title="bbox 577 5303 2219 5379">
    <p class='ocr_par' dir='ltr' id='par_1_103' title="bbox 577 5303 2219 5379">
     <span class='ocr_line' id='line_1_104' title="bbox 577 5303 2219 5379; baseline 0.001 -18"><span class='ocrx_word' id='word_1_759' title='bbox 577 5303 733 5379; x_wconf 86' lang='lat' dir='ltr'>quod</span> <span class='ocrx_word' id='word_1_760' title='bbox 758 5303 919 5358; x_wconf 79' lang='lat' dir='ltr'>horae</span> <span class='ocrx_word' id='word_1_761' title='bbox 953 5320 1083 5374; x_wconf 64' lang='lat' dir='ltr'>qua:</span> <span class='ocrx_word' id='word_1_762' title='bbox 1110 5304 1167 5357; x_wconf 89' lang='lat' dir='ltr'>in</span> <span class='ocrx_word' id='word_1_763' title='bbox 1194 5305 1335 5375; x_wconf 82' lang='lat' dir='ltr'>ipsis</span> <span class='ocrx_word' id='word_1_764' title='bbox 1354 5312 1487 5360; x_wconf 87' lang='lat' dir='ltr'>sunt</span> <span class='ocrx_word' id='word_1_765' title='bbox 1509 5309 1610 5359; x_wconf 89' lang='lat' dir='ltr'>aut</span> <span class='ocrx_word' id='word_1_766' title='bbox 1631 5309 1902 5376; x_wconf 84' lang='lat' dir='ltr'>tempora</span> <span class='ocrx_word' id='word_1_767' title='bbox 1922 5307 2040 5362; x_wconf 85' lang='lat' dir='ltr'>sint</span> <span class='ocrx_word' id='word_1_768' title='bbox 2065 5307 2219 5364; x_wconf 87' lang='lat' dir='ltr'>mala</span> 
     </span>
    </p>
   </div>
   <div class='ocr_carea' id='block_1_104' title="bbox 579 5391 2220 5465">
    <p class='ocr_par' dir='ltr' id='par_1_104' title="bbox 579 5391 2220 5465">
     <span class='ocr_line' id='line_1_105' title="bbox 579 5391 2220 5465; baseline 0.001 -14"><span class='ocrx_word' id='word_1_769' title='bbox 579 5393 767 5451; x_wconf 87' lang='lat' dir='ltr'>absit!</span> <span class='ocrx_word' id='word_1_770' title='bbox 797 5392 901 5449; x_wconf 87' lang='lat' dir='ltr'>sed</span> <span class='ocrx_word' id='word_1_771' title='bbox 918 5391 990 5447; x_wconf 91' lang='lat' dir='ltr'>ob</span> <span class='ocrx_word' id='word_1_772' title='bbox 1023 5391 1179 5448; x_wconf 88' lang='lat' dir='ltr'>mala</span> <span class='ocrx_word' id='word_1_773' title='bbox 1211 5411 1340 5464; x_wconf 83' lang='lat' dir='ltr'>quae</span> <span class='ocrx_word' id='word_1_774' title='bbox 1373 5394 1434 5449; x_wconf 91' lang='lat' dir='ltr'>in</span> <span class='ocrx_word' id='word_1_775' title='bbox 1460 5394 1603 5465; x_wconf 85' lang='lat' dir='ltr'>ipsis</span> <span class='ocrx_word' id='word_1_776' title='bbox 1642 5394 1789 5449; x_wconf 84' lang='lat' dir='ltr'>llunt</span> <span class='ocrx_word' id='word_1_777' title='bbox 1816 5413 1849 5450; x_wconf 89' lang='lat' dir='ltr'>a</span> <span class='ocrx_word' id='word_1_778' title='bbox 1880 5397 2071 5465; x_wconf 88' lang='lat' dir='ltr'>nobis,</span> <span class='ocrx_word' id='word_1_779' title='bbox 2095 5397 2220 5452; x_wconf 84' lang='lat' dir='ltr'>dies</span> 
     </span>
    </p>
   </div>
   <div class='ocr_carea' id='block_1_105' title="bbox 577 5483 2223 5553">
    <p class='ocr_par' dir='ltr' id='par_1_105' title="bbox 577 5483 2223 5553">
     <span class='ocr_line' id='line_1_106' title="bbox 577 5483 2223 5553; baseline -0.001 -12"><span class='ocrx_word' id='word_1_780' title='bbox 577 5484 799 5541; x_wconf 83' lang='lat' dir='ltr'>vocavit</span> <span class='ocrx_word' id='word_1_781' title='bbox 831 5483 1039 5539; x_wconf 85' lang='lat' dir='ltr'>malos.</span> <span class='ocrx_word' id='word_1_782' title='bbox 1073 5483 1581 5549; x_wconf 87' lang='lat' dir='ltr'>Quemadmodum</span> <span class='ocrx_word' id='word_1_783' title='bbox 1628 5503 1737 5542; x_wconf 91' lang='lat' dir='ltr'>nos</span> <span class='ocrx_word' id='word_1_784' title='bbox 1787 5485 2059 5553; x_wconf 90' lang='lat' dir='ltr'>dicimus,</span> <span class='ocrx_word' id='word_1_785' title='bbox 2109 5486 2223 5540; x_wconf 90' lang='lat' dir='ltr'>Bo-</span> 
     </span>
    </p>
   </div>
   <div class='ocr_carea' id='block_1_106' title="bbox 582 5573 2223 5648">
    <p class='ocr_par' dir='ltr' id='par_1_106' title="bbox 582 5573 2223 5648">
     <span class='ocr_line' id='line_1_107' title="bbox 582 5573 2223 5648; baseline -0.001 -18"><span class='ocrx_word' id='word_1_786' title='bbox 582 5592 726 5630; x_wconf 89' lang='lat' dir='ltr'>num</span> <span class='ocrx_word' id='word_1_787' title='bbox 748 5580 850 5631; x_wconf 87' lang='lat' dir='ltr'>aut</span> <span class='ocrx_word' id='word_1_788' title='bbox 879 5573 1102 5630; x_wconf 88' lang='lat' dir='ltr'>malum</span> <span class='ocrx_word' id='word_1_789' title='bbox 1135 5573 1293 5629; x_wconf 89' lang='lat' dir='ltr'>diem</span> <span class='ocrx_word' id='word_1_790' title='bbox 1322 5578 1578 5648; x_wconf 78' lang='lat' dir='ltr'>transegi</span> <span class='ocrx_word' id='word_1_791' title='bbox 1611 5594 1624 5630; x_wconf 90' lang='lat'><strong><em>:</em></strong></span> <span class='ocrx_word' id='word_1_792' title='bbox 1650 5594 1770 5632; x_wconf 89' lang='lat' dir='ltr'>non</span> <span class='ocrx_word' id='word_1_793' title='bbox 1791 5577 1901 5630; x_wconf 88' lang='lat' dir='ltr'>hoc</span> <span class='ocrx_word' id='word_1_794' title='bbox 1958 5575 2223 5631; x_wconf 89' lang='lat' dir='ltr'>dicentes</span> 
     </span>
    </p>
   </div>
   <div class='ocr_carea' id='block_1_107' title="bbox 583 5662 2221 5733">
    <p class='ocr_par' dir='ltr' id='par_1_107' title="bbox 583 5662 2221 5733">
     <span class='ocr_line' id='line_1_108' title="bbox 583 5662 2221 5733; baseline 0.001 -17"><span class='ocrx_word' id='word_1_795' title='bbox 583 5663 741 5731; x_wconf 88' lang='lat' dir='ltr'>quod</span> <span class='ocrx_word' id='word_1_796' title='bbox 771 5662 901 5733; x_wconf 85' lang='lat' dir='ltr'>ipsa</span> <span class='ocrx_word' id='word_1_797' title='bbox 935 5662 1048 5718; x_wconf 89' lang='lat' dir='ltr'>dici</span> <span class='ocrx_word' id='word_1_798' title='bbox 1084 5668 1296 5718; x_wconf 90' lang='lat' dir='ltr'>natura</span> <span class='ocrx_word' id='word_1_799' title='bbox 1345 5662 1500 5717; x_wconf 86' lang='lat' dir='ltr'>bona</span> <span class='ocrx_word' id='word_1_800' title='bbox 1531 5663 1606 5717; x_wconf 88' lang='lat' dir='ltr'>sit</span> <span class='ocrx_word' id='word_1_801' title='bbox 1654 5669 1756 5718; x_wconf 89' lang='lat' dir='ltr'>aut</span> <span class='ocrx_word' id='word_1_802' title='bbox 1781 5662 1936 5717; x_wconf 87' lang='lat' dir='ltr'>mala</span> <span class='ocrx_word' id='word_1_803' title='bbox 1968 5680 1980 5717; x_wconf 94' lang='lat'>:</span> <span class='ocrx_word' id='word_1_804' title='bbox 2016 5662 2121 5717; x_wconf 88' lang='lat' dir='ltr'>sed</span> <span class='ocrx_word' id='word_1_805' title='bbox 2151 5681 2221 5717; x_wconf 83' lang='lat' dir='ltr'>ex</span> 
     </span>
    </p>
   </div>
   <div class='ocr_carea' id='block_1_108' title="bbox 2320 4675 3903 4772">
    <p class='ocr_par' dir='ltr' id='par_1_108' title="bbox 2320 4675 3903 4772">
     <span class='ocr_line' id='line_1_109' title="bbox 2320 4675 3903 4772; baseline -0.008 -26"><span class='ocrx_word' id='word_1_806' title='bbox 2320 4692 2411 4764; x_wconf 86' lang='grc' dir='ltr'>ρὸς</span> <span class='ocrx_word' id='word_1_807' title='bbox 2453 4690 2555 4745; x_wconf 79' lang='grc' dir='ltr'>οὐκ</span> <span class='ocrx_word' id='word_1_808' title='bbox 2611 4683 2753 4744; x_wconf 77' lang='grc' dir='ltr'>ἔστιν</span> <span class='ocrx_word' id='word_1_809' title='bbox 2814 4689 2950 4759; x_wconf 73' lang='grc' dir='ltr'>ἡμῖν</span> <span class='ocrx_word' id='word_1_810' title='bbox 3016 4679 3253 4762; x_wconf 72' lang='grc' dir='ltr'>βέϐαιος.</span> <span class='ocrx_word' id='word_1_811' title='bbox 3322 4684 3581 4759; x_wconf 74' lang='grc' dir='ltr'>ΙΙάροικοι</span> <span class='ocrx_word' id='word_1_812' title='bbox 3638 4682 3731 4756; x_wconf 77' lang='grc' dir='ltr'>γάρ</span> <span class='ocrx_word' id='word_1_813' title='bbox 3773 4675 3903 4772; x_wconf 54' lang='lat' dir='ltr'>E6513:-</span> 
     </span>
    </p>
   </div>
   <div class='ocr_carea' id='block_1_109' title="bbox 2320 4761 3908 4857">
    <p class='ocr_par' dir='ltr' id='par_1_109' title="bbox 2320 4761 3908 4857">
     <span class='ocr_line' id='line_1_110' title="bbox 2320 4761 3908 4857; baseline -0.005 -24"><span class='ocrx_word' id='word_1_814' title='bbox 2320 4778 2623 4857; x_wconf 77' lang='grc' dir='ltr'>’Δγόρασον</span> <span class='ocrx_word' id='word_1_815' title='bbox 2684 4778 2778 4831; x_wconf 78' lang='grc' dir='ltr'>οὗν</span> <span class='ocrx_word' id='word_1_816' title='bbox 2836 4775 2996 4829; x_wconf 66' lang='grc' dir='ltr'>αὐτὸν</span> <span class='ocrx_word' id='word_1_817' title='bbox 3054 4775 3144 4829; x_wconf 82' lang='grc' dir='ltr'>καὶ</span> <span class='ocrx_word' id='word_1_818' title='bbox 3197 4771 3428 4843; x_wconf 81' lang='grc' dir='ltr'>ποίησον</span> <span class='ocrx_word' id='word_1_819' title='bbox 3508 4769 3668 4827; x_wconf 72' lang='grc' dir='ltr'>ἴδιον.</span> <span class='ocrx_word' id='word_1_820' title='bbox 3729 4770 3831 4825; x_wconf 80' lang='grc' dir='ltr'>Πῶς</span> <span class='ocrx_word' id='word_1_821' title='bbox 3870 4761 3908 4810; x_wconf 55' lang='grc' dir='ltr'>δὲ</span> 
     </span>
    </p>
   </div>
   <div class='ocr_carea' id='block_1_110' title="bbox 2317 4852 3908 4936">
    <p class='ocr_par' dir='ltr' id='par_1_110' title="bbox 2317 4852 3908 4936">
     <span class='ocr_line' id='line_1_111' title="bbox 2317 4852 3908 4936; baseline -0.011 -14"><span class='ocrx_word' id='word_1_822' title='bbox 2317 4870 2483 4922; x_wconf 84' lang='grc' dir='ltr'>τοῦτο</span> <span class='ocrx_word' id='word_1_823' title='bbox 2514 4863 2664 4920; x_wconf 79' lang='grc' dir='ltr'>ἔσται</span> <span class='ocrx_word' id='word_1_824' title='bbox 2702 4886 2715 4935; x_wconf 87' lang='lat'><strong>;</strong></span> <span class='ocrx_word' id='word_1_825' title='bbox 2760 4864 2859 4919; x_wconf 77' lang='grc' dir='ltr'>Διὰ</span> <span class='ocrx_word' id='word_1_826' title='bbox 2887 4866 2985 4917; x_wconf 84' lang='grc' dir='ltr'>τοῦ</span> <span class='ocrx_word' id='word_1_827' title='bbox 3016 4860 3067 4916; x_wconf 84' lang='grc' dir='ltr'>ἐν</span> <span class='ocrx_word' id='word_1_828' title='bbox 3100 4862 3252 4933; x_wconf 78' lang='grc' dir='ltr'>αὐτῷ</span> <span class='ocrx_word' id='word_1_829' title='bbox 3290 4860 3642 4936; x_wconf 74' lang='grc' dir='ltr'>εὐαρεστῆσαι</span> <span class='ocrx_word' id='word_1_830' title='bbox 3696 4860 3768 4927; x_wconf 80' lang='grc' dir='ltr'>τῷ</span> <span class='ocrx_word' id='word_1_831' title='bbox 3810 4852 3908 4936; x_wconf 49' lang='lat'>651.3-</span> 
     </span>
    </p>
   </div>
   <div class='ocr_carea' id='block_1_111' title="bbox 2321 4934 3907 5033">
    <p class='ocr_par' dir='ltr' id='par_1_111' title="bbox 2321 4934 3907 5033">
     <span class='ocr_line' id='line_1_112' title="bbox 2321 4934 3907 5033; baseline -0.015 -21"><span class='ocrx_word' id='word_1_832' title='bbox 2321 4954 2458 5013; x_wconf 72' lang='grc' dir='ltr'>Τότε</span> <span class='ocrx_word' id='word_1_833' title='bbox 2487 4953 2589 5029; x_wconf 76' lang='grc' dir='ltr'>γὰρ</span> <span class='ocrx_word' id='word_1_834' title='bbox 2623 4934 2782 5014; x_wconf 77' lang='grc' dir='ltr'>οὗτος</span> <span class='ocrx_word' id='word_1_835' title='bbox 2812 4949 2959 5013; x_wconf 65' lang='grc' dir='ltr'>ἴδιος</span> <span class='ocrx_word' id='word_1_836' title='bbox 2988 4950 3211 5028; x_wconf 84' lang='grc' dir='ltr'>γίνεται,</span> <span class='ocrx_word' id='word_1_837' title='bbox 3271 4949 3360 5005; x_wconf 79' lang='grc' dir='ltr'>ὅτε</span> <span class='ocrx_word' id='word_1_838' title='bbox 3389 4934 3453 5003; x_wconf 67' lang='grc' dir='ltr'>αἱ</span> <span class='ocrx_word' id='word_1_839' title='bbox 3513 4947 3563 5003; x_wconf 89' lang='grc' dir='ltr'>ἐν</span> <span class='ocrx_word' id='word_1_840' title='bbox 3616 4947 3753 5016; x_wconf 81' lang='grc' dir='ltr'>αὐτῷ</span> <span class='ocrx_word' id='word_1_841' title='bbox 3785 4934 3907 5033; x_wconf 41' lang='grc' dir='ltr'>καλαί</span> 
     </span>
    </p>
   </div>
   <div class='ocr_carea' id='block_1_112' title="bbox 2321 5035 3910 5118">
    <p class='ocr_par' dir='ltr' id='par_1_112' title="bbox 2321 5035 3910 5118">
     <span class='ocr_line' id='line_1_113' title="bbox 2321 5035 3910 5118; baseline -0.009 -20"><span class='ocrx_word' id='word_1_842' title='bbox 2321 5043 2543 5118; x_wconf 74' lang='grc' dir='ltr'>πράξεις</span> <span class='ocrx_word' id='word_1_843' title='bbox 2582 5040 3067 5110; x_wconf 77' lang='grc' dir='ltr'>ἐπακολουθοῦσιν,</span> <span class='ocrx_word' id='word_1_844' title='bbox 3126 5039 3235 5095; x_wconf 81' lang='grc' dir='ltr'>ἐκεῖ</span> <span class='ocrx_word' id='word_1_845' title='bbox 3292 5037 3630 5109; x_wconf 81' lang='grc' dir='ltr'>δοξάζουσαι,</span> <span class='ocrx_word' id='word_1_846' title='bbox 3687 5035 3843 5099; x_wconf 76' lang='grc' dir='ltr'>ὥσπερ</span> <span class='ocrx_word' id='word_1_847' title='bbox 3877 5044 3910 5076; x_wconf 72' lang='grc' dir='ltr'>πί</span> 
     </span>
    </p>
   </div>
   <div class='ocr_carea' id='block_1_113' title="bbox 2322 5119 3911 5207">
    <p class='ocr_par' dir='ltr' id='par_1_113' title="bbox 2322 5119 3911 5207">
     <span class='ocr_line' id='line_1_114' title="bbox 2322 5119 3911 5207; baseline -0.011 -18"><span class='ocrx_word' id='word_1_848' title='bbox 2322 5132 2487 5189; x_wconf 78' lang='grc' dir='ltr'>καλαὶ</span> <span class='ocrx_word' id='word_1_849' title='bbox 2518 5131 2955 5207; x_wconf 84' lang='grc' dir='ltr'>κατακρίνουσαι.</span> <span class='ocrx_word' id='word_1_850' title='bbox 2988 5156 3016 5182; x_wconf 75' lang='grc' dir='ltr'>ιι</span> <span class='ocrx_word' id='word_1_851' title='bbox 3050 5132 3151 5186; x_wconf 89' lang='grc' dir='ltr'>Οτι</span> <span class='ocrx_word' id='word_1_852' title='bbox 3182 5130 3236 5184; x_wconf 76' lang='grc' dir='ltr'>αἱ</span> <span class='ocrx_word' id='word_1_853' title='bbox 3266 5127 3470 5203; x_wconf 73' lang='grc' dir='ltr'>ἡμέραι</span> <span class='ocrx_word' id='word_1_854' title='bbox 3495 5122 3726 5201; x_wconf 73' lang='grc' dir='ltr'>πανηραί</span> <span class='ocrx_word' id='word_1_855' title='bbox 3753 5119 3911 5177; x_wconf 52' lang='grc' dir='ltr'>εἰσιν.»</span> 
     </span>
    </p>
   </div>
   <div class='ocr_carea' id='block_1_114' title="bbox 2326 5208 3913 5296">
    <p class='ocr_par' dir='ltr' id='par_1_114' title="bbox 2326 5208 3913 5296">
     <span class='ocr_line' id='line_1_115' title="bbox 2326 5208 3913 5296; baseline -0.026 3"><span class='ocrx_word' id='word_1_856' title='bbox 2326 5220 2450 5296; x_wconf 64' lang='grc' dir='ltr'>Οὐχ</span> <span class='ocrx_word' id='word_1_857' title='bbox 2480 5222 2535 5274; x_wconf 57' lang='grc' dir='ltr'><strong>αἱ</strong></span> <span class='ocrx_word' id='word_1_858' title='bbox 2566 5219 2618 5276; x_wconf 61' lang='grc' dir='ltr'>ἐν</span> <span class='ocrx_word' id='word_1_859' title='bbox 2652 5221 2869 5283; x_wconf 66' lang='grc' dir='ltr'>ἀὐταῖς</span> <span class='ocrx_word' id='word_1_860' title='bbox 2921 5220 3057 5294; x_wconf 54' lang='lat'>“391&#39;-</span> <span class='ocrx_word' id='word_1_861' title='bbox 3212 5220 3263 5274; x_wconf 60' lang='grc' dir='ltr'>οἳ</span> <span class='ocrx_word' id='word_1_862' title='bbox 3304 5218 3499 5293; x_wconf 69' lang='grc' dir='ltr'>χρόνοι</span> <span class='ocrx_word' id='word_1_863' title='bbox 3528 5213 3752 5289; x_wconf 75' lang='grc' dir='ltr'>πονηροί</span> <span class='ocrx_word' id='word_1_864' title='bbox 3797 5208 3913 5263; x_wconf 73' lang='grc' dir='ltr'>εἶσιν,</span> 
     </span>
    </p>
   </div>
   <div class='ocr_carea' id='block_1_115' title="bbox 2332 5307 3915 5387">
    <p class='ocr_par' dir='ltr' id='par_1_115' title="bbox 2332 5307 3915 5387">
     <span class='ocr_line' id='line_1_116' title="bbox 2332 5307 3915 5387; baseline -0.006 -23"><span class='ocrx_word' id='word_1_865' title='bbox 2332 5313 2406 5385; x_wconf 67' lang='grc' dir='ltr'>μὴ</span> <span class='ocrx_word' id='word_1_866' title='bbox 2441 5308 2650 5387; x_wconf 73' lang='grc' dir='ltr'>γένοιτο</span> <span class='ocrx_word' id='word_1_867' title='bbox 2678 5312 2691 5367; x_wconf 82' lang='lat' dir='ltr'>l</span> <span class='ocrx_word' id='word_1_868' title='bbox 2726 5308 2853 5366; x_wconf 82' lang='grc' dir='ltr'>ἀλλ’</span> <span class='ocrx_word' id='word_1_869' title='bbox 2885 5308 2945 5364; x_wconf 83' lang='grc' dir='ltr'>ἐκ</span> <span class='ocrx_word' id='word_1_870' title='bbox 2969 5313 3078 5364; x_wconf 78' lang='grc' dir='ltr'>τῶν</span> <span class='ocrx_word' id='word_1_871' title='bbox 3111 5307 3162 5362; x_wconf 78' lang='grc' dir='ltr'>ἐν</span> <span class='ocrx_word' id='word_1_872' title='bbox 3191 5309 3376 5369; x_wconf 76' lang='grc' dir='ltr'>αὐταῖς</span> <span class='ocrx_word' id='word_1_873' title='bbox 3431 5308 3556 5382; x_wconf 82' lang='grc' dir='ltr'>παρ’</span> <span class='ocrx_word' id='word_1_874' title='bbox 3605 5308 3755 5377; x_wconf 72' lang='grc' dir='ltr'>ἡμῶν</span> <span class='ocrx_word' id='word_1_875' title='bbox 3804 5314 3915 5374; x_wconf 74' lang='grc' dir='ltr'>γινθ·</span> 
     </span>
    </p>
   </div>
   <div class='ocr_carea' id='block_1_116' title="bbox 2334 5384 3916 5473">
    <p class='ocr_par' dir='ltr' id='par_1_116' title="bbox 2334 5384 3916 5473">
     <span class='ocr_line' id='line_1_117' title="bbox 2334 5384 3916 5473; baseline -0.005 -20"><span class='ocrx_word' id='word_1_876' title='bbox 2334 5400 2509 5472; x_wconf 68' lang='grc' dir='ltr'>μένων</span> <span class='ocrx_word' id='word_1_877' title='bbox 2576 5404 2779 5469; x_wconf 82' lang='grc' dir='ltr'>κακῶν,</span> <span class='ocrx_word' id='word_1_878' title='bbox 2856 5398 2952 5459; x_wconf 77' lang='grc' dir='ltr'>τὰς</span> <span class='ocrx_word' id='word_1_879' title='bbox 3009 5397 3222 5473; x_wconf 68' lang='grc' dir='ltr'>ἡμέρας</span> <span class='ocrx_word' id='word_1_880' title='bbox 3281 5398 3523 5472; x_wconf 72' lang='grc' dir='ltr'>πονηρὰς</span> <span class='ocrx_word' id='word_1_881' title='bbox 3573 5395 3821 5453; x_wconf 70' lang='grc' dir='ltr'>ἐκάλεσεν,</span> 
     </span>
    </p>
   </div>
   <div class='ocr_carea' id='block_1_117' title="bbox 2331 5468 3918 5564">
    <p class='ocr_par' dir='ltr' id='par_1_117' title="bbox 2331 5468 3918 5564">
     <span class='ocr_line' id='line_1_118' title="bbox 2331 5468 3918 5564; baseline -0.004 -22"><span class='ocrx_word' id='word_1_882' title='bbox 2331 5492 2495 5561; x_wconf 73' lang='grc' dir='ltr'>ἡμεῖς</span> <span class='ocrx_word' id='word_1_883' title='bbox 2529 5486 2792 5564; x_wconf 68' lang='grc' dir='ltr'>λὲγομεν,</span> <span class='ocrx_word' id='word_1_884' title='bbox 2824 5484 3013 5555; x_wconf 80' lang='grc' dir='ltr'>Καλὴν</span> <span class='ocrx_word' id='word_1_885' title='bbox 3138 5488 3306 5558; x_wconf 64' lang='grc' dir='ltr'>κακὴν</span> <span class='ocrx_word' id='word_1_886' title='bbox 3362 5486 3568 5562; x_wconf 68' lang='grc' dir='ltr'>ἡμέραν</span> <span class='ocrx_word' id='word_1_887' title='bbox 3609 5482 3837 5550; x_wconf 75' lang='grc' dir='ltr'>ἐποίησα,</span> 
     </span>
    </p>
   </div>
   <div class='ocr_carea' id='block_1_118' title="bbox 2333 5560 3918 5655">
    <p class='ocr_par' dir='ltr' id='par_1_118' title="bbox 2333 5560 3918 5655">
     <span class='ocr_line' id='line_1_119' title="bbox 2333 5560 3918 5655; baseline -0.006 -22"><span class='ocrx_word' id='word_1_888' title='bbox 2333 5582 2498 5633; x_wconf 84' lang='grc' dir='ltr'>τοῦτο</span> <span class='ocrx_word' id='word_1_889' title='bbox 2529 5576 2803 5654; x_wconf 67' lang='grc' dir='ltr'>λέγοντες,</span> <span class='ocrx_word' id='word_1_890' title='bbox 2834 5576 2919 5631; x_wconf 83' lang='grc' dir='ltr'>ὅτι</span> <span class='ocrx_word' id='word_1_891' title='bbox 2952 5573 3087 5645; x_wconf 80' lang='grc' dir='ltr'>αὖτὴ</span> <span class='ocrx_word' id='word_1_892' title='bbox 3121 5577 3156 5645; x_wconf 80' lang='grc' dir='ltr'>ἡ</span> <span class='ocrx_word' id='word_1_893' title='bbox 3215 5576 3370 5655; x_wconf 68' lang='grc' dir='ltr'>φῦσις</span> <span class='ocrx_word' id='word_1_894' title='bbox 3430 5583 3528 5645; x_wconf 73' lang='grc' dir='ltr'>τῆς</span> <span class='ocrx_word' id='word_1_895' title='bbox 3582 5572 3779 5646; x_wconf 71' lang='grc' dir='ltr'>ἡμέρας</span> <span class='ocrx_word' id='word_1_896' title='bbox 3808 5560 3918 5655; x_wconf 42' lang='lat' dir='ltr'>mli.</span> 
     </span>
    </p>
   </div>
   <div class='ocr_carea' id='block_1_119' title="bbox 2334 5652 3999 5739">
    <p class='ocr_par' dir='ltr' id='par_1_119' title="bbox 2334 5652 3999 5739">
     <span class='ocr_line' id='line_1_120' title="bbox 2334 5652 3999 5739; baseline -0.006 -17"><span class='ocrx_word' id='word_1_897' title='bbox 2334 5666 2369 5735; x_wconf 76' lang='grc' dir='ltr'><strong>ἢ</strong></span> <span class='ocrx_word' id='word_1_898' title='bbox 2399 5667 2562 5738; x_wconf 72' lang='grc' dir='ltr'>κακὴ,</span> <span class='ocrx_word' id='word_1_899' title='bbox 2594 5652 2722 5721; x_wconf 69' lang='grc' dir='ltr'>ἀλλ’</span> <span class='ocrx_word' id='word_1_900' title='bbox 2751 5665 2809 5721; x_wconf 76' lang='grc' dir='ltr'>ἐκ</span> <span class='ocrx_word' id='word_1_901' title='bbox 2846 5670 2954 5721; x_wconf 80' lang='grc' dir='ltr'>τῶν</span> <span class='ocrx_word' id='word_1_902' title='bbox 2982 5668 3118 5739; x_wconf 71' lang='grc' dir='ltr'>ἡμῖν</span> <span class='ocrx_word' id='word_1_903' title='bbox 3160 5652 3585 5739; x_wconf 76' lang='grc' dir='ltr'>συμϐαινόντων,</span> <span class='ocrx_word' id='word_1_904' title='bbox 3641 5662 3804 5720; x_wconf 68' lang='grc' dir='ltr'>οὕτως</span> <span class='ocrx_word' id='word_1_905' title='bbox 3850 5652 3917 5708; x_wconf 65' lang='grc' dir='ltr'>αὖ·</span> <span class='ocrx_word' id='word_1_906' title='bbox 3998 5660 3999 5705; x_wconf 62' lang='grc' dir='ltr'>ἶ</span> 
     </span>
    </p>
   </div>
  </div>
