4108 6192
333 373 482 437 1241

1403 372 1818 434 COMMENT.
1856 372 1944 432 ἸΝ
1992 370 2230 431 EPIST.
2276 373 2386 431 AD
2428 370 2705 433 EPHES.

3586 379 3744 438 4242

330 507 429 573 τὴν
462 506 847 579 ὀνομάζοντες.
920 507 1017 562 Διὰ
1072 510 1233 562 τοῦτο
1289 505 1381 562 καὶ
1434 507 1462 562 6
1510 506 1741 582 Χριστός
1798 525 1982 584 φησιθε

2102 506 2194 561 his
2225 523 2355 577 quae
2414 506 2585 563 nobis
2634 509 2987 582 contingunt
3043 509 3125 565 ita
3147 508 3304 565 diem
3335 512 3737 570 nominantes.

334 593 597 668 Ἀρκετὸν
654 597 722 666 τῇ
781 592 964 669 ἡμέρᾳ
1019 596 1055 663 ἡ
1103 593 1285 663 κακία,
1344 592 1589 649 τουτέστι
1621 594 1687 648 τὰ
1739 590 1790 646 ἐν
1845 591 1985 665 αὐτῇ

330 682 471 738 κακᾶ
501 685 631 756 παρ’
683 685 845 753 ἡμῶν
920 684 1202 759 γινόμενα.
1266 682 1362 737 Διὰ
1416 686 1581 736 τοῦτο
1645 683 1721 755 μή
1774 678 1989 755 γίνεσθε

330 770 576 850 ἄφρονες.
622 768 849 840 Ἐπειδή
882 772 917 841 ἡ
964 770 1225 846 πονηρία,
1279 770 1466 848 φησὶν,
1522 770 1669 834 ἀνθεῖ
1718 770 1808 824 καὶ
1868 769 1989 823 ἐπι-

329 864 518 934 κρατεῖ
546 864 642 915 τοῦ
674 860 944 925 παρόντος
981 859 1103 935 βίου
1135 861 1224 914 καὶ
1265 864 1372 914 τῶν
1432 860 1677 934 ἡμερῶν,
1714 859 1791 931 μή
1847 856 1985 933 γίνε-

332 961 423 1014 σθε
455 949 684 1027 ἄφρονες
715 948 856 1005 ὣστε
885 950 1197 1014 ἁλίσκεσθαι
1240 947 1633 1025 αὐτῇ.‹‹Ἀλλὰ
1660 948 1984 1009 συνιέντεςη»

325 1040 631 1113 --[ΦΩΤ.]
664 1039 938 1100 Συνιέντες
996 1045 1363 1114 περιπατεῖτε,
1407 1037 1535 1113 (ἀπὸ
1591 1041 1779 1093 κοινοῦ
1835 1037 1986 1118 γαρ,)

329 1128 512 1204 ὥσπερ
563 1128 655 1182 καὶ
713 1129 800 1201 τὸ,
870 1127 1219 1203 Πληροῦσθε,
1272 1127 1437 1183 πάλιν
1470 1125 1609 1183 ἐστίν
1640 1128 1745 1182 ἀπὸ
1774 1129 1983 1182 κοινοῦι

334 1218 476 1291 Πρὸς
506 1217 594 1286 τὸ,
626 1214 932 1280 Λαλοῦντες
964 1218 1067 1293 γὰρ
1095 1219 1182 1273 καὶ
1216 1215 1476 1289 ’ᾼδοντες
1519 1218 1610 1272 καὶ
1670 1214 1989 1280 Ψάλλοντες

332 1306 425 1361 καὶ
512 1306 984 1381 Εὖχαριστοῦντες
1019 1350 1034 1376 ,
1122 1304 1495 1375 ἀποδίδοται,
1556 1306 1646 1360 καὶ
1703 1304 1840 1379 πρὸς
1900 1305 1984 1374 τὸ,

330 1387 811 1468 ’Υποτασσόμενοι.
847 1420 875 1446 ‹‹
905 1394 970 1450 Τί
999 1395 1061 1450 τὸ
1092 1395 1310 1469 θέλημα
1338 1399 1435 1450 τοῦ
1460 1394 1678 1470 Κυρίου.
1706 1416 1733 1445 ››
1758 1392 1984 1467 Θὲλημα

327 1487 425 1538 τοῦ
459 1482 678 1557 Κυρίου,
738 1482 802 1537 τὸ
857 1484 950 1538 τὸν
1011 1484 1254 1558 παρόντα
1311 1483 1499 1559 καιρὸν
1550 1483 1984 1559 ἐξαγοράζεσθαι,

326 1596 356 1625 ‹‹
391 1572 493 1628 Καὶ
528 1573 605 1645 μή
667 1571 995 1645 μεθύσκεσθε
1046 1572 1197 1645 οἷ’νῳ.
1256 1597 1285 1625 ››
1345 1573 1407 1629 Ὀ
1466 1574 1569 1649 γὰρ
1615 1572 1788 1641 οἶνος,
1847 1572 1984 1645 πρὸς

324 1659 683 1739 εὐφροσύνην,
718 1660 779 1716 οὐ
813 1662 950 1734 πρὸς
988 1662 1183 1735 μέθην,
1244 1658 1477 1718 δέδοται.
1512 1687 1539 1713 ‹‹
1598 1663 1682 1717 Ἐν
1739 1662 1785 1733 ᾧ
1843 1659 1981 1716 ἐστιν

321 1749 552 1808 ἀσωτία.
585 1775 615 1803 ››
646 1749 932 1825 Θυμώδεις
963 1758 1114 1807 ποιεῖ
1141 1753 1230 1807 καὶ
1264 1758 1477 1827 θρασεῖς
1509 1752 1598 1807 καὶ
1621 1749 1985 1829 ἀκροσφαλεῖς

2097 594 2341 665 Propter
2367 594 2479 649 hoc
2512 601 2570 649 et
2599 596 2864 652 Christus
2886 598 3005 651 ait:
3065 597 3295 653 Sufficit
3347 598 3462 653 diei
3510 600 3737 657 malum

2095 699 2266 738 suum
2308 684 2374 751 ‘°,
2417 682 2477 736 id
2526 690 2634 752 est,
2700 685 2854 741 mala
2900 703 3030 756 qua)
3083 686 3143 740 in
3207 687 3334 758 ipso
3366 689 3736 762 contingunt.

2093 773 2412 841 Propterea
2431 788 2507 826 ne
2530 772 2658 827 sitis
2682 773 3295 845 imprudentes.Quia,
3329 775 3544 847 inquit,
3577 779 3747 833 mali-

2094 859 2174 914 tia
2204 859 2378 914 floret
2405 876 2471 914 ac
2498 862 2900 933 principatum
2937 867 3099 917 tenet
3130 862 3189 917 in
3222 864 3504 934 praesenti
3538 866 3655 921 vita
3685 872 3743 921 et

2092 947 2321 1010 diebus,
2355 965 2428 1003 ne
2461 950 2589 1004 sitis
2613 950 3115 1023 imprudentes,ut
3136 950 3208 1008 ab
3242 953 3368 1023 ipsa
3399 954 3742 1025 capiamini.

2094 1061 2120 1086 ‹‹
2155 1038 2269 1093 Sed
2307 1039 2729 1111 intelligentes.
2766 1063 2794 1090 »
2819 1040 3229 1112 Intelligentes
3253 1041 3743 1100 ambulatemam

2094 1126 2205 1181 hoc
2236 1144 2270 1183 a
2297 1129 2599 1183 communi
2634 1146 2812 1184 sensu
2831 1129 3189 1185 sumendum
3214 1136 3338 1186 est:
3365 1132 3747 1202 quemadmo-

2095 1217 2234 1271 dum
2270 1218 2665 1289 impleamini,
2700 1235 2938 1274 rursum
2970 1219 3129 1274 idem
3161 1237 3195 1275 a
3225 1222 3524 1275 communi
3560 1239 3741 1279 sensu

2096 1307 2402 1377 reponitur
2433 1308 2524 1363 5|
2573 1309 2647 1363 ad
2679 1309 3013 1380 Loquentes
3053 1314 3110 1364 et
3158 1310 3450 1366 Canentes
3482 1327 3548 1366 ac
3585 1312 3745 1368 Psal-

2092 1396 2282 1451 lentes
2312 1402 2372 1451 et
2400 1397 2629 1453 Gratias
2648 1399 3177 1470 agentes,itemque
3191 1399 3265 1454 ad
3285 1399 3574 1455 Subditi.«
3601 1401 3739 1465 Quae

2096 1485 2172 1540 sit
2217 1485 2490 1541 voluntas
2546 1487 2801 1543 Domini.
2863 1509 2890 1537 »
2927 1488 3209 1543 Voluntas
3271 1489 3505 1544 Domini
3538 1496 3626 1546 est
3677 1497 3743 1545 ut

2092 1593 2355 1648 przesens
2382 1582 2617 1648 tempus
2648 1577 3030 1632 redimamus.
3065 1600 3093 1628 ‹‹
3126 1580 3194 1632 Et
3224 1595 3297 1633 ne
3356 1578 3741 1636 inebriemini

2092 1665 2227 1721 vino
2263 1688 2288 1714 υ
2308 1666 2523 1720 Vinum
2556 1666 2714 1721 enim
2746 1666 2821 1721 ad
2852 1666 3118 1722 lmtitiam
3148 1667 3480 1736 datur,non
3510 1668 3583 1724 ad
3607 1669 3744 1724 ine-

2091 1754 2466 1810 briationem.
2502 1777 2529 1804 ‹‹
2565 1755 2630 1809 In
2663 1772 2778 1827 quo
2796 1755 3040 1811 lascivia
3070 1763 3177 1811 est.
3211 1778 3237 1808 ι
3265 1758 3583 1813 Animosos
3606 1758 3747 1814 facit

323 1842 413 1895 καὶ
444 1841 585 1916 πρὸς
610 1839 893 1919 ἀσέλγειαν
923 1840 1253 1919 ἐπιρρεπεῖς.
1304 1867 1332 1894 ‹‹
1377 1840 1552 1900 Ἀλλᾶ
1581 1840 1917 1915 πληροῦσθε.
1953 1864 1982 1892 ››

324 1927 413 1945 Λα
582 1929 601 1945 ς
730 1935 757 1945 ..
800 1934 823 1945 ..
1092 1931 1105 1945 .
1265 1931 1277 1945 .
1379 1932 1392 1945 .
1508 1932 1522 1945 .
1599 1937 1621 1945 _
1795 1929 1851 1945 ,υ

2098 1860 2160 1899 ac
2193 1844 2540 1899 temerarios
2571 1850 2628 1898 et
2658 1843 2732 1899 ad
2764 1844 2997 1916 lapsum
3027 1845 3231 1902 faciles
3254 1864 3321 1903 ac
3353 1848 3641 1919 proclives
3669 1848 3743 1903 ad

320 1927 510 1993 Θὲλεις
537 1929 909 2002 πληροῦσθαι,
972 1931 1130 2008 φησί,
1188 1931 1303 2000 καὶ,
1364 1932 1439 1993 ὡς
1479 1932 1668 1999 εἰπεῖν,
1725 1929 1984 2002 μεθύσκε-

321 2019 440 2073 σθαι
475 2038 489 2088 ;
528 2023 703 2075 Τοῦτο
732 2021 881 2075 ποίει
912 2019 965 2075 ἐν
995 2025 1079 2094 τῷ
1131 2022 1277 2099 ἁγίῳ
1330 2019 1621 2094 Πνεύματι,
1654 2018 1985 2095 πληρούμε-

320 2128 414 2169 νος
445 2106 634 2163 αὐτοῦ.
674 2112 866 2166 "Eata:
895 2106 953 2164 δὲ
983 2113 1168 2178 τοῦτο,
1228 2107 1318 2164 διὰ
1373 2108 1611 2184 ψαλμῶν
1653 2109 1744 2165 καὶ
1802 2106 1978 2182 ᾠδῶν,

321 2197 475 2276 φησί.
510 2222 539 2249 ‹‹
575 2197 680 2254 Καὶ
729 2196 897 2271 ᾠδαῖς
928 2205 1337 2272 πνευματικαῖς.
1375 2226 1398 2254 ι
1438 2199 1557 2254 Εἰσὶ
1605 2199 1705 2274 γὰρ
1736 2198 1827 2254 καὶ
1861 2196 1982 2253 δια-

323 2281 566 2346 ϐολικαί.
597 2312 624 2338 ‹‹
679 2290 770 2345 Ἐν
829 2291 898 2361 τῇ
957 2285 1154 2363 καρδίᾳ
1215 2289 1389 2361 ὑμῶν.
1433 2311 1461 2342 ››
1496 2290 1587 2358 Μὴ
1622 2292 1737 2350 τοῖς
1767 2287 1979 2364 χείλεσι

323 2376 510 2449 μόνον,
556 2374 703 2431 ἀλλᾶ
758 2376 850 2431 καὶ
909 2377 1047 2433 κατὰ
1101 2379 1201 2448 τήν
1260 2375 1484 2452 καρδίαν
1569 2401 1596 2429 ‹‹
1632 2377 1716 2433 Ἐν
1749 2377 1979 2450 ὀνόματι

318 2469 418 2520 τοῦ
450 2465 654 2540 Κυρίου
685 2466 864 2537 ἡμῶν.
902 2490 931 2518 ››
989 2467 1089 2521 Διά
1145 2466 1246 2542 γαρ
1273 2470 1370 2521 τοῦ
1414 2463 1680 2540 ὀνόματος
1710 2471 1807 2522 τοῦ
1840 2473 1977 2540 Χρις

326 2557 479 2623 στοῦ,
509 2553 684 2608 πάντα
714 2556 849 2626 ἡμῖν
909 2555 1166 2632 ὑπάργει.
1203 2576 1234 2610 (ι
1282 2555 1734 2629 Ὑποτασσόμενοι
1796 2554 1978 2627 ἀλλή-

328 2641 477 2706 λοις.
517 2668 536 2693 ι
568 2646 736 2701 ’Όταν
778 2644 882 2721 γὰρ
937 2640 1162 2708 ἕκαστος
1202 2646 1410 2719 ἑκάστῳ
1465 2644 1550 2717 εἴη
1613 2644 1980 2721 ὑποτεταγμέ-

327 2754 436 2803 voc,
468 2732 557 2787 καὶ
588 2733 664 2805 μή
698 2730 788 2788 διά
810 2754 863 2787 τι
895 2738 1121 2810 πρᾶγμα
1144 2736 1408 2808 κοσμικὸν
1462 2733 1499 2804 ἤ
1558 2733 1780 2805 ἄτοπον,
1831 2733 1978 2791 ἀλλὰ

327 2817 418 2875 διὰ
447 2816 615 2900 φόϐον
645 2825 909 2897 Χριστοῦ,
936 2824 987 2878 τί
1019 2822 1165 2879 ἔσται
1198 2823 1392 2881 λοιπὸν
1429 2824 1479 2880 ἐν
1514 2826 1665 2898 μέσῳ
1694 2833 1858 2880 κακόν
1890 2843 1903 2893 ;

950 2916 1228 2972 ΚΕΦΑΛ.
1263 2915 1334 2969 Θ“.

435 3000 679 3072 Διάταξις
719 3000 1004 3080 οἰκειακῶν
1049 3004 1391 3080 καθηκόνςων
1421 3001 1754 3080 αρχομὲνοις
1781 3002 1873 3057 καὶ

788 3071 1053 3149 ἄρχουσιν
1091 3075 1229 3128 κατὰ
1257 3071 1512 3148 Χριστόνξ

396 3180 462 3236 Αἱ
490 3186 738 3255 γυναῖκες
795 3184 913 3242 τοῖς
972 3178 1131 3241 ἰδίοις
1187 3178 1437 3255 ἀνδράσιν
1499 3180 1861 3235 ὑποτάσσεσθε
1900 3179 1976 3241 ὼς

321 3271 401 3343 τῷ
427 3268 625 3345 κυρίῳ,
656 3270 739 3324 ’ὁτι
769 3270 903 3345 ἀνήρ
935 3268 1047 3325 ἐστι
1077 3267 1293 3349 κεφαλή
1323 3277 1425 3340 τῆς
1456 3271 1733 3347 γυναικὸς,
1775 3269 1850 3331 ὡς
1884 3290 1975 3324 και

321 3360 349 3414 6
406 3360 640 3433 Χριστὸς
696 3356 909 3437 κειραλή
964 3366 1066 3429 τῆς
1125 3356 1483 3430 Ἐκκλησίας,
1536 3359 1626 3414 καὶ
1675 3358 1836 3420 αὐτός
1868 3358 1977 3414 ἐστὶ

322 3449 507 3522 σωτὴρ
537 3452 634 3503 τοῦ
665 3447 940 3519 σώματος.
973 3446 1131 3504 Ἀλλ’
1158 3446 1340 3524 ὥσπερ
1361 3450 1396 3517 ἡ
1420 3445 1720 3517 Ἐκκλησία
1742 3447 1981 3503 ὑποτάσ-

322 3558 469 3593 σεται
498 3541 577 3607 τῷ
608 3537 854 3610 Χριστῷ,
885 3538 1029 3592 οὕτω
1088 3538 1179 3592 καὶ
1239 3538 1292 3592 αἱ
1349 3541 1597 3613 γυναῖκες
1657 3541 1774 3597 τοῖς
1821 3533 1983 3597 ἰδίοις

329 3623 552 3701 ἀνδράσι
585 3624 640 3680 ἒν
670 3626 849 3680 παντί.

399 3712 523 3768 Ἐὰν
556 3711 656 3786 γὰρ
688 3708 819 3765 ὦσιν
860 3710 1011 3766 οὗτοι
1045 3709 1096 3765 ἐν
1132 3710 1346 3786 εἰρήνῃ,
1378 3716 1521 3767 πᾶσα
1567 3713 1602 3781 ἡ
1647 3710 1793 3766 οἰκία
1834 3711 1984 3786 εἰρη-

318 3800 526 3869 Ἦιὺσει,
556 3801 647 3854 καὶ
706 3800 903 3861 πὶντες
937 3798 1314 3855 ἀπολαύσουσι
1352 3807 1452 3870 τῆς
1491 3795 1638 3855 ἔνθεν
1693 3798 1980 3878 ὠφελείας.

331 3910 358 3937 ι(
383 3886 471 3946 Ὠς
500 3890 580 3957 τῷ
613 3885 811 3961 κυρίῳ.
846 3909 875 3936 ››
922 3880 1087 3942 Βαϐαί
1121 3888 1134 3944 l
1199 3887 1480 3962 ὑποταγῆς
1538 3884 1803 3948 ἐπίτασις.
1862 3891 1984 3949 Πῶς

330 3971 425 4028 οὖν
457 3974 618 4050 φησὶν
680 3976 707 4029 ὁ
768 3975 1034 4050 Χριστὸς,
1070 3976 1195 4032 Έᾶν
1257 3977 1334 4049 μή
1391 3996 1475 4037 τις
1507 3975 1839 4047 ἀποτάξηται
1895 3975 1984 4030 καὶ

330 4062 545 4137 γυναικί
602 4063 692 4118 καὶ
751 4060 933 4137 ἀνδρὶ,
994 4063 1057 4118 οὐ
1118 4061 1338 4119 δύναται
1396 4062 1769 4131 ἀκολουθῆσαί
1845 4084 1985 4138 μοι;

332 4149 437 4208 Καί
469 4170 665 4227 φαμεν,
699 4152 783 4205 ὅτι
815 4153 876 4205 τὸ
909 4154 981 4214 ὡς
1042 4152 1106 4207 οὗ
1159 4151 1368 4216 πάντως
1430 4153 1659 4223 ἰσότητα
1710 4152 1987 4226 σημαίνει.

330 4241 408 4295 ’Ή
455 4238 616 4292 τουτό
672 4259 854 4316 φησιν·
916 4241 1005 4304 Ὧς
1062 4240 1256 4296 εἶδυῖαι
1309 4242 1394 4296 ’ὁτι
1462 4248 1542 4314 τῷ
1592 4245 1809 4316 Χριστῷ
1861 4241 1993 4296 εἰσιν

338 4325 776 4397 ὑποτασσόμεναι
830 4325 890 4381 ἐκ
937 4328 1155 4385 τούτου.
1218 4352 1246 4381 ιι
1306 4330 1405 4384 Καὶ
1478 4329 1641 4390 αὐτός
1711 4328 1823 4384 ἐστι
1884 4350 1991 4384 σω-

334 4416 440 4489 τήρ
498 4434 594 4468 του
653 4411 931 4485 σώματος.
966 4437 993 4468 ι
1050 4416 1144 4469 Καὶ
1204 4415 1363 4478 αὐτὸς
1434 4418 1461 4470 6
1514 4417 1674 4489 ἀνήρ.
1735 4418 1837 4475 Καὶ
1893 4418 1996 4492 γὰρ

1569 4505 1846 4579 σώματος,
1904 4529 1999 4580 μι-

335 4508 371 4575 ἡ
404 4502 617 4581 κεφαλὴ
654 4504 899 4572 σωτηρία
962 4502 1077 4558 ἐστὶ
1127 4525 1223 4558 του
1279 4504 1481 4560 λοιπου

2094 1932 2418 1989 lasciviam.
2442 1954 2471 1983 ι.
2506 1932 2618 1987 Sed
2639 1932 3069 2004 impleamini.»
3093 1936 3212 2001 Vis,
3240 1935 3453 2007 inquit,
3482 1937 3741 2009 impleri,

2094 2027 2153 2075 et
2193 2027 2260 2076 ut
2311 2022 2392 2076 ita
2438 2022 2632 2077 dicam
2683 2022 3017 2077 inebriari?
3059 2024 3176 2078 Hoc
3206 2024 3297 2080 fac
3329 2041 3434 2096 per
3457 2026 3740 2097 Spiritum

2093 2116 2387 2179 sanctum,
2420 2111 2821 2183 illoimpletus
2851 2112 2969 2167 Hoc
2984 2118 3183 2168 autem
3209 2113 3444 2185 eritper
3473 2115 3735 2185 psalmos

2093 2205 2152 2255 et
2174 2200 2480 2255 cautiones
2509 2218 2522 2267 ;
2549 2200 2858 2255 cautiones
2888 2200 3131 2272 inquam
3182 2201 3538 2272 spirituales.
3590 2203 3742 2258 Sunt

2092 2289 2253 2344 enim
2285 2294 2345 2344 et
2373 2288 2701 2343 diabolicae.
2734 2310 2763 2338 «
2792 2290 2857 2343 In
2890 2288 3066 2344 corde
3090 2295 3299 2344 vestro.
3326 2311 3355 2339 ››
3389 2291 3512 2344 Non
3545 2290 3737 2345 solum

2091 2378 2152 2433 in
2168 2377 2749 2446 labiis,verumetiam
2766 2376 3094 2433 secundum
3118 2394 3238 2432 cor.
3252 2379 3347 2431 nln
3367 2378 3608 2434 nomine
3628 2379 3740 2433 Do-

2089 2466 2237 2521 mini
2260 2466 2470 2520 nostri.
2501 2486 2529 2515 »
2561 2467 2703 2520 Nam
2731 2482 2833 2535 per
2862 2465 3078 2520 Christi
3103 2482 3324 2521 nomen
3346 2466 3548 2522 omnia
3570 2467 3742 2522 nobis

2088 2554 2456 2626 contingunt.
2480 2574 2507 2602 ‹‹
2542 2552 2769 2607 Subditi
2793 2553 3069 2609 vicissim.
3100 2576 3128 2604 ››
3147 2555 3393 2619 Quando
3410 2556 3569 2610 enim
3587 2556 3744 2625 quis-

2089 2658 2203 2714 que
2223 2643 2436 2714 cuique
2475 2640 2748 2696 subditus
2772 2642 2967 2705 fuerit,
3000 2642 3177 2713 idque
3201 2658 3321 2697 non
3345 2641 3419 2695 ob
3451 2659 3578 2697 rem
3626 2643 3737 2697 ali-

2089 2749 2267 2803 quam
2284 2732 2645 2787 mundanam
2662 2738 2766 2786 aut
2781 2731 3124 2799 absurdam,
3138 2730 3243 2785 sed
3264 2737 3505 2801 propter
3522 2731 3740 2788 Christi

2088 2822 2385 2887 timorem,
2413 2819 2558 2890 quid
2590 2819 2885 2890 reliquum
2907 2821 3020 2872 erit
3040 2820 3102 2873 in
3133 2819 3328 2873 medio
3359 2820 3587 2875 malum
3622 2821 3643 2874 τ’

2759 2908 2988 2962 CAPUT
3034 2908 3127 2963 IX.

2090 2998 2396 3066 Descriptio
2426 3012 2712 3068 numerum
2750 2995 3109 3065 propriorum
3142 3004 3253 3052 tam
3284 2998 3367 3053 his
3397 3001 3493 3067 qui
3541 3000 3740 3068 guber-

2160 3074 2369 3121 nantur
2389 3083 2556 3137 quam
2576 3066 2677 3137 qui
2696 3068 3008 3136 gubernant
3036 3068 3337 3122 secundum
3369 3066 3668 3125 Christum.

2160 3175 2424 3233 νεεει.
2460 3194 2487 3221 ‹‹
2521 3173 2740 3227 Uxores
2765 3173 3020 3245 propriis
3050 3173 3190 3229 viris
3220 3173 3468 3230 subditae
3500 3176 3627 3230 sitis
3649 3194 3741 3231 ve~

2091 3261 2247 3316 «luti
2279 3256 2833 3331 domino,quoniam
2858 3262 2944 3315 vir
2964 3268 3052 3316 est
3072 3262 3736 3335 caputuxoris,quema-

2089 3374 2117 3399 ‹‹
2141 3350 2423 3405 dmodum
2460 3357 2518 3404 et
2548 3350 2810 3405 Christus
2842 3355 2931 3405 est
2957 3356 3133 3422 caput
3153 3351 3464 3407 Ecclesia}:
3490 3358 3548 3406 et
3580 3352 3738 3408 idem

2089 3463 2116 3491 ‹‹
2152 3445 2241 3494 est
2271 3439 2371 3510 qui
2405 3438 2657 3493 salutem
2686 3438 2787 3493 dat
2806 3439 3058 3510 corpori.
3101 3438 3212 3493 Sed
3274 3439 3426 3494 sicut
3481 3439 3740 3496 Ecclesia
3784 3472 3789 3479 ι

2091 3553 2117 3578 ‹‹
2146 3528 2381 3584 subdita
2413 3535 2504 3583 est
2532 3528 2788 3595 Christo,
2811 3527 2893 3582 sic
2925 3532 2984 3582 et
3013 3544 3227 3583 uxores
3251 3528 3373 3582 suis
3424 3528 3565 3583 viris
3598 3527 3742 3583 sub-

2091 3641 2118 3666 ‹‹
2153 3617 2289 3671 dita)
2320 3616 2437 3671 sint
2466 3616 2528 3670 in
2560 3616 2866 3671 omnibus.
2898 3637 2925 3665 »

2163 3708 2305 3762 Nam
2340 3705 2387 3760 si
2419 3706 2477 3759 hi
2507 3721 2711 3776 pacem
2736 3705 2891 3760 inter
2920 3722 2982 3760 se
3023 3704 3371 3773 habuerint;
3387 3711 3507 3761 tota
3533 3705 3742 3765 domus

2091 3812 2303 3866 pacem
2324 3794 2585 3862 habebit,
2621 3800 2678 3848 et
2709 3811 2918 3849 omnes
2977 3794 3230 3850 utilitate
3279 3796 3556 3850 fruentur
3612 3811 3743 3866 qua)

2092 3884 2229 3940 inde
2263 3885 2701 3955 subsequitur.«
2722 3884 2918 3957 Veluti
2944 3884 3209 3940 domino.
3245 3885 3494 3956 iipapw!
3522 3890 3745 3955 quanta

2105 3971 2803 4044 subjectionisintensio!
2835 3972 3140 4037 Quomodo
3190 3988 3327 4046 ergo
3385 3974 3530 4029 dicit
3573 3973 3738 4029 Chri-

2095 4068 2222 4118 stus
2247 4079 2260 4117 :
2287 4061 2407 4115 Nisi
2426 4061 2561 4130 quis
2593 4066 2899 4132 separatus
2929 4062 3110 4116 fuerit
3137 4061 3209 4117 ab
3228 4080 3411 4119 uxore
3451 4064 3551 4120 52
3575 4068 3677 4118 aut
3707 4078 3740 4118 a

2096 4151 2219 4204 viro
2260 4166 2381 4203 non
2413 4154 2607 4219 potest
2654 4165 2747 4203 me
2809 4150 2976 4221 sequi
3000 4150 3115 4205 ’3‘?
3161 4152 3231 4204 Et
3284 4150 3539 4215 dicimus
3588 4150 3747 4222 quod

2097 4237 2277 4292 dictio
2309 4235 2382 4296 ὡς
2408 4253 2525 4291 non
2550 4237 2951 4294 omnimodam
2981 4239 3250 4312 designat
3263 4238 3744 4295 similitudinem.

2100 4328 2215 4379 Aut.
2240 4325 2350 4380 hoc
2392 4324 2554 4380 ducit
2586 4343 2598 4380 :
2634 4326 2825 4382 Veluti
2879 4329 3133 4383 scientes
3164 4325 3324 4398 quod
3376 4326 3437 4381 in
3488 4327 3597 4382 hoc
3628 4328 3750 4382 sint

2101 4413 2351 4468 subdita)
2386 4414 2638 4470 Christo.
2674 4439 2701 4465 «
2759 4417 2824 4472 i'It
2874 4418 3029 4473 idem
3087 4424 3178 4473 est
3222 4416 3321 4489 qui
3350 4416 3604 4472 salutem
3652 4416 3752 4473 dat

2100 4504 2354 4576 corpori.
2385 4525 2413 4555 »
2447 4507 2515 4559 Et
2545 4505 2701 4561 idem
2726 4513 2815 4561 est
2845 4508 2951 4561 vir.
2984 4508 3216 4562 Etenim
3247 4511 3425 4574 caput
3454 4506 3615 4561 salus
3657 4512 3747 4561 est

334 4596 470 4669 κροῦ
506 4591 602 4653 τὰς
635 4592 807 4652 πάσας
839 4591 1117 4663 αἰσθήσεις
1174 4586 1383 4669 ἔχουσα
1439 4593 1490 4648 ἐν
1547 4595 1733 4667 ἑαυτῇ·
1796 4594 1982 4652 οὐκοῦν

2099 4596 2311 4668 reliqui
2344 4597 2632 4669 corporis,
2667 4615 2877 4652 omnes
2928 4615 3079 4669 pene
3110 4614 3320 4652 sensus
3375 4597 3438 4650 in
3474 4613 3534 4650 se
3565 4598 3750 4650 conti-

333 4682 424 4737 καὶ
457 4682 484 4736 ὁ
514 4680 651 4754 ἀνὴρ
681 4686 781 4749 τῆς
813 4683 1089 4754 γυναικός.
1124 4683 1260 4758 Ὅρα
1317 4682 1406 4738 καὶ
1460 4688 1578 4746 πῶς
1636 4685 1698 4740 τὸ
1754 4685 1981 4761 ἀρχικὸν

338 4772 429 4827 καὶ
459 4770 820 4847 προνοητικὸν
848 4769 1107 4845 ἀπένειμε
1163 4776 1241 4843 τῷ
1280 4770 1456 4849 ἀνδρὶ,
1514 4775 1577 4829 τὸ
1636 4772 1692 4830 δὲ
1750 4778 1985 4832 εἱκτικὸν

337 4866 407 4937 τῇ
437 4862 668 4938 γυναικί.
708 4887 729 4912 ι
767 4859 927 4915 Ἀλλ’
960 4861 1142 4933 ὥσπερ
1174 4864 1209 4929 ἡ
1268 4861 1571 4928 Ἐκκλησία
1630 4864 1983 4922 ὑποτάσσεται

338 4956 418 5024 τῷ
440 4955 675 5025 Χριστῷ.
706 4974 734 5001 ››
766 4949 842 5004 Τὸ
904 4950 1041 5002 ἅπαν
1098 4946 1332 5015 πλῆθος,
1391 4951 1479 5005 Ἐν
1538 4951 1641 5026 γὰρ
1694 4958 1811 5015 τοῖς
1867 4955 1986 5018 καθ’

338 5040 560 5098 ’ἑκαστον
593 5038 672 5097 ἔνι
699 5038 789 5094 καὶ
821 5039 1207 5099 ἀνυπότακτος.

412 5223 475 5276 Οἱ
530 5218 743 5295 ἄνδρες,
802 5219 1040 5295 ἀγαπᾶτε
1102 5216 1197 5279 τὰς
1246 5222 1502 5294 γυναῖκας
1577 5218 1803 5288 ἑαυτῶν,
1861 5221 1988 5274 καθ-

334 5314 418 5376 ὼς
470 5310 561 5366 καὶ
620 5311 648 5365 6
706 5309 936 5380 Χριστὸς
991 5308 1250 5380 ἠγάπησε
1306 5309 1407 5377 τήν
1488 5306 1840 5378 Ἐκκλησίαν,
1899 5310 1990 5363 καὶ

340 5400 529 5457 ἓαυτὸν
587 5395 894 5473 παρέδωκεν
958 5396 1090 5470 ὑπὲρ
1150 5396 1351 5467 αὐτῆς,
1399 5394 1488 5451 ’ίνα
1544 5397 1710 5467 αὐτὴν
1769 5398 1987 5471 ἁγιάσῃ,

342 5489 635 5565 καθαρίσας
712 5492 793 5561 τῷ
871 5484 1090 5562 λουτρῷ
1170 5490 1268 5541 τοῦ
1344 5483 1538 5549 ὕδατος
1615 5486 1667 5543 ἐν
1755 5488 1987 5562 ῥήματι,

417 5650 458 5686 ³¹
493 5652 652 5707 Matt.
685 5668 735 5718 v,
770 5652 836 5703 34
910 5649 981 5683 δ”
1013 5648 1145 5701 Luc.
1181 5663 1291 5712 xxv,
1324 5650 1411 5701 26.

2094 4702 2284 4741 nens:
2326 4686 2575 4758 proinde
2600 4692 2658 4740 et
2716 4687 2817 4751 vir,
2854 4687 3074 4741 uxoris.
3108 4685 3525 4740 Animadverte
3548 4693 3747 4740 autem

2096 4776 2391 4849 quomodo
2418 4777 2820 4847 principatum
2852 4792 2918 4830 ac
2950 4775 3384 4847 providentiam
3423 4774 3542 4830 viro
3558 4775 3755 4832 distri-

2097 4867 2245 4930 buit,
2279 4865 2715 4934 subjectionem
2745 4881 2880 4919 vero
2941 4863 3132 4919 uxori.
3166 4886 3193 4912 ‹‹
3229 4863 3340 4919 Sed
3371 4865 3753 4934 quemadmo—
3826 4868 3831 4871 ’

2099 4955 2239 5008 dum
2274 4952 2539 5007 Ecclesia
2582 4953 2821 5007 subdita
2870 4960 2959 5007 est
2987 4953 3239 5009 Christo.
3274 4975 3303 5003 ››
3336 4954 3455 5009 Hoc
3487 4960 3596 5025 est,
3632 4962 3755 5013 tota

2099 5039 2441 5096 multitudo.
2477 5041 2619 5095 Nam
2652 5041 2807 5095 inter
2837 5041 3101 5112 singulos
3124 5042 3175 5096 is
3197 5042 3376 5099 etiam
3409 5045 3750 5101 continetur

2100 5129 2200 5200 qui
2232 5127 2588 5183 inobediens
2624 5135 2734 5185 est.

2168 5219 2232 5277 ν.
2263 5219 2488 5271 25-33..
2512 5218 2650 5285 Viri,
2686 5217 2909 5291 diligite
2944 5237 3151 5276 uxores
3184 5228 3428 5291 vestras,
3482 5225 3633 5277 sicut
3692 5225 3750 5274 et

2100 5332 2127 5360 «
2144 5306 2627 5363 Christusdilexit
2650 5310 3457 5385 Ecclesiam,etsemetipsum
3478 5308 3749 5378 exposuit

2103 5412 2251 5467 «pro
2274 5413 2364 5463 ea,
2399 5404 2462 5451 ut
2484 5399 2646 5454 illam
2669 5400 3065 5457 sanctificaret
3087 5408 3146 5457 et
3175 5400 3491 5456 mundaret
3514 5396 3744 5449 lavacro

2103 5513 2130 5539 «
2150 5506 2316 5560 aqua:
2330 5507 2436 5562 per
2457 5489 2787 5547 verbumzut
2802 5489 3107 5547 adhiberet
3129 5505 3259 5546 eam
3278 5487 3387 5541 sibi
3404 5484 3513 5556 ipsi
3533 5482 3746 5555 glorio-
