4108 6192
483 391 635 453 1243

480 639 509 668 ‹‹
529 613 964 686 autquidquam
981 611 1409 684 ejusmodi,sed
1424 617 1487 667 ut
1503 615 1661 667 esset
1677 615 1881 666 sancta
1893 614 1952 666 et
1971 609 2122 665 irre-

481 726 510 756 ‹‹
527 701 1070 779 prehensibilis.5ic
1086 700 1490 757 debentetviri
1510 700 1753 773 diligere
1767 715 1901 755 suas
1913 714 2126 755 uxores

478 799 579 849 «ut
591 807 696 847 sua
710 790 972 865 ipsorum
985 788 1367 862 corpora.Qui
1380 787 2129 863 diligitsuamuxorem,sei-

479 904 509 934 κ
528 897 699 956 psum
714 879 925 953 diligit.
951 879 1158 936 Nullus
1179 878 1338 935 enim
1361 894 1526 934 suam
1546 878 1733 951 ipsius
1753 893 1991 933 carnem
2014 893 2126 932 un-

477 995 505 1023 ‹‹
523 987 696 1045 quam
715 969 850 1025 odio
863 969 1089 1033 habuit,
1109 969 1227 1023 imo
1243 968 1465 1024 enutrit
1479 985 1544 1022 ac
1568 967 1723 1022 fovet.
1737 967 2046 1034 eam,sicut
2068 970 2126 1021 et

478 1083 507 1112 (ι
525 1060 808 1116 Dominus
820 1058 1164 1115 Ecclesiam.
1190 1058 1480 1123 Quoniam
1498 1056 1763 1111 membra
1780 1072 1984 1111 sumus
1996 1072 2122 1111 cor-

477 1172 505 1201 ‹‹
527 1149 984 1223 porisipsius,ex
1000 1163 1175 1203 carne
1190 1147 1317 1218 ejus
1332 1152 1389 1202 et
1411 1163 1478 1201 ex
1509 1144 1741 1201 ossibus
1765 1145 2033 1219 ejus.Pro
2051 1142 2125 1199 il-

479 1263 504 1291 ιι
523 1237 581 1295 lo
604 1239 949 1311 :Relinquet
964 1237 1138 1292 homo
1156 1243 1381 1308 patrem
1398 1250 1566 1291 suum
1583 1242 1641 1289 et
1656 1240 1925 1303 matrem,
1951 1238 2005 1288 et
2019 1233 2123 1288 ad-

478 1349 509 1379 ‹‹
527 1326 956 1383 haerebituxori
972 1331 1177 1391 suimet
1195 1329 1365 1379 erunt
1380 1324 1496 1379 duo
1510 1322 1570 1378 in
1585 1339 1761 1378 carne
1775 1323 2127 1395 una.Myste-

477 1417 677 1473 «rium
694 1415 805 1472 hoc
822 1431 1098 1490 magnum
1112 1420 1202 1471 est
1220 1432 1231 1469 :
1249 1430 1451 1469 verum
1468 1430 1571 1486 ego
1588 1413 1796 1485 loquor
1810 1412 1882 1468 de
1895 1412 2124 1468 Christo

474 1511 583 1560 «et
628 1505 700 1561 de
741 1504 1021 1560 Ecclesia.
1055 1502 1401 1576 Quanquam
1418 1508 1476 1559 et
1514 1518 1613 1558 vos
1637 1500 1979 1575 singulatim
2014 1502 2124 1557 hoc

472 1618 501 1646 «
516 1600 789 1668 praestate
806 1599 871 1649 ut
892 1609 1060 1649 suam
1080 1594 1330 1667 quisque
1344 1609 1590 1648 uxorem
1614 1591 1820 1664 diligat
1838 1597 2123 1663 tanquam

472 1707 501 1736 α
536 1684 821 1756 seipsum,
853 1699 1001 1739 uxor
1025 1689 1217 1739 autem
1250 1687 1317 1739 ut
1355 1688 1696 1738 revereatur
1723 1681 1935 1737 virum.
1963 1702 1991 1731 »

1595 382 2015 448 CECUMENII
2061 381 2368 445 τοιαοΑ
2411 381 2765 447 EPISCOPI

480 542 680 585 «suam
692 524 1163 591 Ecclesiam,non
1180 521 1501 578 habentem
1517 519 1806 578 maculam
1821 522 2116 592 autrugan

2238 513 2331 570 ’ίνα
2386 519 2707 594 παραστήσῃ

3690 386 3814 449 im

2814 517 2983 588 αὐτὴν
3058 518 3234 591 ἑαυτῷ
3302 513 3508 588 ἔνδοξον
3572 518 3661 587 τὴν
3723 520 3821 578 Ἐκ-

2228 607 2488 679 κλησίαν,
2546 611 2621 683 μὴ
2684 608 2919 686 ἔχουσαν
2980 609 3179 666 σπῖλον
3229 606 3266 680 ἤ
3319 607 3505 685 ῥυτίδα
3556 610 3590 679 ἢ
3637 630 3685 666 τι
3731 616 3816 667 τῶν

2233 695 2521 765 τοιούτων,
2554 696 2685 753 ἀλλ’
2737 700 2829 754 ἳνα
2925 695 2961 774 ᾖ
3015 699 3147 773 ἁγία
3201 698 3289 755 καὶ
3374 697 3615 772 ἃμωμος.
3665 699 3818 764 Οὕτως

2236 785 2545 866 ὀφείλουσιν
2605 787 2657 842 οἱ
2722 784 2911 863 ἄνδρες
2949 788 3162 865 ἀγαπᾷν
3210 787 3306 849 τὰς
3364 786 3559 842 ὶαυτῶν
3589 794 3821 860 γυναῖκας,

2235 874 2308 938 ὡς
2331 876 2398 931 ti
2430 876 2635 931 ἑαυτῶν
2664 877 2910 951 σώματα.
2940 878 3003 936 '0
3033 877 3255 951 ἀγαπῶν
3285 877 3383 945 τὴν
3413 876 3593 930 έαυτοῦ
3618 881 3822 951 γυναῖκα,

2233 965 2421 1021 ὲαυτὸν
2463 966 2668 1042 ἀγαπᾷ.
2725 965 2918 1030 Οὖδετς
2968 967 3071 1043 γάρ
3117 986 3251 1023 ποτε
3310 968 3411 1036 τήν
3470 966 3648 1021 ἑαυτοῦ
3692 972 3827 1041 σάρκα

2234 1052 2515 1129 ἐμίσησεν,
2563 1053 2713 1110 ἀλλὰ
2756 1054 2996 1136 ἐκτρέφει
3050 1055 3143 1112 καὶ
3201 1054 3396 1120 θάλπει
3455 1052 3634 1126 αὐτὴν,
3684 1056 3828 1119 καθὼς

2232 1143 2322 1223 καὶ
2353 1143 2381 1197 ὁ
2434 1142 2639 1222 Κύριος
2690 1146 2791 1215 τήν
2823 1142 3171 1216 Ἐκκλησίαν,
3231 1145 3315 1199 ὅτι
3370 1142 3510 1217 μέλη
3565 1142 3708 1217 ἐσμέν
3752 1149 3827 1199 τοῦ

2233 1232 2489 1304 σώματος
2513 1232 2698 1302 αὐτοῦ,
2749 1233 2811 1289 ἐκ
2865 1241 2965 1304 τῆς
3020 1236 3215 1309 σαρκὸς
3272 1233 3456 1300 αὖτοῦ,
3510 1232 3596 1288 καὶ
3649 1232 3701 1288 ἐκ
3746 1236 3827 1288 τῶν

2234 1321 2432 1377 ὀστέων
2486 1320 2671 1380 αὐτοῦ.
2734 1324 2882 1379 Ἀντὶ
2942 1322 3164 1394 τούτου,
3225 1321 3539 1397 καταλείψει
3593 1320 3830 1395 ἅνθρωπος

2231 1409 2324 1465 τὸν
2355 1412 2558 1487 πατέρα
2588 1411 2753 1467 αὐτοῦ
2781 1413 2871 1467 καὶ
2902 1413 3002 1483 τήν
3052 1411 3281 1489 μητέρα,
3330 1412 3423 1468 καὶ
3454 1410 3830 1484 προσκολληθή-

2233 1519 2378 1555 σεται
2409 1502 2546 1574 πρὸς
2582 1502 2685 1571 τήν
2713 1506 2939 1576 γυναῖκα
2970 1500 3160 1572 αὐτοῦ,
3206 1502 3296 1556 καί
3325 1496 3538 1556 ἔσονται
3593 1502 3639 1556 οἱ
3667 1497 3749 1555 δῦο
3772 1501 3830 1562 είς

2233 1589 2404 1663 σάρκα
2434 1588 2581 1664 μίαν.
2613 1590 2686 1646 Τὸ
2721 1592 3024 1668 μυστήριον
3057 1594 3222 1646 τοῦτο
3257 1591 3401 1667 μέγα
3430 1589 3590 1645 leni».
3636 1589 3762 1663 Ἐγὼ
3785 1585 3828 1642 δι

2235 1678 2408 1756 λέγω,
2453 1680 2532 1744 εἲς
2578 1681 2810 1755 Χριστὸν
2868 1681 2957 1738 καὶ
3017 1681 3094 1745 είς
3149 1683 3250 1752 τήν
3303 1678 3651 1753 Ἐκκλησίαν.
3703 1679 3824 1747 Πλὴν

467 1771 560 1831 καὶ
594 1773 772 1846 ὑμεῖς,
801 1771 853 1827 οἱ
883 1773 1000 1827 καθ’
1030 1766 1141 1843 ἕνα,
1169 1764 1399 1835 ἕκαστος
1420 1770 1519 1843 τήν
1549 1771 1740 1826 ἑαυτοῦ
1770 1772 2000 1845 γυναῖκα
2030 1768 2206 1831 οὕτως
2230 1768 2515 1846 ἀγαπάτω,
2549 1770 2624 1834 ὡς
2654 1769 2864 1827 ἑαυτόν·
2923 1773 2959 1842 ἡ
3019 1768 3077 1828 δὶ
3130 1772 3295 1847 γυνὴ,
3347 1771 3442 1826 ’ἕνα
3498 1765 3717 1852 φοϐῆται
3758 1768 3828 1823 τὸν

472 1859 663 1936 ἀνδρα.

543 1952 642 2008 Vis
697 1968 946 2008 uxorem
980 1951 1085 2007 tibi
1109 1950 1405 2008 subditam
1457 1967 1586 2008 esse
1616 1950 1794 2007 veluti
1826 1948 2065 2005 domino
2097 1949 2116 2004 ‘l

2303 1946 2491 2012 Θέλεις
2545 1949 2713 2019 αὐτὴν
2801 1949 3166 2027 ὑποτετάχθαι
3222 1970 3308 2005 σοι
3368 1948 3445 2011 ὡς
3516 1951 3593 2020 τῷ
3651 1946 3831 2021 κυρίῳς

474 2042 651 2115 dilige
677 2058 806 2097 eam
830 2042 981 2097 sicut
1011 2041 1277 2097 Christus
1293 2040 1654 2098 Ecclesiam:
1687 2047 1743 2096 et
1761 2041 1810 2096 si
1842 2039 1987 2112 quid
2017 2057 2121 2112 pro

471 2131 600 2205 ipso
632 2132 753 2203 pati
784 2136 1071 2203 oporteat,
1106 2130 1225 2186 sive
1276 2129 1451 2186 etiam
1486 2129 1657 2198 mori,
1681 2146 1755 2184 ne
1781 2128 2071 2185 detrectes
2105 2146 2118 2196 ;

474 2220 769 2294 siquidem
797 2226 857 2276 tu
880 2220 1148 2275 fortassis
1178 2221 1289 2276 hoc
1316 2236 1453 2295 erga
1487 2236 1619 2276 eam
1652 2237 1783 2292 qum
1820 2218 1925 2274 tibi
1976 2220 2118 2275 sub-

473 2309 596 2367 dita
619 2315 705 2365 est
752 2315 929 2381 teque
977 2308 1171 2381 diligit
1209 2309 1268 2365 id
1299 2308 1643 2365 exhibebis:
1687 2309 1955 2365 Christus
1983 2307 2119 2365 vero

473 2399 533 2455 id
564 2400 682 2474 egit
714 2416 849 2473 erga
897 2416 1027 2455 eam
1078 2416 1207 2471 quae
1258 2400 1501 2455 inimica
1557 2405 1684 2457 erat
1714 2404 1773 2455 et
1820 2416 2023 2457 aversa
2053 2416 2121 2455 ac

471 2487 704 2564 fugiens
737 2488 808 2544 ab
866 2489 1015 2562 ipso.
1054 2511 1080 2538 ‹‹
1134 2490 1204 2543 Ut
1233 2488 1398 2545 illam
1458 2489 1877 2546 sanctiﬁcaret.
1911 2507 1943 2542 ιι
1993 2491 2120 2545 Non

476 2584 603 2634 erat
655 2578 854 2650 itaque
910 2584 1136 2645 sancta,
1169 2577 1271 2634 sed
1322 2581 1555 2653 impura
1593 2585 1651 2635 et
1708 2578 2036 2646 immunda,
2061 2583 2120 2635 et

473 2667 609 2724 talis
639 2674 705 2724 ut
732 2684 1151 2740 quamcunque
1179 2667 1457 2740 accipias.
1485 2684 1604 2723 non
1629 2668 1709 2722 sis
1728 2666 1874 2723 adeo
1920 2668 2114 2739 impu-

471 2774 601 2814 ram
623 2763 972 2829 accepturus
1014 2757 1075 2812 in
1122 2757 1513 2815 uxorem.53
1544 2759 1758 2813 Atnon
1818 2757 2119 2830 imprope-

471 2848 621 2903 ravit
650 2847 915 2901 Christus
967 2847 1240 2902 Ecclesia)
1279 2845 1438 2920 quod
1486 2847 1622 2902 talis
1677 2845 1876 2915 fuerit,
1921 2863 2116 2919 neque

470 2937 651 3010 igitur
686 2941 799 2990 tum
850 2936 1170 3007 exprobres
1200 2937 1390 2995 uxori.
1425 2959 1452 2986 α
1483 2939 1550 2990 Et
1578 2936 1926 2992 mundatam
1957 2936 2114 2992 lava-

469 3042 588 3082 cro.
619 3047 645 3075 ››
670 3025 790 3083 Ηοο
822 3030 927 3094 est,
960 3025 1316 3100 baptismate
1346 3042 1358 3083 :
1394 3025 1583 3083 abluit
1612 3027 1774 3083 enim
1814 3027 1944 3098 ejus
2005 3026 2114 3083 im-

465 3115 843 3171 munditiam.
904 3138 931 3164 «
962 3116 1072 3171 Per
1092 3114 1357 3171 verbum.
1388 3138 1414 3164 »
1440 3114 1604 3180 Quod
1637 3115 1879 3172 verbum
1902 3116 1929 3172 ?
1950 3117 2115 3183 Quod

466 3205 592 3279 ipse
624 3204 772 3259 dixit
800 3203 1504 3278 apostolis.Baptizantes,
1538 3204 1750 3277 inquit,
1775 3222 1876 3261 eos
1906 3205 1967 3263 in
2006 3223 2113 3262 no-

2228 2037 2405 2114 ἀγάπα
2444 2038 2610 2108 αὐτὴν
2641 2040 2718 2102 ὡς
2748 2041 2777 2095 ὁ
2809 2040 3005 2115 Κύριος
3055 2042 3157 2109 τήν
3210 2037 3565 2109 Ἐκκλησίαν.
3622 2033 3720 2094 Κᾶν
3761 2033 3831 2109 δίῃ

2223 2148 2276 2184 τι
2306 2134 2494 2193 παθεῖν
2526 2129 2656 2203 ὑπὲρ
2687 2130 2878 2197 αὐτῆς,
2911 2129 3008 2184 κάν
3069 2130 3378 2201 ἀποθανεῖν,
3414 2129 3491 2201 μή
3545 2128 3829 2201 παραιτήσῃ.

2229 2218 2303 2272 Σὺ
2339 2218 2432 2293 μὶν
2460 2217 2563 2296 γάρ
2612 2217 2748 2281 ’ἴσως
2808 2218 2887 2283 εἰς
2947 2218 3393 2293 ὑποτεταγμένην
3449 2216 3540 2273 καὶ
3595 2216 3836 2293 ἀγαπῶσαν

2222 2311 2395 2364 ταῦτα
2424 2304 2679 2383 ἔπιδείξῃυ
2741 2310 2769 2364 ὁ
2829 2305 2887 2364 δὲ
2942 2309 3187 2383 Χριστὸς
3233 2307 3313 2370 είς
3345 2306 3549 2383 ἔχθραν
3600 2305 3682 2360 καί
3732 2303 3836 2359 ἀποο

2226 2396 2618 2475 στρεφομένην,
2648 2398 2741 2452 καὶ
2772 2395 3098 2472 φεύγουσαν.
3136 2419 3164 2451 ι
3191 2398 3305 2454 Ἰνα
3367 2396 3537 2469 αὐτὴν
3595 2394 3785 2470 ἀγιάσῃ.
3813 2416 3831 2448 ι

2224 2489 2365 2562 ’Ἄρα
2424 2483 2517 2540 οὖν
2577 2484 2804 2561 ἇναγνος
2884 2486 2951 2557 ἦν
3006 2484 3096 2541 καὶ
3158 2486 3487 2561 ἀκάθαρτος·
3558 2485 3749 2546 οίανοῦς
3800 2481 3834 2536 εί

2224 2569 2417 2635 λάϐοις
2494 2581 2741 2651 γυναῖκα,
2799 2575 2907 2630 οὐκ
2966 2576 3025 2631 ἂν
3085 2574 3259 2638 οὕτως
3317 2575 3620 2647 ἀκάθαρτον
3691 2571 3832 2644 λήψῃ.

2222 2660 2380 2720 Ἀλλ’
2412 2662 2511 2719 οὔκ
2540 2661 2865 2720 ὠνείδισενὸ
2913 2664 3142 2737 Χριστὸς
3191 2665 3292 2734 τήν
3353 2663 3699 2735 Ἐκκλησίαν,
3747 2658 3837 2714 οἵαν

2222 2752 2392 2822 αὐτὴν
2426 2752 2611 2808 οὖσαν·
2635 2754 2832 2808 οὐκοῦν
2869 2750 3011 2827 μηδὲ
3039 2752 3221 2822 αυτὴν
3253 2756 3456 2809 σαυτοῦ
3486 2747 3840 2829 γυναῖκα·Κώ

2222 2839 2519 2914 καθαρίσας
2548 2844 2630 2916 τῷ
2660 2840 2903 2918 λουτρῷ.
2962 2864 2991 2893 ιο
3040 2843 3325 2910 Τουτέστι,
3384 2845 3465 2914 τῷ
3524 2840 3837 2917 βαπτίσματι.

2222 2929 2527 2988 Ἀπέλουσε
2554 2932 2655 3009 γὰρ
2688 2931 2861 3001 αὐτῆς
2891 2934 2991 3005 τήν
3032 2931 3386 3006 ἀκαθαρσίαν.
3412 2956 3441 2982 «
3474 2932 3558 2988 ’Ev
3586 2932 3790 3005 ῥήματι.
3816 2950 3835 2975 τι

2220 3019 2370 3093 Ποίῳ
2399 3020 2606 3096 ῥήματι
2643 3039 2656 3090 ;
2687 3022 2756 3079 Ὃ
2785 3020 2947 3085 αὖτὸς
2978 3021 3097 3077 εἶπε
3126 3026 3246 3083 τοῖς
3279 3018 3634 3082 ἀποστόλοιςο
3669 3016 3833 3075 Banti-

2222 3117 2401 3181 ζοντες
2463 3110 2680 3182 αὐτοὺς,
2740 3109 2927 3187 φησὶν,
2997 3110 3073 3172 είς
3123 3111 3187 3166 τὸ
3255 3106 3434 3184 ὄνομα
3494 3114 3592 3165 τοῦ
3644 3107 3820 3180 “ergo;

2218 3200 2309 3255 καὶ
2341 3202 2437 3255 τοῦ
2476 3200 2626 3271 Υίοῦ,
2658 3200 2747 3255 καὶ
2807 3203 2905 3255 τοῦ
2965 3199 3117 3274 ἁγίου
3177 3198 3520 3275 Πνεῦματος.
3560 3222 3588 3249 ‹‹
3626 3194 3839 3266 Ἔνδοξον

463 3296 624 3351 mine
642 3295 830 3350 Patris
854 3298 913 3349 et
952 3294 1082 3349 Filii
1106 3300 1164 3349 et
1203 3295 1455 3366 Spiritus
1479 3296 1689 3352 sancti.
1724 3319 1751 3347 ‹‹
1785 3296 2112 3354 Gloriosam

2228 3290 2327 3360 τήν
2376 3287 2722 3361 Ἐκκλησίαν.
2770 3288 2952 3364 »Οὐχ
2975 3287 3167 3350 ἀπλῶς
3224 3289 3492 3364 καθαρὰν,
3549 3286 3667 3344 ἀλλ’
3719 3280 3842 3340 ἔνθου

462 3382 846 3440 Ecclesiam.»
870 3383 996 3438 Non
1014 3388 1315 3454 utcunque
1364 3400 1595 3459 puram,
1631 3384 1734 3441 sed
1764 3385 2107 3459 gloriosam.

464 3470 975 3538 Quemadmodum
991 3470 1167 3543 igitur
1180 3471 1443 3526 Christus
1457 3479 1670 3529 cuncto
1680 3492 1805 3529 rum
1823 3480 1911 3531 est
1933 3492 2113 3532 causa

466 3561 758 3616 bonorum
793 3576 807 3625 ;
841 3558 923 3613 ita
953 3563 1011 3612 et
1040 3558 1286 3630 tujuxta
1308 3559 1459 3616 vires
1491 3566 1604 3616 tum
1637 3569 1761 3618 esto
1808 3563 1998 3623 uxori.
2042 3567 2113 3620 Et

467 3650 619 3705 sicut
648 3649 772 3720 ipse
804 3647 1071 3718 corporis
1104 3663 1225 3707 non
1277 3649 1527 3720 requirit
1582 3649 2111 3724 pulchritudinem,

467 3737 570 3795 sed
593 3737 919 3801 animae,ita
939 3742 998 3792 et
1020 3743 1101 3793 tu.
1121 3737 1263 3793 Nam
1286 3737 1333 3792 si
1360 3737 1865 3811 pulchritudinem
1897 3743 2110 3798 animm

465 3829 745 3901 requiris,
777 3834 832 3883 et
864 3829 1052 3901 ipsam
1078 3827 1152 3884 ad
1183 3827 1295 3884 hoc
1349 3826 1603 3901 dirigas:
1630 3836 1689 3885 et
1720 3831 1835 3886 Deo
1895 3837 1951 3887 et
2005 3834 2111 3889 tibi

466 3916 580 3991 ipsi
628 3918 940 3989 pulchram
997 3917 1227 3973 reddes.
1283 3941 1311 3967 ‹‹
1347 3918 1634 3975 Maculam
1679 3925 1780 3977 aut
1820 3938 2047 3997 rugam.
2080 3946 2108 3975 »

464 4007 580 4061 Per
601 4006 709 4059 hoc
742 4004 1031 4059 animales
1062 4003 1333 4077 designat
1370 4007 1653 4077 affectus;
1679 4025 1929 4083 qumque
1960 4011 2111 4067 inte-

467 4095 687 4149 riorem
718 4094 1024 4149 hominem
1058 4094 1381 4150 deformem
1416 4097 1703 4154 efﬁciunt.
1739 4123 1765 4149 ‹‹
1800 4101 1873 4156 Ut
1900 4102 2114 4176 suaip-

470 4199 669 4239 sorum
696 4198 959 4254 corpora.
996 4205 1023 4231 υ
1043 4184 1168 4237 Non
1212 4189 1494 4257 tanquam
1518 4188 1590 4242 ad
1621 4189 1815 4262 majus
1845 4192 2111 4264 veniens,

476 4271 730 4345 subjecit
759 4271 981 4345 prOprii
1012 4273 1276 4343 corporis
1303 4276 1661 4347 exemplum.
1681 4279 1923 4335 Excedit
1945 4298 2112 4337 nam-

471 4380 584 4435 que
610 4361 669 4418 id
717 4361 875 4434 quod
931 4360 993 4417 in
1042 4360 1271 4416 Christo
1317 4368 1407 4419 est
1438 4381 1574 4437 erga
1613 4367 1974 4439 Ecclesiam;
2010 4371 2112 4427 sed

470 4459 753 4523 tanquam
785 4451 859 4506 ad
890 4450 1075 4526 magis
1123 4452 1431 4522 prOprium
1462 4469 1528 4508 ac
1560 4454 1828 4513 vicinius.
1871 4459 2014 4514 Nam
2043 4477 2114 4516 ex

470 4541 583 4598 hoc
613 4558 736 4597 rem
771 4541 949 4596 etiam
985 4540 1242 4595 debitam
1277 4543 1558 4599 ostendit.
1592 4543 1647 4598 Si
1681 4546 1841 4600 enim
1900 4565 2112 4623 corpus

2216 3379 2327 3447 εον.
2385 3380 2590 3452 Ὥσπερ
2644 3377 2826 3433 τοίνυν
2883 3378 2910 3433 6
2970 3378 3204 3455 Χριστὸς
3260 3377 3483 3433 πάντων
3542 3374 3706 3438 αἶ’τιος
3753 3376 3838 3428 τῶν

2214 3468 2429 3545 ἀγαθῶν
2456 3470 2525 3541 τῇ
2556 3466 2878 3539 Ἐκκλησία,
2909 3467 2999 3522 καὶ
3058 3468 3120 3522 σὺ
3171 3468 3310 3522 κατα
3356 3464 3594 3540 δύναμιν
3643 3464 3726 3520 ἔσο
3774 3464 3832 3533 τῇ

2216 3555 2548 3633 σῇγυναικί.
2604 3559 2703 3612 Καὶ
2762 3557 2945 3633 ὥσπερ
3017 3556 3176 3619 αὐτὸς
3204 3557 3470 3629 σώματος
3530 3556 3626 3612 οὒκ
3672 3554 3839 3625 ἐπιζη-

2213 3661 2298 3711 τεῖ
2325 3653 2555 3725 κάλλος,
2591 3653 2737 3710 ἀλλά
2769 3658 2981 3737 ψυχῆς.
3009 3655 3152 3713 οὕτω
3182 3654 3272 3711 καὶ
3304 3655 3390 3711 σύ.
3456 3655 3557 3712 "Av
3611 3653 3705 3728 γὰρ
3756 3653 3837 3724 ψ’)-

2218 3750 2331 3821 χῆς
2362 3741 2570 3806 κάλλος
2592 3742 2877 3819 ἐπιζητῇς,
2903 3743 2993 3799 καὶ
3025 3742 3103 3806 εἷς
3158 3747 3323 3799 τοῦτο
3374 3741 3550 3813 αὐτὴν
3581 3740 3816 3819 ῥυθμίσῃς

2214 3793 2411 3906 ἔπιίῖτῷ
2433 3793 2912 3905 Θεῷῖκαίἳάαζτῶ
2968 3793 3145 3901 alii,»
3202 3831 3430 3907 ἐργάτῃ.
3492 3793 3518 3883 ὲ
3576 3793 3839 3894 gallos}:

2217 3919 2421 3999 ῥυτίδα.
2456 3948 2484 3975 (ι
2518 3922 2615 3977 Διά
2644 3922 2853 3980 τούτων
2885 3922 2950 3976 τά
3010 3921 3223 3997 ψυχικά
3252 3919 3399 3998 λέγει
3466 3922 3614 3992 πάθη
3651 3921 3712 3974 ea
3736 3914 3835 3972 85:-

2217 4008 2332 4079 ειδῆ
2364 4009 2455 4064 τὸν
2487 4007 2631 4069 ἐντὸς
2678 4013 2938 4064 ποιοῦντα
3004 4006 3311 4082 ἄνθρωπον.
3348 4030 3379 4059 κ
3408 4008 3508 4071 Ὠς
3557 4008 3624 4063 τά
3678 4002 3832 4061 taurini

2214 4098 2459 4173 σώματα.
2495 4121 2522 4148 ››
2553 4096 2673 4155 0'37.
2704 4098 2779 4158 ὡς
2835 4096 2913 4159 εἷς
2973 4102 3159 4167 μεῖζον
3221 4096 3529 4172 ἐρχόμενος
3562 4091 3833 4168 ὑπόδειγμα

2212 4187 2275 4243 τὸ
2303 4190 2399 4243 τοῦ
2457 4184 2660 4242 οἰκείου)
2715 4187 2970 4261 σώματος
3020 4185 3256 4260 εἴρηκεν,
3317 4180 3682 4262 (ὑπερϐάλλει
3748 4183 3830 4257 γὶρ

2211 4275 2274 4330 τὸ
2304 4275 2438 4330 κατὰ
2467 4274 2693 4349 Χριστὸν
2721 4274 2858 4344 πρὸς
2883 4276 2983 4344 τήν
3031 4272 3402 4346 Ἐκκλησίαν,)
3443 4272 3576 4329 ἀλλ’
3632 4272 3704 4333 ὡς
3772 4268 3833 4327 εἷς

2213 4361 2537 4440 οἰκειότερον
2592 4361 2682 4417 καὶ
2766 4360 3076 4440 ἐγγῦτερον.
3137 4360 3234 4418 Ἐκ
3300 4359 3500 4416 τούτου
3586 4360 3685 4437 γαρ
3760 4354 3833 4411 καὶ

2216 4450 2443 4532 ὀφειλὴν
2494 4452 2557 4506 τὸ
2616 4456 2843 4526 πρᾶγμα
2901 4446 3197 4509 δείκνυαιν,
3254 4450 3318 4507 Ei
3378 4450 3490 4525 γὰρ
3541 4448 3695 4524 σῶμά
3745 4444 3833 4500 ἕστε

2217 4552 2305 4596 σὺν
2340 4544 2373 4612 ἦ
2408 4542 2565 4618 γυνὴ,
2600 4543 2873 4612 (Ἔσονται
2902 4540 3028 4616 γὰρ,
3060 4539 3247 4622 φησὶν,
3294 4539 3347 4594 oi
3401 4536 3501 4594 8'30
3533 4539 3610 4601 ε⁹ς
3666 4538 3832 4609 σάρκα-

472 4635 636 4685 tuum
662 4636 750 4685 est
770 4629 965 4686 'uxor:
1015 4644 1152 4683 nam
1189 4631 1307 4684 :Ex
1330 4629 1581 4697 duobus,
1616 4631 1829 4704 inquit,
1864 4634 1964 4690 flet
1993 4654 2112 4695 una

2224 4629 2395 4705 μίαν,)
2425 4631 2563 4684 κατὰ
2591 4628 2817 4708 ὀφειλὴν
2844 4631 3169 4703 προνοήσεις
3199 4627 3366 4698 αὑτῆς
3415 4627 3491 4690 ὡς
3524 4625 3711 4703 σαρκός
3738 4643 3831 4678 σου.

470 4735 604 4775 caro
633 4717 777 4784 33,ex
809 4717 1006 4772 debito
1030 4718 1365 4790 providebis
1397 4719 1449 4773 ei
1480 4725 1545 4773 ut
1573 4721 1735 4778 carni
1769 4728 1903 4780 tum.
1942 4746 1962 4771 ι
2007 4728 2113 4795 Qui

469 4806 662 4877 diligit
687 4821 853 4859 suam
883 4822 1126 4861 uxorem
1159 4808 1418 4879 seipsum
1452 4807 1662 4881 diligit.
1700 4833 1728 4860 ››
1759 4811 1925 4879 Quod
1955 4817 2113 4875 enim

468 4909 620 4949 uxor
642 4894 719 4948 sit
747 4910 882 4949 caro
914 4894 1041 4961 viri,
1067 4897 1202 4952 audi
1229 4896 1413 4951 Adam
1445 4896 1741 4956 dicentem
1767 4919 1780 4957 :
1806 4902 1922 4961 Hoc
1954 4923 2114 4963 nunc

468 4997 532 5036 os
567 4995 635 5038 ex
665 4982 897 5037 ossibus
939 4984 1108 5054 meis,
1170 4991 1227 5039 et
1272 4999 1406 5039 caro
1439 5000 1508 5039 ex
1562 5003 1737 5045 carne
1781 5007 1914 5049 mea
1942 4992 2011 5051 ³⁸,
2045 5027 2111 5038 .-

468 5093 496 5121 ‹‹
531 5070 691 5127 Sicut
721 5076 777 5126 et
803 5072 1089 5130 Dominus
1121 5074 1465 5130 Ecclesiam.
1506 5096 1532 5128 η
1569 5077 1783 5136 Christi
1841 5086 2111 5159 exemplo

465 5160 744 5217 continue
777 5162 983 5230 utitur,
1018 5180 1087 5219 ex
1109 5164 1220 5219 hoc
1250 5164 1403 5220 viros
1429 5164 1503 5221 ad
1543 5183 1793 5227 uxorum
1842 5171 2112 5230 dilectio-

462 5267 598 5311 nem
616 5248 991 5308 exhortans.«
1019 5253 1308 5318 Quoniam
1327 5254 1593 5312 membra
1612 5274 1817 5316 sumus
1848 5264 2110 5337 corporis

463 5339 713 5414 ipsius.»
768 5342 849 5397 Ac
872 5341 919 5395 si
970 5341 1229 5397 diceret:
1255 5344 1401 5398 Vere
1424 5360 1491 5399 ex
1515 5345 1642 5419 ipso
1664 5366 1886 5406 sumus.
1917 5351 2109 5426 Siqui-

463 5429 597 5486 dem
659 5430 798 5504 quia
852 5446 988 5486 ossa
1018 5435 1075 5485 et
1126 5447 1339 5501 corpus
1374 5432 1621 5506 figuram
1682 5437 1827 5494 dant
1854 5439 2108 5510 homini,

461 5524 703 5590 propter
734 5517 1058 5585 veritatem,
1092 5517 1239 5573 dixit
1269 5535 1378 5573 nos
1427 5538 1497 5575 ex
1544 5522 1688 5593 ipsis
1729 5543 1879 5583 esse.
1930 5561 1998 5570 —
2028 5530 2109 5585 Ex

532 5659 577 5694 ⁸³
609 5657 809 5713 Matth.
837 5676 951 5725 xiv,
984 5664 1035 5715 ὅ.
1113 5660 1161 5696 ³⁴
1191 5663 1330 5718 Cen.
1359 5679 1420 5729 ιι,
1442 5664 1532 5717 23.

2226 4743 2253 4771 ‹‹
2284 4720 2345 4776 Ὀ
2383 4719 2607 4793 ἀγαπῶν
2663 4719 2762 4788 τήν
2795 4718 2988 4772 ἑαυτοῦ
3041 4722 3289 4793 γυναῖκα,
3344 4716 3533 4771 ἑαυτὸν
3599 4716 3779 4789 ἀγαπᾷ.
3812 4734 3828 4760 ο

2221 4811 2344 4866 ’Ὁτι
2376 4808 2479 4885 γάρ
2512 4805 2625 4862 ἐστι
2683 4808 2808 4883 σὰρξ
2865 4810 2961 4863 τοῦ
3020 4804 3212 4882 ἀνδρὸς
3260 4808 3295 4876 ἡ
3336 4807 3499 4881 γυνὴ,
3560 4803 3713 4859 ἄκουε
3756 4802 3835 4855 τοῦ

2223 4894 2404 4971 Ἀδὰμ
2453 4894 2734 4974 λέγοντος·
2791 4901 2960 4952 Τοῦτο
3016 4901 3106 4951 νῦν
3161 4895 3352 4952 ὀστοῦν
3409 4894 3469 4950 ἐκ
3523 4898 3631 4950 τῶν
3686 4891 3833 4946 ὄστων

2226 5010 2351 5063 μου,
2383 4989 2474 5043 καὶ
2508 4989 2632 5064 σάρξ
2671 4988 2729 5043 ἐκ
2778 4995 2878 5057 τῆς
2941 4987 3137 5063 σαρκός
3199 5008 3326 5063 μου.
3367 5019 3435 5029 —-
3466 5010 3497 5039 ‹‹
3530 4985 3712 5045 Καθὼς
3763 4979 3836 5035 καὶ

2223 5079 2251 5133 ὁ
2294 5079 2489 5153 Κύριος
2514 5079 2613 5147 τὴν
2645 5078 2990 5149 Ἐκκλησίαν.
3023 5102 3051 5129 η
3087 5080 3340 5155 Συνεχῶς
3366 5079 3447 5148 τῷ
3477 5078 3573 5131 τοῦ
3627 5070 3836 5147 Χριστοῦ

2220 5174 2426 5246 χρῆται
2456 5164 2877 5242 παραδείγματι,
2907 5168 3043 5242 πρὸς
3101 5166 3313 5242 ἀγάπην
3365 5163 3493 5227 τοὺς
3552 5160 3739 5237 ἄνδρας
3789 5157 3838 5212 ἐκ

2217 5257 2412 5314 τούτου
2444 5262 2795 5333 παρακαλῶν.
2830 5283 2857 5309 ‹‹
2889 5258 3009 5315 Ὀτι
3047 5256 3188 5331 μέλη
3249 5254 3406 5329 ἐσμὲν
3463 5259 3560 5311 τοῦ
3607 5254 3834 5324 σώματος

2218 5345 2403 5407 αὐτοῦ.
2441 5372 2462 5397 ι
2498 5347 2640 5403 Ὠσεῖ
2672 5348 2809 5413 εἶπε,
2842 5344 3087 5417 Γνησίως
3122 5344 3280 5419 ἰσμὲν
3339 5342 3391 5415 ἐξ
3421 5343 3608 5399 αὐτοῦ.
3641 5334 3834 5401 Ἐπειδὴ

2218 5436 2321 5516 γὰρ
2350 5436 2416 5493 τᾶ
2446 5436 2577 5495 ὀστᾶ
2605 5435 2786 5491 καὶτὸ
2848 5439 3006 5508 σῶμα
3063 5434 3453 5510 χαρακτηρίζει
3512 5430 3603 5487 τὸν
3655 5426 3838 5516 ἃνθριιιο

2216 5514 2342 5598 πον,
2384 5522 2472 5580 διὰ
2516 5526 2615 5595 τήν
2657 5523 2993 5601 γνησιὸτητά
3045 5544 3208 5602 φησιν
3262 5520 3314 5593 ἐξ
3362 5522 3539 5577 αὐτῶν
3587 5520 3729 5592 ἡμᾶς
3780 5514 3840 5568 εἷο
