4096 6194
257 336 409 399 1243

1231 340 1635 403 COMMENT.
1677 340 1757 403 IN
1800 341 2056 404 EPIST.
2102 342 2157 404 Ῑῐ
2201 342 2307 404 AD
2349 342 2628 405 EPHES.

3501 341 3654 402 1246

245 489 354 528 ναι.
414 499 484 511 --·
540 468 875 542 [ΟΙΚΟΥΜ.]
933 469 1018 542 Ἐξ
1098 470 1265 527 αὑτοῦ
1340 468 1419 543 δὲ,
1473 473 1608 531 καθὸ
1663 472 1873 549 ἀπαρχαὶ

2006 475 2134 548 ipso
2166 480 2364 533 autem
2395 481 2688 549 quatenus
2718 475 2906 532 nostri
2941 474 3300 547 principium
3326 478 3415 530 est
3445 490 3516 529 ex
3559 489 3658 531 se.

242 562 407 633 ἡμῶν
472 557 583 616 ἰστι
641 566 745 628 τῆς
802 556 1054 634 δευτέρας
1108 558 1384 632 πλάσεως,
1442 559 1628 637 ὥσπερ
1685 563 1747 618 ἐκ
1799 567 1901 620 τοῦ

248 646 430 720 Ἀδὰμ.
459 646 550 704 διὰ
604 649 706 717 τήν
766 650 1017 723 πρώτην.
1078 674 1099 699 ι
1153 651 1248 708 Ἐκ
1281 657 1382 720 τῆς
1413 654 1611 723 σαρκὸς
1642 653 1832 710 αὐτοῦ.
1870 676 1898 704 »

240 740 359 807 Τὴν
391 732 782 811 ἠγριϐωμὲνην
835 735 1029 793 ἕνωσιν
1072 738 1164 796 καὶ
1222 739 1442 814 ἀγάπην
1500 738 1688 811 δηλοῖ.
1727 767 1758 795 α
1792 742 1897 798 Καὶ

242 825 820 901 προσκολληθήσεται.
884 850 914 880 ››
968 826 1107 886 Ἰδοὺ
1192 829 1282 884 καὶ
1367 825 1552 904 ἕτερον
1618 827 1900 902 δικαίωμα

244 916 485 993 ἀγάπης,
545 915 629 972 ὅτι
688 920 849 990 σῶμα
903 914 1171 987 ἀλλήλων
1232 917 1354 975 εἶσί.
1410 919 1546 977 αΤὸ
1595 920 1893 993 μυστήριον

240 1010 405 1063 τοῦτο
470 1003 605 1081 μέγα
662 1004 823 1063 ἐστίν.
858 1029 886 1058 ››
952 1009 1076 1067 ΙΙῶς
1135 1008 1313 1083 isi-fa;
1366 1010 1493 1064 ’Ὁτι
1545 1012 1625 1079 τῷ
1672 1012 1897 1082 Χριστῷ

239 1094 352 1165 ἐξὸν
414 1096 591 1168 μένειν
651 1094 739 1150 ἐπὶ
778 1102 880 1164 τῆς
936 1093 1075 1156 ἰδίας
1135 1094 1321 1166 δόξης,
1379 1097 1732 1155 ἐταπείνωσεν
1771 1099 1897 1157 ἔαυ-

237 1187 330 1243 τὸν
389 1185 836 1262 ἰνανθρωπήσας,
889 1182 981 1242 ’ἱνα
1030 1185 1429 1262 προσκολληοῇ
1468 1192 1538 1262 τῇ
1572 1188 1892 1260 Ἐκκλησία,

233 1277 324 1333 καὶ
354 1275 603 1354 ἰγὲνοντο
635 1274 685 1333 οἱ
717 1272 815 1331 δύο
846 1274 925 1338 εἷς
956 1280 1169 1348 πνεῦμα
1189 1272 1266 1333 ἓν.
1292 1278 1352 1335 '0
1380 1277 1483 1355 γάρ
1506 1275 1889 1355 κοΑλώμενος,

236 1365 395 1444 φησὶ,
423 1364 503 1435 τῷ
536 1364 743 1437 Κυρίῳ,
776 1357 828 1418 ἔν
872 1364 1083 1437 πνεῦμά
1136 1363 1269 1425 ἐστι,
1305 1390 1333 1418 ι(
1367 1364 1521 1436 Πλὴν
1551 1364 1639 1422 καί
1673 1367 1827 1440 ὑμεῖς
1861 1391 1889 1420 »

238 1455 381 1511 Ὠσεὶ
442 1447 647 1527 ἔλεγεν,
712 1452 836 1531 Οὐχ
895 1455 930 1523 ἡ
988 1453 1241 1530 ἀναγινγή
1276 1460 1373 1511 τοῦ
1435 1456 1703 1527 ὀνόματος
1731 1458 1821 1511 καὶ
1851 1458 1886 1526 ἡ

222 1545 579 1621 ,πνευματική
639 1543 897 1619 ἐξήγησις
943 1542 1228 1619 ἀνατρέπει
1286 1546 1350 1603 τὸ
1402 1543 1598 1603 ίδικόν.
1658 1546 1885 1604 Δύναται

234 1638 340 1712 γὰρ
401 1633 492 1691 καὶ
582 1637 963 1706 πνευματικῶς
1026 1634 1118 1688 καὶ
1195 1630 1387 1697 ἷδικῶς
1476 1636 1883 1710 ἑρμηνεύεσθαι.

231 1751 260 1779 ‹‹
294 1727 357 1782 Οἱ
387 1726 507 1782 καθ’
534 1722 648 1783 ἕνα.
683 1748 712 1781 υ
741 1724 874 1783 Οἴον
935 1726 987 1781 οἱ
1046 1725 1346 1800 ἅνθρωποι.
1377 1728 1458 1784 Ti
1486 1726 1590 1802 γὰρ
1618 1730 1716 1783 τοῦ
1745 1728 1883 1785 κατά

2012 566 2207 623 cunda
2226 566 2604 633 formatione,
2626 564 3130 637 quemadmodum
3153 579 3225 619 ex
3249 562 3434 621 Adam
3448 578 3652 620 sumus

2011 661 2251 729 propter
2272 656 2546 727 primam.
2571 678 2600 707 ιι
2625 657 2704 713 Ex
2726 672 2902 710 carne
2924 655 3072 726 ejus.
3101 675 3129 705 »
3173 655 3448 709 Exactam
3479 652 3657 709 unio-

2009 762 2148 801 nem
2174 761 2243 801 ac
2273 745 2656 800 dilectionem
2688 744 2982 816 signiﬁcat
3012 766 3041 794 «
3099 745 3171 798 Et
3224 742 3570 797 adhmrebit.
3625 761 3655 794 ιι

2008 836 2154 890 Ecce
2173 840 2233 890 et
2251 835 2498 890 alteram
2529 834 2870 890 dilectionis
2900 832 3445 901 confirmationem,
3499 829 3660 903 quod

2007 924 2260 979 invicem
2285 930 2491 980 mutua
2513 923 2623 978 sibi
2649 924 2769 978 sint
2793 922 3050 995 corpori.
3087 946 3114 972 ιι
3161 921 3502 994 Mysterium
3544 921 3656 976 hoc

2007 1029 2287 1084 magnum
2311 1018 2458 1067 est.»
2479 1012 2784 1078 Quomodo
2809 1028 3090 1083 magnum
3113 1011 3298 1076 ‘IQuia
3318 1027 3455 1067 cum
3485 1010 3649 1066 Chri-

2005 1108 2093 1157 sto
2119 1102 2179 1157 in
2204 1102 2442 1174 prOpria
2463 1102 2646 1174 gloria
2676 1118 2917 1156 manere
2968 1101 3232 1163 licuisse,
3272 1100 3533 1171 seipsum
3564 1116 3655 1155 as-

2003 1198 2243 1263 sumpta
2256 1192 2624 1247 humanitate
2637 1188 3297 1245 demisitutadhmreret
3314 1204 3382 1243 ac
3429 1188 3649 1260 adjun-

2000 1279 2823 1353 gereturEcclesim,factique
2858 1284 2997 1334 sunt
3040 1279 3157 1333 duo
3186 1294 3340 1334 unus
3384 1279 3649 1349 spiritus.

1999 1374 2145 1425 Nam
2164 1370 2265 1441 qui
2287 1368 2692 1442 agglutinetur
2712 1369 2832 1424 sive
2872 1369 3139 1424 adhmret
3189 1369 3461 1437 Domino,
3492 1385 3651 1425 unus

2000 1460 2222 1531 spirtus
2243 1464 2352 1516 est.
2376 1481 2404 1509 ‹‹
2429 1460 2781 1529 Quanquam
2805 1465 2861 1514 et
2879 1474 2998 1513 vos.
3054 1479 3083 1507 »
3133 1460 3214 1512 Ac
3262 1459 3366 1515 δα
3424 1459 3472 1512 si
3502 1458 3659 1514 dice-

1999 1555 2127 1604 ret:
2160 1548 2442 1605 Sublimis
2468 1548 2864 1619 intelligentia
2889 1547 3150 1604 nominis
3201 1562 3268 1601 ac
3322 1547 3650 1618 spiritualis

1995 1639 2293 1696 enarratio
2324 1655 2445 1694 non
2475 1645 2745 1694 evertunt
2772 1638 3075 1710 propriam
3108 1654 3121 1692 :
3154 1642 3352 1709 potest
3375 1637 3537 1693 enim
3577 1653 3609 1693 e

1995 1728 2385 1801 spiritualiter
2400 1733 2460 1784 et
2476 1728 2712 1800 proprie
2732 1726 3045 1783 declarari.
3074 1746 3100 1779 ιι
3132 1726 3484 1799 Singulatim
3530 1727 3645 1782 hoc

229 1815 521 1891 ἀναγωγὴν
574 1814 858 1886 νοήματος
944 1812 1022 1875 εἷς
1103 1813 1401 1884 κοινότητα
1459 1814 1580 1888 ὁρᾷ,
1635 1814 1873 1871 τουτέστι

274 1905 289 1919 ι
356 1905 414 1919 1“
490 1900 510 1919 ἱ
607 1901 618 1919 1
800 1902 861 1919 οη
893 1899 935 1919 θλ
1086 1904 1100 1919 \
1137 1901 1161 1919 νο
1329 1898 1397 1919 β-
1562 1902 1575 1919 \
1645 1901 1671 1919 Ἰ
1707 1902 1731 1919 λ

1991 1824 2260 1890 ρτωῐοῑο.
2295 1841 2324 1870 ››
2358 1819 2576 1890 Nempe
2608 1817 2861 1889 quisque
2892 1817 3244 1871 hominum:
3289 1831 3422 1885 qua
3479 1815 3642 1873 enim

226 1905 329 1972 τήν
356 1900 704 1974 Ἐκκλησίαν.
738 1927 766 1954 ‹‹
800 1902 862 1957 Ἦ
889 1899 946 1957 δὲ
972 1904 1108 1979 γυιιή
1137 1901 1232 1957 ’ίνα
1255 1898 1492 1981 φοϐῆται
1514 1902 1608 1959 τὸν
1635 1901 1822 1977 ἄνδρα,
1853 1929 1873 1957 κ

1987 1907 2161 1979 juxta
2182 1923 2483 1979 anagogen
2506 1906 2921 1978 intelliguntur
2940 1905 3013 1961 ad
3034 1905 3459 1960 communitate
3482 1921 3644 1960 mre-

229 1989 359 2050 Οἵδε
424 1991 527 2067 γὰρ
589 1994 624 2061 ἡ
675 1990 920 2064 ἰσοτιμία
976 1992 1219 2066 γίνεσθαι
1266 1992 1657 2055 ἀκαταστασίας
1686 1992 1878 2058 ὑπόθες

224 2102 329 2146 σις’
389 2079 480 2138 διὰ
535 2080 699 2139 τοῦτο
760 2080 886 2154 μίαν
942 2080 1126 2160 ἀρχὴν
1180 2082 1315 2139 εἶναι
1372 2080 1606 2150 κελεύει,
1654 2084 1752 2153 τήν
1784 2087 1879 2140 τοῦ

224 2169 443 2247 ἀνδρός.
477 2170 546 2229 Τί
594 2168 805 2242 δήποτε
858 2167 918 2227 δὶ
972 2170 1095 2245 περὶ
1150 2174 1252 2237 τῆς
1309 2171 1522 2246 ἀγάπης
1549 2170 1736 2231 πολλὰ
1766 2170 1878 2229 δια-

222 2258 468 2336 λεχθεὶς,
497 2260 625 2336 περὶ
670 2257 768 2317 τοῦ
826 2254 1000 2336 φόϐου
1059 2260 1170 2335 οὐχ
1225 2260 1401 2321 οὕτως
1431 2258 1684 2331 ἐποίησεν
1711 2281 1725 2329 ;
1752 2263 1873 2319 Ὅτι

217 2346 653 2426 προηγουμένως
704 2348 803 2416 τήν
855 2347 1069 2424 ἀγάπην
1129 2349 1266 2407 εἶναι
1325 2345 1425 2407 δεῖ.
1458 2348 1618 2406 Οὕτω
1648 2349 1751 2427 γὰρ
1780 2352 1869 2407 καί

216 2439 245 2493 6
276 2433 444 2516 φόϐος
475 2434 686 2511 ἴψεται.
716 2437 789 2495 T6
848 2434 905 2497 δί
963 2432 1249 2512 φοϐεῖσθαι
1280 2437 1416 2508 νόει,
1444 2438 1520 2502 ὡς
1548 2438 1742 2514 πρέπει
1772 2460 1871 2515 γυ-

220 2533 381 2583 vain
410 2521 716 2603 φοϐεῖσθαι,
753 2526 830 2599 μὴ
862 2523 1277 2601 δουλοπρεπῶς.

1993 1996 2276 2067 spiciunt,
2296 1996 2407 2051 hoc
2424 2001 2513 2050 est
2533 1994 2879 2051 Ecclesium.
2907 2017 2935 2047 «ι
2963 1996 3116 2050 Uxor
3137 2000 3337 2051 autem
3377 1999 3444 2049 ut
3471 2010 3636 2049 reve-

1990 2091 2193 2143 reatur
2212 2086 2425 2142 virum.
2446 2107 2473 2135 »
2499 2085 2669 2141 Novit
2691 2085 2851 2141 enim
2874 2084 3277 2156 aequalitatem
3300 2084 3364 2139 in
3412 2083 3640 2140 honore

1990 2176 2117 2232 fieri
2149 2175 2518 2233 confusionis
2547 2191 2617 2231 ac
2647 2174 2957 2230 seditionis
3013 2174 3387 2229 occasionem
3422 2189 3437 2228 :
3498 2188 3637 2244 pro-

1986 2272 2191 2338 pterea
2207 2265 2451 2321 unicum
2464 2264 2637 2336 jubet
2659 2280 2787 2319 esse
2810 2263 3206 2335 principatum
3222 2278 3403 2334 penes
3419 2261 3608 2317 virum
3620 2302 3634 2317 .

1983 2354 2379 2421 Quamobrem
2409 2370 2545 2410 vero
2581 2370 2715 2409 cum
2752 2352 2939 2409 multa
2967 2351 3040 2407 de
3071 2351 3391 2407 dilectione
3438 2350 3633 2407 disse-

1980 2444 2220 2512 ruisset,
2252 2459 2375 2499 non
2405 2443 2489 2499 ita
2514 2441 2655 2497 fecit
2683 2441 2755 2495 de
2802 2440 3131 2496 reverentia
3180 2440 3299 2496 sive
3359 2440 3571 2495 timore
3602 2439 3629 2495 Ἰ

1980 2532 2271 2597 Quoniam
2302 2531 2684 2588 dilectionem
2712 2529 3090 2601 potissimum
3121 2529 3330 2585 adesse
3374 2533 3628 2600 oportet,

220 2634 358 2675 nam
392 2619 474 2674 ita
501 2624 784 2692 sequetur
812 2623 871 2674 et
898 2620 1231 2676 reverentia
1259 2612 1562 2696 φοϐεῖσθαι,
1595 2637 1732 2694 ergo
1763 2620 2045 2695 intelligit
2071 2638 2192 2679 non
2221 2637 2524 2678 servorum
2556 2635 2720 2677 more
2778 2621 3010 2687 timere,
3070 2618 3175 2673 sed
3235 2623 3301 2673 ut
3353 2632 3628 2685 uxorem,

221 2706 393 2763 decet
420 2708 672 2763 revereri
699 2723 767 2765 ac
799 2707 1115 2765 sollicitam
1147 2726 1276 2769 esse
1308 2725 1385 2766 ne
1415 2710 1696 2767 maritum
1725 2710 2008 2768 offendat.

287 2796 363 2850 Τά
436 2797 616 2865 τίκνα,
694 2796 996 2854 ὑπακούετε
1059 2802 1178 2859 τοῖς
1243 2801 1491 2873 γονεῦσιν
1567 2798 1719 2871 ὑμῶν
1817 2797 1870 2854 ἰν

224 2884 429 2959 Κυρίῳ.
469 2889 646 2946 Τοῦτο
692 2884 794 2963 γάρ
851 2884 964 2943 ἑστι
1030 2883 1263 2945 δίκαιον.
1318 2886 1462 2959 Γίμα
1517 2887 1612 2945 τὸν
1669 2884 1877 2958 πατέρα

228 2994 325 3029 σου
372 2975 462 3031 καί
510 2976 608 3045 τήν
668 2978 897 3052 μητέρα,
936 2976 971 3045 ἧ
1012 2998 1096 3038 τις
1154 2975 1297 3032 ἰστὶν
1348 2973 1545 3043 ἐντολή
1584 2974 1778 3047 πρώτη
1821 2972 1875 3028 ἐν

220 3062 538 3138 ἆπαγγελίᾳ,
597 3062 688 3119 ’ίνα
745 3063 803 3119 εὗ
857 3084 942 3119 σοι
1000 3064 1240 3137 γίνηται,
1295 3062 1387 3120 καὶ
1428 3060 1526 3133 ἔσῇ
1554 3062 1875 3136 μακροχρό-

2060 2801 2150 2868 VI,
2182 2800 2304 2857 1-4.
2338 2820 2368 2852 κ
2401 2797 2554 2863 Filii,
2582 2796 2817 2852 obedite
2836 2793 3182 2867 parentibus
3205 2794 3494 2849 vestrisin
3517 2796 3629 2849 Do-

1985 2912 2015 2943 ιι
2046 2888 2238 2945 mino.
2279 2888 2423 2942 Nam
2454 2886 2519 2942 id
2543 2884 2772 2955 justum
2806 2890 2913 2939 est.
2948 2885 3182 2938 Honora
3211 2889 3440 2955 patrem
3465 2890 3628 2940 tuum

1987 2999 2015 3026 «
2048 2981 2107 3031 et
2135 2980 2425 3033 matrem:
2486 2972 2645 3045 quod
2701 2978 2793 3028 est
2829 2979 3191 3045 prmceptum
3247 2973 3507 3044 primum
3565 2973 3627 3029 in

1985 3088 2015 3116 «
2047 3063 2465 3136 promissione,
2496 3067 2563 3120 ut
2588 3062 2741 3119 bene
2770 3061 2877 3118 tibi
2909 3062 3007 3126 sit,
3041 3068 3100 3117 et
3154 3062 3270 3119 eris
3330 3062 3630 3135 longmvus

222 3174 347 3243 νιοςΔ
413 3152 502 3209 ἐπὶ
575 3159 675 3222 τῆς
718 3158 880 3243 πῆς.
956 3153 1058 3210 Καὶ
1134 3151 1534 3243 οἱῌπατέρεςη
1589 3155 1664 3225 μή
1742 3172 1873 3227 παρ-

1989 3175 2017 3204 α
2056 3154 2119 3209 in
2150 3160 2326 3211 terra.
2359 3154 2562 3210 Patres
2587 3168 2662 3209 ne
2691 3152 2766 3208 ad
2794 3153 2942 3208 iram
2976 3151 3302 3223 provocetis
3333 3158 3391 3206 et
3411 3151 3631 3206 liberos

222 3238 467 3315 οργίζετε
540 3238 607 3295 τὰ
677 3237 833 3297 τίκνα
909 3238 1087 3311 ὑμῶν,
1164 3235 1291 3297 ἀλλ’
1386 3236 1667 3316 ἰκτρᾶφπε
1735 3238 1871 3295 αύτά

215 3327 270 3384 ἐν
300 3324 521 3399 παιδείᾳ
548 3328 638 3385 καί
664 3326 912 3399 νουθεσίᾳ
938 3326 1162 3403 Κυρίου.

290 3417 429 3473 Εἶπε
453 3415 576 3489 περὶ
605 3423 704 3487 τῆς
733 3419 959 3492 πρώτης
991 3418 1176 3495 ἀρχῆς
1230 3423 1332 3487 τῆς
1388 3416 1527 3475 uati
1551 3418 1643 3475 τὸν
1680 3415 1869 3491 ἄνδρα,

217 3511 309 3562 νῦν
367 3505 491 3583 περὶ
546 3513 647 3577 τῆς
703 3504 952 3580 δευτέρας
1011 3505 1157 3583 λέγει
1206 3513 1308 3576 τῆς
1350 3508 1487 3565 κατᾶ
1514 3506 1642 3572 τοὺς
1672 3513 1870 3583 γονεῖς.

219 3600 285 3655 Ἦ
318 3600 414 3673 μὶν
453 3600 557 3675 γάρ
609 3602 749 3675 γυνή
809 3604 889 3672 τῷ
955 3598 1129 3675 ἀνδρὶ,
1192 3602 1263 3657 τά
1327 3598 1386 3661 δὶ
1447 3602 1609 3659 τὲκνα
1653 3604 1745 3659 καὶ
1773 3625 1873 3678 γυ-

216 3691 359 3745 ναικὶ
409 3690 710 3747 ὑπόκειται.
762 3713 790 3742 ‹‹
824 3691 910 3748 Ἐν
959 3690 1163 3766 Κυρίῳ.
1194 3714 1224 3745 ιι
1270 3688 1720 3759 Τουτίστι,κατά
1767 3693 1869 3750 Κύ-

215 3778 440 3853 ριον,ἐν
473 3781 558 3843 οῐς
593 3781 669 3853 μὴ
734 3778 1035 3854 βλάπτεται
1092 3782 1128 3849 ἡ
1189 3776 1453 3840 εύσίϐεια.
1507 3782 1571 3839 Τί
1624 3782 1726 3858 γὰρ
1785 3783 1869 3841 ὅτι

214 3875 520 3944 προστῆσαι
600 3867 857 3945 βούλεται
934 3870 962 3923 6
1038 3871 1220 3945 πατὴρ
1296 3871 1602 3948 θυγατέρας
1781 3873 1869 3929 αἱ-

215 3958 392 4031 σχράν
426 3955 635 4031 διδάξαι
662 3958 865 4037 τέχνην
895 3959 990 4014 τὸν
1050 3960 1209 4029 υἱόνς
1266 3960 1302 4029 ἢ
1359 3962 1497 4035 πρὸς
1529 3959 1866 4034 ἑλληνισμὸν

211 4047 436 4123 ἀγαγεῖν
463 4068 478 4118 ;
537 4048 617 4105 Τά
673 4046 778 4123 γάρ
824 4051 1051 4104 τοιαῦτα
1090 4048 1190 4105 οὐκ
1218 4048 1272 4104 ἂν
1303 4049 1483 4125 Κυρίῳ
1516 4049 1675 4107 ἐστίν.
1709 4075 1738 4105 ι(
1764 4053 1869 4109 Ἢ-

210 4157 296 4197 τις
344 4134 490 4193 ἂστῖν
543 4133 740 4203 ἐντολὴ
798 4137 1018 4210 πρώτη.
1052 4161 1081 4189 ››
1132 4136 1326 4197 Καίτοι
1382 4139 1482 4195 οὐκ
1536 4133 1678 4196 ἔστιν
1728 4140 1866 4211 αὕτη

213 4224 434 4298 πρώτη.
466 4226 623 4281 Ἐστι
653 4226 760 4298 γάρ
790 4226 1009 4297 πρώτη,
1058 4226 1134 4283 Ού
1188 4227 1489 4300 φονεύσεις,
1522 4230 1603 4286 Ού
1638 4231 1869 4302 μοιχεύε-

212 4333 342 4375 σεις.
400 4310 555 4369 Ἀλλ’
614 4311 714 4387 ὅρα
769 4312 822 4366 τί
876 4314 1276 4385 προστέθεικεν,
1344 4337 1366 4365 ι
1401 4317 1489 4374 Ἐν
1517 4315 1803 4390 ἆπγγελίᾳ.
1839 4342 1867 4372 ››

202 4401 455 4459 alant“,
503 4404 604 4475 γάρ
678 4401 732 4456 αἱ
786 4405 1020 4473 ιπρῶται
1070 4401 1170 4458 οὐκ
1225 4397 1446 4479 ἔχουσιν
1502 4402 1861 4479 ἐπαγγελίας.

208 4492 612 4567 Αναχωρήσεις
659 4488 761 4566 γάρ
813 4488 916 4546 εἶσι
963 4494 1168 4560 κακῶν,
1219 4491 1323 4549 ούκ
1370 4491 1575 4566 ἀγαθοῦ
1622 4492 1859 4570 ἰργασία.

213 4581 358 4652 Αὕτη
389 4583 666 4655 τοιγαρῦν,
697 4578 835 4635 κατά
879 4578 973 4635 τὸν
1022 4580 1123 4647 τῆς
1174 4578 1502 4656 ἰπαγγιλίας
1528 4579 1712 4659 λόγον.
1746 4582 1855 4644 in?

208 4672 425 4744 πρώτη.
477 4670 713 4746 Ἀγαθοῦ
768 4669 871 4745 γάρ
929 4669 1071 4725 ἐστιν
1123 4668 1365 4747 ἆργασία.
1429 4693 1452 4722 ι
1499 4673 1596 4728 Καὶ
1628 4670 1722 4748 ἔσῃ
1754 4696 1857 4748 μα-

205 4758 533 4835 κροχρόνιος
592 4756 680 4815 ἐπὶ
737 4759 836 4825 τῆς
893 4764 1015 4832 γῆς.
1069 4782 1097 4811 ››
1163 4761 1304 4835 Ὅρα
1361 4760 1571 4836 σοφίαν.
1634 4761 1856 4833 Ἐπειδή

208 4849 344 4921 πρὸς
398 4845 630 4916 νηπίους
688 4846 716 4901 6
776 4845 946 4921 λόγος
1004 4846 1173 4920 αὐτῷ,
1231 4850 1391 4924 (πρὸς
1447 4850 1549 4926 γάρ
1604 4852 1671 4908 τὰ
1699 4852 1860 4911 τίκνα

208 4934 417 5009 λαλεῖ,)
448 4935 618 5005 αὐτὴν
659 4935 759 5002 τήν
815 4932 1070 5008 κειμὲνην
1128 4933 1369 5011 ἀμοιϐήν
1403 4939 1612 5014 ε’ἰρηκε,
1640 4942 1728 4997 καὶ
1764 4942 1859 4999 ού-

210 5024 298 5083 δὶν
334 5024 565 5099 ὑψηλὸν,
599 5025 663 5080 ού
710 5024 834 5099 περὶ
883 5022 1163 5100 βασιλείας
1218 5027 1479 5100 οὐρανῶν,
1511 5031 1577 5087 οὐ
1608 5031 1731 5105 περὶ
1764 5052 1859 5105 μς..

213 5116 432 5187 μησεως
463 5116 725 5189 Χριστοῦ,
782 5111 914 5188 ὅπερ
970 5110 1058 5173 ἐπὶ
1116 5118 1212 5171 τοῦ
1268 5113 1463 5191 ἀνδρὸς
1516 5119 1737 5190 καὶτῆς
1761 5142 1856 5194 γυ-

206 5204 391 5267 ναικὸς
424 5201 697 5274 ιποίησεν.
745 5202 813 5258 Τί
864 5201 968 5277 γάρ
1018 5200 1281 5279 ἡδύτερον
1332 5206 1485 5263 παισὶ
1515 5214 1615 5277 τῆς
1650 5229 1858 5284 μακρο-

206 5292 472 5375 χρονίας;
506 5292 605 5347 Καὶ
633 5292 736 5367 γάρ
766 5292 857 5349 καὶ
903 5296 1023 5355 τοῖς
1070 5291 1380 5360 Ἰουδαίοις,
1411 5296 1486 5360 ὡς
1514 5298 1732 5369 νηπίοις
1764 5302 1856 5362 τᾶς

198 5382 394 5462 φρένας
448 5385 618 5440 ταῦτα
673 5379 1068 5452 ἐνομοθετήθη.
1128 5383 1206 5441 Οὐ
1261 5384 1363 5459 γάρ
1411 5384 1608 5465 ’ἴσχυον
1639 5388 1858 5448 τελείων

194 5470 434 5529 ἀκούειν.
477 5493 506 5522 κ
566 5468 635 5531 Οἱ
709 5467 939 5543 πατίρες
992 5470 1070 5542 μὴ
1129 5472 1489 5548 παροργίζετε
1560 5475 1628 5531 τὰ
1701 5475 1859 5535 τέκνα

201 5561 376 5633 ὑμῶν.
398 5582 417 5609 ι
447 5557 564 5615 Ούκ
585 5556 755 5613 εἶπεν.
784 5557 1077 5633 Ἀγαπᾶτε.
1104 5562 1277 5615 Τοῦτο
1297 5563 1399 5638 γάρ
1421 5562 1617 5626 αὐτοὺς
1637 5567 1673 5634 ἡ
1698 5566 1856 5645 φύσις

272 5674 320 5712 ﬂ
349 5673 530 5732 Exod.
564 5689 658 5742 xx,
694 5674 894 5745 13,44.

1989 3264 2014 3298 ι
2060 3249 2307 3309 vestros.
2339 3242 2443 3298 sed
2476 3242 2722 3299 educato
2752 3258 2855 3298 eos
2888 3242 2949 3297 in
2983 3241 3317 3297 eruditione
3349 3247 3406 3297 et
3425 3242 3633 3298 admo-

1980 3355 2010 3385 ιι
2049 3334 2276 3393 nitione
2309 3333 2566 3390 Domini.
2601 3356 2630 3385 υ

2052 3425 2131 3481 De
2164 3424 2357 3495 primo
2388 3422 2538 3479 dixit
2566 3422 2902 3494 principatu
2933 3422 3034 3493 qui
3067 3426 3157 3475 est
3188 3437 3371 3493 penes
3414 3421 3625 3489 virum,

1980 3528 2139 3571 nunc
2161 3512 2233 3569 de
2256 3511 2516 3569 secundo
2540 3510 2683 3567 dicit
2704 3511 2805 3581 qui
2860 3515 2949 3565 est
2990 3526 3172 3581 penes
3215 3515 3512 3581 parentes.
3546 3510 3631 3566 Si-

1981 3604 2221 3675 quidem
2240 3619 2389 3659 uxor
2411 3603 2556 3668 viro,
2581 3601 2689 3658 filii
2716 3616 2851 3657 vero
2874 3602 3051 3656 etiam
3076 3602 3244 3656 uxori
3267 3601 3623 3657 subduntur.

1982 3714 2008 3746 ι
2042 3696 2108 3751 in
2142 3693 2414 3751 Domino.
2476 3714 2503 3741 ››
2560 3693 2678 3747 Hoc
2736 3696 2826 3746 est
2882 3690 3210 3746 secundum
3260 3690 3624 3746 Dominum:

1980 3799 2195 3854 nempe
2225 3781 2286 3838 in
2318 3782 2411 3839 his
2441 3781 2501 3838 in
2533 3780 2748 3852 quibus
2779 3779 2927 3835 nihil
2974 3778 3319 3834 nocumenti
3380 3777 3630 3848 suscipit

1978 3877 2188 3949 pietas.
2222 3873 2372 3941 Quid
2400 3874 2561 3930 enim
2594 3874 2642 3928 si
2675 3873 2862 3928 tiliam
2893 3872 3249 3943 prostituere
3270 3869 3630 3942 velitpater?

1979 3971 2081 4023 aut
2102 3966 2289 4022 filium
2312 3970 2483 4033 turpe
2504 3962 2717 4018 docere
2745 3960 3104 4017 artificium?
3133 3965 3232 4014 aut
3282 3959 3356 4013 ad
3385 3959 3628 4033 pagani-

1980 4070 2170 4111 smum
2189 4051 2437 4107 ducere?
2451 4050 2801 4122 Hujusmodi
2820 4066 2962 4105 sane
2983 4065 3099 4104 non
3124 4055 3259 4104 sunt
3281 4048 3341 4103 in
3357 4047 3629 4105 Domino.

1980 4166 2008 4194 ι(
2041 4142 2206 4207 Quod
2234 4145 2325 4195 est
2350 4145 2710 4211 praeceptum
2742 4140 3022 4210 primum.
3057 4160 3087 4188 ιι
3120 4138 3296 4209 Atqui
3355 4154 3476 4193 non
3535 4144 3630 4195 est

1977 4231 2090 4285 hoc
2114 4229 2395 4301 primum.
2417 4229 2559 4284 Nam
2583 4229 2746 4299 prius
2795 4234 2967 4283 sunt:
3007 4229 3135 4283 Non
3179 4227 3411 4283 occides
3446 4244 3460 4281 :
3496 4229 3621 4283 Non

1979 4318 2316 4375 committes
2346 4317 2705 4372 adulterium
2725 4318 2790 4371 ³⁸.
2812 4317 2919 4372 Sed
2941 4317 3073 4372 vide
3117 4316 3259 4389 quid
3303 4315 3619 4385 addiderit,

1980 4430 2010 4460 «
2045 4408 2110 4464 In
2141 4406 2558 4479 promissione.
2595 4428 2622 4456 »
2651 4406 2855 4462 Priora
2884 4406 3180 4477 siquidem
3212 4404 3317 4461 illa
3344 4421 3464 4459 non
3521 4405 3625 4459 ha-

1979 4498 2124 4553 bent
2144 4496 2573 4568 promissiones
2597 4512 2611 4550 :
2634 4511 2772 4551 nam
2795 4496 3201 4567 separationes
3224 4500 3361 4549 sunt
3392 4510 3426 4549 a
3447 4492 3623 4549 malis

1971 4586 2482 4657 nonoperationes
2497 4584 2979 4656 boni.liocigitur
3000 4585 3259 4655 primum
3300 4583 3470 4638 estin
3504 4598 3623 4639 ser-

1968 4692 2144 4733 mone
2173 4674 2749 4746 promissionis,uam
2774 4680 2862 4729 cst
2884 4673 3149 4744 operatio
3173 4672 3334 4726 boni.
3361 4695 3389 4723 ι(
3412 4673 3482 4729 Ει,
3504 4672 3622 4728 eris

1969 4765 2266 4839 longmvus
2290 4765 2545 4820 interra.
2582 4785 2611 4811 ››
2645 4761 2785 4817 Vide
2819 4762 3191 4833 sapientiam.
3221 4761 3511 4826 Quoniam
3542 4760 3617 4816 ad

1968 4854 2224 4913 infantes
2239 4852 2710 4924 loquimur(nam
2728 4850 2799 4905 ad
2816 4850 2970 4906 filios
2984 4850 3037 4906 ei
3051 4866 3244 4905 sermo
3259 4852 3405 4911 erat)
3428 4851 3618 4922 ipsam

1967 4941 2689 5013 positumretributionem
2711 4939 3017 5010 adjunxit:
3042 4944 3102 4995 et
3147 4939 3299 4994 nihil
3340 4938 3618 5010 sublime,

1968 5048 2089 5087 non
2120 5031 2192 5089 de
2218 5047 2397 5103 regno
2420 5029 2729 5095 caelorum,
2763 5045 2888 5086 non
2919 5029 2990 5084 de
3021 5029 3358 5085 imitatione
3402 5028 3619 5085 Christi

1962 5120 2127 5192 quod
2147 5122 2206 5176 in
2234 5121 2355 5177 viro
2378 5126 2436 5176 et
2460 5135 2644 5177 uxore
2676 5119 2850 5184 fecit;
2894 5119 3038 5190 quid
3084 5119 3244 5174 enim
3294 5119 3496 5192 pueris
3518 5120 3624 5191 ju-

1969 5209 2221 5268 cundius
2238 5208 2606 5281 longaevitate
2631 5208 2813 5265 ?Nam
2834 5207 3052 5265 Judmis
3076 5224 3314 5280 quoque
3333 5213 3617 5279 tanquam

1970 5299 2297 5357 infantibus
2327 5301 2423 5357 55
2462 5300 2588 5355 hmo
2618 5300 2850 5355 sancite
2895 5304 3035 5354 sunt
3067 5315 3080 5354 :
3140 5300 3405 5371 perfecta
3453 5296 3614 5351 enim

1969 5391 2174 5448 audire
2199 5407 2319 5446 non
2346 5394 2641 5461 poterant.
2677 5409 2700 5438 ι
2726 5391 3029 5457 Patres,ne
3052 5388 3126 5445 ad
3149 5389 3297 5443 iram
3328 5398 3608 5458 provoce-

1967 5480 2045 5539 tis
2077 5479 2280 5535 libros.
2316 5501 2344 5529 »
2374 5480 2501 5536 Non
2529 5478 2672 5534 dicit
2703 5494 2716 5533 :
2750 5478 3019 5550 Diligite:
3056 5495 3195 5534 nam
3228 5477 3285 5531 id
3334 5474 3407 5530 ab
3466 5471 3611 5543 ipsis

1968 5572 2148 5627 etiam
2182 5572 2378 5626 invitis
2404 5577 2617 5628 natura
2646 5571 2913 5643 exposcit
2947 5588 2959 5628 :
3017 5570 3141 5637 sed,
3201 5569 3280 5622 Ne
3338 5564 3413 5621 ad
3460 5564 3609 5625 iram
