4108 6192
524 313 679 374 1247

1636 311 2061 373 (ΕΕΗΜΕΝΙῙ
2104 311 2406 373 TthC/E
2447 314 2802 377 EPISCOPI

3724 319 3842 378 1248

526 448 886 523 provocetis:
924 447 1035 502 hoc
1061 452 1170 513 est,
1204 449 1281 502 Ne
1314 446 1673 504 haaredidate
1703 447 2043 520 privetis,ne
2065 446 2166 502 ab-
2200 496 2208 515 ,

2318 446 2369 500 αὶ
2404 444 2633 511 ἄκοντας
2662 449 2900 515 ἀπαιτεῖ,
2958 447 3124 519 ἀλλά,
3184 451 3267 517 Μὴ
3331 450 3678 522 παροργίζετε.
3716 456 3844 506 Τουτ-

528 538 760 601 dicetis,
792 552 866 591 ne
896 536 1094 608 gravia
1124 542 1182 590 et
1211 553 1341 607 qua
1376 554 1572 593 servos
1603 538 1817 593 decent
1862 537 2168 609 praecipia-

528 627 626 690 tis,
659 630 762 679 aut
791 641 1027 695 semper
1057 641 1193 698 erga
1224 626 1385 697 ipsos
1416 626 1826 699 indignemini.
1865 649 1891 676 ››
1924 628 1988 681 In
2038 643 2170 681 eru-

528 714 752 769 ditione
784 713 1256 769 etadmonitione
1280 715 1534 770 Domini.
1560 717 1716 771 υΗοο
1742 715 2172 771 exhortationis

532 810 621 859 est
652 809 849 875 caput.
884 803 1029 858 Cum
1062 804 1218 858 enim
1244 804 1578 876 spiritualia
1608 805 2173 874 adhibentur,etiam

531 893 796 949 carnalia
826 898 1171 963 sequentur.
1204 895 1348 949 Nam
1399 896 1507 950 hoc
1567 895 1939 965 potissimum
1994 895 2175 950 efﬁcit

532 984 692 1055 ipsos
724 981 1090 1039 obedientes.

604 1167 689 1233 VI,
726 1168 842 1219 5-8.
878 1164 1058 1231 Servi,
1091 1164 1303 1220 obedite
1334 1165 1419 1219 his
1445 1167 1542 1236 qui
1573 1166 1785 1221 domini
1831 1175 1956 1221 sunt
2003 1169 2178 1237 juxta

536 1272 778 1319 carnem,
810 1271 931 1309 cum
964 1257 1156 1309 timore
1186 1271 1249 1309 ac
1280 1255 1594 1321 tremore,in
1622 1255 1978 1326 simplicitate
1998 1256 2180 1311 cordis

537 1343 725 1403 vestri.
758 1351 820 1398 ut
853 1343 1093 1411 Christo,
1122 1359 1232 1398 non
1263 1346 1338 1398 ad
1389 1345 1605 1400 oculum
1664 1348 1978 1413 servientes,
2036 1346 2181 1401 velut

542 1433 852 1488 hominibus
898 1433 1119 1503 placere
1173 1434 1494 1489 studentes:
1553 1436 1649 1491 sed
1705 1443 1965 1507 tanquam
2040 1438 2182 1490 servi

540 1522 768 1587 Christi,
799 1524 1064 1591 facientes
1092 1538 1221 1593 qua?
1247 1524 1366 1578 vult
1395 1526 1535 1580 Deus
1564 1542 1633 1579 ex
1660 1528 1845 1580 animo
1870 1543 1991 1580 cum
2014 1526 2182 1579 bene-

539 1610 782 1666 volentia
809 1613 1097 1667 servientes
1126 1614 1360 1667 Domino
1385 1620 1435 1667 et
1461 1630 1567 1668 non
1624 1614 1930 1670 hominibus
1970 1630 1985 1669 :
2044 1614 2186 1668 illud

540 1702 766 1756 scientes
794 1700 943 1770 quod
970 1702 1345 1771 unusquisque
1374 1704 1521 1773 quod
1549 1706 1745 1771 fecerit
1775 1704 1926 1773 boni,
1955 1706 2055 1761 hoc
2098 1721 2183 1759 re-

536 1790 785 1860 portabit
814 1806 847 1843 a
882 1792 1130 1857 Domino,
1162 1793 1271 1847 sive
1298 1809 1482 1848 servus
1508 1795 1703 1863 fuerit,
1732 1796 1845 1850 sive
1875 1796 2027 1850 liber.

621 1969 828 2023 Servos
858 1968 1056 2040 posuit
1083 1969 1434 2026 novissimos
1460 1988 1473 2025 :
1507 1973 1986 2045 quandoquidem
2042 1974 2190 2029 tales

551 2061 689 2113 sunt
712 2057 888 2113 etiam
912 2058 974 2112 in
994 2057 1278 2131 dignitate
1302 2060 1392 2114 vel
1417 2060 1657 2117 honore.
1681 2064 1807 2118 Jam
1828 2069 2026 2119 autem
2058 2080 2192 2119 eum

556 2147 642 2203 eis
664 2163 786 2202 non
808 2153 874 2202 ut
896 2164 1029 2202 cum
1051 2148 1251 2220 pueris
1273 2149 1645 2217 disserit,sed
1666 2153 1923 2224 perfecte
1951 2159 2011 2209 et
2028 2154 2195 2209 abso-

554 2237 993 2294 lute.Dominus
1014 2238 1283 2310 aitjuxta
1304 2256 1564 2305 carnem.
1589 2242 1700 2298 hoc
1723 2249 1813 2297 est
1850 2244 2196 2315 temporali-

556 2326 697 2383 bus:
722 2332 779 2381 et
802 2344 870 2382 ex
892 2327 1003 2382 hoc
1024 2328 1374 2400 etiamipsos
1396 2330 1756 2386 consolatur.
1772 2357 1791 2382 α
1817 2335 1958 2388 Cum
1983 2334 2198 2389 timore

558 2434 626 2474 ac
643 2423 920 2472 tremore.
952 2439 978 2466 κ
1007 2417 1064 2471 Si
1083 2418 1750 2477 enimliberosinvicem
1792 2439 1978 2478 unum
2028 2424 2199 2479 alteri

558 2506 819 2577 subjicit,
853 2512 1073 2576 quanto
1105 2507 1291 2579 magis
1320 2509 1428 2563 hos
1450 2509 1478 2564 ?
1510 2510 1860 2582 Hujusmodi
1891 2518 2091 2567 autem
2124 2513 2199 2566 ti-

558 2611 786 2652 morem
811 2612 931 2651 non
952 2595 1258 2667 expetitab
1271 2598 2065 2672 uxoribus,quandoquidem
2080 2618 2199 2656 non

565 2689 702 2742 sunt
722 2684 1086 2751 ancillae,sed
1110 2685 1359 2741 subdita:
1382 2693 1438 2741 et
1458 2688 1825 2747 obedientes.
1876 2692 2051 2746 Recte
2106 2708 2206 2746 au-

562 2782 681 2830 tem
704 2773 887 2830 addit:
916 2796 943 2824 ‹‹
966 2775 1031 2829 In
1054 2774 1433 2846 simplicitate
1452 2779 1703 2835 cordis.»
1722 2780 2020 2853 Contingit
2045 2782 2204 2836 enim

565 2880 700 2918 eum
735 2864 946 2918 timore
978 2865 1214 2934 servire,
1242 2871 1302 2920 et
1329 2883 1447 2923 non
1480 2884 1550 2923 ex
1607 2868 2040 2938 benevolentia,
2101 2871 2203 2926 sed

565 2952 724 3008 malo
750 2970 819 3009 ac
849 2953 1096 3009 subdolo
1127 2955 1349 3011 animo.
1386 2981 1407 3006 «ι
1444 2958 1570 3013 Non
1589 2959 1661 3013 ad
1684 2960 1921 3016 oculum
1948 2960 2205 3017 servien-

568 3045 676 3097 tes.
713 3059 744 3093 ››
775 3042 900 3096 Non
934 3046 1019 3109 ut,
1046 3058 1181 3097 cum
1211 3043 1432 3100 adsunt
1462 3046 1687 3101 domini
1720 3065 1788 3103 ac
1840 3049 2064 3117 vident,
2104 3050 2206 3105 sed

569 3131 744 3186 etiam
773 3148 908 3187 cum
938 3131 1172 3200 absunt,
1205 3134 1424 3190 faciant
1447 3152 1516 3191 ea
1545 3153 1678 3208 quas
1735 3138 1965 3195 decent.
2017 3164 2037 3189 ι
2097 3140 2210 3195 Sed

570 3228 856 3292 tanquam
878 3222 1027 3277 servi
1052 3223 1288 3280 Christi.
1318 3247 1345 3274 »
1374 3226 1576 3298 Itaque
1599 3228 1698 3299 qui
1726 3229 1924 3284 studet
1965 3229 2210 3284 homini-

570 3310 952 3381 busplacere,
976 3328 1095 3366 non
1138 3318 1229 3367 est
1278 3329 1478 3369 servus
1526 3316 1761 3372 Christi.
1808 3341 1836 3367 ‹‹
1900 3321 1979 3373 Ex
2012 3319 2211 3374 animo

572 3415 707 3454 cum
730 3399 1160 3454 benevolentia.
1184 3422 1212 3451 .1
1241 3402 1538 3476 Contingit
1556 3406 1735 3461 etiam
1756 3407 1815 3462 in
1834 3408 2213 3480 simplicitate

574 3487 777 3543 dolose
794 3488 1175 3559 operari,non
1186 3498 1473 3560 quantum
1494 3497 1815 3565 potest,sed
1831 3504 2044 3553 tantum
2057 3499 2212 3571 quod

577 3576 889 3633 definitum
913 3582 1021 3632 est.
1043 3600 1071 3626 ‹‹
1098 3580 1346 3634 Domino
1373 3588 1432 3635 et
1488 3600 1605 3637 non
1638 3583 1994 3641 hominibus.
2032 3613 2053 3640 ι
2090 3589 2217 3643 Non

578 3672 799 3731 coacte,
831 3666 934 3721 sed
970 3684 1039 3722 ex
1070 3667 1367 3725 voluntate
1398 3670 1605 3728 libera.
1641 3696 1668 3723 ‹‹
1726 3676 1844 3731 Hoc
1889 3677 2218 3748 reportabit

576 3774 613 3814 θ,
641 3756 911 3812 Domino.
946 3777 974 3806 »
1001 3758 1291 3822 Quoniam
1320 3760 1644 3818 verisimile
1666 3769 1755 3818 est
1784 3765 1942 3835 quod
1975 3766 2217 3837 plurimi

582 3845 960 3902 dominorum
995 3848 1176 3902 servis
1207 3865 1326 3904 non
1352 3850 1763 3922 rependebant
1790 3855 1944 3911 vices
2002 3872 2071 3910 ac
2125 3857 2222 3911 be-

580 3936 1069 4000 nevolentiam,in
1098 3938 1294 3993 futuro
1324 3943 1617 4011 promittit
1636 3943 1721 3999 eis
1742 3945 2219 4006 retributionem.

658 4024 748 4089 VI,
782 4025 833 4077 9.
867 4026 939 4078 Et
967 4040 1077 4088 ros,
1109 4025 1337 4093 domini,
1371 4030 1559 4085 eadem
1586 4034 1755 4099 facite
1779 4051 1911 4105 erga
1948 4036 2094 4101 illos,
2118 4036 2221 4093 ὅθ

584 4111 917 4169 remittentes
943 4115 1122 4167 minas
1144 4130 1163 4167 :
1190 4116 1417 4173 scientes
1446 4120 1595 4189 quod
1623 4128 1674 4177 et
1729 4131 1921 4193 vester,
1978 4127 2223 4195 ipsorum

588 4203 856 4258 Dominus
885 4207 961 4256 est
1016 4202 1073 4255 in
1131 4204 1277 4259 caelis
1304 4221 1323 4258 :
1379 4223 1476 4262 nec
1523 4226 1773 4279 persona:
1827 4220 2096 4283 respectus
2150 4221 2225 4269 est

581 4291 734 4362 apud
761 4292 941 4346 illum.

657 4380 1376 4447 Eadem.Qumnam?Cum
1416 4385 1829 4444 benevolentia
1842 4390 2072 4457 servite,
2108 4408 2226 4445 non

589 4471 753 4526 velut
781 4471 1125 4527 hominibus
1156 4473 1384 4544 placere
1416 4476 1741 4533 studentes.
1777 4478 1888 4533 Sed
1929 4480 2055 4535 haec
2106 4496 2226 4534 non

592 4568 793 4632 aperte
818 4561 961 4616 dicit
979 4579 1321 4633 quanquam
1345 4580 1413 4619 ea
1434 4565 1967 4637 intelligitEtenim
2004 4553 2237 4623 Domiui

594 4667 831 4723 quoque
857 4653 1119 4707 serviunt
1148 4654 1349 4708 servis.
1378 4654 1675 4724 Siquidem
1701 4656 1937 4727 quando
1964 4658 2068 4712 illo
2094 4658 2233 4713 dor-

593 4741 815 4798 miente
844 4760 912 4797 ac
941 4749 1249 4811 stertente,
1284 4744 1568 4800 Dominus
1598 4744 1670 4801 de
1702 4746 2001 4803 alimentis
2030 4764 2098 4804 ac
2116 4766 2235 4805 ves-

599 4830 862 4887 timentis
892 4833 1053 4888 illius
1084 4850 1286 4889 curam
1315 4833 1541 4890 habens
1573 4851 1693 4890 non
1740 4835 1979 4901 dormit.
2035 4854 2235 4894 annon

597 4918 722 4987 ipse
744 4922 963 4976 servit?
984 4923 1181 4979 Potest
1200 4928 1421 4982 autem.
1445 4923 1587 4980 Cum
1611 4926 1820 4980 timore
1861 4933 1919 4981 et
1959 4934 2233 4994 tremore,

601 5005 780 5059 etiam
799 5006 1055 5066 dominis
1077 5012 1510 5084 aptari.nempe
1541 5029 1677 5083 erga
1698 5015 1899 5069 Deum.
1931 5039 1959 5064 ‹‹
2015 5016 2239 5071 Remit-

601 5099 795 5148 tentes
824 5098 1034 5153 minas.
1069 5123 1095 5149 ››
1125 5102 1251 5156 Non
1281 5118 1506 5174 graves,
1540 5102 1751 5173 inquit,
1784 5110 1841 5158 et
1872 5104 2103 5160 molesti
2155 5106 2239 5159 eis

606 5184 757 5241 sitis.
783 5208 809 5231 «ι
835 5184 1099 5242 Scientes
1124 5191 1283 5259 quod
1305 5198 1362 5246 et
1397 5198 1606 5259 vester,
1657 5192 1920 5264 ipsorum
1956 5194 2241 5249 Dominus

607 5279 716 5331 est.
742 5297 762 5322 ι
785 5305 852 5314 -
875 5273 998 5339 Qua
1017 5278 1176 5332 enim
1226 5297 1505 5336 mensura
1552 5283 1870 5351 metimini,
1929 5284 2245 5339 remetien-

606 5373 704 5421 tur
732 5364 831 5421 alii
866 5364 1030 5420 vobis
1058 5365 1125 5433 ³⁸,
1160 5385 1233 5424 ne
1261 5378 1317 5425 et
1351 5377 1410 5425 tu
1441 5371 1687 5427 audias:
1749 5394 1777 5422 ‹‹
1830 5373 2001 5428 Serve
2059 5374 2245 5429 scele-

608 5463 717 5525 ste,
750 5463 938 5514 totum
970 5456 1234 5515 debitum
1266 5461 1414 5516 illud
1446 5464 1650 5518 remisi
1681 5463 1787 5519 tibi
1817 5464 1883 5529 ³⁷,
1916 5487 1945 5516 ››
2002 5471 2060 5521 et
2115 5481 2245 5535 quae

681 5606 726 5641 ³⁸
752 5608 951 5662 Matth.
985 5608 1073 5677 vii,
1111 5612 1160 5662 2.
1196 5607 1242 5645 '7
1274 5611 1472 5666 Matth.
1506 5627 1659 5673 xvm,
1685 5613 1770 5664 32.

2280 534 2416 605 ἐστι,
2522 538 2615 607 Μὴ
2720 537 3235 613 ἀποκληρονόμους,
3340 538 3414 610 μή
3497 538 3845 612 inea-gelatos:

2281 632 2512 695 ποιεῖτε,
2572 630 2647 701 μὴ
2709 628 2941 704 φορτικά
2992 626 3080 683 καί
3138 624 3359 689 δούλοις
3414 624 3664 701 πρέποντα
3705 627 3848 689 αὐτοῖς

2283 715 2615 784 ὲπιτάσσετε,
2650 718 2740 772 καὶ
2798 719 2936 791 πρὸς
2991 715 3189 778 αὐτοὺς
3227 716 3308 771 ἀεὶ
3340 712 3711 794 δυσχεραίνετε.
3738 742 3760 767 ››
3784 719 3848 773 Ἐν

2282 803 2501 877 παιδείᾳ
2541 806 2631 860 καὶ
2687 807 2936 877 νουθεσίᾳ
2991 804 3213 882 Κυρίου.
3250 829 3277 856 ›ι
3333 804 3505 862 Τοῦτο
3532 812 3624 873 τῆς
3651 808 3853 880 memi-

2284 917 2422 959 σεως
2449 897 2511 952 τὸ
2539 896 2861 971 κεφάλαιον.
2903 899 3025 954 Τῶν
3073 901 3448 970 πνευματικῶν
3475 895 3574 971 γάρ
3603 895 3767 963 ὄντων,
3788 900 3853 950 καὶ

2284 985 2351 1041 τά
2403 987 2630 1061 σαρκικὰ
2683 983 3065 1057 ἀκολουθήσει.
3119 987 3297 1042 Τοῦτο
3338 984 3440 1059 γάρ
3468 983 3646 1047 αὐτοὺς
3672 987 3856 1057 μέλιττα

2288 1078 2598 1146 πειθηνίους
2628 1082 2793 1132 ποιεῖ.

2362 1168 2429 1223 Oi
2489 1164 2704 1237 δοῦλαι,
2762 1167 3060 1221 ὑπακούετε
3109 1171 3225 1229 τοῖς
3277 1168 3488 1240 κυρίοις
3541 1166 3668 1222 κατά
3714 1167 3857 1239 σάρκα,

2293 1258 2427 1331 μετά
2456 1251 2629 1334 φόϐου
2685 1256 2777 1310 καὶ
2835 1256 3067 1331 τρόμου,
3126 1253 3178 1310 ἐν
3238 1252 3507 1323 ἁπλότητι
3558 1254 3649 1323 τῆς
3690 1252 3859 1329 καρδίας

2292 1346 2444 1419 ὑμῶν
2504 1345 2579 1407 ὡς
2632 1348 2713 1416 τῷ
2784 1348 3032 1419 Χριστῷ,
3113 1344 3189 1417 μὴ
3266 1345 3383 1399 κατ’
3458 1339 3860 1416 ὀφθαλμοδουλέτι

2291 1434 2365 1497 ὡς
2464 1434 2929 1509 ἀνθρωπάρεσκοι,
3018 1431 3145 1488 ἀλλ’
3238 1433 3312 1492 ὡς
3407 1428 3594 1487 δοῦλοι
3659 1431 3863 1505 Χριστοῦ,

2291 1527 2577 1586 ποιοῦντες
2629 1523 2693 1578 τὸ
2753 1520 2971 1596 θέλημα
3050 1525 3150 1578 τοῦ
3228 1525 3389 1592 Θεοῦ,
3448 1520 3508 1575 ὲκ
3558 1524 3723 1595 ψυχῆς
3785 1522 3863 1591 μετ’

2294 1613 2500 1675 εὐνοίας
2568 1612 2919 1676 δουλεύοντες
2982 1614 3062 1686 τῷ
3152 1612 3336 1688 Κυρίῳ
3400 1611 3491 1666 καὶ
3555 1610 3648 1665 οὐκ
3708 1609 3864 1683 ἀνθρώ·

2301 1727 2441 1775 ποις,
2500 1701 2703 1767 εἰδότες
2759 1704 2844 1758 ὅτι
2901 1702 2932 1759 6'
2979 1701 3065 1757 ἐάν
3120 1724 3206 1766 τις
3274 1698 3498 1761 ἕκαστος
3551 1701 3735 1770 ποιήσῃ
3772 1699 3867 1773 ἆγε.

2219 1821 2267 1886 Β
2298 1797 2408 1864 θὸν,
2439 1797 2603 1849 τοῦτο
2649 1797 2929 1867 κομιεῖται
2974 1791 3121 1866 παρά
3170 1795 3269 1846 τοῦ
3329 1790 3550 1865 Κυρίου,
3580 1788 3676 1843 εἲτε
3702 1784 3868 1854 δοῦλος,

2299 1885 2407 1941 εἲτε
2430 1882 2733 1958 ἐλεύθερος.

2369 1974 2509 2037 Τοὺς
2563 1969 2797 2033 δούλους
2855 1969 3120 2045 ὲσχάτους
3171 1969 3432 2038 τέθεικεν,
3491 1964 3664 2036 ἕπειδή
3704 1967 3779 2020 καὶ
3804 1964 3870 2019 εἶσὶ

2299 2065 2380 2137 τῷ
2414 2062 2702 2135 ἀξιώματι.
2735 2059 2851 2117 Οὐκ
2890 2054 2968 2113 ἔτι
3020 2056 3077 2113 δὲ
3121 2059 3340 2121 τούτοις
3390 2058 3466 2119 ὡς
3513 2053 3731 2116 παιδίοις
3751 2053 3877 2108 διαλέ-

2301 2172 2475 2229 γεται,
2508 2150 2653 2206 ἀλλά
2706 2147 2959 2219 τελείως,
3016 2148 3153 2203 κατά
3210 2146 3384 2223 σάρκα
3437 2144 3518 2216 δὲ,
3561 2142 3777 2200 τουτέστι
3798 2146 3879 2199 τοῖς

2304 2238 2679 2315 προσκαίροις.
2736 2240 2836 2295 Ἐκ
2883 2238 3082 2293 τούτου
3139 2234 3198 2292 δὲ
3258 2236 3350 2291 καὶ
3410 2237 3772 2312 παραμυθεῖται
3813 2231 3882 2284 αὖ-

2306 2334 2455 2395 τούς.
2517 2356 2545 2384 ‹‹
2606 2330 2752 2387 Μετά
2791 2326 2966 2405 φόϐου
3022 2329 3113 2385 καὶ
3170 2329 3412 2404 τρόμου.
3466 2350 3494 2379 ιι
3554 2328 3612 2384 Ei
3663 2327 3749 2401 γάρ
3792 2322 3880 2379 τούς

2308 2421 2625 2496 ἐλευθέρους
2676 2418 2955 2490 ἀλλήλοις
3013 2418 3324 2488 ὐποτάσσει,
3386 2412 3542 2490 πόσῳ
3589 2413 3771 2488 μᾶλλον
3794 2411 3883 2465 τού-

2306 2531 2437 2573 τους
2465 2530 2479 2581 ;
2508 2511 2614 2569 Τὸν
2673 2506 2730 2564 δὲ
2786 2512 3034 2563 τοιοῦτον
3093 2506 3193 2563 οὐκ
3251 2508 3476 2563 ἀπαιτεῖ
3504 2505 3643 2579 παρά
3679 2504 3884 2577 γυναικῶν

2310 2598 2503 2678 φόϐον,
2534 2594 2722 2666 ἱπειδὴ
2759 2599 2898 2671 μήτε
2928 2595 3029 2652 είσὶ
3065 2593 3287 2665 δοῦλοι,
3317 2596 3453 2652 ἀλλ’
3488 2596 3722 2666 ὑπήκοοι.
3743 2587 3885 2647 Καλῶς

2312 2688 2370 2745 δὶ
2398 2690 2482 2755 τὸ,
2513 2713 2542 2740 ‹‹
2571 2688 2658 2744 Ἐν
2715 2683 2991 2754 ἁπλότητι
3048 2679 3290 2758 καρδίας.
3320 2709 3350 2735 ι»
3414 2686 3531 2741 ’Ένι
3566 2684 3660 2758 γάρ
3694 2679 3766 2735 καὶ
3794 2678 3883 2751 μετὰ

2313 2772 2486 2857 φόϐου
2515 2776 2604 2832 καὶ
2634 2775 2846 2849 τρόμου
2876 2770 3178 2844 δουλεύειν,
3201 2770 3328 2828 ἀλλ’
3358 2772 3460 2828 οὐκ
3483 2773 3531 2843 ἐξ
3563 2770 3761 2835 εὐνοίας,
3788 2763 3885 2821 illi

2312 2866 2653 2942 κακούργως.
2687 2889 2714 2916 ‹‹
2750 2865 2843 2933 Μὴ
2902 2864 3022 2918 κατ’
3075 2860 3591 2941 ὀφθαλμοδουλίαν,
3624 2884 3649 2911 »θ
3686 2858 3780 2927 Μὴ,
3803 2857 3885 2909 ὅταν

2315 2958 2569 3032 πάραισιν
2599 2953 2650 3009 οἱ
2680 2950 2934 3008 δεσπόται
2993 2951 3082 3007 καὶ
3142 2953 3368 3028 ὁρῶσιν,
3418 2949 3563 3007 ἀλλὰ
3598 2949 3678 3004 καὶ
3708 2946 3885 3001 ἁπάντων

2317 3049 2514 3115 αὐτῶν,
2568 3045 2657 3100 ἳνα
2711 3044 2779 3099 τά
2837 3040 3025 3098 δέοντα
3079 3046 3332 3100 ποιῶσιν.
3402 3063 3424 3093 ε
3483 3037 3637 3097 Ἀλλ’
3666 3039 3730 3098 ὡς
3754 3034 3885 3091 δοῦλοι

2320 3141 2417 3193 τοῦ
2473 3136 2723 3211 Χριστοῦ.
2759 3157 2787 3184 ››
2847 3134 2986 3208 ’Ἄρα
3045 3130 3138 3187 οὖν
3197 3131 3645 3207 ἀνθρωπάρεσκος
3696 3125 3779 3181 οὐκ
3816 3118 3889 3177 ἔστι

2323 3225 2523 3288 δοῦλος
2552 3226 2813 3300 Χριστοῦ.
2848 3246 2876 3275 »ι
2911 3223 3004 3279 Ἐκ
3033 3224 3219 3297 ψυχῆς
3254 3223 3371 3294 μετ’
3405 3220 3677 3281 εὐνοίας..
3710 3218 3805 3273 “Evt
3826 3214 3890 3285 γάρ

2321 3317 2412 3372 καὶ
2478 3314 2532 3370 ἐν
2600 3310 2874 3382 ἁπλότητι
2942 3311 3258 3386 κακούργως
3315 3310 3649 3388 ἐργάζεσθαι,
3715 3304 3777 3377 μή
3824 3300 3893 3372 Pi”

2323 3406 2425 3475 ὅση
2488 3401 2718 3475 δύναμις
2776 3400 3056 3476 πάρεστιν,
3113 3397 3261 3455 ἀλλά
3315 3402 3382 3454 τὸ
3442 3394 3726 3472 ὡρισμένον
3765 3391 3892 3464 μόνον.

2325 3519 2353 3546 ι(
2386 3497 2477 3564 Τῷ
2510 3491 2715 3567 Κυρίῳ,
2745 3490 2835 3545 καὶ
2879 3488 2978 3545 οὐκ
3009 3488 3347 3561 ἀνθρώποις.
3402 3511 3430 3540 ›)
3494 3487 3586 3554 Μὴ
3639 3483 3757 3538 κτιτά
3800 3478 3894 3552 Birt,

2326 3582 2453 3640 ἀλλ’
2514 3580 2574 3638 ἐκ
2627 3579 3016 3656 προαιρέσεως.
3078 3602 3105 3630 (ί
3150 3582 3322 3633 Τοῦτο
3380 3582 3655 3650 κομιεῖται
3697 3569 3815 3645 παρὰ
3833 3567 3896 3621 τοῦ

2327 3673 2552 3746 Κυρίου.
2587 3695 2614 3722 υ
2648 3665 2872 3739 Ἐπειδὴ
2905 3668 3050 3729 εἰκός
3081 3666 3192 3723 ἐστι
3224 3663 3476 3727 πολλοὺς
3529 3668 3634 3719 τῶν
3672 3658 3895 3756 δεσποτῶἶ,

2332 3745 2416 3837 μὴν
2442 3755 2759 3835 ἀμείϐεσθαι
2786 3762 2887 3823 τῆς
2920 3756 3130 3819 εὐνοίας
3179 3755 3306 3819 τοὺς
3354 3753 3607 3824 δούλους,
3653 3754 3748 3807 ἐκεῖ
3773 3745 3897 3802 nimi;

2332 3853 2677 3925 ὑπισχνεῖται
2707 3848 2805 3917 τήν
2837 3840 3103 3920 ἀμοιϐήν.

2402 4029 2509 4086 Καὶ
2584 4027 2636 4083 οἱ
2710 4026 2891 4102 κύριοι
2965 4025 3031 4081 τὰ
3098 4024 3231 4080 αὐτά
3298 4028 3512 4079 ποιεῖτε
3576 4021 3701 4096 πρὸς
3746 4012 3899 4070 αῧτθὺί’

2334 4120 2565 4181 ἀνιέντες
2611 4118 2712 4186 τήν
2772 4114 3029 4185 ἀπειλὴν,
3079 4113 3283 4176 εἰδότες
3336 4114 3422 4170 δτι
3483 4114 3572 4167 καὶ
3625 4111 3758 4182 ὑμῶν
3782 4103 3900 4201 aiter:

2332 4212 2361 4267 6
2396 4208 2590 4281 Κύριός
2627 4208 2767 4263 ἐστιν
2818 4206 2871 4263 ὲν
2925 4206 3197 4279 οὐρανοῖς.
3255 4204 3360 4262 Καὶ
3419 4195 3822 4280 προσωπολῃψῖα
3843 4195 3904 4243 0'32

2333 4295 2447 4356 ἔστι
2477 4298 2603 4373 παρ’
2634 4295 2801 4365 αὐτῷ.
3870 4368 3879 4381 ο

2406 4390 2484 4447 Ti
2535 4388 2689 4445 αὐτοὶ.
2749 4388 2928 4454 ΙΙοῖα;
2987 4386 3118 4444 Μετ’
3173 4384 3386 4446 εὐνοιας
3447 4380 3740 4445 δουλεύετε,
3780 4379 3906 4471 mihi;

2343 4478 2807 4554 ἀνθρωπάρεσκοι.
2841 4473 3022 4531 Ἀλλά
3067 4478 3235 4529 ταῦτα
3277 4472 3344 4527 οὐ
3377 4471 3531 4547 λεγει
3578 4470 3906 4567 ιρανερῶς...κ³²·

2343 4569 2526 4626 τοιτά
2555 4567 2692 4622 αὐτὰ
2749 4564 3073 4637 διανοηθείς.
3130 4564 3233 4621 Καὶ
3292 4565 3396 4639 γάρ
3440 4563 3531 4617 καὶ
3562 4562 3611 4616 οἰ
3639 4560 3795 4634 κύριοι
3818 4560 3905 4604 διυ-

2342 4657 2563 4715 λεύουσι
2590 4660 2708 4717 τοῖς
2741 4652 2985 4716 δούλοις.
3017 4656 3185 4710 ’Όταν
3239 4652 3343 4728 γὰρ
3402 4650 3606 4706 ἐκείνου
3633 4638 3907 4743 mancipii?”

2342 4746 2431 4802 καὶ
2464 4745 2783 4821 ῥέγχοντος,
2843 4744 2871 4797 ὁ
2923 4739 3193 4811 δεσπότης
3241 4741 3366 4815 περὶ
3405 4743 3641 4815 τροφῶν,
3671 4734 3777 4807 περὶ
3804 4730 3908 4821 ξῖδῦο

2348 4816 2830 4907 ματοςνμεριμνῶν
2870 4828 2932 4884 οὐ
2962 4825 3233 4896 καθεύδει,
3265 4826 3369 4901 ἄρα
3408 4826 3472 4881 οὐ
3522 4816 3910 4885 δουλεύει;Ἓπε

2347 4929 2405 4987 δὲ
2455 4929 2544 4986 καὶ
2601 4928 2689 4985 ἐπὶ
2746 4933 2854 4983 τῶν
2904 4926 3109 5001 κυρίων
3160 4926 3245 4994 τὸ,
3291 4925 3441 4982 Μετὰ
3469 4918 3639 5003 φόϐου
3664 4919 3743 4975 καὶ
3767 4911 3913 5011 τρὸμσξ)

2348 5016 2607 5092 ἁρμόσαι,
2638 5019 2736 5071 τοῦ
2795 5015 2933 5091 πρὸς
2990 5014 3119 5069 Θεὸν
3183 5010 3467 5083 δηλονότι.
3518 5034 3546 5063 κ
3590 5005 3819 5067 Ἀνιέντες

2348 5087 2599 5176 ἀπειλὴν.
2637 5131 2659 5159 ε
2700 5104 2793 5173 Μὴ
2840 5087 3119 5181 φορτικοὶ,
3179 5102 3338 5177 φησὶ,
3400 5103 3477 5175 μὴ
3534 5087 3918 5172 επαχθεῖς.‹ιΕἷ·

2351 5195 2502 5257 δότες
2533 5194 2616 5250 ὅτι
2665 5194 2755 5249 καὶ
2818 5194 2971 5267 ὑμῶν
3032 5193 3060 5246 6
3119 5192 3342 5265 Κύριος,
3379 5216 3402 5245 ι
3464 5182 3919 5283 ᾬΔγᾶᾖμέῖρφιμιῖ
3988 5242 3989 5249 γ

2352 5290 2548 5360 τρεῖτε,
2603 5282 3128 5356 ἀντιμετρηθήσεται
3190 5280 3341 5352 ὑμῖν,
3402 5278 3555 5358 ιρησί.
3615 5275 3696 5342 Μή
3750 5272 3919 5360 ᾆκοῦξξε

2353 5374 2442 5430 καὶ
2476 5372 2560 5441 σὺν
2597 5393 2624 5425 ⁸
2674 5369 2847 5428 Αοῦλε
2887 5370 3116 5443 πονηρὲ,
3165 5373 3338 5423 πᾶσαν
3392 5368 3596 5434 ἐκείνην
3633 5363 3723 5431 τήν
3752 5349 3915 5433 ὀφειλτὴ

2356 5463 2539 5541 ἀφῆκά
2569 5481 2677 5531 σοι,
2711 5485 2740 5513 ››
2799 5458 2887 5514 καὶ
2946 5459 3013 5513 τὰ
3067 5457 3274 5513 τούτων
3334 5457 3477 5526 ἑξῆς,
3519 5479 3546 5503 ‹‹
3579 5451 3675 5510 Καὶ
3702 5456 3917 5521 «pomum:
