  <div class='ocr_page' id='page_1' title='image "/cluster/home/n/w/nwhite01/storage/ocr_20150623/118/hvd.32044073502247/630.png"; bbox 0 0 4096 6194; ppageno 0'>
   <div class='ocr_carea' id='block_1_1' title="bbox 271 318 3676 388">
    <p class='ocr_par' dir='ltr' id='par_1_1' title="bbox 271 318 3676 388">
     <span class='ocr_line' id='line_1_1' title="bbox 271 318 3676 388; baseline 0.001 -4"><span class='ocrx_word' id='word_1_1' title='bbox 271 326 422 385; x_wconf 73' lang='grc'>1249</span> <span class='ocrx_word' id='word_1_2' title='bbox 1264 325 1677 387; x_wconf 76' lang='lat' dir='ltr'>COMMENT.</span> <span class='ocrx_word' id='word_1_3' title='bbox 1724 322 1802 382; x_wconf 85' lang='lat' dir='ltr'>IN</span> <span class='ocrx_word' id='word_1_4' title='bbox 1852 318 2100 381; x_wconf 85' lang='lat' dir='ltr'>EPIST.</span> <span class='ocrx_word' id='word_1_5' title='bbox 2135 318 2189 378; x_wconf 90' lang='lat' dir='ltr'>II</span> <span class='ocrx_word' id='word_1_6' title='bbox 2225 321 2328 380; x_wconf 80' lang='lat' dir='ltr'>AD</span> <span class='ocrx_word' id='word_1_7' title='bbox 2372 320 2647 381; x_wconf 79' lang='lat' dir='ltr'>EPHES.</span> <span class='ocrx_word' id='word_1_8' title='bbox 3514 328 3676 388; x_wconf 71' lang='lat'>£250</span> 
     </span>
    </p>
   </div>
   <div class='ocr_carea' id='block_1_2' title="bbox 271 451 1941 533">
    <p class='ocr_par' dir='ltr' id='par_1_2' title="bbox 271 453 1915 533">
     <span class='ocr_line' id='line_1_2' title="bbox 271 453 1874 497; baseline -0.001 -26"><span class='ocrx_word' id='word_1_9' title='bbox 271 458 319 487; x_wconf 44' lang='grc' dir='ltr'><strong>η</strong></span> <span class='ocrx_word' id='word_1_10' title='bbox 362 456 410 497; x_wconf 68' lang='lat'>,.</span> <span class='ocrx_word' id='word_1_11' title='bbox 522 459 554 487; x_wconf 33' lang='grc' dir='ltr'>,ο</span> <span class='ocrx_word' id='word_1_12' title='bbox 610 457 632 475; x_wconf 77' lang='grc'>,,</span> <span class='ocrx_word' id='word_1_13' title='bbox 873 458 887 479; x_wconf 85' lang='grc'>.</span> <span class='ocrx_word' id='word_1_14' title='bbox 987 457 1001 478; x_wconf 86' lang='grc'>,</span> <span class='ocrx_word' id='word_1_15' title='bbox 1048 463 1075 474; x_wconf 82' lang='grc'><em>,</em></span> <span class='ocrx_word' id='word_1_16' title='bbox 1298 458 1311 477; x_wconf 74' lang='lat'>.</span> <span class='ocrx_word' id='word_1_17' title='bbox 1498 455 1510 474; x_wconf 85' lang='grc'>.</span> <span class='ocrx_word' id='word_1_18' title='bbox 1692 453 1701 469; x_wconf 84' lang='lat'>.</span> <span class='ocrx_word' id='word_1_19' title='bbox 1850 456 1874 469; x_wconf 80' lang='grc'>.-</span> 
     </span>
     <span class='ocr_line' id='line_1_3' title="bbox 273 456 1915 533; baseline -0.004 -20"><span class='ocrx_word' id='word_1_20' title='bbox 273 476 446 531; x_wconf 64' lang='grc' dir='ltr'>Ληψια</span> <span class='ocrx_word' id='word_1_21' title='bbox 476 478 578 512; x_wconf 74' lang='grc' dir='ltr'>ουκ</span> <span class='ocrx_word' id='word_1_22' title='bbox 607 478 721 513; x_wconf 85' lang='grc' dir='ltr'>εστι</span> <span class='ocrx_word' id='word_1_23' title='bbox 760 476 870 533; x_wconf 88' lang='grc' dir='ltr'>παρ</span> <span class='ocrx_word' id='word_1_24' title='bbox 944 478 1108 531; x_wconf 81' lang='grc' dir='ltr'>αυτῳ.</span> <span class='ocrx_word' id='word_1_25' title='bbox 1146 482 1173 508; x_wconf 84' lang='grc'><strong>››</strong></span> <span class='ocrx_word' id='word_1_26' title='bbox 1233 461 1321 528; x_wconf 63' lang='lat' dir='ltr'>Mr;</span> <span class='ocrx_word' id='word_1_27' title='bbox 1378 478 1613 532; x_wconf 72' lang='grc' dir='ltr'>νομισῃς</span> <span class='ocrx_word' id='word_1_28' title='bbox 1671 456 1753 510; x_wconf 79' lang='grc' dir='ltr'>ὁτι</span> <span class='ocrx_word' id='word_1_29' title='bbox 1809 474 1915 508; x_wconf 87' lang='grc' dir='ltr'>των</span> 
     </span>
    </p>
   </div>
   <div class='ocr_carea' id='block_1_3' title="bbox 2052 451 3673 533">
    <p class='ocr_par' dir='ltr' id='par_1_3' title="bbox 2052 451 3673 532">
     <span class='ocr_line' id='line_1_4' title="bbox 2052 451 3673 532; baseline 0.008 -26"><span class='ocrx_word' id='word_1_30' title='bbox 2052 451 2309 525; x_wconf 89' lang='lat' dir='ltr'>leinceps</span> <span class='ocrx_word' id='word_1_31' title='bbox 2340 459 2689 527; x_wconf 89' lang='lat' dir='ltr'>sequuntur.</span> <span class='ocrx_word' id='word_1_32' title='bbox 2723 478 2751 504; x_wconf 87' lang='grc'>‹‹</span> <span class='ocrx_word' id='word_1_33' title='bbox 2783 456 2901 511; x_wconf 72' lang='lat' dir='ltr'>Nec</span> <span class='ocrx_word' id='word_1_34' title='bbox 2926 473 3193 529; x_wconf 67' lang='lat' dir='ltr'>persona:</span> <span class='ocrx_word' id='word_1_35' title='bbox 3251 468 3553 532; x_wconf 88' lang='lat' dir='ltr'>respectus</span> <span class='ocrx_word' id='word_1_36' title='bbox 3583 469 3673 521; x_wconf 88' lang='lat' dir='ltr'>est</span> 
     </span>
    </p>
   </div>
   <div class='ocr_carea' id='block_1_4' title="bbox 275 540 1941 627">
    <p class='ocr_par' dir='ltr' id='par_1_4' title="bbox 275 540 1919 627">
     <span class='ocr_line' id='line_1_5' title="bbox 275 540 1919 627; baseline -0.003 -26"><span class='ocrx_word' id='word_1_37' title='bbox 275 546 350 608; x_wconf 81' lang='grc' dir='ltr'>εἰς</span> <span class='ocrx_word' id='word_1_38' title='bbox 386 547 476 602; x_wconf 85' lang='grc' dir='ltr'>τὸν</span> <span class='ocrx_word' id='word_1_39' title='bbox 508 543 707 602; x_wconf 69' lang='grc' dir='ltr'>δουλον</span> <span class='ocrx_word' id='word_1_40' title='bbox 754 547 1059 622; x_wconf 74' lang='grc' dir='ltr'>γινομένων</span> <span class='ocrx_word' id='word_1_41' title='bbox 1112 547 1290 603; x_wconf 71' lang='grc' dir='ltr'>κακῶν</span> <span class='ocrx_word' id='word_1_42' title='bbox 1338 550 1667 627; x_wconf 69' lang='grc' dir='ltr'>καταφρονεῖ</span> <span class='ocrx_word' id='word_1_43' title='bbox 1722 540 1811 598; x_wconf 74' lang='grc' dir='ltr'>διὰ</span> <span class='ocrx_word' id='word_1_44' title='bbox 1855 542 1919 598; x_wconf 87' lang='grc' dir='ltr'>τὸ</span> 
     </span>
    </p>
   </div>
   <div class='ocr_carea' id='block_1_5' title="bbox 2052 540 3675 627">
    <p class='ocr_par' dir='ltr' id='par_1_5' title="bbox 2052 544 3675 623">
     <span class='ocr_line' id='line_1_6' title="bbox 2052 544 3675 623; baseline 0.007 -24"><span class='ocrx_word' id='word_1_45' title='bbox 2052 544 2185 617; x_wconf 76' lang='grc' dir='ltr'>ιριιά</span> <span class='ocrx_word' id='word_1_46' title='bbox 2213 544 2400 600; x_wconf 90' lang='lat' dir='ltr'>illum.</span> <span class='ocrx_word' id='word_1_47' title='bbox 2427 567 2455 594; x_wconf 84' lang='lat'>»</span> <span class='ocrx_word' id='word_1_48' title='bbox 2485 546 2566 601; x_wconf 83' lang='lat' dir='ltr'>Ne</span> <span class='ocrx_word' id='word_1_49' title='bbox 2597 546 2900 603; x_wconf 78' lang='lat' dir='ltr'>existimes</span> <span class='ocrx_word' id='word_1_50' title='bbox 2930 550 3089 619; x_wconf 88' lang='lat' dir='ltr'>quod</span> <span class='ocrx_word' id='word_1_51' title='bbox 3112 558 3445 623; x_wconf 85' lang='lat' dir='ltr'>perpetrata</span> <span class='ocrx_word' id='word_1_52' title='bbox 3465 555 3527 609; x_wconf 87' lang='lat' dir='ltr'>in</span> <span class='ocrx_word' id='word_1_53' title='bbox 3548 572 3675 611; x_wconf 90' lang='lat' dir='ltr'>ser-</span> 
     </span>
    </p>
   </div>
   <div class='ocr_carea' id='block_1_6' title="bbox 1627 629 3674 715">
    <p class='ocr_par' dir='ltr' id='par_1_6' title="bbox 1627 629 3674 715">
     <span class='ocr_line' id='line_1_7' title="bbox 1627 629 3674 715; baseline 0.007 -28"><span class='ocrx_word' id='word_1_54' title='bbox 1627 639 1662 707; x_wconf 67' lang='grc' dir='ltr'>ῷ</span> <span class='ocrx_word' id='word_1_55' title='bbox 1720 629 1919 694; x_wconf 74' lang='grc' dir='ltr'>δοῦλος</span> <span class='ocrx_word' id='word_1_56' title='bbox 2029 652 2132 690; x_wconf 85' lang='lat' dir='ltr'>vos</span> <span class='ocrx_word' id='word_1_57' title='bbox 2157 634 2316 690; x_wconf 88' lang='lat' dir='ltr'>mala</span> <span class='ocrx_word' id='word_1_58' title='bbox 2344 641 2585 707; x_wconf 85' lang='lat' dir='ltr'>prOpter</span> <span class='ocrx_word' id='word_1_59' title='bbox 2611 653 2881 707; x_wconf 79' lang='lat' dir='ltr'>personm</span> <span class='ocrx_word' id='word_1_60' title='bbox 2912 637 3306 710; x_wconf 87' lang='lat' dir='ltr'>abjectionem</span> <span class='ocrx_word' id='word_1_61' title='bbox 3365 642 3674 715; x_wconf 80' lang='lat' dir='ltr'>despiciet.</span> 
     </span>
    </p>
   </div>
   <div class='ocr_carea' id='block_1_7' title="bbox 269 629 1919 712">
    <p class='ocr_par' dir='ltr' id='par_1_7' title="bbox 269 629 1919 712">
     <span class='ocr_line' id='line_1_8' title="bbox 269 629 1919 712; baseline -0.003 -21"><span class='ocrx_word' id='word_1_62' title='bbox 269 640 366 691; x_wconf 73' lang='grc' dir='ltr'>τοῦ</span> <span class='ocrx_word' id='word_1_63' title='bbox 397 638 696 710; x_wconf 80' lang='grc' dir='ltr'>προσώπου</span> <span class='ocrx_word' id='word_1_64' title='bbox 754 633 988 700; x_wconf 83' lang='grc' dir='ltr'>εὐτελές.</span> <span class='ocrx_word' id='word_1_65' title='bbox 1048 636 1157 692; x_wconf 75' lang='grc' dir='ltr'>Οὐκ</span> <span class='ocrx_word' id='word_1_66' title='bbox 1213 633 1287 692; x_wconf 83' lang='grc' dir='ltr'>ἕνι</span> <span class='ocrx_word' id='word_1_67' title='bbox 1346 637 1490 712; x_wconf 82' lang='grc' dir='ltr'>παρᾶ</span> <span class='ocrx_word' id='word_1_68' title='bbox 1546 639 1662 707; x_wconf 88' lang='grc' dir='ltr'>Θεῷ</span> <span class='ocrx_word' id='word_1_69' title='bbox 1720 629 1919 694; x_wconf 74' lang='grc' dir='ltr'>δοῦλος</span> 
     </span>
    </p>
   </div>
   <div class='ocr_carea' id='block_1_8' title="bbox 265 723 1941 797">
    <p class='ocr_par' dir='ltr' id='par_1_8' title="bbox 265 723 675 797">
     <span class='ocr_line' id='line_1_9' title="bbox 265 723 675 797; baseline 0 -17"><span class='ocrx_word' id='word_1_70' title='bbox 265 725 356 781; x_wconf 83' lang='grc' dir='ltr'>καὶ</span> <span class='ocrx_word' id='word_1_71' title='bbox 384 723 675 797; x_wconf 81' lang='grc' dir='ltr'>δεσπότης.</span> 
     </span>
    </p>
   </div>
   <div class='ocr_carea' id='block_1_9' title="bbox 2052 723 3387 797">
    <p class='ocr_par' dir='ltr' id='par_1_9' title="bbox 2052 725 3387 796">
     <span class='ocr_line' id='line_1_10' title="bbox 2052 725 3387 796; baseline 0.009 -20"><span class='ocrx_word' id='word_1_72' title='bbox 2052 726 2156 780; x_wconf 59' lang='lat' dir='ltr'>ton</span> <span class='ocrx_word' id='word_1_73' title='bbox 2189 730 2279 780; x_wconf 90' lang='lat' dir='ltr'>est</span> <span class='ocrx_word' id='word_1_74' title='bbox 2309 725 2467 796; x_wconf 90' lang='lat' dir='ltr'>apud</span> <span class='ocrx_word' id='word_1_75' title='bbox 2497 726 2683 781; x_wconf 91' lang='lat' dir='ltr'>Deum</span> <span class='ocrx_word' id='word_1_76' title='bbox 2716 743 2916 782; x_wconf 85' lang='lat' dir='ltr'>servus</span> <span class='ocrx_word' id='word_1_77' title='bbox 2947 734 3049 784; x_wconf 92' lang='lat' dir='ltr'>aut</span> <span class='ocrx_word' id='word_1_78' title='bbox 3088 730 3387 789; x_wconf 89' lang='lat' dir='ltr'>dominus.</span> 
     </span>
    </p>
   </div>
   <div class='ocr_carea' id='block_1_10' title="bbox 915 835 1941 892">
    <p class='ocr_par' dir='ltr' id='par_1_10' title="bbox 915 835 1279 892">
     <span class='ocr_line' id='line_1_11' title="bbox 915 835 1279 892; baseline -0.005 0"><span class='ocrx_word' id='word_1_79' title='bbox 915 835 1179 892; x_wconf 76' lang='grc' dir='ltr'>ΚΕΦΑΛ.</span> <span class='ocrx_word' id='word_1_80' title='bbox 1224 836 1279 890; x_wconf 88' lang='lat' dir='ltr'>I&#39;.</span> 
     </span>
    </p>
   </div>
   <div class='ocr_carea' id='block_1_11' title="bbox 2052 835 3018 892">
    <p class='ocr_par' dir='ltr' id='par_1_11' title="bbox 2679 835 3018 892">
     <span class='ocr_line' id='line_1_12' title="bbox 2679 835 3018 892; baseline 0.003 -1"><span class='ocrx_word' id='word_1_81' title='bbox 2679 835 2907 891; x_wconf 75' lang='lat' dir='ltr'>CAPUT</span> <span class='ocrx_word' id='word_1_82' title='bbox 2944 838 3018 892; x_wconf 79' lang='grc' dir='ltr'>Χ.</span> 
     </span>
    </p>
   </div>
   <div class='ocr_carea' id='block_1_12' title="bbox 275 935 1941 1026">
    <p class='ocr_par' dir='ltr' id='par_1_12' title="bbox 275 935 1924 1026">
     <span class='ocr_line' id='line_1_13' title="bbox 275 935 1924 1026; baseline -0.005 -29"><span class='ocrx_word' id='word_1_83' title='bbox 275 941 365 997; x_wconf 85' lang='grc' dir='ltr'>Ἐν</span> <span class='ocrx_word' id='word_1_84' title='bbox 433 942 684 1016; x_wconf 76' lang='grc' dir='ltr'>σχήματι</span> <span class='ocrx_word' id='word_1_85' title='bbox 759 938 1069 1026; x_wconf 65' lang='grc' dir='ltr'>ὁπλίσεως⁵</span> <span class='ocrx_word' id='word_1_86' title='bbox 1108 940 1231 1016; x_wconf 84' lang='grc' dir='ltr'>περὶ</span> <span class='ocrx_word' id='word_1_87' title='bbox 1307 943 1406 1009; x_wconf 75' lang='grc' dir='ltr'>τῆς</span> <span class='ocrx_word' id='word_1_88' title='bbox 1470 936 1605 993; x_wconf 79' lang='grc' dir='ltr'>κατὰ</span> <span class='ocrx_word' id='word_1_89' title='bbox 1695 935 1924 1012; x_wconf 86' lang='grc' dir='ltr'>Χριστὸν</span> 
     </span>
    </p>
   </div>
   <div class='ocr_carea' id='block_1_13' title="bbox 2052 935 3674 1026">
    <p class='ocr_par' dir='ltr' id='par_1_13' title="bbox 2052 940 3674 1026">
     <span class='ocr_line' id='line_1_14' title="bbox 2052 940 3674 1026; baseline 0.009 -31"><span class='ocrx_word' id='word_1_90' title='bbox 2052 941 2106 996; x_wconf 73' lang='lat' dir='ltr'>De</span> <span class='ocrx_word' id='word_1_91' title='bbox 2126 940 2387 1012; x_wconf 79' lang='lat' dir='ltr'>potentia</span> <span class='ocrx_word' id='word_1_92' title='bbox 2414 942 2857 1026; x_wconf 62' lang='lat' dir='ltr'>quaesecuudum</span> <span class='ocrx_word' id='word_1_93' title='bbox 2891 945 3175 1026; x_wconf 79' lang='lat' dir='ltr'>Christum</span> <span class='ocrx_word' id='word_1_94' title='bbox 3204 955 3299 1019; x_wconf 80' lang='lat' dir='ltr'>est,</span> <span class='ocrx_word' id='word_1_95' title='bbox 3321 967 3427 1021; x_wconf 88' lang='lat' dir='ltr'>per</span> <span class='ocrx_word' id='word_1_96' title='bbox 3455 954 3674 1010; x_wconf 85' lang='lat' dir='ltr'>modum</span> 
     </span>
    </p>
   </div>
   <div class='ocr_carea' id='block_1_14' title="bbox 945 1011 1941 1088">
    <p class='ocr_par' dir='ltr' id='par_1_14' title="bbox 945 1011 1753 1088">
     <span class='ocr_line' id='line_1_15' title="bbox 945 1011 1753 1088; baseline -0.001 -19"><span class='ocrx_word' id='word_1_97' title='bbox 945 1011 1075 1069; x_wconf 85' lang='grc' dir='ltr'>δυνά</span> <span class='ocrx_word' id='word_1_98' title='bbox 1082 1011 1245 1088; x_wconf 81' lang='grc' dir='ltr'>μεως.</span> <span class='ocrx_word' id='word_1_99' title='bbox 1749 1011 1753 1012; x_wconf 19' lang='grc' dir='ltr'><em>ν</em></span> 
     </span>
    </p>
   </div>
   <div class='ocr_carea' id='block_1_15' title="bbox 2052 1011 3183 1088">
    <p class='ocr_par' dir='ltr' id='par_1_15' title="bbox 2134 1011 3183 1076">
     <span class='ocr_line' id='line_1_16' title="bbox 2134 1011 3183 1076; baseline 0.01 -12"><span class='ocrx_word' id='word_1_100' title='bbox 2134 1011 2143 1012; x_wconf 46' lang='grc'><strong>“</strong></span> <span class='ocrx_word' id='word_1_101' title='bbox 2424 1011 2435 1012; x_wconf 28' lang='grc' dir='ltr'>ί</span> <span class='ocrx_word' id='word_1_102' title='bbox 2510 1019 2563 1068; x_wconf 79' lang='lat' dir='ltr'>et</span> <span class='ocrx_word' id='word_1_103' title='bbox 2591 1014 2837 1070; x_wconf 79' lang='lat' dir='ltr'>habitum</span> <span class='ocrx_word' id='word_1_104' title='bbox 2866 1025 3183 1076; x_wconf 56' lang='lat' dir='ltr'>armatura.</span> 
     </span>
    </p>
   </div>
   <div class='ocr_carea' id='block_1_16' title="bbox 346 1120 1941 1209">
    <p class='ocr_par' dir='ltr' id='par_1_16' title="bbox 346 1120 1925 1209">
     <span class='ocr_line' id='line_1_17' title="bbox 346 1120 1925 1209; baseline -0.006 -23"><span class='ocrx_word' id='word_1_105' title='bbox 346 1131 423 1186; x_wconf 81' lang='grc' dir='ltr'>Τὸ</span> <span class='ocrx_word' id='word_1_106' title='bbox 498 1129 721 1199; x_wconf 81' lang='grc' dir='ltr'>λοιπὸν,</span> <span class='ocrx_word' id='word_1_107' title='bbox 834 1126 1060 1209; x_wconf 71' lang='grc' dir='ltr'>ἀδελφοί</span> <span class='ocrx_word' id='word_1_108' title='bbox 1174 1149 1302 1203; x_wconf 85' lang='grc' dir='ltr'>μου,</span> <span class='ocrx_word' id='word_1_109' title='bbox 1378 1124 1802 1200; x_wconf 78' lang='grc' dir='ltr'>·ἑνδυναμοῦσθε</span> <span class='ocrx_word' id='word_1_110' title='bbox 1874 1120 1925 1177; x_wconf 78' lang='grc' dir='ltr'>ἐν</span> 
     </span>
    </p>
   </div>
   <div class='ocr_carea' id='block_1_17' title="bbox 2052 1120 3676 1209">
    <p class='ocr_par' dir='ltr' id='par_1_17' title="bbox 2105 1122 3676 1197">
     <span class='ocr_line' id='line_1_18' title="bbox 2105 1122 3676 1197; baseline 0.01 -22"><span class='ocrx_word' id='word_1_111' title='bbox 2105 1123 2195 1188; x_wconf 85' lang='lat' dir='ltr'>VI,</span> <span class='ocrx_word' id='word_1_112' title='bbox 2231 1125 2408 1178; x_wconf 74' lang='lat'>10-13.</span> <span class='ocrx_word' id='word_1_113' title='bbox 2443 1145 2471 1172; x_wconf 90' lang='grc'>‹‹</span> <span class='ocrx_word' id='word_1_114' title='bbox 2504 1122 2666 1188; x_wconf 83' lang='lat' dir='ltr'>Quod</span> <span class='ocrx_word' id='word_1_115' title='bbox 2700 1130 2989 1197; x_wconf 80' lang='lat' dir='ltr'>superest,</span> <span class='ocrx_word' id='word_1_116' title='bbox 3022 1128 3235 1185; x_wconf 77' lang='lat' dir='ltr'>fratres</span> <span class='ocrx_word' id='word_1_117' title='bbox 3266 1133 3404 1197; x_wconf 90' lang='lat' dir='ltr'>mei,</span> <span class='ocrx_word' id='word_1_118' title='bbox 3456 1135 3676 1190; x_wconf 83' lang='lat' dir='ltr'>conﬁr-</span> 
     </span>
    </p>
   </div>
   <div class='ocr_carea' id='block_1_18' title="bbox 279 1213 1925 1295">
    <p class='ocr_par' dir='ltr' id='par_1_18' title="bbox 279 1213 1925 1295">
     <span class='ocr_line' id='line_1_19' title="bbox 279 1213 1925 1295; baseline -0.005 -21"><span class='ocrx_word' id='word_1_119' title='bbox 279 1217 460 1292; x_wconf 81' lang='grc' dir='ltr'>Κυρίῳ</span> <span class='ocrx_word' id='word_1_120' title='bbox 516 1218 606 1273; x_wconf 78' lang='grc' dir='ltr'>καὶ</span> <span class='ocrx_word' id='word_1_121' title='bbox 659 1218 711 1272; x_wconf 74' lang='grc' dir='ltr'>ἐν</span> <span class='ocrx_word' id='word_1_122' title='bbox 764 1222 845 1290; x_wconf 83' lang='grc' dir='ltr'>τῷ</span> <span class='ocrx_word' id='word_1_123' title='bbox 893 1220 1078 1295; x_wconf 82' lang='grc' dir='ltr'>κράτει</span> <span class='ocrx_word' id='word_1_124' title='bbox 1132 1224 1233 1287; x_wconf 79' lang='grc' dir='ltr'>τῆς</span> <span class='ocrx_word' id='word_1_125' title='bbox 1294 1215 1487 1292; x_wconf 72' lang='grc' dir='ltr'>ἰσχύος</span> <span class='ocrx_word' id='word_1_126' title='bbox 1549 1213 1734 1270; x_wconf 76' lang='grc' dir='ltr'>αὐτοῦ.</span> <span class='ocrx_word' id='word_1_127' title='bbox 1803 1213 1925 1269; x_wconf 84' lang='grc' dir='ltr'>Ἐν-</span> 
     </span>
    </p>
   </div>
   <div class='ocr_carea' id='block_1_19' title="bbox 274 1299 1926 1378">
    <p class='ocr_par' dir='ltr' id='par_1_19' title="bbox 274 1299 1926 1378">
     <span class='ocr_line' id='line_1_20' title="bbox 274 1299 1926 1378; baseline -0.005 -16"><span class='ocrx_word' id='word_1_128' title='bbox 274 1304 499 1362; x_wconf 70' lang='grc' dir='ltr'>δόσασθε</span> <span class='ocrx_word' id='word_1_129' title='bbox 582 1308 680 1375; x_wconf 73' lang='grc' dir='ltr'>τήν</span> <span class='ocrx_word' id='word_1_130' title='bbox 763 1306 1071 1363; x_wconf 75' lang='grc' dir='ltr'>πανοπλίαν</span> <span class='ocrx_word' id='word_1_131' title='bbox 1131 1310 1229 1361; x_wconf 73' lang='grc' dir='ltr'>τοῦ</span> <span class='ocrx_word' id='word_1_132' title='bbox 1297 1309 1454 1373; x_wconf 74' lang='grc' dir='ltr'>Θεοῦ,</span> <span class='ocrx_word' id='word_1_133' title='bbox 1512 1303 1648 1378; x_wconf 83' lang='grc' dir='ltr'>πρὸς</span> <span class='ocrx_word' id='word_1_134' title='bbox 1706 1302 1770 1357; x_wconf 83' lang='grc' dir='ltr'>τὸ</span> <span class='ocrx_word' id='word_1_135' title='bbox 1829 1299 1926 1355; x_wconf 76' lang='grc' dir='ltr'>δύ-</span> 
     </span>
    </p>
   </div>
   <div class='ocr_carea' id='block_1_20' title="bbox 276 1390 1925 1472">
    <p class='ocr_par' dir='ltr' id='par_1_20' title="bbox 276 1390 1925 1472">
     <span class='ocr_line' id='line_1_21' title="bbox 276 1390 1925 1472; baseline -0.004 -22"><span class='ocrx_word' id='word_1_136' title='bbox 276 1398 464 1451; x_wconf 79' lang='grc' dir='ltr'>νασθαι</span> <span class='ocrx_word' id='word_1_137' title='bbox 540 1396 681 1470; x_wconf 80' lang='grc' dir='ltr'>ὑμᾶς</span> <span class='ocrx_word' id='word_1_138' title='bbox 759 1398 948 1466; x_wconf 70' lang='grc' dir='ltr'>στῆναι</span> <span class='ocrx_word' id='word_1_139' title='bbox 1021 1396 1160 1472; x_wconf 85' lang='grc' dir='ltr'>πρὸς</span> <span class='ocrx_word' id='word_1_140' title='bbox 1249 1395 1349 1457; x_wconf 75' lang='grc' dir='ltr'>τὰς</span> <span class='ocrx_word' id='word_1_141' title='bbox 1454 1390 1734 1467; x_wconf 79' lang='grc' dir='ltr'>μεθοδείας</span> <span class='ocrx_word' id='word_1_142' title='bbox 1827 1394 1925 1445; x_wconf 69' lang='grc' dir='ltr'>τοῦ</span> 
     </span>
    </p>
   </div>
   <div class='ocr_carea' id='block_1_21' title="bbox 279 1479 1928 1559">
    <p class='ocr_par' dir='ltr' id='par_1_21' title="bbox 279 1479 1928 1559">
     <span class='ocr_line' id='line_1_22' title="bbox 279 1479 1928 1559; baseline 0 -19"><span class='ocrx_word' id='word_1_143' title='bbox 279 1481 566 1541; x_wconf 77' lang='grc' dir='ltr'>διαϐόλου.</span> <span class='ocrx_word' id='word_1_144' title='bbox 639 1486 762 1543; x_wconf 79' lang='grc' dir='ltr'>Ὀτι</span> <span class='ocrx_word' id='word_1_145' title='bbox 839 1485 939 1542; x_wconf 79' lang='grc' dir='ltr'>οὑκ</span> <span class='ocrx_word' id='word_1_146' title='bbox 1010 1482 1153 1541; x_wconf 81' lang='grc' dir='ltr'>ἔστιν</span> <span class='ocrx_word' id='word_1_147' title='bbox 1244 1486 1382 1559; x_wconf 75' lang='grc' dir='ltr'>ἡμῖν</span> <span class='ocrx_word' id='word_1_148' title='bbox 1452 1485 1488 1552; x_wconf 80' lang='grc' dir='ltr'>ἡ</span> <span class='ocrx_word' id='word_1_149' title='bbox 1564 1479 1715 1551; x_wconf 89' lang='grc' dir='ltr'>πάλη</span> <span class='ocrx_word' id='word_1_150' title='bbox 1792 1480 1928 1553; x_wconf 78' lang='grc' dir='ltr'>πρὸς</span> 
     </span>
    </p>
   </div>
   <div class='ocr_carea' id='block_1_22' title="bbox 281 1570 1925 1651">
    <p class='ocr_par' dir='ltr' id='par_1_22' title="bbox 281 1570 1925 1651">
     <span class='ocr_line' id='line_1_23' title="bbox 281 1570 1925 1651; baseline 0 -21"><span class='ocrx_word' id='word_1_151' title='bbox 281 1576 420 1647; x_wconf 78' lang='grc' dir='ltr'>αἷμα</span> <span class='ocrx_word' id='word_1_152' title='bbox 448 1574 537 1630; x_wconf 75' lang='grc' dir='ltr'>καὶ</span> <span class='ocrx_word' id='word_1_153' title='bbox 578 1576 770 1650; x_wconf 83' lang='grc' dir='ltr'>σάρκα,</span> <span class='ocrx_word' id='word_1_154' title='bbox 827 1574 972 1631; x_wconf 80' lang='grc' dir='ltr'>ἀλλὰ</span> <span class='ocrx_word' id='word_1_155' title='bbox 1036 1576 1174 1651; x_wconf 79' lang='grc' dir='ltr'>πρὸς</span> <span class='ocrx_word' id='word_1_156' title='bbox 1230 1595 1325 1637; x_wconf 89' lang='grc' dir='ltr'>τας</span> <span class='ocrx_word' id='word_1_157' title='bbox 1383 1572 1580 1651; x_wconf 77' lang='grc' dir='ltr'>ἀρχὰς,</span> <span class='ocrx_word' id='word_1_158' title='bbox 1638 1570 1776 1645; x_wconf 77' lang='grc' dir='ltr'>πρὸς</span> <span class='ocrx_word' id='word_1_159' title='bbox 1828 1570 1925 1630; x_wconf 64' lang='grc' dir='ltr'>τὰς</span> 
     </span>
    </p>
   </div>
   <div class='ocr_carea' id='block_1_23' title="bbox 281 1659 1924 1739">
    <p class='ocr_par' dir='ltr' id='par_1_23' title="bbox 281 1659 1924 1739">
     <span class='ocr_line' id='line_1_24' title="bbox 281 1659 1924 1739; baseline -0.004 -20"><span class='ocrx_word' id='word_1_160' title='bbox 281 1662 550 1733; x_wconf 73' lang='grc' dir='ltr'>ἐξουσίας,</span> <span class='ocrx_word' id='word_1_161' title='bbox 609 1664 745 1739; x_wconf 83' lang='grc' dir='ltr'>πρὸς</span> <span class='ocrx_word' id='word_1_162' title='bbox 800 1665 932 1727; x_wconf 78' lang='grc' dir='ltr'>τοὺς</span> <span class='ocrx_word' id='word_1_163' title='bbox 1014 1664 1463 1739; x_wconf 67' lang='grc' dir='ltr'>κοσμοκράτορας</span> <span class='ocrx_word' id='word_1_164' title='bbox 1543 1665 1640 1717; x_wconf 75' lang='grc' dir='ltr'>τοῦ</span> <span class='ocrx_word' id='word_1_165' title='bbox 1700 1659 1924 1721; x_wconf 70' lang='grc' dir='ltr'>σκύτους</span> 
     </span>
    </p>
   </div>
   <div class='ocr_carea' id='block_1_24' title="bbox 278 1749 1927 1829">
    <p class='ocr_par' dir='ltr' id='par_1_24' title="bbox 278 1749 1927 1829">
     <span class='ocr_line' id='line_1_25' title="bbox 278 1749 1927 1829; baseline -0.003 -22"><span class='ocrx_word' id='word_1_166' title='bbox 278 1757 375 1809; x_wconf 70' lang='grc' dir='ltr'>τοῦ</span> <span class='ocrx_word' id='word_1_167' title='bbox 449 1753 648 1816; x_wconf 79' lang='grc' dir='ltr'>αἰῶνος</span> <span class='ocrx_word' id='word_1_168' title='bbox 749 1753 968 1820; x_wconf 67' lang='grc' dir='ltr'>τούτου,</span> <span class='ocrx_word' id='word_1_169' title='bbox 1042 1753 1179 1829; x_wconf 86' lang='grc' dir='ltr'>πρὸς</span> <span class='ocrx_word' id='word_1_170' title='bbox 1251 1753 1319 1807; x_wconf 74' lang='grc' dir='ltr'>τά</span> <span class='ocrx_word' id='word_1_171' title='bbox 1390 1749 1726 1823; x_wconf 79' lang='grc' dir='ltr'>πνευματικᾶ</span> <span class='ocrx_word' id='word_1_172' title='bbox 1826 1753 1927 1816; x_wconf 72' lang='grc' dir='ltr'>τῆς</span> 
     </span>
    </p>
   </div>
   <div class='ocr_carea' id='block_1_25' title="bbox 277 1826 2002 1917">
    <p class='ocr_par' dir='ltr' id='par_1_25' title="bbox 277 1826 2002 1917">
     <span class='ocr_line' id='line_1_26' title="bbox 277 1826 2002 1917; baseline -0.004 -20"><span class='ocrx_word' id='word_1_173' title='bbox 277 1842 542 1917; x_wconf 76' lang='grc' dir='ltr'>πονηρίας</span> <span class='ocrx_word' id='word_1_174' title='bbox 604 1842 657 1897; x_wconf 70' lang='grc' dir='ltr'>ἐν</span> <span class='ocrx_word' id='word_1_175' title='bbox 720 1848 837 1906; x_wconf 88' lang='grc' dir='ltr'>τοῖς</span> <span class='ocrx_word' id='word_1_176' title='bbox 901 1826 1262 1917; x_wconf 72' lang='grc' dir='ltr'>ἐπουρανίοις.</span> <span class='ocrx_word' id='word_1_177' title='bbox 1331 1840 1431 1896; x_wconf 78' lang='grc' dir='ltr'>Διὰ</span> <span class='ocrx_word' id='word_1_178' title='bbox 1491 1843 1653 1895; x_wconf 77' lang='grc' dir='ltr'>τοῦτο</span> <span class='ocrx_word' id='word_1_179' title='bbox 1729 1835 1922 1892; x_wconf 77' lang='grc' dir='ltr'>ἁναλά-</span> <span class='ocrx_word' id='word_1_180' title='bbox 1957 1826 2002 1890; x_wconf 83' lang='grc' dir='ltr'><strong>Β</strong></span> 
     </span>
    </p>
   </div>
   <div class='ocr_carea' id='block_1_26' title="bbox 275 1923 1927 2001">
    <p class='ocr_par' dir='ltr' id='par_1_26' title="bbox 275 1923 1927 2001">
     <span class='ocr_line' id='line_1_27' title="bbox 275 1923 1927 2001; baseline -0.005 -15"><span class='ocrx_word' id='word_1_181' title='bbox 275 1926 395 1987; x_wconf 76' lang='grc' dir='ltr'>ϐετε</span> <span class='ocrx_word' id='word_1_182' title='bbox 494 1932 594 2001; x_wconf 77' lang='grc' dir='ltr'>τήν</span> <span class='ocrx_word' id='word_1_183' title='bbox 694 1929 1000 1987; x_wconf 72' lang='grc' dir='ltr'>πανοπλίαν</span> <span class='ocrx_word' id='word_1_184' title='bbox 1072 1934 1171 1985; x_wconf 75' lang='grc' dir='ltr'>τοῦ</span> <span class='ocrx_word' id='word_1_185' title='bbox 1246 1933 1408 1996; x_wconf 77' lang='grc' dir='ltr'>Θεοῦ,</span> <span class='ocrx_word' id='word_1_186' title='bbox 1478 1925 1570 1982; x_wconf 77' lang='grc' dir='ltr'>’ἶνα</span> <span class='ocrx_word' id='word_1_187' title='bbox 1654 1923 1927 1996; x_wconf 75' lang='grc' dir='ltr'>δυνηθῆτε</span> 
     </span>
    </p>
   </div>
   <div class='ocr_carea' id='block_1_27' title="bbox 277 2015 1929 2095">
    <p class='ocr_par' dir='ltr' id='par_1_27' title="bbox 277 2015 1929 2095">
     <span class='ocr_line' id='line_1_28' title="bbox 277 2015 1929 2095; baseline -0.004 -20"><span class='ocrx_word' id='word_1_188' title='bbox 277 2019 587 2090; x_wconf 75' lang='grc' dir='ltr'>ἀντιστῆναι</span> <span class='ocrx_word' id='word_1_189' title='bbox 645 2018 697 2074; x_wconf 81' lang='grc' dir='ltr'>έν</span> <span class='ocrx_word' id='word_1_190' title='bbox 757 2024 826 2094; x_wconf 82' lang='grc' dir='ltr'>τῇ</span> <span class='ocrx_word' id='word_1_191' title='bbox 884 2017 1067 2095; x_wconf 79' lang='grc' dir='ltr'>ἡμέρᾳ</span> <span class='ocrx_word' id='word_1_192' title='bbox 1121 2023 1190 2092; x_wconf 78' lang='grc' dir='ltr'>τῇ</span> <span class='ocrx_word' id='word_1_193' title='bbox 1250 2020 1487 2093; x_wconf 80' lang='grc' dir='ltr'>πονηρᾷ,</span> <span class='ocrx_word' id='word_1_194' title='bbox 1549 2016 1642 2071; x_wconf 90' lang='grc' dir='ltr'>καὶ</span> <span class='ocrx_word' id='word_1_195' title='bbox 1721 2015 1929 2069; x_wconf 68' lang='grc' dir='ltr'>ἅπαντα</span> 
     </span>
    </p>
   </div>
   <div class='ocr_carea' id='block_1_28' title="bbox 274 2109 980 2187">
    <p class='ocr_par' dir='ltr' id='par_1_28' title="bbox 274 2109 980 2187">
     <span class='ocr_line' id='line_1_29' title="bbox 274 2109 980 2187; baseline -0.001 -24"><span class='ocrx_word' id='word_1_196' title='bbox 274 2109 737 2187; x_wconf 73' lang='grc' dir='ltr'>κατεργασάμενοι</span> <span class='ocrx_word' id='word_1_197' title='bbox 768 2114 980 2178; x_wconf 79' lang='grc' dir='ltr'>στῆναι.</span> 
     </span>
    </p>
   </div>
   <div class='ocr_carea' id='block_1_29' title="bbox 351 2193 1925 2278">
    <p class='ocr_par' dir='ltr' id='par_1_29' title="bbox 351 2193 1925 2278">
     <span class='ocr_line' id='line_1_30' title="bbox 351 2193 1925 2278; baseline -0.006 -21"><span class='ocrx_word' id='word_1_198' title='bbox 351 2200 506 2257; x_wconf 72' lang='grc' dir='ltr'>Μετὰ</span> <span class='ocrx_word' id='word_1_199' title='bbox 534 2200 597 2256; x_wconf 76' lang='grc' dir='ltr'>τὸ</span> <span class='ocrx_word' id='word_1_200' title='bbox 628 2196 895 2270; x_wconf 78' lang='grc' dir='ltr'>διατάξαι,</span> <span class='ocrx_word' id='word_1_201' title='bbox 926 2198 1081 2278; x_wconf 77' lang='grc' dir='ltr'>φησὶ,</span> <span class='ocrx_word' id='word_1_202' title='bbox 1112 2199 1180 2253; x_wconf 81' lang='grc' dir='ltr'>τά</span> <span class='ocrx_word' id='word_1_203' title='bbox 1222 2198 1425 2265; x_wconf 75' lang='grc' dir='ltr'>εἰκότα,</span> <span class='ocrx_word' id='word_1_204' title='bbox 1472 2200 1634 2252; x_wconf 80' lang='grc' dir='ltr'>τοῦτο</span> <span class='ocrx_word' id='word_1_205' title='bbox 1684 2193 1925 2250; x_wconf 69' lang='grc' dir='ltr'>ἀκόλου-</span> 
     </span>
    </p>
   </div>
   <div class='ocr_carea' id='block_1_30' title="bbox 276 2283 1927 2361">
    <p class='ocr_par' dir='ltr' id='par_1_30' title="bbox 276 2283 1927 2361">
     <span class='ocr_line' id='line_1_31' title="bbox 276 2283 1927 2361; baseline -0.004 -18"><span class='ocrx_word' id='word_1_206' title='bbox 276 2290 369 2343; x_wconf 82' lang='grc' dir='ltr'>θον</span> <span class='ocrx_word' id='word_1_207' title='bbox 402 2288 494 2343; x_wconf 84' lang='grc' dir='ltr'>καὶ</span> <span class='ocrx_word' id='word_1_208' title='bbox 528 2286 857 2356; x_wconf 83' lang='grc' dir='ltr'>ὑπόλοιπον,</span> <span class='ocrx_word' id='word_1_209' title='bbox 913 2289 976 2344; x_wconf 87' lang='grc' dir='ltr'>τὸ</span> <span class='ocrx_word' id='word_1_210' title='bbox 1028 2286 1451 2361; x_wconf 77' lang='grc' dir='ltr'>ἐνδυναμοῦσθαι</span> <span class='ocrx_word' id='word_1_211' title='bbox 1512 2286 1653 2360; x_wconf 71' lang='grc' dir='ltr'>ὑμᾶς</span> <span class='ocrx_word' id='word_1_212' title='bbox 1712 2283 1763 2339; x_wconf 82' lang='grc' dir='ltr'>ἐν</span> <span class='ocrx_word' id='word_1_213' title='bbox 1823 2290 1927 2337; x_wconf 78' lang='lat' dir='ltr'>Ku-</span> 
     </span>
    </p>
   </div>
   <div class='ocr_carea' id='block_1_31' title="bbox 282 2372 1930 2454">
    <p class='ocr_par' dir='ltr' id='par_1_31' title="bbox 282 2372 1930 2454">
     <span class='ocr_line' id='line_1_32' title="bbox 282 2372 1930 2454; baseline -0.004 -21"><span class='ocrx_word' id='word_1_214' title='bbox 282 2379 406 2454; x_wconf 86' lang='grc' dir='ltr'>ρίῳ,</span> <span class='ocrx_word' id='word_1_215' title='bbox 447 2378 689 2433; x_wconf 73' lang='grc' dir='ltr'>τουτέστι</span> <span class='ocrx_word' id='word_1_216' title='bbox 718 2381 788 2450; x_wconf 77' lang='grc' dir='ltr'>τῇ</span> <span class='ocrx_word' id='word_1_217' title='bbox 818 2377 895 2441; x_wconf 82' lang='grc' dir='ltr'>εἰς</span> <span class='ocrx_word' id='word_1_218' title='bbox 923 2377 1083 2432; x_wconf 79' lang='grc' dir='ltr'>αὐτὸν</span> <span class='ocrx_word' id='word_1_219' title='bbox 1113 2374 1317 2433; x_wconf 83' lang='grc' dir='ltr'>ἐλπίδι.</span> <span class='ocrx_word' id='word_1_220' title='bbox 1365 2399 1387 2427; x_wconf 76' lang='grc' dir='ltr'>ι</span> <span class='ocrx_word' id='word_1_221' title='bbox 1422 2375 1518 2433; x_wconf 82' lang='grc' dir='ltr'>Καὶ</span> <span class='ocrx_word' id='word_1_222' title='bbox 1562 2373 1614 2430; x_wconf 81' lang='grc' dir='ltr'>έν</span> <span class='ocrx_word' id='word_1_223' title='bbox 1661 2374 1742 2446; x_wconf 80' lang='grc' dir='ltr'>τῷ</span> <span class='ocrx_word' id='word_1_224' title='bbox 1793 2372 1930 2447; x_wconf 84' lang='grc' dir='ltr'>κρά-</span> 
     </span>
    </p>
   </div>
   <div class='ocr_carea' id='block_1_32' title="bbox 275 2462 1927 2543">
    <p class='ocr_par' dir='ltr' id='par_1_32' title="bbox 275 2462 1927 2543">
     <span class='ocr_line' id='line_1_33' title="bbox 275 2462 1927 2543; baseline -0.005 -20"><span class='ocrx_word' id='word_1_225' title='bbox 275 2488 355 2523; x_wconf 87' lang='grc' dir='ltr'>τει</span> <span class='ocrx_word' id='word_1_226' title='bbox 386 2473 486 2535; x_wconf 78' lang='grc' dir='ltr'>τῆς</span> <span class='ocrx_word' id='word_1_227' title='bbox 520 2466 712 2541; x_wconf 65' lang='grc' dir='ltr'>ἰσχύος</span> <span class='ocrx_word' id='word_1_228' title='bbox 743 2465 923 2521; x_wconf 74' lang='grc' dir='ltr'>αὐτοῦ.</span> <span class='ocrx_word' id='word_1_229' title='bbox 962 2490 990 2517; x_wconf 89' lang='grc'><strong>››</strong></span> <span class='ocrx_word' id='word_1_230' title='bbox 1022 2466 1120 2521; x_wconf 78' lang='grc' dir='ltr'>Διά</span> <span class='ocrx_word' id='word_1_231' title='bbox 1148 2467 1257 2543; x_wconf 80' lang='grc' dir='ltr'>γὰη</span> <span class='ocrx_word' id='word_1_232' title='bbox 1306 2472 1407 2535; x_wconf 78' lang='grc' dir='ltr'>τῆς</span> <span class='ocrx_word' id='word_1_233' title='bbox 1451 2465 1619 2519; x_wconf 79' lang='grc' dir='ltr'>αὐτοῦ</span> <span class='ocrx_word' id='word_1_234' title='bbox 1671 2462 1927 2538; x_wconf 74' lang='grc' dir='ltr'>βοηθείας</span> 
     </span>
    </p>
   </div>
   <div class='ocr_carea' id='block_1_33' title="bbox 276 2550 1928 2630">
    <p class='ocr_par' dir='ltr' id='par_1_33' title="bbox 276 2550 1928 2630">
     <span class='ocr_line' id='line_1_34' title="bbox 276 2550 1928 2630; baseline -0.004 -19"><span class='ocrx_word' id='word_1_235' title='bbox 276 2555 420 2611; x_wconf 80' lang='grc' dir='ltr'>ἐστὶν</span> <span class='ocrx_word' id='word_1_236' title='bbox 453 2558 589 2627; x_wconf 72' lang='grc' dir='ltr'>ἡμῖν</span> <span class='ocrx_word' id='word_1_237' title='bbox 615 2557 679 2611; x_wconf 84' lang='grc' dir='ltr'>τὸ</span> <span class='ocrx_word' id='word_1_238' title='bbox 709 2554 949 2625; x_wconf 72' lang='grc' dir='ltr'>ἐλπίζειν</span> <span class='ocrx_word' id='word_1_239' title='bbox 979 2555 1055 2618; x_wconf 57' lang='grc' dir='ltr'>εῗς</span> <span class='ocrx_word' id='word_1_240' title='bbox 1104 2554 1287 2610; x_wconf 77' lang='grc' dir='ltr'>αὐτόν.</span> <span class='ocrx_word' id='word_1_241' title='bbox 1340 2554 1590 2630; x_wconf 80' lang='grc' dir='ltr'>Ἰσχυρὸς</span> <span class='ocrx_word' id='word_1_242' title='bbox 1636 2552 1740 2629; x_wconf 69' lang='grc' dir='ltr'>γάο</span> <span class='ocrx_word' id='word_1_243' title='bbox 1794 2550 1928 2619; x_wconf 81' lang='grc' dir='ltr'>ἐστι,</span> 
     </span>
    </p>
   </div>
   <div class='ocr_carea' id='block_1_34' title="bbox 277 2639 1929 2722">
    <p class='ocr_par' dir='ltr' id='par_1_34' title="bbox 277 2639 1929 2722">
     <span class='ocr_line' id='line_1_35' title="bbox 277 2639 1929 2722; baseline -0.002 -24"><span class='ocrx_word' id='word_1_244' title='bbox 277 2644 433 2722; x_wconf 73' lang='grc' dir='ltr'>φησὶ,</span> <span class='ocrx_word' id='word_1_245' title='bbox 465 2644 556 2699; x_wconf 82' lang='grc' dir='ltr'>καὶ</span> <span class='ocrx_word' id='word_1_246' title='bbox 614 2645 797 2709; x_wconf 71' lang='grc' dir='ltr'>ἱκανὸς</span> <span class='ocrx_word' id='word_1_247' title='bbox 862 2643 1036 2700; x_wconf 88' lang='grc' dir='ltr'>πάντα</span> <span class='ocrx_word' id='word_1_248' title='bbox 1085 2650 1449 2720; x_wconf 81' lang='grc' dir='ltr'>κατορθῶσαι.</span> <span class='ocrx_word' id='word_1_249' title='bbox 1511 2667 1540 2695; x_wconf 87' lang='grc'>‹‹</span> <span class='ocrx_word' id='word_1_250' title='bbox 1597 2639 1929 2704; x_wconf 76' lang='grc' dir='ltr'>Ἐνδύσασθε</span> 
     </span>
    </p>
   </div>
   <div class='ocr_carea' id='block_1_35' title="bbox 279 2731 1928 2804">
    <p class='ocr_par' dir='ltr' id='par_1_35' title="bbox 279 2731 1928 2804">
     <span class='ocr_line' id='line_1_36' title="bbox 279 2731 1928 2804; baseline -0.003 -14"><span class='ocrx_word' id='word_1_251' title='bbox 279 2737 380 2804; x_wconf 75' lang='grc' dir='ltr'>τὴν</span> <span class='ocrx_word' id='word_1_252' title='bbox 412 2734 713 2791; x_wconf 79' lang='grc' dir='ltr'>πανοπλίαν</span> <span class='ocrx_word' id='word_1_253' title='bbox 742 2740 841 2791; x_wconf 77' lang='grc' dir='ltr'>τοῦ</span> <span class='ocrx_word' id='word_1_254' title='bbox 868 2740 1022 2792; x_wconf 75' lang='grc' dir='ltr'>Θεοῦ.</span> <span class='ocrx_word' id='word_1_255' title='bbox 1058 2758 1087 2787; x_wconf 84' lang='grc'><strong>››</strong></span> <span class='ocrx_word' id='word_1_256' title='bbox 1141 2735 1291 2793; x_wconf 85' lang='grc' dir='ltr'>Μετᾶ</span> <span class='ocrx_word' id='word_1_257' title='bbox 1345 2736 1409 2790; x_wconf 86' lang='grc' dir='ltr'>τὸ</span> <span class='ocrx_word' id='word_1_258' title='bbox 1466 2731 1744 2803; x_wconf 77' lang='grc' dir='ltr'>διοικῆσαι</span> <span class='ocrx_word' id='word_1_259' title='bbox 1793 2731 1928 2786; x_wconf 72' lang='grc' dir='ltr'>ποὶν⁹</span> 
     </span>
    </p>
   </div>
   <div class='ocr_carea' id='block_1_36' title="bbox 282 2820 1931 2895">
    <p class='ocr_par' dir='ltr' id='par_1_36' title="bbox 282 2820 1931 2895">
     <span class='ocr_line' id='line_1_37' title="bbox 282 2820 1931 2895; baseline -0.002 -17"><span class='ocrx_word' id='word_1_260' title='bbox 282 2844 378 2885; x_wconf 89' lang='grc' dir='ltr'>τας</span> <span class='ocrx_word' id='word_1_261' title='bbox 408 2825 545 2879; x_wconf 73' lang='grc' dir='ltr'>κατὰ</span> <span class='ocrx_word' id='word_1_262' title='bbox 572 2825 737 2895; x_wconf 79' lang='grc' dir='ltr'>τάξιν,</span> <span class='ocrx_word' id='word_1_263' title='bbox 771 2824 965 2880; x_wconf 84' lang='grc' dir='ltr'>λοιπὸν</span> <span class='ocrx_word' id='word_1_264' title='bbox 1022 2824 1113 2880; x_wconf 85' lang='grc' dir='ltr'>καὶ</span> <span class='ocrx_word' id='word_1_265' title='bbox 1174 2823 1386 2895; x_wconf 77' lang='grc' dir='ltr'>ὁπλίζει</span> <span class='ocrx_word' id='word_1_266' title='bbox 1435 2820 1631 2884; x_wconf 79' lang='grc' dir='ltr'>αὐτοὺς</span> <span class='ocrx_word' id='word_1_267' title='bbox 1677 2822 1753 2880; x_wconf 81' lang='grc' dir='ltr'>ὡς</span> <span class='ocrx_word' id='word_1_268' title='bbox 1795 2821 1931 2895; x_wconf 84' lang='grc' dir='ltr'>πρὸς</span> 
     </span>
    </p>
   </div>
   <div class='ocr_carea' id='block_1_37' title="bbox 282 2907 1934 2989">
    <p class='ocr_par' dir='ltr' id='par_1_37' title="bbox 282 2907 1934 2989">
     <span class='ocr_line' id='line_1_38' title="bbox 282 2907 1934 2989; baseline -0.005 -21"><span class='ocrx_word' id='word_1_269' title='bbox 282 2911 545 2986; x_wconf 81' lang='grc' dir='ltr'>πόλεμον.</span> <span class='ocrx_word' id='word_1_270' title='bbox 578 2937 606 2965; x_wconf 89' lang='grc'>‹‹</span> <span class='ocrx_word' id='word_1_271' title='bbox 643 2915 786 2989; x_wconf 88' lang='grc' dir='ltr'>Πρὸς</span> <span class='ocrx_word' id='word_1_272' title='bbox 815 2917 913 2976; x_wconf 76' lang='grc' dir='ltr'>τὰς</span> <span class='ocrx_word' id='word_1_273' title='bbox 947 2911 1229 2987; x_wconf 78' lang='grc' dir='ltr'>μεθοδείας</span> <span class='ocrx_word' id='word_1_274' title='bbox 1269 2911 1365 2968; x_wconf 78' lang='grc' dir='ltr'>τοῦ</span> <span class='ocrx_word' id='word_1_275' title='bbox 1416 2907 1701 2967; x_wconf 77' lang='grc' dir='ltr'>διαϐόλου.</span> <span class='ocrx_word' id='word_1_276' title='bbox 1738 2934 1760 2962; x_wconf 76' lang='grc' dir='ltr'>ι</span> <span class='ocrx_word' id='word_1_277' title='bbox 1819 2908 1934 2963; x_wconf 75' lang='grc' dir='ltr'>Οὐκ</span> 
     </span>
    </p>
   </div>
   <div class='ocr_carea' id='block_1_38' title="bbox 286 2996 1933 3083">
    <p class='ocr_par' dir='ltr' id='par_1_38' title="bbox 286 2996 1933 3083">
     <span class='ocr_line' id='line_1_39' title="bbox 286 2996 1933 3083; baseline -0.005 -25"><span class='ocrx_word' id='word_1_278' title='bbox 286 3004 423 3074; x_wconf 74' lang='grc' dir='ltr'>εἶπε,</span> <span class='ocrx_word' id='word_1_279' title='bbox 454 3004 674 3083; x_wconf 79' lang='grc' dir='ltr'>Μάχας,</span> <span class='ocrx_word' id='word_1_280' title='bbox 707 3002 873 3073; x_wconf 70' lang='grc' dir='ltr'>ἀλλὰ,</span> <span class='ocrx_word' id='word_1_281' title='bbox 933 3000 1250 3069; x_wconf 80' lang='grc' dir='ltr'>Μεθοδείας,</span> <span class='ocrx_word' id='word_1_282' title='bbox 1309 3003 1440 3073; x_wconf 80' lang='grc' dir='ltr'>ὅπερ</span> <span class='ocrx_word' id='word_1_283' title='bbox 1498 2999 1608 3054; x_wconf 80' lang='grc' dir='ltr'>ἐστὶ</span> <span class='ocrx_word' id='word_1_284' title='bbox 1668 2996 1933 3083; x_wconf 75' lang='grc' dir='ltr'>χαλεπώ-</span> 
     </span>
    </p>
   </div>
   <div class='ocr_carea' id='block_1_39' title="bbox 286 3082 1934 3165">
    <p class='ocr_par' dir='ltr' id='par_1_39' title="bbox 286 3082 1934 3165">
     <span class='ocr_line' id='line_1_40' title="bbox 286 3082 1934 3165; baseline -0.004 -19"><span class='ocrx_word' id='word_1_285' title='bbox 286 3112 467 3163; x_wconf 88' lang='grc' dir='ltr'>τερον,</span> <span class='ocrx_word' id='word_1_286' title='bbox 500 3082 618 3146; x_wconf 77' lang='grc' dir='ltr'>οἷον</span> <span class='ocrx_word' id='word_1_287' title='bbox 648 3093 782 3165; x_wconf 85' lang='grc' dir='ltr'>πρὸς</span> <span class='ocrx_word' id='word_1_288' title='bbox 823 3092 917 3151; x_wconf 76' lang='grc' dir='ltr'>τὰς</span> <span class='ocrx_word' id='word_1_289' title='bbox 976 3086 1296 3159; x_wconf 75' lang='grc' dir='ltr'>ἐπιϐουλὰς,</span> <span class='ocrx_word' id='word_1_290' title='bbox 1352 3088 1491 3160; x_wconf 86' lang='grc' dir='ltr'>πρὸς</span> <span class='ocrx_word' id='word_1_291' title='bbox 1543 3088 1638 3148; x_wconf 82' lang='grc' dir='ltr'>τὰς</span> <span class='ocrx_word' id='word_1_292' title='bbox 1697 3082 1934 3160; x_wconf 79' lang='grc' dir='ltr'>ἐνέδρας,</span> 
     </span>
    </p>
   </div>
   <div class='ocr_carea' id='block_1_40' title="bbox 2039 1211 3673 1287">
    <p class='ocr_par' dir='ltr' id='par_1_40' title="bbox 2039 1211 3673 1287">
     <span class='ocr_line' id='line_1_41' title="bbox 2039 1211 3673 1287; baseline 0.012 -26"><span class='ocrx_word' id='word_1_293' title='bbox 2039 1232 2067 1261; x_wconf 79' lang='grc' dir='ltr'>α</span> <span class='ocrx_word' id='word_1_294' title='bbox 2098 1211 2344 1267; x_wconf 89' lang='lat' dir='ltr'>memini</span> <span class='ocrx_word' id='word_1_295' title='bbox 2378 1213 2438 1267; x_wconf 88' lang='lat' dir='ltr'>in</span> <span class='ocrx_word' id='word_1_296' title='bbox 2465 1213 2734 1278; x_wconf 88' lang='lat' dir='ltr'>Domino,</span> <span class='ocrx_word' id='word_1_297' title='bbox 2768 1219 2826 1269; x_wconf 89' lang='lat' dir='ltr'>et</span> <span class='ocrx_word' id='word_1_298' title='bbox 2856 1216 2915 1271; x_wconf 90' lang='lat' dir='ltr'>in</span> <span class='ocrx_word' id='word_1_299' title='bbox 2948 1218 3210 1287; x_wconf 88' lang='lat' dir='ltr'>potentia</span> <span class='ocrx_word' id='word_1_300' title='bbox 3238 1219 3470 1277; x_wconf 83' lang='lat' dir='ltr'>roboris</span> <span class='ocrx_word' id='word_1_301' title='bbox 3493 1221 3673 1281; x_wconf 88' lang='lat' dir='ltr'>illius.</span> 
     </span>
    </p>
   </div>
   <div class='ocr_carea' id='block_1_41' title="bbox 2036 1300 3681 1384">
    <p class='ocr_par' dir='ltr' id='par_1_41' title="bbox 2036 1300 3681 1384">
     <span class='ocr_line' id='line_1_42' title="bbox 2036 1300 3681 1384; baseline 0.009 -31"><span class='ocrx_word' id='word_1_302' title='bbox 2036 1323 2065 1351; x_wconf 82' lang='lat'>«</span> <span class='ocrx_word' id='word_1_303' title='bbox 2099 1300 2328 1356; x_wconf 87' lang='lat' dir='ltr'>lnduite</span> <span class='ocrx_word' id='word_1_304' title='bbox 2359 1301 2702 1373; x_wconf 88' lang='lat' dir='ltr'>panopliam</span> <span class='ocrx_word' id='word_1_305' title='bbox 2758 1303 2841 1374; x_wconf 91' lang='lat' dir='ltr'>(id</span> <span class='ocrx_word' id='word_1_306' title='bbox 2890 1312 2998 1372; x_wconf 89' lang='lat' dir='ltr'>est,</span> <span class='ocrx_word' id='word_1_307' title='bbox 3053 1311 3236 1363; x_wconf 87' lang='lat' dir='ltr'>totam</span> <span class='ocrx_word' id='word_1_308' title='bbox 3295 1312 3681 1384; x_wconf 89' lang='lat' dir='ltr'>armaturam)</span> 
     </span>
    </p>
   </div>
   <div class='ocr_carea' id='block_1_42' title="bbox 2036 1390 3679 1461">
    <p class='ocr_par' dir='ltr' id='par_1_42' title="bbox 2036 1390 3679 1461">
     <span class='ocr_line' id='line_1_43' title="bbox 2036 1390 3679 1461; baseline 0.009 -19"><span class='ocrx_word' id='word_1_309' title='bbox 2036 1412 2063 1440; x_wconf 87' lang='grc'><em>‹‹</em></span> <span class='ocrx_word' id='word_1_310' title='bbox 2095 1390 2221 1454; x_wconf 88' lang='lat' dir='ltr'>Dei,</span> <span class='ocrx_word' id='word_1_311' title='bbox 2248 1395 2312 1445; x_wconf 90' lang='lat' dir='ltr'>ut</span> <span class='ocrx_word' id='word_1_312' title='bbox 2344 1390 2584 1461; x_wconf 83' lang='lat' dir='ltr'>possitis</span> <span class='ocrx_word' id='word_1_313' title='bbox 2615 1397 2771 1447; x_wconf 88' lang='lat' dir='ltr'>stare</span> <span class='ocrx_word' id='word_1_314' title='bbox 2800 1393 3081 1450; x_wconf 83' lang='lat' dir='ltr'>adversus</span> <span class='ocrx_word' id='word_1_315' title='bbox 3109 1396 3369 1453; x_wconf 81' lang='lat' dir='ltr'>assultus</span> <span class='ocrx_word' id='word_1_316' title='bbox 3419 1399 3639 1456; x_wconf 89' lang='lat' dir='ltr'>diaboli</span> <span class='ocrx_word' id='word_1_317' title='bbox 3665 1417 3679 1457; x_wconf 88' lang='lat'><strong>:</strong></span> 
     </span>
    </p>
   </div>
   <div class='ocr_carea' id='block_1_43' title="bbox 2037 1479 3684 1549">
    <p class='ocr_par' dir='ltr' id='par_1_43' title="bbox 2037 1479 3684 1549">
     <span class='ocr_line' id='line_1_44' title="bbox 2037 1479 3684 1549; baseline 0.009 -17"><span class='ocrx_word' id='word_1_318' title='bbox 2037 1501 2063 1528; x_wconf 86' lang='lat'><strong>«</strong></span> <span class='ocrx_word' id='word_1_319' title='bbox 2099 1479 2380 1549; x_wconf 86' lang='lat' dir='ltr'>quoniam</span> <span class='ocrx_word' id='word_1_320' title='bbox 2414 1495 2534 1534; x_wconf 91' lang='lat' dir='ltr'>non</span> <span class='ocrx_word' id='word_1_321' title='bbox 2565 1485 2656 1535; x_wconf 85' lang='lat' dir='ltr'>est</span> <span class='ocrx_word' id='word_1_322' title='bbox 2684 1480 2860 1537; x_wconf 90' lang='lat' dir='ltr'>nobis</span> <span class='ocrx_word' id='word_1_323' title='bbox 2880 1482 3038 1539; x_wconf 91' lang='lat' dir='ltr'>lucta</span> <span class='ocrx_word' id='word_1_324' title='bbox 3057 1485 3339 1542; x_wconf 80' lang='lat' dir='ltr'>adversus</span> <span class='ocrx_word' id='word_1_325' title='bbox 3360 1505 3600 1545; x_wconf 88' lang='lat' dir='ltr'>carnem</span> <span class='ocrx_word' id='word_1_326' title='bbox 3624 1494 3684 1545; x_wconf 87' lang='lat' dir='ltr'>et</span> 
     </span>
    </p>
   </div>
   <div class='ocr_carea' id='block_1_44' title="bbox 2038 1567 3680 1646">
    <p class='ocr_par' dir='ltr' id='par_1_44' title="bbox 2038 1567 3680 1646">
     <span class='ocr_line' id='line_1_45' title="bbox 2038 1567 3680 1646; baseline 0.01 -28"><span class='ocrx_word' id='word_1_327' title='bbox 2038 1589 2064 1617; x_wconf 88' lang='grc'>‹‹</span> <span class='ocrx_word' id='word_1_328' title='bbox 2100 1567 2477 1640; x_wconf 76' lang='lat' dir='ltr'>sanguinem,</span> <span class='ocrx_word' id='word_1_329' title='bbox 2509 1568 2612 1624; x_wconf 90' lang='lat' dir='ltr'>sed</span> <span class='ocrx_word' id='word_1_330' title='bbox 2644 1569 2925 1627; x_wconf 86' lang='lat' dir='ltr'>adversus</span> <span class='ocrx_word' id='word_1_331' title='bbox 2956 1574 3343 1646; x_wconf 83' lang='lat' dir='ltr'>principatus,</span> <span class='ocrx_word' id='word_1_332' title='bbox 3396 1577 3680 1635; x_wconf 86' lang='lat' dir='ltr'>adversus</span> 
     </span>
    </p>
   </div>
   <div class='ocr_carea' id='block_1_45' title="bbox 2038 1657 3683 1729">
    <p class='ocr_par' dir='ltr' id='par_1_45' title="bbox 2038 1657 3683 1729">
     <span class='ocr_line' id='line_1_46' title="bbox 2038 1657 3683 1729; baseline 0.012 -24"><span class='ocrx_word' id='word_1_333' title='bbox 2038 1680 2064 1705; x_wconf 89' lang='grc'>‹‹</span> <span class='ocrx_word' id='word_1_334' title='bbox 2095 1662 2437 1729; x_wconf 80' lang='lat' dir='ltr'>potestates,</span> <span class='ocrx_word' id='word_1_335' title='bbox 2470 1657 2747 1714; x_wconf 89' lang='lat' dir='ltr'>adversus</span> <span class='ocrx_word' id='word_1_336' title='bbox 2770 1661 2974 1715; x_wconf 90' lang='lat' dir='ltr'>mundi</span> <span class='ocrx_word' id='word_1_337' title='bbox 2998 1661 3273 1720; x_wconf 91' lang='lat' dir='ltr'>dominos</span> <span class='ocrx_word' id='word_1_338' title='bbox 3301 1667 3683 1725; x_wconf 82' lang='lat' dir='ltr'>tenebrarum</span> 
     </span>
    </p>
   </div>
   <div class='ocr_carea' id='block_1_46' title="bbox 2039 1747 3682 1823">
    <p class='ocr_par' dir='ltr' id='par_1_46' title="bbox 2039 1747 3682 1823">
     <span class='ocr_line' id='line_1_47' title="bbox 2039 1747 3682 1823; baseline 0.01 -26"><span class='ocrx_word' id='word_1_339' title='bbox 2039 1769 2067 1797; x_wconf 88' lang='lat'><strong>«</strong></span> <span class='ocrx_word' id='word_1_340' title='bbox 2102 1747 2302 1802; x_wconf 67' lang='lat' dir='ltr'>saeculi</span> <span class='ocrx_word' id='word_1_341' title='bbox 2351 1747 2552 1820; x_wconf 84' lang='lat' dir='ltr'>hujus,</span> <span class='ocrx_word' id='word_1_342' title='bbox 2612 1748 2890 1805; x_wconf 84' lang='lat' dir='ltr'>adversus</span> <span class='ocrx_word' id='word_1_343' title='bbox 2949 1753 3279 1823; x_wconf 88' lang='lat' dir='ltr'>spiritualia</span> <span class='ocrx_word' id='word_1_344' title='bbox 3328 1757 3571 1813; x_wconf 71' lang='lat' dir='ltr'>malitias</span> <span class='ocrx_word' id='word_1_345' title='bbox 3619 1758 3682 1813; x_wconf 90' lang='lat' dir='ltr'>in</span> 
     </span>
    </p>
   </div>
   <div class='ocr_carea' id='block_1_47' title="bbox 2036 1835 3682 1921">
    <p class='ocr_par' dir='ltr' id='par_1_47' title="bbox 2036 1835 3682 1921">
     <span class='ocr_line' id='line_1_48' title="bbox 2036 1835 3682 1921; baseline 0.012 -36"><span class='ocrx_word' id='word_1_346' title='bbox 2036 1857 2064 1885; x_wconf 84' lang='grc'><strong>‹‹</strong></span> <span class='ocrx_word' id='word_1_347' title='bbox 2096 1835 2453 1891; x_wconf 73' lang='lat' dir='ltr'>cmlestibus.</span> <span class='ocrx_word' id='word_1_348' title='bbox 2486 1837 2855 1910; x_wconf 86' lang='lat' dir='ltr'>Quapropter</span> <span class='ocrx_word' id='word_1_349' title='bbox 2883 1842 3168 1897; x_wconf 86' lang='lat' dir='ltr'>assumite</span> <span class='ocrx_word' id='word_1_350' title='bbox 3193 1846 3535 1917; x_wconf 87' lang='lat' dir='ltr'>panopliam</span> <span class='ocrx_word' id='word_1_351' title='bbox 3560 1849 3682 1921; x_wconf 83' lang='lat' dir='ltr'>Dei,</span> 
     </span>
    </p>
   </div>
   <div class='ocr_carea' id='block_1_48' title="bbox 2036 1924 3685 2003">
    <p class='ocr_par' dir='ltr' id='par_1_48' title="bbox 2036 1924 3685 2003">
     <span class='ocr_line' id='line_1_49' title="bbox 2036 1924 3685 2003; baseline 0.013 -31"><span class='ocrx_word' id='word_1_352' title='bbox 2036 1947 2063 1972; x_wconf 86' lang='grc'><em>‹‹</em></span> <span class='ocrx_word' id='word_1_353' title='bbox 2096 1931 2162 1979; x_wconf 89' lang='lat' dir='ltr'>ut</span> <span class='ocrx_word' id='word_1_354' title='bbox 2192 1924 2433 1995; x_wconf 89' lang='lat' dir='ltr'>possitis</span> <span class='ocrx_word' id='word_1_355' title='bbox 2475 1926 2753 1982; x_wconf 85' lang='lat' dir='ltr'>resistere</span> <span class='ocrx_word' id='word_1_356' title='bbox 2805 1928 2867 1983; x_wconf 90' lang='lat' dir='ltr'>in</span> <span class='ocrx_word' id='word_1_357' title='bbox 2922 1928 3018 1985; x_wconf 90' lang='lat' dir='ltr'>die</span> <span class='ocrx_word' id='word_1_358' title='bbox 3067 1932 3245 2003; x_wconf 87' lang='lat' dir='ltr'>malo,</span> <span class='ocrx_word' id='word_1_359' title='bbox 3298 1941 3354 1989; x_wconf 92' lang='lat' dir='ltr'>et</span> <span class='ocrx_word' id='word_1_360' title='bbox 3408 1936 3685 1992; x_wconf 89' lang='lat' dir='ltr'>omnibus</span> 
     </span>
    </p>
   </div>
   <div class='ocr_carea' id='block_1_49' title="bbox 2035 2015 2614 2073">
    <p class='ocr_par' dir='ltr' id='par_1_49' title="bbox 2035 2015 2614 2073">
     <span class='ocr_line' id='line_1_50' title="bbox 2035 2015 2614 2073; baseline 0.012 -7"><span class='ocrx_word' id='word_1_361' title='bbox 2035 2038 2062 2066; x_wconf 86' lang='grc'><em>‹‹</em></span> <span class='ocrx_word' id='word_1_362' title='bbox 2097 2015 2341 2070; x_wconf 85' lang='lat' dir='ltr'>devictis</span> <span class='ocrx_word' id='word_1_363' title='bbox 2371 2020 2531 2071; x_wconf 86' lang='lat' dir='ltr'>stare</span> <span class='ocrx_word' id='word_1_364' title='bbox 2563 2039 2614 2073; x_wconf 85' lang='lat'>».</span> 
     </span>
    </p>
   </div>
   <div class='ocr_carea' id='block_1_50' title="bbox 2108 2197 3684 2278">
    <p class='ocr_par' dir='ltr' id='par_1_50' title="bbox 2108 2197 3684 2278">
     <span class='ocr_line' id='line_1_51' title="bbox 2108 2197 3684 2278; baseline 0.008 -28"><span class='ocrx_word' id='word_1_365' title='bbox 2108 2197 2452 2267; x_wconf 84' lang='lat' dir='ltr'>Postquam,</span> <span class='ocrx_word' id='word_1_366' title='bbox 2484 2197 2702 2269; x_wconf 88' lang='lat' dir='ltr'>inquit,</span> <span class='ocrx_word' id='word_1_367' title='bbox 2738 2198 2875 2255; x_wconf 91' lang='lat' dir='ltr'>data</span> <span class='ocrx_word' id='word_1_368' title='bbox 2899 2207 3038 2256; x_wconf 90' lang='lat' dir='ltr'>sunt</span> <span class='ocrx_word' id='word_1_369' title='bbox 3066 2202 3341 2260; x_wconf 83' lang='lat' dir='ltr'>decentia</span> <span class='ocrx_word' id='word_1_370' title='bbox 3370 2212 3684 2278; x_wconf 79' lang='lat' dir='ltr'>prmcepta,</span> 
     </span>
    </p>
   </div>
   <div class='ocr_carea' id='block_1_51' title="bbox 2036 2285 3687 2360">
    <p class='ocr_par' dir='ltr' id='par_1_51' title="bbox 2036 2285 3687 2360">
     <span class='ocr_line' id='line_1_52' title="bbox 2036 2285 3687 2360; baseline 0.007 -21"><span class='ocrx_word' id='word_1_371' title='bbox 2036 2285 2148 2340; x_wconf 91' lang='lat' dir='ltr'>hoc</span> <span class='ocrx_word' id='word_1_372' title='bbox 2178 2302 2550 2356; x_wconf 90' lang='lat' dir='ltr'>consequens</span> <span class='ocrx_word' id='word_1_373' title='bbox 2581 2304 2647 2342; x_wconf 88' lang='lat' dir='ltr'>ac</span> <span class='ocrx_word' id='word_1_374' title='bbox 2679 2287 2977 2360; x_wconf 89' lang='lat' dir='ltr'>reliquum</span> <span class='ocrx_word' id='word_1_375' title='bbox 3009 2296 3116 2360; x_wconf 89' lang='lat' dir='ltr'>est,</span> <span class='ocrx_word' id='word_1_376' title='bbox 3156 2298 3222 2347; x_wconf 87' lang='lat' dir='ltr'>ut</span> <span class='ocrx_word' id='word_1_377' title='bbox 3249 2293 3432 2349; x_wconf 80' lang='lat' dir='ltr'>fortes</span> <span class='ocrx_word' id='word_1_378' title='bbox 3463 2294 3593 2350; x_wconf 80' lang='lat' dir='ltr'>sitis</span> <span class='ocrx_word' id='word_1_379' title='bbox 3624 2295 3687 2350; x_wconf 92' lang='lat' dir='ltr'>in</span> 
     </span>
    </p>
   </div>
   <div class='ocr_carea' id='block_1_52' title="bbox 2037 2375 3687 2452">
    <p class='ocr_par' dir='ltr' id='par_1_52' title="bbox 2037 2375 3687 2452">
     <span class='ocr_line' id='line_1_53' title="bbox 2037 2375 3687 2452; baseline 0.005 -21"><span class='ocrx_word' id='word_1_380' title='bbox 2037 2375 2307 2439; x_wconf 89' lang='lat' dir='ltr'>Domino,</span> <span class='ocrx_word' id='word_1_381' title='bbox 2342 2376 2454 2430; x_wconf 87' lang='lat' dir='ltr'>hoc</span> <span class='ocrx_word' id='word_1_382' title='bbox 2486 2381 2577 2431; x_wconf 90' lang='lat' dir='ltr'>est</span> <span class='ocrx_word' id='word_1_383' title='bbox 2606 2393 2709 2448; x_wconf 90' lang='lat' dir='ltr'>spe</span> <span class='ocrx_word' id='word_1_384' title='bbox 2740 2378 2836 2434; x_wconf 71' lang='lat'>57</span> <span class='ocrx_word' id='word_1_385' title='bbox 2875 2395 3005 2449; x_wconf 80' lang='lat' dir='ltr'>qum</span> <span class='ocrx_word' id='word_1_386' title='bbox 3033 2378 3093 2435; x_wconf 90' lang='lat' dir='ltr'>in</span> <span class='ocrx_word' id='word_1_387' title='bbox 3126 2380 3318 2452; x_wconf 90' lang='lat' dir='ltr'>ipsum</span> <span class='ocrx_word' id='word_1_388' title='bbox 3353 2388 3461 2439; x_wconf 89' lang='lat' dir='ltr'>est.</span> <span class='ocrx_word' id='word_1_389' title='bbox 3483 2406 3510 2433; x_wconf 90' lang='grc'><strong>‹‹</strong></span> <span class='ocrx_word' id='word_1_390' title='bbox 3536 2386 3603 2439; x_wconf 84' lang='grc' dir='ltr'>Ει</span> <span class='ocrx_word' id='word_1_391' title='bbox 3624 2384 3687 2439; x_wconf 89' lang='lat' dir='ltr'>in</span> 
     </span>
    </p>
   </div>
   <div class='ocr_carea' id='block_1_53' title="bbox 2038 2464 3686 2541">
    <p class='ocr_par' dir='ltr' id='par_1_53' title="bbox 2038 2464 3686 2541">
     <span class='ocr_line' id='line_1_54' title="bbox 2038 2464 3686 2541; baseline 0.006 -23"><span class='ocrx_word' id='word_1_392' title='bbox 2038 2464 2301 2536; x_wconf 85' lang='lat' dir='ltr'>potentia</span> <span class='ocrx_word' id='word_1_393' title='bbox 2320 2465 2553 2520; x_wconf 84' lang='lat' dir='ltr'>roboris</span> <span class='ocrx_word' id='word_1_394' title='bbox 2584 2464 2766 2521; x_wconf 89' lang='lat' dir='ltr'>illius.</span> <span class='ocrx_word' id='word_1_395' title='bbox 2800 2488 2828 2517; x_wconf 81' lang='lat'><strong>»</strong></span> <span class='ocrx_word' id='word_1_396' title='bbox 2863 2469 3004 2524; x_wconf 89' lang='lat' dir='ltr'>Nam</span> <span class='ocrx_word' id='word_1_397' title='bbox 3038 2487 3145 2541; x_wconf 91' lang='lat' dir='ltr'>per</span> <span class='ocrx_word' id='word_1_398' title='bbox 3182 2470 3345 2527; x_wconf 88' lang='lat' dir='ltr'>illius</span> <span class='ocrx_word' id='word_1_399' title='bbox 3402 2474 3686 2528; x_wconf 86' lang='lat' dir='ltr'>auxilium</span> 
     </span>
    </p>
   </div>
   <div class='ocr_carea' id='block_1_54' title="bbox 2037 2553 3688 2631">
    <p class='ocr_par' dir='ltr' id='par_1_54' title="bbox 2037 2553 3688 2631">
     <span class='ocr_line' id='line_1_55' title="bbox 2037 2553 3688 2631; baseline 0.004 -23"><span class='ocrx_word' id='word_1_400' title='bbox 2037 2553 2328 2625; x_wconf 78' lang='lat' dir='ltr'>contingit</span> <span class='ocrx_word' id='word_1_401' title='bbox 2350 2571 2459 2609; x_wconf 89' lang='lat' dir='ltr'>nos</span> <span class='ocrx_word' id='word_1_402' title='bbox 2482 2554 2544 2609; x_wconf 88' lang='lat' dir='ltr'>in</span> <span class='ocrx_word' id='word_1_403' title='bbox 2567 2570 2637 2609; x_wconf 92' lang='lat' dir='ltr'>eo</span> <span class='ocrx_word' id='word_1_404' title='bbox 2660 2572 2920 2626; x_wconf 89' lang='lat' dir='ltr'>sperare.</span> <span class='ocrx_word' id='word_1_405' title='bbox 2946 2559 3047 2612; x_wconf 88' lang='lat' dir='ltr'>Est</span> <span class='ocrx_word' id='word_1_406' title='bbox 3067 2559 3228 2613; x_wconf 89' lang='lat' dir='ltr'>enim</span> <span class='ocrx_word' id='word_1_407' title='bbox 3252 2560 3441 2628; x_wconf 85' lang='lat' dir='ltr'>fortis,</span> <span class='ocrx_word' id='word_1_408' title='bbox 3473 2562 3688 2631; x_wconf 84' lang='lat' dir='ltr'>inquit,</span> 
     </span>
    </p>
   </div>
   <div class='ocr_carea' id='block_1_55' title="bbox 2038 2642 3692 2719">
    <p class='ocr_par' dir='ltr' id='par_1_55' title="bbox 2038 2642 3692 2719">
     <span class='ocr_line' id='line_1_56' title="bbox 2038 2642 3692 2719; baseline 0.004 -21"><span class='ocrx_word' id='word_1_409' title='bbox 2038 2648 2096 2698; x_wconf 87' lang='lat' dir='ltr'>et</span> <span class='ocrx_word' id='word_1_410' title='bbox 2125 2642 2430 2698; x_wconf 79' lang='lat' dir='ltr'>sufficiens</span> <span class='ocrx_word' id='word_1_411' title='bbox 2461 2643 2559 2714; x_wconf 90' lang='lat' dir='ltr'>qui</span> <span class='ocrx_word' id='word_1_412' title='bbox 2593 2646 2796 2699; x_wconf 90' lang='lat' dir='ltr'>omnia</span> <span class='ocrx_word' id='word_1_413' title='bbox 2832 2662 3114 2717; x_wconf 87' lang='lat' dir='ltr'>prospere</span> <span class='ocrx_word' id='word_1_414' title='bbox 3146 2654 3522 2719; x_wconf 85' lang='lat' dir='ltr'>exsequatur.</span> <span class='ocrx_word' id='word_1_415' title='bbox 3548 2671 3575 2697; x_wconf 89' lang='grc'>‹‹</span> <span class='ocrx_word' id='word_1_416' title='bbox 3603 2649 3692 2703; x_wconf 86' lang='lat' dir='ltr'>In-</span> 
     </span>
    </p>
   </div>
   <div class='ocr_carea' id='block_1_56' title="bbox 2038 2732 3687 2803">
    <p class='ocr_par' dir='ltr' id='par_1_56' title="bbox 2038 2732 3687 2803">
     <span class='ocr_line' id='line_1_57' title="bbox 2038 2732 3687 2803; baseline 0.003 -16"><span class='ocrx_word' id='word_1_417' title='bbox 2038 2732 2200 2787; x_wconf 89' lang='lat' dir='ltr'>duite</span> <span class='ocrx_word' id='word_1_418' title='bbox 2218 2732 2557 2803; x_wconf 89' lang='lat' dir='ltr'>panopliam</span> <span class='ocrx_word' id='word_1_419' title='bbox 2581 2732 2704 2787; x_wconf 88' lang='lat' dir='ltr'>Dei.</span> <span class='ocrx_word' id='word_1_420' title='bbox 2730 2753 2757 2781; x_wconf 84' lang='grc'><strong>››</strong></span> <span class='ocrx_word' id='word_1_421' title='bbox 2784 2734 3103 2803; x_wconf 88' lang='lat' dir='ltr'>Postquam</span> <span class='ocrx_word' id='word_1_422' title='bbox 3129 2751 3336 2790; x_wconf 86' lang='lat' dir='ltr'>omnes</span> <span class='ocrx_word' id='word_1_423' title='bbox 3355 2752 3460 2791; x_wconf 91' lang='lat' dir='ltr'>suo</span> <span class='ocrx_word' id='word_1_424' title='bbox 3480 2737 3687 2792; x_wconf 82' lang='lat' dir='ltr'>ordine</span> 
     </span>
    </p>
   </div>
   <div class='ocr_carea' id='block_1_57' title="bbox 2039 2819 3687 2896">
    <p class='ocr_par' dir='ltr' id='par_1_57' title="bbox 2039 2819 3687 2896">
     <span class='ocr_line' id='line_1_58' title="bbox 2039 2819 3687 2896; baseline 0.004 -21"><span class='ocrx_word' id='word_1_425' title='bbox 2039 2821 2353 2891; x_wconf 88' lang='lat' dir='ltr'>disposuit,</span> <span class='ocrx_word' id='word_1_426' title='bbox 2394 2819 2678 2890; x_wconf 84' lang='lat' dir='ltr'>deinceps</span> <span class='ocrx_word' id='word_1_427' title='bbox 2710 2820 2888 2875; x_wconf 88' lang='lat' dir='ltr'>etiam</span> <span class='ocrx_word' id='word_1_428' title='bbox 2920 2827 3112 2877; x_wconf 85' lang='lat' dir='ltr'>armat</span> <span class='ocrx_word' id='word_1_429' title='bbox 3132 2823 3291 2893; x_wconf 91' lang='lat' dir='ltr'>ipsos</span> <span class='ocrx_word' id='word_1_430' title='bbox 3314 2831 3594 2896; x_wconf 86' lang='lat' dir='ltr'>tanquam</span> <span class='ocrx_word' id='word_1_431' title='bbox 3613 2826 3687 2882; x_wconf 87' lang='lat' dir='ltr'>ad</span> 
     </span>
    </p>
   </div>
   <div class='ocr_carea' id='block_1_58' title="bbox 2038 2908 3688 2974">
    <p class='ocr_par' dir='ltr' id='par_1_58' title="bbox 2038 2908 3688 2974">
     <span class='ocr_line' id='line_1_59' title="bbox 2038 2908 3688 2974; baseline 0.005 -9"><span class='ocrx_word' id='word_1_432' title='bbox 2038 2910 2284 2965; x_wconf 88' lang='lat' dir='ltr'>bellum.</span> <span class='ocrx_word' id='word_1_433' title='bbox 2324 2933 2344 2957; x_wconf 78' lang='grc' dir='ltr'>ι</span> <span class='ocrx_word' id='word_1_434' title='bbox 2379 2908 2673 2965; x_wconf 82' lang='lat' dir='ltr'>Adversus</span> <span class='ocrx_word' id='word_1_435' title='bbox 2703 2911 2963 2967; x_wconf 88' lang='lat' dir='ltr'>assultus</span> <span class='ocrx_word' id='word_1_436' title='bbox 2990 2913 3227 2969; x_wconf 89' lang='lat' dir='ltr'>diaboli.</span> <span class='ocrx_word' id='word_1_437' title='bbox 3266 2938 3293 2965; x_wconf 85' lang='grc'>››</span> <span class='ocrx_word' id='word_1_438' title='bbox 3335 2917 3461 2971; x_wconf 84' lang='lat' dir='ltr'>Non</span> <span class='ocrx_word' id='word_1_439' title='bbox 3492 2918 3641 2973; x_wconf 77' lang='lat' dir='ltr'>dixit</span> <span class='ocrx_word' id='word_1_440' title='bbox 3673 2935 3688 2974; x_wconf 86' lang='lat'><strong>:</strong></span> 
     </span>
    </p>
   </div>
   <div class='ocr_carea' id='block_1_59' title="bbox 2040 2998 3691 3075">
    <p class='ocr_par' dir='ltr' id='par_1_59' title="bbox 2040 2998 3691 3075">
     <span class='ocr_line' id='line_1_60' title="bbox 2040 2998 3691 3075; baseline 0.006 -22"><span class='ocrx_word' id='word_1_441' title='bbox 2040 3001 2292 3069; x_wconf 82' lang='lat' dir='ltr'>Pugnas,</span> <span class='ocrx_word' id='word_1_442' title='bbox 2329 2999 2451 3061; x_wconf 84' lang='lat' dir='ltr'>sed,</span> <span class='ocrx_word' id='word_1_443' title='bbox 2487 2998 2780 3068; x_wconf 76' lang='lat' dir='ltr'>Assultus,</span> <span class='ocrx_word' id='word_1_444' title='bbox 2814 3001 2972 3072; x_wconf 88' lang='lat' dir='ltr'>quod</span> <span class='ocrx_word' id='word_1_445' title='bbox 2996 3002 3270 3060; x_wconf 89' lang='lat' dir='ltr'>miserius</span> <span class='ocrx_word' id='word_1_446' title='bbox 3293 3011 3382 3060; x_wconf 89' lang='lat' dir='ltr'>est</span> <span class='ocrx_word' id='word_1_447' title='bbox 3409 3023 3422 3072; x_wconf 92' lang='lat'><strong>;</strong></span> <span class='ocrx_word' id='word_1_448' title='bbox 3448 3007 3556 3062; x_wconf 87' lang='lat' dir='ltr'>hoc</span> <span class='ocrx_word' id='word_1_449' title='bbox 3579 3014 3691 3075; x_wconf 89' lang='lat' dir='ltr'>est,</span> 
     </span>
    </p>
   </div>
   <div class='ocr_carea' id='block_1_60' title="bbox 2040 3086 3691 3157">
    <p class='ocr_par' dir='ltr' id='par_1_60' title="bbox 2040 3086 3691 3157">
     <span class='ocr_line' id='line_1_61' title="bbox 2040 3086 3691 3157; baseline 0.007 -17"><span class='ocrx_word' id='word_1_450' title='bbox 2040 3086 2319 3140; x_wconf 87' lang='lat' dir='ltr'>adversus</span> <span class='ocrx_word' id='word_1_451' title='bbox 2345 3086 2613 3149; x_wconf 82' lang='lat' dir='ltr'>insidias,</span> <span class='ocrx_word' id='word_1_452' title='bbox 2634 3087 2916 3144; x_wconf 87' lang='lat' dir='ltr'>adversus</span> <span class='ocrx_word' id='word_1_453' title='bbox 2938 3090 3483 3157; x_wconf 81' lang='lat' dir='ltr'>fraudes,adversus</span> <span class='ocrx_word' id='word_1_454' title='bbox 3501 3095 3691 3152; x_wconf 87' lang='lat' dir='ltr'>dolos.</span> 
     </span>
    </p>
   </div>
   <div class='ocr_carea' id='block_1_61' title="bbox 289 3172 1941 3253">
    <p class='ocr_par' dir='ltr' id='par_1_61' title="bbox 289 3172 1935 3252">
     <span class='ocr_line' id='line_1_62' title="bbox 289 3172 1935 3252; baseline -0.003 -19"><span class='ocrx_word' id='word_1_455' title='bbox 289 3179 426 3252; x_wconf 84' lang='grc' dir='ltr'>πρὸς</span> <span class='ocrx_word' id='word_1_456' title='bbox 454 3177 581 3239; x_wconf 69' lang='grc' dir='ltr'>τους</span> <span class='ocrx_word' id='word_1_457' title='bbox 613 3176 833 3240; x_wconf 89' lang='grc' dir='ltr'>δόλους,</span> <span class='ocrx_word' id='word_1_458' title='bbox 868 3202 897 3229; x_wconf 89' lang='grc'>‹‹</span> <span class='ocrx_word' id='word_1_459' title='bbox 930 3178 1044 3235; x_wconf 73' lang='grc' dir='ltr'>Οὔκ</span> <span class='ocrx_word' id='word_1_460' title='bbox 1095 3176 1239 3232; x_wconf 73' lang='grc' dir='ltr'>ἔστιν</span> <span class='ocrx_word' id='word_1_461' title='bbox 1295 3179 1431 3250; x_wconf 74' lang='grc' dir='ltr'>ἡμῖν</span> <span class='ocrx_word' id='word_1_462' title='bbox 1491 3178 1526 3245; x_wconf 80' lang='grc' dir='ltr'>ὴ</span> <span class='ocrx_word' id='word_1_463' title='bbox 1588 3172 1738 3245; x_wconf 81' lang='grc' dir='ltr'>πάλη</span> <span class='ocrx_word' id='word_1_464' title='bbox 1797 3174 1935 3250; x_wconf 82' lang='grc' dir='ltr'>πρὸς</span> 
     </span>
    </p>
   </div>
   <div class='ocr_carea' id='block_1_62' title="bbox 2052 3172 3693 3253">
    <p class='ocr_par' dir='ltr' id='par_1_62' title="bbox 2052 3175 3693 3241">
     <span class='ocr_line' id='line_1_63' title="bbox 2052 3175 3693 3241; baseline 0.01 -16"><span class='ocrx_word' id='word_1_465' title='bbox 2052 3197 2071 3225; x_wconf 89' lang='grc' dir='ltr'>ι</span> <span class='ocrx_word' id='word_1_466' title='bbox 2107 3176 2231 3230; x_wconf 80' lang='lat' dir='ltr'>Non</span> <span class='ocrx_word' id='word_1_467' title='bbox 2264 3179 2353 3230; x_wconf 88' lang='lat' dir='ltr'>est</span> <span class='ocrx_word' id='word_1_468' title='bbox 2382 3175 2556 3230; x_wconf 86' lang='lat' dir='ltr'>nobis</span> <span class='ocrx_word' id='word_1_469' title='bbox 2606 3177 2946 3233; x_wconf 78' lang='lat' dir='ltr'>colluctatio</span> <span class='ocrx_word' id='word_1_470' title='bbox 3006 3180 3288 3238; x_wconf 81' lang='lat' dir='ltr'>adversus</span> <span class='ocrx_word' id='word_1_471' title='bbox 3339 3200 3579 3240; x_wconf 87' lang='lat' dir='ltr'>carnem</span> <span class='ocrx_word' id='word_1_472' title='bbox 3634 3191 3693 3241; x_wconf 88' lang='lat' dir='ltr'>et</span> 
     </span>
    </p>
   </div>
   <div class='ocr_carea' id='block_1_63' title="bbox 291 3263 1935 3346">
    <p class='ocr_par' dir='ltr' id='par_1_63' title="bbox 291 3263 1935 3346">
     <span class='ocr_line' id='line_1_64' title="bbox 291 3263 1935 3346; baseline -0.002 -24"><span class='ocrx_word' id='word_1_473' title='bbox 291 3268 427 3341; x_wconf 71' lang='grc' dir='ltr'>αἷμα</span> <span class='ocrx_word' id='word_1_474' title='bbox 455 3268 544 3322; x_wconf 83' lang='grc' dir='ltr'>καὶ</span> <span class='ocrx_word' id='word_1_475' title='bbox 577 3267 766 3342; x_wconf 82' lang='grc' dir='ltr'>σάρκα.</span> <span class='ocrx_word' id='word_1_476' title='bbox 810 3292 839 3319; x_wconf 74' lang='grc' dir='ltr'>»ι</span> <span class='ocrx_word' id='word_1_477' title='bbox 869 3269 1049 3324; x_wconf 73' lang='grc' dir='ltr'>Ταῦτά</span> <span class='ocrx_word' id='word_1_478' title='bbox 1113 3287 1246 3346; x_wconf 75' lang='grc' dir='ltr'>φησι</span> <span class='ocrx_word' id='word_1_479' title='bbox 1306 3263 1517 3327; x_wconf 71' lang='grc' dir='ltr'>δεικνὺς</span> <span class='ocrx_word' id='word_1_480' title='bbox 1582 3264 1665 3319; x_wconf 77' lang='grc' dir='ltr'>ὅτι</span> <span class='ocrx_word' id='word_1_481' title='bbox 1721 3266 1935 3338; x_wconf 74' lang='grc' dir='ltr'>νήψεως</span> 
     </span>
    </p>
   </div>
   <div class='ocr_carea' id='block_1_64' title="bbox 289 3352 1938 3433">
    <p class='ocr_par' dir='ltr' id='par_1_64' title="bbox 289 3352 1938 3433">
     <span class='ocr_line' id='line_1_65' title="bbox 289 3352 1938 3433; baseline -0.002 -22"><span class='ocrx_word' id='word_1_482' title='bbox 289 3356 450 3433; x_wconf 84' lang='grc' dir='ltr'>χρεία</span> <span class='ocrx_word' id='word_1_483' title='bbox 477 3357 567 3412; x_wconf 80' lang='grc' dir='ltr'>καὶ</span> <span class='ocrx_word' id='word_1_484' title='bbox 598 3358 995 3431; x_wconf 69' lang='grc' dir='ltr'>γρηγορήσεως</span> <span class='ocrx_word' id='word_1_485' title='bbox 1024 3358 1160 3431; x_wconf 81' lang='grc' dir='ltr'>πρὸς</span> <span class='ocrx_word' id='word_1_486' title='bbox 1213 3356 1306 3411; x_wconf 80' lang='grc' dir='ltr'>τὸν</span> <span class='ocrx_word' id='word_1_487' title='bbox 1364 3353 1633 3429; x_wconf 87' lang='grc' dir='ltr'>πόλεμον,</span> <span class='ocrx_word' id='word_1_488' title='bbox 1692 3352 1752 3409; x_wconf 77' lang='grc' dir='ltr'>οὐ</span> <span class='ocrx_word' id='word_1_489' title='bbox 1802 3373 1938 3408; x_wconf 88' lang='grc' dir='ltr'>πτο-</span> 
     </span>
    </p>
   </div>
   <div class='ocr_carea' id='block_1_65' title="bbox 289 3443 1937 3523">
    <p class='ocr_par' dir='ltr' id='par_1_65' title="bbox 289 3443 1937 3523">
     <span class='ocr_line' id='line_1_66' title="bbox 289 3443 1937 3523; baseline -0.003 -22"><span class='ocrx_word' id='word_1_490' title='bbox 289 3453 418 3515; x_wconf 82' lang='grc' dir='ltr'>ἧσαι</span> <span class='ocrx_word' id='word_1_491' title='bbox 451 3445 808 3522; x_wconf 86' lang='grc' dir='ltr'>βουλόμενος.</span> <span class='ocrx_word' id='word_1_492' title='bbox 843 3447 905 3505; x_wconf 84' lang='grc'>’0</span> <span class='ocrx_word' id='word_1_493' title='bbox 943 3448 1045 3523; x_wconf 80' lang='grc' dir='ltr'>γὰρ</span> <span class='ocrx_word' id='word_1_494' title='bbox 1103 3443 1370 3501; x_wconf 86' lang='grc' dir='ltr'>διδάσκων</span> <span class='ocrx_word' id='word_1_495' title='bbox 1426 3448 1523 3501; x_wconf 74' lang='grc' dir='ltr'>τοῦ</span> <span class='ocrx_word' id='word_1_496' title='bbox 1580 3444 1783 3523; x_wconf 69' lang='grc' dir='ltr'>ἐχθροῦ</span> <span class='ocrx_word' id='word_1_497' title='bbox 1837 3444 1937 3512; x_wconf 76' lang='grc' dir='ltr'>τήν</span> 
     </span>
    </p>
   </div>
   <div class='ocr_carea' id='block_1_66' title="bbox 291 3531 1940 3610">
    <p class='ocr_par' dir='ltr' id='par_1_66' title="bbox 291 3531 1940 3610">
     <span class='ocr_line' id='line_1_67' title="bbox 291 3531 1940 3610; baseline -0.002 -22"><span class='ocrx_word' id='word_1_498' title='bbox 291 3531 536 3606; x_wconf 68' lang='grc' dir='ltr'>δύναμιν,</span> <span class='ocrx_word' id='word_1_499' title='bbox 567 3532 1006 3610; x_wconf 72' lang='grc' dir='ltr'>ἄσφαλεστέρους</span> <span class='ocrx_word' id='word_1_500' title='bbox 1045 3541 1195 3591; x_wconf 81' lang='grc' dir='ltr'>ποιεῖ</span> <span class='ocrx_word' id='word_1_501' title='bbox 1248 3534 1379 3597; x_wconf 78' lang='grc' dir='ltr'>τοὺς</span> <span class='ocrx_word' id='word_1_502' title='bbox 1429 3534 1683 3596; x_wconf 76' lang='grc' dir='ltr'>οἰκείους.</span> <span class='ocrx_word' id='word_1_503' title='bbox 1735 3556 1763 3583; x_wconf 78' lang='grc' dir='ltr'>α</span> <span class='ocrx_word' id='word_1_504' title='bbox 1800 3532 1940 3606; x_wconf 84' lang='grc' dir='ltr'>Πρὸς</span> 
     </span>
    </p>
   </div>
   <div class='ocr_carea' id='block_1_67' title="bbox 288 3622 1942 3703">
    <p class='ocr_par' dir='ltr' id='par_1_67' title="bbox 288 3622 1942 3703">
     <span class='ocr_line' id='line_1_68' title="bbox 288 3622 1942 3703; baseline -0.007 -16"><span class='ocrx_word' id='word_1_505' title='bbox 288 3624 383 3686; x_wconf 71' lang='grc' dir='ltr'>τᾶς</span> <span class='ocrx_word' id='word_1_506' title='bbox 415 3622 609 3703; x_wconf 77' lang='grc' dir='ltr'>ἀρχάς.</span> <span class='ocrx_word' id='word_1_507' title='bbox 642 3649 669 3677; x_wconf 83' lang='grc'><strong>››</strong></span> <span class='ocrx_word' id='word_1_508' title='bbox 702 3624 837 3699; x_wconf 81' lang='grc' dir='ltr'>Περὶ</span> <span class='ocrx_word' id='word_1_509' title='bbox 869 3622 1149 3698; x_wconf 84' lang='grc' dir='ltr'>δαιμόνων</span> <span class='ocrx_word' id='word_1_510' title='bbox 1178 3622 1351 3699; x_wconf 87' lang='grc' dir='ltr'>λέγει,</span> <span class='ocrx_word' id='word_1_511' title='bbox 1384 3623 1479 3686; x_wconf 78' lang='grc' dir='ltr'>οὕς</span> <span class='ocrx_word' id='word_1_512' title='bbox 1525 3625 1690 3696; x_wconf 74' lang='grc' dir='ltr'>ἡμεῖς</span> <span class='ocrx_word' id='word_1_513' title='bbox 1737 3622 1942 3676; x_wconf 77' lang='grc' dir='ltr'>ὲαοτῶν</span> 
     </span>
    </p>
   </div>
   <div class='ocr_carea' id='block_1_68' title="bbox 288 3708 1943 3792">
    <p class='ocr_par' dir='ltr' id='par_1_68' title="bbox 288 3708 1943 3792">
     <span class='ocr_line' id='line_1_69' title="bbox 288 3708 1943 3792; baseline -0.002 -24"><span class='ocrx_word' id='word_1_514' title='bbox 288 3715 668 3787; x_wconf 66' lang='grc' dir='ltr'>πεποιήκαμεν</span> <span class='ocrx_word' id='word_1_515' title='bbox 753 3712 1047 3792; x_wconf 78' lang='grc' dir='ltr'>ἄρχοντας,</span> <span class='ocrx_word' id='word_1_516' title='bbox 1132 3714 1347 3775; x_wconf 72' lang='grc' dir='ltr'>ὶκόντες</span> <span class='ocrx_word' id='word_1_517' title='bbox 1406 3710 1590 3774; x_wconf 73' lang='grc' dir='ltr'>αὐτοῖς</span> <span class='ocrx_word' id='word_1_518' title='bbox 1650 3708 1943 3766; x_wconf 83' lang='grc' dir='ltr'>ὑποκλινό-</span> 
     </span>
    </p>
   </div>
   <div class='ocr_carea' id='block_1_69' title="bbox 296 3800 1943 3880">
    <p class='ocr_par' dir='ltr' id='par_1_69' title="bbox 296 3800 1943 3880">
     <span class='ocr_line' id='line_1_70' title="bbox 296 3800 1943 3880; baseline -0.002 -21"><span class='ocrx_word' id='word_1_519' title='bbox 296 3825 468 3875; x_wconf 85' lang='grc' dir='ltr'>μενοι.</span> <span class='ocrx_word' id='word_1_520' title='bbox 502 3804 580 3862; x_wconf 77' lang='grc' dir='ltr'>Οὐ</span> <span class='ocrx_word' id='word_1_521' title='bbox 609 3805 712 3880; x_wconf 75' lang='grc' dir='ltr'>γὰρ</span> <span class='ocrx_word' id='word_1_522' title='bbox 744 3800 949 3880; x_wconf 79' lang='grc' dir='ltr'>ἔλαχον</span> <span class='ocrx_word' id='word_1_523' title='bbox 979 3809 1076 3860; x_wconf 70' lang='grc' dir='ltr'>τοῦ</span> <span class='ocrx_word' id='word_1_524' title='bbox 1103 3804 1292 3880; x_wconf 74' lang='grc' dir='ltr'>ἄρχειν</span> <span class='ocrx_word' id='word_1_525' title='bbox 1332 3806 1514 3877; x_wconf 75' lang='grc' dir='ltr'>ἡμῶν,</span> <span class='ocrx_word' id='word_1_526' title='bbox 1563 3800 1710 3857; x_wconf 78' lang='grc' dir='ltr'>ἀλλά</span> <span class='ocrx_word' id='word_1_527' title='bbox 1755 3804 1943 3856; x_wconf 88' lang='grc' dir='ltr'>πατεῖ-</span> 
     </span>
    </p>
   </div>
   <div class='ocr_carea' id='block_1_70' title="bbox 293 3888 1942 3972">
    <p class='ocr_par' dir='ltr' id='par_1_70' title="bbox 293 3888 1942 3972">
     <span class='ocr_line' id='line_1_71' title="bbox 293 3888 1942 3972; baseline -0.002 -25"><span class='ocrx_word' id='word_1_528' title='bbox 293 3904 413 3957; x_wconf 90' lang='grc' dir='ltr'>σθαι</span> <span class='ocrx_word' id='word_1_529' title='bbox 447 3894 535 3972; x_wconf 73' lang='grc' dir='ltr'>ὑφ’</span> <span class='ocrx_word' id='word_1_530' title='bbox 589 3896 776 3968; x_wconf 69' lang='grc' dir='ltr'>ἡμῶν.</span> <span class='ocrx_word' id='word_1_531' title='bbox 846 3892 988 3951; x_wconf 70' lang='grc' dir='ltr'>Ἰδοὺ</span> <span class='ocrx_word' id='word_1_532' title='bbox 1055 3894 1159 3970; x_wconf 79' lang='grc' dir='ltr'>γάρ</span> <span class='ocrx_word' id='word_1_533' title='bbox 1230 3891 1441 3949; x_wconf 85' lang='grc' dir='ltr'>δέδωκα</span> <span class='ocrx_word' id='word_1_534' title='bbox 1510 3892 1638 3965; x_wconf 76' lang='grc' dir='ltr'>ὑμῖν</span> <span class='ocrx_word' id='word_1_535' title='bbox 1704 3888 1942 3960; x_wconf 75' lang='grc' dir='ltr'>ἐξουσίαν</span> 
     </span>
    </p>
   </div>
   <div class='ocr_carea' id='block_1_71' title="bbox 300 3979 1946 4061">
    <p class='ocr_par' dir='ltr' id='par_1_71' title="bbox 300 3979 1946 4061">
     <span class='ocr_line' id='line_1_72' title="bbox 300 3979 1946 4061; baseline -0.002 -24"><span class='ocrx_word' id='word_1_536' title='bbox 300 3987 486 4038; x_wconf 84' lang='grc' dir='ltr'>πατεῖν</span> <span class='ocrx_word' id='word_1_537' title='bbox 542 3981 724 4038; x_wconf 79' lang='grc' dir='ltr'>ἐπάνω</span> <span class='ocrx_word' id='word_1_538' title='bbox 777 3979 952 4061; x_wconf 55' lang='lat' dir='ltr'>apsum</span> <span class='ocrx_word' id='word_1_539' title='bbox 1009 3984 1101 4039; x_wconf 83' lang='grc' dir='ltr'>καὶ</span> <span class='ocrx_word' id='word_1_540' title='bbox 1160 3983 1452 4060; x_wconf 82' lang='grc' dir='ltr'>σκορπίων.</span> <span class='ocrx_word' id='word_1_541' title='bbox 1540 4006 1567 4034; x_wconf 76' lang='grc' dir='ltr'>ιι</span> <span class='ocrx_word' id='word_1_542' title='bbox 1636 3981 1778 4055; x_wconf 84' lang='grc' dir='ltr'>Πρὸς</span> <span class='ocrx_word' id='word_1_543' title='bbox 1849 3979 1946 4043; x_wconf 79' lang='grc' dir='ltr'>τάς</span> 
     </span>
    </p>
   </div>
   <div class='ocr_carea' id='block_1_72' title="bbox 297 4067 1950 4149">
    <p class='ocr_par' dir='ltr' id='par_1_72' title="bbox 297 4067 1950 4149">
     <span class='ocr_line' id='line_1_73' title="bbox 297 4067 1950 4149; baseline -0.004 -22"><span class='ocrx_word' id='word_1_544' title='bbox 297 4070 567 4146; x_wconf 78' lang='grc' dir='ltr'>ἐξουσίας,</span> <span class='ocrx_word' id='word_1_545' title='bbox 641 4072 778 4147; x_wconf 82' lang='grc' dir='ltr'>πρὸς</span> <span class='ocrx_word' id='word_1_546' title='bbox 842 4072 969 4136; x_wconf 72' lang='grc' dir='ltr'>τοὺς</span> <span class='ocrx_word' id='word_1_547' title='bbox 1059 4075 1529 4149; x_wconf 86' lang='grc' dir='ltr'>κοσμοκράτορας.</span> <span class='ocrx_word' id='word_1_548' title='bbox 1594 4093 1622 4121; x_wconf 79' lang='grc'><strong>››</strong></span> <span class='ocrx_word' id='word_1_549' title='bbox 1679 4067 1950 4140; x_wconf 81' lang='grc' dir='ltr'>Ἐξουσίαι</span> 
     </span>
    </p>
   </div>
   <div class='ocr_carea' id='block_1_73' title="bbox 300 4158 1952 4238">
    <p class='ocr_par' dir='ltr' id='par_1_73' title="bbox 300 4158 1952 4238">
     <span class='ocr_line' id='line_1_74' title="bbox 300 4158 1952 4238; baseline -0.003 -21"><span class='ocrx_word' id='word_1_550' title='bbox 300 4158 581 4238; x_wconf 84' lang='grc' dir='ltr'>λέγονται,</span> <span class='ocrx_word' id='word_1_551' title='bbox 613 4162 687 4223; x_wconf 85' lang='grc' dir='ltr'>ὡς</span> <span class='ocrx_word' id='word_1_552' title='bbox 718 4159 807 4215; x_wconf 79' lang='grc' dir='ltr'>διὰ</span> <span class='ocrx_word' id='word_1_553' title='bbox 851 4163 1015 4235; x_wconf 87' lang='grc' dir='ltr'>μόνον</span> <span class='ocrx_word' id='word_1_554' title='bbox 1061 4168 1170 4217; x_wconf 81' lang='grc' dir='ltr'>τῶν</span> <span class='ocrx_word' id='word_1_555' title='bbox 1218 4166 1404 4227; x_wconf 83' lang='grc' dir='ltr'>παθῶν</span> <span class='ocrx_word' id='word_1_556' title='bbox 1455 4158 1952 4233; x_wconf 79' lang='grc' dir='ltr'>κατεξουσιάζοντες</span> 
     </span>
    </p>
   </div>
   <div class='ocr_carea' id='block_1_74' title="bbox 297 4245 1951 4320">
    <p class='ocr_par' dir='ltr' id='par_1_74' title="bbox 297 4245 1951 4320">
     <span class='ocr_line' id='line_1_75' title="bbox 297 4245 1951 4320; baseline -0.004 -19"><span class='ocrx_word' id='word_1_557' title='bbox 297 4248 484 4319; x_wconf 75' lang='grc' dir='ltr'>ἡμῶν.</span> <span class='ocrx_word' id='word_1_558' title='bbox 544 4246 993 4319; x_wconf 77' lang='grc' dir='ltr'>Κοσμοκράτορες</span> <span class='ocrx_word' id='word_1_559' title='bbox 1050 4245 1128 4319; x_wconf 66' lang='lat' dir='ltr'>8t,</span> <span class='ocrx_word' id='word_1_560' title='bbox 1186 4248 1261 4310; x_wconf 84' lang='grc' dir='ltr'>ὡς</span> <span class='ocrx_word' id='word_1_561' title='bbox 1332 4246 1791 4320; x_wconf 70' lang='grc' dir='ltr'>κατακρατοῦντες</span> <span class='ocrx_word' id='word_1_562' title='bbox 1846 4246 1951 4296; x_wconf 79' lang='grc' dir='ltr'>τῶν</span> 
     </span>
    </p>
   </div>
   <div class='ocr_carea' id='block_1_75' title="bbox 301 4328 1955 4411">
    <p class='ocr_par' dir='ltr' id='par_1_75' title="bbox 301 4328 1955 4411">
     <span class='ocr_line' id='line_1_76' title="bbox 301 4328 1955 4411; baseline -0.002 -22"><span class='ocrx_word' id='word_1_563' title='bbox 301 4335 372 4389; x_wconf 73' lang='grc' dir='ltr'>τά</span> <span class='ocrx_word' id='word_1_564' title='bbox 426 4335 666 4407; x_wconf 83' lang='grc' dir='ltr'>κοσμικὰ</span> <span class='ocrx_word' id='word_1_565' title='bbox 744 4337 1107 4411; x_wconf 70' lang='grc' dir='ltr'>φρονούντων.</span> <span class='ocrx_word' id='word_1_566' title='bbox 1168 4335 1245 4393; x_wconf 80' lang='grc' dir='ltr'>Οὐ</span> <span class='ocrx_word' id='word_1_567' title='bbox 1324 4337 1425 4410; x_wconf 71' lang='grc' dir='ltr'>γάρ</span> <span class='ocrx_word' id='word_1_568' title='bbox 1478 4334 1583 4405; x_wconf 79' lang='grc' dir='ltr'>’ἐξει</span> <span class='ocrx_word' id='word_1_569' title='bbox 1653 4328 1955 4408; x_wconf 78' lang='grc' dir='ltr'>περαιτέρω</span> 
     </span>
    </p>
   </div>
   <div class='ocr_carea' id='block_1_76' title="bbox 300 4428 1955 4508">
    <p class='ocr_par' dir='ltr' id='par_1_76' title="bbox 300 4428 1955 4508">
     <span class='ocr_line' id='line_1_77' title="bbox 300 4428 1955 4508; baseline -0.002 -21"><span class='ocrx_word' id='word_1_570' title='bbox 300 4436 399 4488; x_wconf 72' lang='grc' dir='ltr'>τοῦ</span> <span class='ocrx_word' id='word_1_571' title='bbox 428 4432 641 4507; x_wconf 88' lang='grc' dir='ltr'>κόσμου</span> <span class='ocrx_word' id='word_1_572' title='bbox 673 4432 885 4508; x_wconf 85' lang='grc' dir='ltr'>χώραν,</span> <span class='ocrx_word' id='word_1_573' title='bbox 932 4432 1150 4507; x_wconf 84' lang='grc' dir='ltr'>κόσμου</span> <span class='ocrx_word' id='word_1_574' title='bbox 1200 4428 1342 4487; x_wconf 75' lang='grc' dir='ltr'>οἶδεν</span> <span class='ocrx_word' id='word_1_575' title='bbox 1375 4434 1410 4501; x_wconf 77' lang='grc' dir='ltr'>ἡ</span> <span class='ocrx_word' id='word_1_576' title='bbox 1444 4432 1657 4508; x_wconf 71' lang='grc' dir='ltr'>Γραφή,</span> <span class='ocrx_word' id='word_1_577' title='bbox 1709 4430 1806 4492; x_wconf 73' lang='grc' dir='ltr'>τάς</span> <span class='ocrx_word' id='word_1_578' title='bbox 1852 4450 1955 4485; x_wconf 80' lang='grc' dir='ltr'>πο·</span> 
     </span>
    </p>
   </div>
   <div class='ocr_carea' id='block_1_77' title="bbox 2047 3268 3695 3345">
    <p class='ocr_par' dir='ltr' id='par_1_77' title="bbox 2047 3268 3695 3345">
     <span class='ocr_line' id='line_1_78' title="bbox 2047 3268 3695 3345; baseline 0.004 -22"><span class='ocrx_word' id='word_1_579' title='bbox 2047 3268 2419 3340; x_wconf 80' lang='lat' dir='ltr'>sanguinem.</span> <span class='ocrx_word' id='word_1_580' title='bbox 2457 3287 2481 3318; x_wconf 72' lang='grc' dir='ltr'>ι</span> <span class='ocrx_word' id='word_1_581' title='bbox 2516 3272 2646 3323; x_wconf 74' lang='lat' dir='ltr'>[lmc</span> <span class='ocrx_word' id='word_1_582' title='bbox 2678 3268 2822 3325; x_wconf 88' lang='lat' dir='ltr'>dicit</span> <span class='ocrx_word' id='word_1_583' title='bbox 2844 3272 3164 3328; x_wconf 89' lang='lat' dir='ltr'>ostendens</span> <span class='ocrx_word' id='word_1_584' title='bbox 3196 3275 3354 3345; x_wconf 89' lang='lat' dir='ltr'>quod</span> <span class='ocrx_word' id='word_1_585' title='bbox 3376 3275 3695 3331; x_wconf 86' lang='lat' dir='ltr'>sobrietate</span> 
     </span>
    </p>
   </div>
   <div class='ocr_carea' id='block_1_78' title="bbox 2041 3356 3691 3428">
    <p class='ocr_par' dir='ltr' id='par_1_78' title="bbox 2041 3356 3691 3428">
     <span class='ocr_line' id='line_1_79' title="bbox 2041 3356 3691 3428; baseline 0.004 -17"><span class='ocrx_word' id='word_1_586' title='bbox 2041 3374 2108 3411; x_wconf 89' lang='lat' dir='ltr'>ac</span> <span class='ocrx_word' id='word_1_587' title='bbox 2141 3356 2349 3428; x_wconf 73' lang='lat' dir='ltr'>vigiliis</span> <span class='ocrx_word' id='word_1_588' title='bbox 2380 3372 2528 3427; x_wconf 88' lang='lat' dir='ltr'>opus</span> <span class='ocrx_word' id='word_1_589' title='bbox 2559 3357 2636 3411; x_wconf 88' lang='lat' dir='ltr'>sit</span> <span class='ocrx_word' id='word_1_590' title='bbox 2665 3358 2739 3413; x_wconf 88' lang='lat' dir='ltr'>ad</span> <span class='ocrx_word' id='word_1_591' title='bbox 2770 3358 3017 3425; x_wconf 88' lang='lat' dir='ltr'>bellum,</span> <span class='ocrx_word' id='word_1_592' title='bbox 3050 3377 3169 3418; x_wconf 88' lang='lat' dir='ltr'>non</span> <span class='ocrx_word' id='word_1_593' title='bbox 3200 3368 3422 3419; x_wconf 87' lang='lat' dir='ltr'>terrere</span> <span class='ocrx_word' id='word_1_594' title='bbox 3467 3363 3691 3419; x_wconf 82' lang='lat' dir='ltr'>volens.</span> 
     </span>
    </p>
   </div>
   <div class='ocr_carea' id='block_1_79' title="bbox 2044 3443 3695 3519">
    <p class='ocr_par' dir='ltr' id='par_1_79' title="bbox 2044 3443 3695 3519">
     <span class='ocr_line' id='line_1_80' title="bbox 2044 3443 3695 3519; baseline 0.004 -19"><span class='ocrx_word' id='word_1_595' title='bbox 2044 3447 2186 3500; x_wconf 80' lang='lat' dir='ltr'>Nam</span> <span class='ocrx_word' id='word_1_596' title='bbox 2209 3445 2309 3516; x_wconf 89' lang='lat' dir='ltr'>qui</span> <span class='ocrx_word' id='word_1_597' title='bbox 2333 3443 2558 3500; x_wconf 91' lang='lat' dir='ltr'>inimici</span> <span class='ocrx_word' id='word_1_598' title='bbox 2579 3444 2752 3502; x_wconf 89' lang='lat' dir='ltr'>docet</span> <span class='ocrx_word' id='word_1_599' title='bbox 2772 3450 3099 3519; x_wconf 90' lang='lat' dir='ltr'>potentiam</span> <span class='ocrx_word' id='word_1_600' title='bbox 3131 3468 3271 3506; x_wconf 91' lang='lat' dir='ltr'>suos</span> <span class='ocrx_word' id='word_1_601' title='bbox 3300 3451 3496 3507; x_wconf 86' lang='lat' dir='ltr'>reddit</span> <span class='ocrx_word' id='word_1_602' title='bbox 3524 3468 3695 3507; x_wconf 89' lang='lat' dir='ltr'>secu-</span> 
     </span>
    </p>
   </div>
   <div class='ocr_carea' id='block_1_80' title="bbox 2043 3533 3696 3608">
    <p class='ocr_par' dir='ltr' id='par_1_80' title="bbox 2043 3533 3696 3608">
     <span class='ocr_line' id='line_1_81' title="bbox 2043 3533 3696 3608; baseline 0.004 -20"><span class='ocrx_word' id='word_1_603' title='bbox 2043 3535 2251 3589; x_wconf 90' lang='lat' dir='ltr'>riores.</span> <span class='ocrx_word' id='word_1_604' title='bbox 2285 3556 2314 3584; x_wconf 85' lang='lat'><strong><em>«</em></strong></span> <span class='ocrx_word' id='word_1_605' title='bbox 2348 3533 2640 3591; x_wconf 83' lang='lat' dir='ltr'>Adversus</span> <span class='ocrx_word' id='word_1_606' title='bbox 2696 3536 3083 3608; x_wconf 87' lang='lat' dir='ltr'>principatus.</span> <span class='ocrx_word' id='word_1_607' title='bbox 3122 3562 3149 3589; x_wconf 84' lang='grc'><strong>››</strong></span> <span class='ocrx_word' id='word_1_608' title='bbox 3202 3541 3280 3596; x_wconf 90' lang='lat' dir='ltr'>De</span> <span class='ocrx_word' id='word_1_609' title='bbox 3325 3540 3696 3597; x_wconf 63' lang='lat' dir='ltr'>daemonibus</span> 
     </span>
    </p>
   </div>
   <div class='ocr_carea' id='block_1_81' title="bbox 2046 3623 3697 3703">
    <p class='ocr_par' dir='ltr' id='par_1_81' title="bbox 2046 3623 3697 3703">
     <span class='ocr_line' id='line_1_82' title="bbox 2046 3623 3697 3703; baseline 0.004 -24"><span class='ocrx_word' id='word_1_610' title='bbox 2046 3623 2190 3679; x_wconf 90' lang='lat' dir='ltr'>dicit</span> <span class='ocrx_word' id='word_1_611' title='bbox 2221 3640 2369 3695; x_wconf 89' lang='lat' dir='ltr'>quos</span> <span class='ocrx_word' id='word_1_612' title='bbox 2402 3623 2575 3679; x_wconf 88' lang='lat' dir='ltr'>nobis</span> <span class='ocrx_word' id='word_1_613' title='bbox 2606 3624 2752 3696; x_wconf 88' lang='lat' dir='ltr'>ipsis</span> <span class='ocrx_word' id='word_1_614' title='bbox 2773 3628 3192 3685; x_wconf 87' lang='lat' dir='ltr'>constituimus</span> <span class='ocrx_word' id='word_1_615' title='bbox 3217 3632 3697 3703; x_wconf 89' lang='lat' dir='ltr'>principes,ultro</span> 
     </span>
    </p>
   </div>
   <div class='ocr_carea' id='block_1_82' title="bbox 2048 3713 3701 3786">
    <p class='ocr_par' dir='ltr' id='par_1_82' title="bbox 2048 3713 3701 3786">
     <span class='ocr_line' id='line_1_83' title="bbox 2048 3713 3701 3786; baseline 0.005 -19"><span class='ocrx_word' id='word_1_616' title='bbox 2048 3714 2192 3786; x_wconf 87' lang='lat' dir='ltr'>ipsis</span> <span class='ocrx_word' id='word_1_617' title='bbox 2220 3713 2472 3783; x_wconf 89' lang='lat' dir='ltr'>subjecti</span> <span class='ocrx_word' id='word_1_618' title='bbox 2498 3730 2512 3768; x_wconf 90' lang='lat'><strong>:</strong></span> <span class='ocrx_word' id='word_1_619' title='bbox 2535 3731 2729 3786; x_wconf 87' lang='lat' dir='ltr'>neque</span> <span class='ocrx_word' id='word_1_620' title='bbox 2757 3718 2917 3772; x_wconf 91' lang='lat' dir='ltr'>enim</span> <span class='ocrx_word' id='word_1_621' title='bbox 2940 3720 3133 3774; x_wconf 89' lang='lat' dir='ltr'>sortiti</span> <span class='ocrx_word' id='word_1_622' title='bbox 3158 3727 3324 3775; x_wconf 91' lang='lat' dir='ltr'>erant</span> <span class='ocrx_word' id='word_1_623' title='bbox 3346 3726 3412 3775; x_wconf 92' lang='lat' dir='ltr'>ut</span> <span class='ocrx_word' id='word_1_624' title='bbox 3433 3721 3701 3777; x_wconf 88' lang='lat' dir='ltr'>domina-</span> 
     </span>
    </p>
   </div>
   <div class='ocr_carea' id='block_1_83' title="bbox 2048 3802 3699 3874">
    <p class='ocr_par' dir='ltr' id='par_1_83' title="bbox 2048 3802 3699 3874">
     <span class='ocr_line' id='line_1_84' title="bbox 2048 3802 3699 3874; baseline 0.004 -17"><span class='ocrx_word' id='word_1_625' title='bbox 2048 3808 2256 3858; x_wconf 88' lang='lat' dir='ltr'>rentur</span> <span class='ocrx_word' id='word_1_626' title='bbox 2286 3802 2478 3868; x_wconf 90' lang='lat' dir='ltr'>nohis,</span> <span class='ocrx_word' id='word_1_627' title='bbox 2512 3804 2615 3859; x_wconf 92' lang='lat' dir='ltr'>sed</span> <span class='ocrx_word' id='word_1_628' title='bbox 2646 3811 2709 3859; x_wconf 90' lang='lat' dir='ltr'>ut</span> <span class='ocrx_word' id='word_1_629' title='bbox 2739 3806 3235 3863; x_wconf 88' lang='lat' dir='ltr'>conculcarentur</span> <span class='ocrx_word' id='word_1_630' title='bbox 3259 3825 3293 3863; x_wconf 91' lang='lat' dir='ltr'>a</span> <span class='ocrx_word' id='word_1_631' title='bbox 3313 3809 3505 3864; x_wconf 87' lang='lat' dir='ltr'>nobis.</span> <span class='ocrx_word' id='word_1_632' title='bbox 3529 3810 3699 3874; x_wconf 88' lang='lat' dir='ltr'>Ecce,</span> 
     </span>
    </p>
   </div>
   <div class='ocr_carea' id='block_1_84' title="bbox 2049 3891 3703 3970">
    <p class='ocr_par' dir='ltr' id='par_1_84' title="bbox 2049 3891 3703 3970">
     <span class='ocr_line' id='line_1_85' title="bbox 2049 3891 3703 3970; baseline 0.003 -23"><span class='ocrx_word' id='word_1_633' title='bbox 2049 3892 2266 3963; x_wconf 87' lang='lat' dir='ltr'>inquit,</span> <span class='ocrx_word' id='word_1_634' title='bbox 2298 3891 2433 3946; x_wconf 92' lang='lat' dir='ltr'>dedi</span> <span class='ocrx_word' id='word_1_635' title='bbox 2465 3892 2625 3948; x_wconf 84' lang='lat' dir='ltr'>vobis</span> <span class='ocrx_word' id='word_1_636' title='bbox 2656 3899 3010 3965; x_wconf 86' lang='lat' dir='ltr'>potestatem</span> <span class='ocrx_word' id='word_1_637' title='bbox 3042 3896 3311 3952; x_wconf 89' lang='lat' dir='ltr'>calcandi</span> <span class='ocrx_word' id='word_1_638' title='bbox 3344 3915 3526 3970; x_wconf 88' lang='lat' dir='ltr'>super</span> <span class='ocrx_word' id='word_1_639' title='bbox 3576 3914 3703 3954; x_wconf 85' lang='lat' dir='ltr'>ser-</span> 
     </span>
    </p>
   </div>
   <div class='ocr_carea' id='block_1_85' title="bbox 2050 3983 3702 4060">
    <p class='ocr_par' dir='ltr' id='par_1_85' title="bbox 2050 3983 3702 4060">
     <span class='ocr_line' id='line_1_86' title="bbox 2050 3983 3702 4060; baseline 0.003 -22"><span class='ocrx_word' id='word_1_640' title='bbox 2050 3988 2258 4056; x_wconf 84' lang='lat' dir='ltr'>pentes</span> <span class='ocrx_word' id='word_1_641' title='bbox 2315 3987 2374 4035; x_wconf 88' lang='lat' dir='ltr'>et</span> <span class='ocrx_word' id='word_1_642' title='bbox 2434 3983 2779 4053; x_wconf 88' lang='lat' dir='ltr'>scorpiones</span> <span class='ocrx_word' id='word_1_643' title='bbox 2833 3984 2901 4039; x_wconf 77' lang='grc'>⁹³.</span> <span class='ocrx_word' id='word_1_644' title='bbox 2980 3986 3273 4043; x_wconf 76' lang='lat' dir='ltr'>Adversus</span> <span class='ocrx_word' id='word_1_645' title='bbox 3357 3994 3702 4060; x_wconf 87' lang='lat' dir='ltr'>potestates,</span> 
     </span>
    </p>
   </div>
   <div class='ocr_carea' id='block_1_86' title="bbox 2053 4070 3708 4143">
    <p class='ocr_par' dir='ltr' id='par_1_86' title="bbox 2053 4070 3708 4143">
     <span class='ocr_line' id='line_1_87' title="bbox 2053 4070 3708 4143; baseline 0.002 -15"><span class='ocrx_word' id='word_1_646' title='bbox 2053 4072 2334 4128; x_wconf 88' lang='lat' dir='ltr'>adversus</span> <span class='ocrx_word' id='word_1_647' title='bbox 2364 4070 2571 4125; x_wconf 89' lang='lat' dir='ltr'>mundi</span> <span class='ocrx_word' id='word_1_648' title='bbox 2599 4071 2891 4129; x_wconf 90' lang='lat' dir='ltr'>dominos.</span> <span class='ocrx_word' id='word_1_649' title='bbox 2918 4096 2946 4124; x_wconf 86' lang='grc'><strong>››</strong></span> <span class='ocrx_word' id='word_1_650' title='bbox 2965 4075 3293 4133; x_wconf 90' lang='lat' dir='ltr'>Potestates</span> <span class='ocrx_word' id='word_1_651' title='bbox 3316 4076 3617 4143; x_wconf 90' lang='lat' dir='ltr'>dicuntur,</span> <span class='ocrx_word' id='word_1_652' title='bbox 3640 4081 3708 4132; x_wconf 89' lang='lat' dir='ltr'>ut</span> 
     </span>
    </p>
   </div>
   <div class='ocr_carea' id='block_1_87' title="bbox 2056 4159 3707 4238">
    <p class='ocr_par' dir='ltr' id='par_1_87' title="bbox 2056 4159 3707 4238">
     <span class='ocr_line' id='line_1_88' title="bbox 2056 4159 3707 4238; baseline 0.005 -25"><span class='ocrx_word' id='word_1_653' title='bbox 2056 4159 2155 4231; x_wconf 90' lang='lat' dir='ltr'>qui</span> <span class='ocrx_word' id='word_1_654' title='bbox 2186 4175 2293 4230; x_wconf 83' lang='lat' dir='ltr'>per</span> <span class='ocrx_word' id='word_1_655' title='bbox 2322 4159 2480 4213; x_wconf 92' lang='lat' dir='ltr'>solos</span> <span class='ocrx_word' id='word_1_656' title='bbox 2508 4161 2755 4217; x_wconf 77' lang='lat' dir='ltr'>affectus</span> <span class='ocrx_word' id='word_1_657' title='bbox 2786 4163 3097 4220; x_wconf 83' lang='lat' dir='ltr'>adversum</span> <span class='ocrx_word' id='word_1_658' title='bbox 3129 4182 3238 4222; x_wconf 89' lang='lat' dir='ltr'>nos</span> <span class='ocrx_word' id='word_1_659' title='bbox 3268 4166 3489 4223; x_wconf 86' lang='lat' dir='ltr'>habent</span> <span class='ocrx_word' id='word_1_660' title='bbox 3539 4172 3707 4238; x_wconf 90' lang='lat' dir='ltr'>pote-</span> 
     </span>
    </p>
   </div>
   <div class='ocr_carea' id='block_1_88' title="bbox 2058 4249 3712 4329">
    <p class='ocr_par' dir='ltr' id='par_1_88' title="bbox 2058 4249 3712 4329">
     <span class='ocr_line' id='line_1_89' title="bbox 2058 4249 3712 4329; baseline 0.004 -25"><span class='ocrx_word' id='word_1_661' title='bbox 2058 4255 2306 4304; x_wconf 88' lang='lat' dir='ltr'>statem:</span> <span class='ocrx_word' id='word_1_662' title='bbox 2338 4249 2541 4305; x_wconf 89' lang='lat' dir='ltr'>mundi</span> <span class='ocrx_word' id='word_1_663' title='bbox 2569 4256 2768 4307; x_wconf 89' lang='lat' dir='ltr'>autem</span> <span class='ocrx_word' id='word_1_664' title='bbox 2817 4255 3073 4321; x_wconf 91' lang='lat' dir='ltr'>Domini,</span> <span class='ocrx_word' id='word_1_665' title='bbox 3125 4262 3190 4311; x_wconf 89' lang='lat' dir='ltr'>ut</span> <span class='ocrx_word' id='word_1_666' title='bbox 3238 4258 3338 4328; x_wconf 90' lang='lat' dir='ltr'>qui</span> <span class='ocrx_word' id='word_1_667' title='bbox 3388 4256 3712 4329; x_wconf 76' lang='lat' dir='ltr'>prmvalent</span> 
     </span>
    </p>
   </div>
   <div class='ocr_carea' id='block_1_89' title="bbox 2059 4336 3710 4416">
    <p class='ocr_par' dir='ltr' id='par_1_89' title="bbox 2059 4336 3710 4416">
     <span class='ocr_line' id='line_1_90' title="bbox 2059 4336 3710 4416; baseline 0.004 -23"><span class='ocrx_word' id='word_1_668' title='bbox 2059 4336 2337 4393; x_wconf 80' lang='lat' dir='ltr'>adversus</span> <span class='ocrx_word' id='word_1_669' title='bbox 2371 4354 2468 4392; x_wconf 88' lang='lat' dir='ltr'>eos</span> <span class='ocrx_word' id='word_1_670' title='bbox 2499 4339 2601 4411; x_wconf 90' lang='lat' dir='ltr'>qui</span> <span class='ocrx_word' id='word_1_671' title='bbox 2633 4341 2934 4398; x_wconf 86' lang='lat' dir='ltr'>mundana</span> <span class='ocrx_word' id='word_1_672' title='bbox 2966 4345 3250 4402; x_wconf 90' lang='lat' dir='ltr'>sentiunt.</span> <span class='ocrx_word' id='word_1_673' title='bbox 3302 4348 3501 4416; x_wconf 60' lang='lat' dir='ltr'>Neque</span> <span class='ocrx_word' id='word_1_674' title='bbox 3551 4345 3710 4401; x_wconf 89' lang='lat' dir='ltr'>enim</span> 
     </span>
    </p>
   </div>
   <div class='ocr_carea' id='block_1_90' title="bbox 2058 4427 3711 4506">
    <p class='ocr_par' dir='ltr' id='par_1_90' title="bbox 2058 4427 3711 4506">
     <span class='ocr_line' id='line_1_91' title="bbox 2058 4427 3711 4506; baseline 0.004 -24"><span class='ocrx_word' id='word_1_675' title='bbox 2058 4427 2257 4483; x_wconf 89' lang='lat' dir='ltr'>locum</span> <span class='ocrx_word' id='word_1_676' title='bbox 2280 4427 2523 4483; x_wconf 85' lang='lat' dir='ltr'>habebit</span> <span class='ocrx_word' id='word_1_677' title='bbox 2543 4429 2700 4485; x_wconf 89' lang='lat' dir='ltr'>ultra</span> <span class='ocrx_word' id='word_1_678' title='bbox 2720 4432 3318 4490; x_wconf 83' lang='lat' dir='ltr'>mundum.Mundum</span> <span class='ocrx_word' id='word_1_679' title='bbox 3342 4434 3490 4491; x_wconf 87' lang='lat' dir='ltr'>solet</span> <span class='ocrx_word' id='word_1_680' title='bbox 3509 4434 3711 4506; x_wconf 88' lang='lat' dir='ltr'>appel-</span> 
     </span>
    </p>
   </div>
   <div class='ocr_carea' id='block_1_91' title="bbox 301 4517 1941 4610">
    <p class='ocr_par' dir='ltr' id='par_1_91' title="bbox 301 4519 1941 4597">
     <span class='ocr_line' id='line_1_92' title="bbox 301 4519 1941 4597; baseline -0.001 -22"><span class='ocrx_word' id='word_1_681' title='bbox 301 4523 473 4597; x_wconf 82' lang='grc' dir='ltr'>νηράς</span> <span class='ocrx_word' id='word_1_682' title='bbox 531 4522 751 4597; x_wconf 79' lang='grc' dir='ltr'>πράξεις</span> <span class='ocrx_word' id='word_1_683' title='bbox 808 4519 1015 4578; x_wconf 83' lang='grc' dir='ltr'>καλεῖν.</span> <span class='ocrx_word' id='word_1_684' title='bbox 1075 4522 1236 4579; x_wconf 71' lang='grc' dir='ltr'>Οὕτω</span> <span class='ocrx_word' id='word_1_685' title='bbox 1290 4520 1386 4575; x_wconf 83' lang='grc' dir='ltr'>καὶ</span> <span class='ocrx_word' id='word_1_686' title='bbox 1443 4521 1472 4575; x_wconf 87' lang='grc' dir='ltr'><strong>ὁ</strong></span> <span class='ocrx_word' id='word_1_687' title='bbox 1528 4519 1762 4593; x_wconf 72' lang='grc' dir='ltr'>Χριστὸς</span> <span class='ocrx_word' id='word_1_688' title='bbox 1820 4519 1941 4593; x_wconf 80' lang='grc' dir='ltr'>πρὸ&lt;</span> 
     </span>
    </p>
   </div>
   <div class='ocr_carea' id='block_1_92' title="bbox 2052 4517 3711 4610">
    <p class='ocr_par' dir='ltr' id='par_1_92' title="bbox 2064 4517 3711 4591">
     <span class='ocr_line' id='line_1_93' title="bbox 2064 4517 3711 4591; baseline 0.004 -20"><span class='ocrx_word' id='word_1_689' title='bbox 2064 4517 2187 4572; x_wconf 89' lang='lat' dir='ltr'>lare</span> <span class='ocrx_word' id='word_1_690' title='bbox 2219 4517 2521 4589; x_wconf 86' lang='lat' dir='ltr'>Scriptura</span> <span class='ocrx_word' id='word_1_691' title='bbox 2549 4536 2757 4591; x_wconf 86' lang='lat' dir='ltr'>pravas</span> <span class='ocrx_word' id='word_1_692' title='bbox 2784 4522 3068 4577; x_wconf 89' lang='lat' dir='ltr'>actiones.</span> <span class='ocrx_word' id='word_1_693' title='bbox 3103 4524 3197 4579; x_wconf 91' lang='lat' dir='ltr'>Sic</span> <span class='ocrx_word' id='word_1_694' title='bbox 3228 4529 3287 4579; x_wconf 89' lang='lat' dir='ltr'>et</span> <span class='ocrx_word' id='word_1_695' title='bbox 3315 4524 3581 4579; x_wconf 87' lang='lat' dir='ltr'>Christus</span> <span class='ocrx_word' id='word_1_696' title='bbox 3637 4522 3711 4579; x_wconf 89' lang='lat' dir='ltr'>ad</span> 
     </span>
    </p>
   </div>
   <div class='ocr_carea' id='block_1_93' title="bbox 300 4607 1953 4689">
    <p class='ocr_par' dir='ltr' id='par_1_93' title="bbox 300 4607 1953 4689">
     <span class='ocr_line' id='line_1_94' title="bbox 300 4607 1953 4689; baseline -0.003 -23"><span class='ocrx_word' id='word_1_697' title='bbox 300 4613 429 4674; x_wconf 81' lang='grc' dir='ltr'>τοὺς</span> <span class='ocrx_word' id='word_1_698' title='bbox 482 4620 747 4685; x_wconf 75' lang='grc' dir='ltr'>μαθητάς·</span> <span class='ocrx_word' id='word_1_699' title='bbox 807 4611 992 4685; x_wconf 69' lang='grc' dir='ltr'>Ὑμεῖς</span> <span class='ocrx_word' id='word_1_700' title='bbox 1049 4607 1148 4665; x_wconf 69' lang='grc' dir='ltr'>οὔκ.</span> <span class='ocrx_word' id='word_1_701' title='bbox 1205 4608 1341 4679; x_wconf 82' lang='grc' dir='ltr'>ἐστε,</span> <span class='ocrx_word' id='word_1_702' title='bbox 1394 4608 1550 4689; x_wconf 63' lang='grc' dir='ltr'>φησί,</span> <span class='ocrx_word' id='word_1_703' title='bbox 1602 4612 1701 4663; x_wconf 68' lang='grc' dir='ltr'>τοῦ</span> <span class='ocrx_word' id='word_1_704' title='bbox 1743 4610 1953 4681; x_wconf 83' lang='grc' dir='ltr'>κόσμου</span> 
     </span>
    </p>
   </div>
   <div class='ocr_carea' id='block_1_94' title="bbox 303 4698 1954 4774">
    <p class='ocr_par' dir='ltr' id='par_1_94' title="bbox 303 4698 1954 4774">
     <span class='ocr_line' id='line_1_95' title="bbox 303 4698 1954 4774; baseline -0.002 -18"><span class='ocrx_word' id='word_1_705' title='bbox 303 4702 521 4772; x_wconf 65' lang='grc' dir='ltr'>τούτου,</span> <span class='ocrx_word' id='word_1_706' title='bbox 578 4702 761 4757; x_wconf 86' lang='grc' dir='ltr'>καίτοι</span> <span class='ocrx_word' id='word_1_707' title='bbox 819 4700 973 4770; x_wconf 83' lang='grc' dir='ltr'>ἦσαν.</span> <span class='ocrx_word' id='word_1_708' title='bbox 1040 4698 1214 4758; x_wconf 82' lang='grc' dir='ltr'>Ἀλλά</span> <span class='ocrx_word' id='word_1_709' title='bbox 1265 4700 1362 4762; x_wconf 72' lang='grc' dir='ltr'>τὰς</span> <span class='ocrx_word' id='word_1_710' title='bbox 1414 4698 1658 4774; x_wconf 73' lang='grc' dir='ltr'>πονηράς</span> <span class='ocrx_word' id='word_1_711' title='bbox 1735 4700 1954 4772; x_wconf 76' lang='grc' dir='ltr'>πράξεις</span> 
     </span>
    </p>
   </div>
   <div class='ocr_carea' id='block_1_95' title="bbox 308 4787 1959 4865">
    <p class='ocr_par' dir='ltr' id='par_1_95' title="bbox 308 4787 1959 4865">
     <span class='ocr_line' id='line_1_96' title="bbox 308 4787 1959 4865; baseline -0.001 -21"><span class='ocrx_word' id='word_1_712' title='bbox 308 4788 724 4865; x_wconf 73' lang='grc' dir='ltr'>λέγων,οῧτως</span> <span class='ocrx_word' id='word_1_713' title='bbox 780 4791 912 4845; x_wconf 70' lang='grc' dir='ltr'>εἶπε·</span> <span class='ocrx_word' id='word_1_714' title='bbox 976 4791 1424 4864; x_wconf 80' lang='grc' dir='ltr'>κοσμκοράτορας</span> <span class='ocrx_word' id='word_1_715' title='bbox 1482 4787 1575 4843; x_wconf 70' lang='grc' dir='ltr'>οὖν</span> <span class='ocrx_word' id='word_1_716' title='bbox 1636 4810 1768 4864; x_wconf 72' lang='grc' dir='ltr'>φησι</span> <span class='ocrx_word' id='word_1_717' title='bbox 1832 4787 1959 4847; x_wconf 70' lang='grc' dir='ltr'>τους</span> 
     </span>
    </p>
   </div>
   <div class='ocr_carea' id='block_1_96' title="bbox 314 4875 1959 4952">
    <p class='ocr_par' dir='ltr' id='par_1_96' title="bbox 314 4875 1959 4952">
     <span class='ocr_line' id='line_1_97' title="bbox 314 4875 1959 4952; baseline 0.001 -21"><span class='ocrx_word' id='word_1_718' title='bbox 314 4875 601 4950; x_wconf 77' lang='grc' dir='ltr'>δαίμονας,</span> <span class='ocrx_word' id='word_1_719' title='bbox 651 4878 726 4939; x_wconf 78' lang='grc' dir='ltr'>ὡς</span> <span class='ocrx_word' id='word_1_720' title='bbox 784 4882 891 4932; x_wconf 73' lang='grc' dir='ltr'>τῶν</span> <span class='ocrx_word' id='word_1_721' title='bbox 948 4882 1204 4952; x_wconf 78' lang='grc' dir='ltr'>ποοηρῶν</span> <span class='ocrx_word' id='word_1_722' title='bbox 1264 4880 1507 4952; x_wconf 75' lang='grc' dir='ltr'>πράξεων</span> <span class='ocrx_word' id='word_1_723' title='bbox 1559 4875 1959 4950; x_wconf 68' lang='grc' dir='ltr'>καθηγεμόνας.</span> 
     </span>
    </p>
   </div>
   <div class='ocr_carea' id='block_1_97' title="bbox 324 4959 1962 5041">
    <p class='ocr_par' dir='ltr' id='par_1_97' title="bbox 324 4959 1962 5041">
     <span class='ocr_line' id='line_1_98' title="bbox 324 4959 1962 5041; baseline -0.002 -22"><span class='ocrx_word' id='word_1_724' title='bbox 324 4990 343 5014; x_wconf 73' lang='grc' dir='ltr'><strong>ι</strong></span> <span class='ocrx_word' id='word_1_725' title='bbox 378 4970 487 5019; x_wconf 72' lang='grc' dir='ltr'>Τοῦ</span> <span class='ocrx_word' id='word_1_726' title='bbox 518 4968 744 5025; x_wconf 68' lang='grc' dir='ltr'>σκότους</span> <span class='ocrx_word' id='word_1_727' title='bbox 773 4970 870 5019; x_wconf 65' lang='grc' dir='ltr'>τοῦ</span> <span class='ocrx_word' id='word_1_728' title='bbox 901 4965 1093 5026; x_wconf 78' lang='grc' dir='ltr'>αἰῶνος</span> <span class='ocrx_word' id='word_1_729' title='bbox 1121 4964 1335 5020; x_wconf 70' lang='grc' dir='ltr'>τούτου.</span> <span class='ocrx_word' id='word_1_730' title='bbox 1372 4988 1399 5016; x_wconf 78' lang='grc'><strong>››</strong></span> <span class='ocrx_word' id='word_1_731' title='bbox 1428 4966 1543 5021; x_wconf 76' lang='grc' dir='ltr'>Ἵνα</span> <span class='ocrx_word' id='word_1_732' title='bbox 1576 4967 1650 5036; x_wconf 75' lang='grc' dir='ltr'>μὴ</span> <span class='ocrx_word' id='word_1_733' title='bbox 1714 4959 1962 5041; x_wconf 74' lang='grc' dir='ltr'>φοϐηθῇς</span> 
     </span>
    </p>
   </div>
   <div class='ocr_carea' id='block_1_98' title="bbox 320 5051 1961 5129">
    <p class='ocr_par' dir='ltr' id='par_1_98' title="bbox 320 5051 1961 5129">
     <span class='ocr_line' id='line_1_99' title="bbox 320 5051 1961 5129; baseline -0.001 -20"><span class='ocrx_word' id='word_1_734' title='bbox 320 5054 530 5109; x_wconf 69' lang='grc' dir='ltr'>ἀκούων</span> <span class='ocrx_word' id='word_1_735' title='bbox 609 5056 1074 5129; x_wconf 80' lang='grc' dir='ltr'>κοσμοκράτορας,</span> <span class='ocrx_word' id='word_1_736' title='bbox 1156 5051 1392 5129; x_wconf 71' lang='grc' dir='ltr'>ἐπήγαγε</span> <span class='ocrx_word' id='word_1_737' title='bbox 1474 5051 1621 5114; x_wconf 87' lang='grc' dir='ltr'>τίνος</span> <span class='ocrx_word' id='word_1_738' title='bbox 1708 5051 1961 5126; x_wconf 81' lang='grc' dir='ltr'>ἄρχουσι.</span> 
     </span>
    </p>
   </div>
   <div class='ocr_carea' id='block_1_99' title="bbox 315 5141 1963 5223">
    <p class='ocr_par' dir='ltr' id='par_1_99' title="bbox 315 5141 1963 5223">
     <span class='ocr_line' id='line_1_100' title="bbox 315 5141 1963 5223; baseline -0.003 -23"><span class='ocrx_word' id='word_1_739' title='bbox 315 5148 425 5213; x_wconf 77' lang='grc' dir='ltr'>Τῆς</span> <span class='ocrx_word' id='word_1_740' title='bbox 456 5144 716 5216; x_wconf 80' lang='grc' dir='ltr'>πονηρίας</span> <span class='ocrx_word' id='word_1_741' title='bbox 747 5142 902 5223; x_wconf 73' lang='grc' dir='ltr'>φησί.</span> <span class='ocrx_word' id='word_1_742' title='bbox 938 5144 1141 5205; x_wconf 86' lang='grc' dir='ltr'>Σκότος</span> <span class='ocrx_word' id='word_1_743' title='bbox 1200 5142 1306 5217; x_wconf 74' lang='grc' dir='ltr'>γὰρ</span> <span class='ocrx_word' id='word_1_744' title='bbox 1353 5145 1451 5197; x_wconf 78' lang='grc' dir='ltr'>τοῦ</span> <span class='ocrx_word' id='word_1_745' title='bbox 1501 5141 1699 5202; x_wconf 77' lang='grc' dir='ltr'>αἰῶνος</span> <span class='ocrx_word' id='word_1_746' title='bbox 1744 5141 1963 5208; x_wconf 70' lang='grc' dir='ltr'>τούτου,</span> 
     </span>
    </p>
   </div>
   <div class='ocr_carea' id='block_1_100' title="bbox 314 5233 1964 5312">
    <p class='ocr_par' dir='ltr' id='par_1_100' title="bbox 314 5233 1964 5312">
     <span class='ocr_line' id='line_1_101' title="bbox 314 5233 1964 5312; baseline 0 -24"><span class='ocrx_word' id='word_1_747' title='bbox 314 5233 382 5288; x_wconf 75' lang='grc' dir='ltr'>τὲι</span> <span class='ocrx_word' id='word_1_748' title='bbox 406 5236 648 5308; x_wconf 77' lang='grc' dir='ltr'>πονηράς</span> <span class='ocrx_word' id='word_1_749' title='bbox 682 5233 829 5312; x_wconf 77' lang='grc' dir='ltr'>λέγει</span> <span class='ocrx_word' id='word_1_750' title='bbox 877 5234 1114 5307; x_wconf 77' lang='grc' dir='ltr'>πράξεις.</span> <span class='ocrx_word' id='word_1_751' title='bbox 1174 5258 1202 5285; x_wconf 88' lang='grc'><em>‹‹</em></span> <span class='ocrx_word' id='word_1_752' title='bbox 1236 5233 1379 5307; x_wconf 81' lang='grc' dir='ltr'>Πρὸς</span> <span class='ocrx_word' id='word_1_753' title='bbox 1425 5233 1494 5287; x_wconf 82' lang='grc' dir='ltr'>τὰ</span> <span class='ocrx_word' id='word_1_754' title='bbox 1539 5233 1898 5305; x_wconf 83' lang='grc' dir='ltr'>πνευματικά.</span> <span class='ocrx_word' id='word_1_755' title='bbox 1936 5256 1964 5281; x_wconf 79' lang='grc'><strong>››</strong></span> 
     </span>
    </p>
   </div>
   <div class='ocr_carea' id='block_1_101' title="bbox 317 5321 1967 5397">
    <p class='ocr_par' dir='ltr' id='par_1_101' title="bbox 317 5321 1967 5397">
     <span class='ocr_line' id='line_1_102' title="bbox 317 5321 1967 5397; baseline -0.004 -17"><span class='ocrx_word' id='word_1_756' title='bbox 317 5324 578 5380; x_wconf 84' lang='grc' dir='ltr'>Τουτέστι</span> <span class='ocrx_word' id='word_1_757' title='bbox 610 5325 674 5379; x_wconf 76' lang='grc' dir='ltr'>τά</span> <span class='ocrx_word' id='word_1_758' title='bbox 699 5323 952 5397; x_wconf 74' lang='grc' dir='ltr'>δαιμόνια</span> <span class='ocrx_word' id='word_1_759' title='bbox 980 5324 1047 5379; x_wconf 78' lang='grc' dir='ltr'>τά</span> <span class='ocrx_word' id='word_1_760' title='bbox 1103 5321 1230 5379; x_wconf 74' lang='grc' dir='ltr'>ὄντα</span> <span class='ocrx_word' id='word_1_761' title='bbox 1282 5322 1318 5392; x_wconf 74' lang='grc' dir='ltr'><strong>ἢ</strong></span> <span class='ocrx_word' id='word_1_762' title='bbox 1367 5326 1466 5389; x_wconf 80' lang='grc' dir='ltr'>τῆς</span> <span class='ocrx_word' id='word_1_763' title='bbox 1512 5322 1802 5395; x_wconf 82' lang='grc' dir='ltr'>πονηρίας,</span> <span class='ocrx_word' id='word_1_764' title='bbox 1858 5321 1967 5374; x_wconf 72' lang='grc' dir='ltr'>οἷον</span> 
     </span>
    </p>
   </div>
   <div class='ocr_carea' id='block_1_102' title="bbox 317 5408 1968 5489">
    <p class='ocr_par' dir='ltr' id='par_1_102' title="bbox 317 5408 1968 5489">
     <span class='ocr_line' id='line_1_103' title="bbox 317 5408 1968 5489; baseline -0.004 -21"><span class='ocrx_word' id='word_1_765' title='bbox 317 5416 415 5468; x_wconf 70' lang='grc' dir='ltr'>τοῦ</span> <span class='ocrx_word' id='word_1_766' title='bbox 447 5408 709 5468; x_wconf 74' lang='grc' dir='ltr'>διαϐόλου</span> <span class='ocrx_word' id='word_1_767' title='bbox 740 5413 853 5488; x_wconf 81' lang='grc' dir='ltr'>(ὑπ’</span> <span class='ocrx_word' id='word_1_768' title='bbox 893 5411 1051 5469; x_wconf 76' lang='grc' dir='ltr'>αὐτὸν</span> <span class='ocrx_word' id='word_1_769' title='bbox 1108 5412 1208 5489; x_wconf 73' lang='grc' dir='ltr'>γὰρ</span> <span class='ocrx_word' id='word_1_770' title='bbox 1264 5410 1559 5485; x_wconf 76' lang='grc' dir='ltr'>τελοῦσιν,)</span> <span class='ocrx_word' id='word_1_771' title='bbox 1612 5411 1647 5480; x_wconf 73' lang='grc' dir='ltr'><strong>ἢ</strong></span> <span class='ocrx_word' id='word_1_772' title='bbox 1706 5414 1816 5466; x_wconf 82' lang='grc' dir='ltr'>τῶν</span> <span class='ocrx_word' id='word_1_773' title='bbox 1867 5429 1968 5463; x_wconf 85' lang='grc' dir='ltr'>πο-</span> 
     </span>
    </p>
   </div>
   <div class='ocr_carea' id='block_1_103' title="bbox 313 5499 1966 5579">
    <p class='ocr_par' dir='ltr' id='par_1_103' title="bbox 313 5499 1966 5579">
     <span class='ocr_line' id='line_1_104' title="bbox 313 5499 1966 5579; baseline -0.001 -22"><span class='ocrx_word' id='word_1_774' title='bbox 313 5508 497 5577; x_wconf 76' lang='grc' dir='ltr'>νηρῶν</span> <span class='ocrx_word' id='word_1_775' title='bbox 515 5502 758 5577; x_wconf 78' lang='grc' dir='ltr'>πράξεων</span> <span class='ocrx_word' id='word_1_776' title='bbox 788 5502 1118 5579; x_wconf 77' lang='grc' dir='ltr'>καθηγηταί.</span> <span class='ocrx_word' id='word_1_777' title='bbox 1152 5525 1180 5554; x_wconf 73' lang='grc' dir='ltr'>«ί</span> <span class='ocrx_word' id='word_1_778' title='bbox 1213 5504 1299 5559; x_wconf 85' lang='grc' dir='ltr'>Ἐν</span> <span class='ocrx_word' id='word_1_779' title='bbox 1340 5507 1457 5565; x_wconf 80' lang='grc' dir='ltr'>τοῖς</span> <span class='ocrx_word' id='word_1_780' title='bbox 1502 5499 1896 5577; x_wconf 76' lang='grc' dir='ltr'>έπουρανοίοις.</span> <span class='ocrx_word' id='word_1_781' title='bbox 1939 5524 1966 5549; x_wconf 78' lang='grc' dir='ltr'><em>η</em></span> 
     </span>
    </p>
   </div>
   <div class='ocr_carea' id='block_1_104' title="bbox 386 5631 1369 5703">
    <p class='ocr_par' dir='ltr' id='par_1_104' title="bbox 386 5631 1369 5703">
     <span class='ocr_line' id='line_1_105' title="bbox 386 5631 1369 5703; baseline 0.02 -41"><span class='ocrx_word' id='word_1_782' title='bbox 386 5631 431 5665; x_wconf 72' lang='lat' dir='ltr'>ss</span> <span class='ocrx_word' id='word_1_783' title='bbox 469 5631 603 5686; x_wconf 64' lang='lat' dir='ltr'>Luc,</span> <span class='ocrx_word' id='word_1_784' title='bbox 641 5649 692 5701; x_wconf 45' lang='grc' dir='ltr'>χ,</span> <span class='ocrx_word' id='word_1_785' title='bbox 731 5634 815 5703; x_wconf 61' lang='grc'>19,</span> <span class='ocrx_word' id='word_1_786' title='bbox 892 5631 936 5665; x_wconf 66' lang='grc'>³9</span> <span class='ocrx_word' id='word_1_787' title='bbox 966 5632 1133 5686; x_wconf 80' lang='lat' dir='ltr'>Joan.</span> <span class='ocrx_word' id='word_1_788' title='bbox 1166 5647 1255 5696; x_wconf 75' lang='lat' dir='ltr'>XV,</span> <span class='ocrx_word' id='word_1_789' title='bbox 1286 5634 1369 5684; x_wconf 76' lang='grc'>10.</span> 
     </span>
    </p>
   </div>
   <div class='ocr_carea' id='block_1_105' title="bbox 2065 4606 3711 4685">
    <p class='ocr_par' dir='ltr' id='par_1_105' title="bbox 2065 4606 3711 4685">
     <span class='ocr_line' id='line_1_106' title="bbox 2065 4606 3711 4685; baseline 0.004 -23"><span class='ocrx_word' id='word_1_790' title='bbox 2065 4606 2410 4677; x_wconf 90' lang='lat' dir='ltr'>discipulos.</span> <span class='ocrx_word' id='word_1_791' title='bbox 2448 4609 2557 4663; x_wconf 90' lang='lat' dir='ltr'>Vos</span> <span class='ocrx_word' id='word_1_792' title='bbox 2588 4625 2708 4665; x_wconf 91' lang='lat' dir='ltr'>non</span> <span class='ocrx_word' id='word_1_793' title='bbox 2742 4611 2904 4678; x_wconf 91' lang='lat' dir='ltr'>estis,</span> <span class='ocrx_word' id='word_1_794' title='bbox 2936 4613 3151 4684; x_wconf 88' lang='lat' dir='ltr'>inquit,</span> <span class='ocrx_word' id='word_1_795' title='bbox 3186 4614 3390 4669; x_wconf 88' lang='lat' dir='ltr'>mundi</span> <span class='ocrx_word' id='word_1_796' title='bbox 3432 4614 3612 4685; x_wconf 87' lang='lat' dir='ltr'>hujus</span> <span class='ocrx_word' id='word_1_797' title='bbox 3642 4610 3711 4669; x_wconf 69' lang='grc'>³9.</span> 
     </span>
    </p>
   </div>
   <div class='ocr_carea' id='block_1_106' title="bbox 2070 4696 3714 4774">
    <p class='ocr_par' dir='ltr' id='par_1_106' title="bbox 2070 4696 3714 4774">
     <span class='ocr_line' id='line_1_107' title="bbox 2070 4696 3714 4774; baseline 0.003 -22"><span class='ocrx_word' id='word_1_798' title='bbox 2070 4696 2243 4767; x_wconf 86' lang='lat' dir='ltr'>Atqui</span> <span class='ocrx_word' id='word_1_799' title='bbox 2265 4701 2452 4752; x_wconf 88' lang='lat' dir='ltr'>erant.</span> <span class='ocrx_word' id='word_1_800' title='bbox 2478 4696 2587 4752; x_wconf 91' lang='lat' dir='ltr'>Sed</span> <span class='ocrx_word' id='word_1_801' title='bbox 2611 4715 2816 4768; x_wconf 80' lang='lat' dir='ltr'>pravas</span> <span class='ocrx_word' id='word_1_802' title='bbox 2842 4701 3187 4774; x_wconf 80' lang='lat' dir='ltr'>intelligens</span> <span class='ocrx_word' id='word_1_803' title='bbox 3218 4703 3483 4758; x_wconf 87' lang='lat' dir='ltr'>actiones</span> <span class='ocrx_word' id='word_1_804' title='bbox 3514 4704 3595 4758; x_wconf 91' lang='lat' dir='ltr'>ita</span> <span class='ocrx_word' id='word_1_805' title='bbox 3622 4702 3714 4757; x_wconf 87' lang='lat' dir='ltr'>lo-</span> 
     </span>
    </p>
   </div>
   <div class='ocr_carea' id='block_1_107' title="bbox 2071 4785 3718 4859">
    <p class='ocr_par' dir='ltr' id='par_1_107' title="bbox 2071 4785 3718 4859">
     <span class='ocr_line' id='line_1_108' title="bbox 2071 4785 3718 4859; baseline 0.004 -20"><span class='ocrx_word' id='word_1_806' title='bbox 2071 4790 2241 4840; x_wconf 89' lang='lat' dir='ltr'>cutus</span> <span class='ocrx_word' id='word_1_807' title='bbox 2264 4791 2371 4841; x_wconf 85' lang='lat' dir='ltr'>est.</span> <span class='ocrx_word' id='word_1_808' title='bbox 2397 4785 2594 4840; x_wconf 83' lang='lat' dir='ltr'>Mundi</span> <span class='ocrx_word' id='word_1_809' title='bbox 2618 4803 2753 4859; x_wconf 77' lang='lat' dir='ltr'>ergo</span> <span class='ocrx_word' id='word_1_810' title='bbox 2780 4788 3051 4845; x_wconf 86' lang='lat' dir='ltr'>dominos</span> <span class='ocrx_word' id='word_1_811' title='bbox 3074 4790 3214 4846; x_wconf 86' lang='lat' dir='ltr'>dicit</span> <span class='ocrx_word' id='word_1_812' title='bbox 3236 4791 3557 4851; x_wconf 72' lang='lat' dir='ltr'>dmmones.</span> <span class='ocrx_word' id='word_1_813' title='bbox 3584 4797 3718 4847; x_wconf 87' lang='lat' dir='ltr'>tau-</span> 
     </span>
    </p>
   </div>
   <div class='ocr_carea' id='block_1_108' title="bbox 2073 4876 3715 4945">
    <p class='ocr_par' dir='ltr' id='par_1_108' title="bbox 2073 4876 3715 4945">
     <span class='ocr_line' id='line_1_109' title="bbox 2073 4876 3715 4945; baseline 0.005 -17"><span class='ocrx_word' id='word_1_814' title='bbox 2073 4891 2250 4945; x_wconf 89' lang='lat' dir='ltr'>quam</span> <span class='ocrx_word' id='word_1_815' title='bbox 2282 4891 2592 4945; x_wconf 82' lang='lat' dir='ltr'>pravarum</span> <span class='ocrx_word' id='word_1_816' title='bbox 2651 4876 2830 4932; x_wconf 90' lang='lat' dir='ltr'>duces</span> <span class='ocrx_word' id='word_1_817' title='bbox 2883 4880 3205 4935; x_wconf 89' lang='lat' dir='ltr'>actionum.</span> <span class='ocrx_word' id='word_1_818' title='bbox 3259 4881 3715 4938; x_wconf 81' lang='lat' dir='ltr'>«Tenebrarum</span> 
     </span>
    </p>
   </div>
   <div class='ocr_carea' id='block_1_109' title="bbox 2075 4962 3720 5034">
    <p class='ocr_par' dir='ltr' id='par_1_109' title="bbox 2075 4962 3720 5034">
     <span class='ocr_line' id='line_1_110' title="bbox 2075 4962 3720 5034; baseline 0.004 -16"><span class='ocrx_word' id='word_1_819' title='bbox 2075 4962 2275 5018; x_wconf 78' lang='lat' dir='ltr'>smculi</span> <span class='ocrx_word' id='word_1_820' title='bbox 2307 4962 2505 5034; x_wconf 89' lang='lat' dir='ltr'>hujus.</span> <span class='ocrx_word' id='word_1_821' title='bbox 2532 4985 2560 5012; x_wconf 75' lang='grc' dir='ltr'>υ</span> <span class='ocrx_word' id='word_1_822' title='bbox 2590 4964 2670 5018; x_wconf 87' lang='lat' dir='ltr'>Ne</span> <span class='ocrx_word' id='word_1_823' title='bbox 2703 4965 2984 5023; x_wconf 88' lang='lat' dir='ltr'>formides</span> <span class='ocrx_word' id='word_1_824' title='bbox 3004 4969 3253 5025; x_wconf 88' lang='lat' dir='ltr'>audiens</span> <span class='ocrx_word' id='word_1_825' title='bbox 3276 4987 3375 5027; x_wconf 92' lang='lat' dir='ltr'>eos</span> <span class='ocrx_word' id='word_1_826' title='bbox 3398 4969 3720 5027; x_wconf 88' lang='lat' dir='ltr'>mundido-</span> 
     </span>
    </p>
   </div>
   <div class='ocr_carea' id='block_1_110' title="bbox 2074 5049 3715 5133">
    <p class='ocr_par' dir='ltr' id='par_1_110' title="bbox 2074 5049 3715 5133">
     <span class='ocr_line' id='line_1_111' title="bbox 2074 5049 3715 5133; baseline 0.004 -26"><span class='ocrx_word' id='word_1_827' title='bbox 2074 5050 2268 5107; x_wconf 86' lang='lat' dir='ltr'>minos</span> <span class='ocrx_word' id='word_1_828' title='bbox 2301 5049 2609 5123; x_wconf 86' lang='lat' dir='ltr'>subjunxit</span> <span class='ocrx_word' id='word_1_829' title='bbox 2639 5054 2732 5108; x_wconf 91' lang='lat' dir='ltr'>cui</span> <span class='ocrx_word' id='word_1_830' title='bbox 2765 5057 3165 5126; x_wconf 72' lang='lat' dir='ltr'>prmsideant:</span> <span class='ocrx_word' id='word_1_831' title='bbox 3203 5060 3464 5129; x_wconf 65' lang='lat' dir='ltr'>malitiae,</span> <span class='ocrx_word' id='word_1_832' title='bbox 3498 5060 3715 5133; x_wconf 88' lang='lat' dir='ltr'>inquit.</span> 
     </span>
    </p>
   </div>
   <div class='ocr_carea' id='block_1_111' title="bbox 2075 5138 3715 5217">
    <p class='ocr_par' dir='ltr' id='par_1_111' title="bbox 2075 5138 3715 5217">
     <span class='ocr_line' id='line_1_112' title="bbox 2075 5138 3715 5217; baseline 0.006 -24"><span class='ocrx_word' id='word_1_833' title='bbox 2075 5138 2371 5195; x_wconf 86' lang='lat' dir='ltr'>Tenebras</span> <span class='ocrx_word' id='word_1_834' title='bbox 2392 5139 2552 5195; x_wconf 90' lang='lat' dir='ltr'>enim</span> <span class='ocrx_word' id='word_1_835' title='bbox 2574 5142 2775 5197; x_wconf 69' lang='lat' dir='ltr'>saaculi</span> <span class='ocrx_word' id='word_1_836' title='bbox 2800 5143 2996 5215; x_wconf 82' lang='lat' dir='ltr'>hujus.</span> <span class='ocrx_word' id='word_1_837' title='bbox 3024 5163 3226 5217; x_wconf 84' lang='lat' dir='ltr'>pravas</span> <span class='ocrx_word' id='word_1_838' title='bbox 3258 5148 3403 5204; x_wconf 88' lang='lat' dir='ltr'>dicit</span> <span class='ocrx_word' id='word_1_839' title='bbox 3432 5150 3715 5204; x_wconf 83' lang='lat' dir='ltr'>actiones.</span> 
     </span>
    </p>
   </div>
   <div class='ocr_carea' id='block_1_112' title="bbox 2078 5229 3723 5300">
    <p class='ocr_par' dir='ltr' id='par_1_112' title="bbox 2078 5229 3723 5300">
     <span class='ocr_line' id='line_1_113' title="bbox 2078 5229 3723 5300; baseline 0.004 -22"><span class='ocrx_word' id='word_1_840' title='bbox 2078 5252 2106 5278; x_wconf 91' lang='grc'>‹‹</span> <span class='ocrx_word' id='word_1_841' title='bbox 2143 5229 2431 5283; x_wconf 77' lang='lat' dir='ltr'>Adversus</span> <span class='ocrx_word' id='word_1_842' title='bbox 2464 5229 2797 5300; x_wconf 87' lang='lat' dir='ltr'>spiritualia</span> <span class='ocrx_word' id='word_1_843' title='bbox 2828 5233 3086 5292; x_wconf 77' lang='lat' dir='ltr'>malitim.</span> <span class='ocrx_word' id='word_1_844' title='bbox 3125 5238 3242 5294; x_wconf 87' lang='lat' dir='ltr'>lloc</span> <span class='ocrx_word' id='word_1_845' title='bbox 3289 5245 3378 5294; x_wconf 88' lang='lat' dir='ltr'>est</span> <span class='ocrx_word' id='word_1_846' title='bbox 3425 5233 3723 5292; x_wconf 78' lang='lat' dir='ltr'>dmmonia</span> 
     </span>
    </p>
   </div>
   <div class='ocr_carea' id='block_1_113' title="bbox 2079 5318 3722 5396">
    <p class='ocr_par' dir='ltr' id='par_1_113' title="bbox 2079 5318 3722 5396">
     <span class='ocr_line' id='line_1_114' title="bbox 2079 5318 3722 5396; baseline 0 -24"><span class='ocrx_word' id='word_1_847' title='bbox 2079 5335 2209 5389; x_wconf 66' lang='lat' dir='ltr'>quas</span> <span class='ocrx_word' id='word_1_848' title='bbox 2239 5322 2377 5371; x_wconf 90' lang='lat' dir='ltr'>sunt</span> <span class='ocrx_word' id='word_1_849' title='bbox 2403 5318 2665 5387; x_wconf 64' lang='lat' dir='ltr'>malitias,</span> <span class='ocrx_word' id='word_1_850' title='bbox 2685 5320 2743 5374; x_wconf 91' lang='lat' dir='ltr'>id</span> <span class='ocrx_word' id='word_1_851' title='bbox 2767 5327 2876 5388; x_wconf 88' lang='lat' dir='ltr'>est,</span> <span class='ocrx_word' id='word_1_852' title='bbox 2913 5322 3127 5380; x_wconf 90' lang='lat' dir='ltr'>diaboli</span> <span class='ocrx_word' id='word_1_853' title='bbox 3155 5344 3167 5380; x_wconf 89' lang='lat'><strong>:</strong></span> <span class='ocrx_word' id='word_1_854' title='bbox 3202 5343 3339 5382; x_wconf 87' lang='lat' dir='ltr'>nam</span> <span class='ocrx_word' id='word_1_855' title='bbox 3365 5327 3492 5396; x_wconf 89' lang='lat' dir='ltr'>ejus</span> <span class='ocrx_word' id='word_1_856' title='bbox 3514 5319 3722 5376; x_wconf 86' lang='lat' dir='ltr'>iustin-</span> 
     </span>
    </p>
   </div>
   <div class='ocr_carea' id='block_1_114' title="bbox 2080 5405 3719 5481">
    <p class='ocr_par' dir='ltr' id='par_1_114' title="bbox 2080 5405 3719 5481">
     <span class='ocr_line' id='line_1_115' title="bbox 2080 5405 3719 5481; baseline 0.001 -19"><span class='ocrx_word' id='word_1_857' title='bbox 2080 5413 2176 5462; x_wconf 88' lang='lat' dir='ltr'>ctu</span> <span class='ocrx_word' id='word_1_858' title='bbox 2200 5405 2595 5478; x_wconf 77' lang='lat' dir='ltr'>perficiuntur</span> <span class='ocrx_word' id='word_1_859' title='bbox 2618 5425 2630 5462; x_wconf 92' lang='lat'>:</span> <span class='ocrx_word' id='word_1_860' title='bbox 2655 5416 2755 5463; x_wconf 90' lang='lat' dir='ltr'>aut</span> <span class='ocrx_word' id='word_1_861' title='bbox 2774 5427 3085 5481; x_wconf 82' lang='lat' dir='ltr'>pravarum</span> <span class='ocrx_word' id='word_1_862' title='bbox 3108 5415 3408 5469; x_wconf 89' lang='lat' dir='ltr'>actionum</span> <span class='ocrx_word' id='word_1_863' title='bbox 3432 5407 3719 5481; x_wconf 81' lang='lat' dir='ltr'>magistri.</span> 
     </span>
    </p>
   </div>
   <div class='ocr_carea' id='block_1_115' title="bbox 2082 5493 3720 5570">
    <p class='ocr_par' dir='ltr' id='par_1_115' title="bbox 2082 5493 3720 5570">
     <span class='ocr_line' id='line_1_116' title="bbox 2082 5493 3720 5570; baseline 0.004 -23"><span class='ocrx_word' id='word_1_864' title='bbox 2082 5520 2107 5547; x_wconf 88' lang='grc'><strong>‹‹</strong></span> <span class='ocrx_word' id='word_1_865' title='bbox 2145 5498 2207 5551; x_wconf 90' lang='lat' dir='ltr'>ln</span> <span class='ocrx_word' id='word_1_866' title='bbox 2240 5493 2599 5551; x_wconf 66' lang='lat' dir='ltr'>caelestibus.</span> <span class='ocrx_word' id='word_1_867' title='bbox 2635 5519 2662 5545; x_wconf 69' lang='grc' dir='ltr'>ι»</span> <span class='ocrx_word' id='word_1_868' title='bbox 2692 5499 2994 5570; x_wconf 86' lang='lat' dir='ltr'>Tanquam</span> <span class='ocrx_word' id='word_1_869' title='bbox 3043 5502 3268 5557; x_wconf 89' lang='lat' dir='ltr'>diceret</span> <span class='ocrx_word' id='word_1_870' title='bbox 3307 5517 3320 5555; x_wconf 90' lang='lat'><strong>:</strong></span> <span class='ocrx_word' id='word_1_871' title='bbox 3367 5502 3467 5555; x_wconf 86' lang='lat' dir='ltr'>Est</span> <span class='ocrx_word' id='word_1_872' title='bbox 3522 5503 3720 5554; x_wconf 88' lang='lat' dir='ltr'>autem</span> 
     </span>
    </p>
   </div>
  </div>
