4096 6194
449 324 602 389 1251

1603 313 2017 378 ωΟΠΜΕΝΙΙ
2058 314 2362 378 ΤΗΙΟΟᾸΕ
2404 313 2758 378 EPISCOPI

3732 314 3881 373 19.32

441 455 613 512 nobis
630 452 911 509 adversus
936 451 1044 505 hos
1066 449 1248 515 lucta,
1270 461 1391 504 non
1413 448 1485 505 de
1506 448 1701 520 parvis
1732 446 2079 520 quibusdam

2199 446 2343 503 Ὠσεὶ
2396 440 2600 524 ἔλεγεν.
2657 450 2813 505 Ἔστι
2872 445 2930 502 δὲ
2986 446 3075 502 καὶ
3131 448 3268 519 ἡμῖν
3328 447 3363 515 ὴ
3422 447 3569 519 πρὸς
3643 444 3877 506 τούτους

436 544 638 608 rebus,
665 541 767 597 sed
799 556 906 613 pro
934 538 1113 595 rebus
1144 555 1275 610 quas
1307 543 1447 593 sunt
1477 539 1537 593 in
1569 538 1908 594 caelestibus
1934 555 1948 593 :
1981 538 2090 593 hoc

440 639 532 690 est
547 648 651 705 pro
672 647 852 703 regno
875 630 1158 686 cmlorum
1178 635 1236 683 et
1254 627 1594 699 adoptione.
1620 627 1842 683 Idcirco
1865 627 2093 683 sobrios

443 739 574 779 esse
606 738 675 777 ac
700 719 940 792 vigilare
974 723 1226 790 Oportet.
1260 719 1361 773 Est
1391 722 1590 773 autem
1622 718 1863 789 prepria
1884 716 2100 772 dictio-

445 827 592 867 num
606 806 1700 880 correSpondentia.Proptercmlestia,
1720 805 1931 877 inquit.
1954 807 2098 861 Nam

445 897 523 971 ἐν,
557 899 615 956 id
640 905 729 955 est
757 901 837 965 in,
871 898 1102 971 capitur
1126 914 1232 969 pro
1264 892 1372 966 διά,
1407 896 1467 952 id
1499 901 1589 951 est
1609 906 1862 968 propter.
1890 918 1917 945 (ι
1942 897 2099 961 Qua-

446 994 691 1062 propter
729 988 1035 1045 assumite.
1070 1008 1097 1037 ››
1154 985 1465 1052 Quoniam,
1513 982 1727 1056 inquit,
1779 984 2095 1056 periculosi

448 1084 588 1136 sunt
618 1079 839 1134 hostes.
876 1098 904 1127 ι(
939 1076 1005 1132 In
1038 1075 1131 1131 die
1166 1076 1343 1131 malo.
1383 1098 1402 1123 ι
1439 1074 1605 1130 Diem
1662 1073 1884 1129 malum
1930 1080 2096 1130 vocat

444 1173 800 1244 prassentem
833 1167 1031 1234 vitam,
1064 1170 1307 1238 prapter
1336 1181 1543 1236 pravas
1572 1164 1836 1220 actiones
1868 1180 1999 1235 qum
2031 1162 2092 1218 in

445 1275 514 1315 ea
545 1263 719 1314 sunt:
756 1257 853 1313 58
884 1255 1208 1311 ostendens
1238 1254 1413 1310 breve
1471 1270 1601 1309 esse
1644 1252 1788 1308 belli
1836 1258 2088 1325 tempus,

445 1352 624 1407 etiam
658 1351 767 1405 hoc
798 1349 974 1405 modo
1008 1353 1347 1420 promptum
1380 1346 1500 1402 illis
1530 1345 1754 1402 addens
1802 1346 2089 1402 animum.

445 1464 466 1491 ι
502 1443 572 1498 Et
620 1440 896 1497 omnibus
952 1438 1196 1494 devictis
1249 1444 1427 1494 stare.
1462 1461 1484 1490 ι
1540 1436 1826 1493 Omnibus
1874 1452 2092 1507 nempe

441 1527 1449 1601 affectionibus,concupiscentiis.«
1469 1526 1780 1583 Devictis.»
1802 1527 1943 1580 Nam
1970 1544 2092 1578 κατ-

439 1616 797 1694 εργασάμενοι
854 1618 1087 1690 capitur
1143 1634 1249 1689 pro
1336 1612 1911 1685 καταπολεμήσαντες,
1980 1614 2090 1670 hoc

437 1714 548 1779 est,
579 1709 846 1765 confecto
878 1707 1032 1764 bello
1056 1723 1124 1762 ac
1157 1705 1399 1761 devictis
1446 1704 1716 1760 hostibus
1749 1708 1925 1771 stare,
1959 1708 2087 1759 tan-

2202 536 2377 608 πάλη,
2411 535 2473 593 οὒ
2503 537 2626 614 περὶ
2662 543 2870 612 μικρῶν
2896 552 3081 606 τινων,
3120 534 3249 592 ἀλλ’
3298 536 3434 609 ὑπὲρ
3482 540 3599 592 τῶν
3652 534 3716 590 ἐν
3762 540 3875 595 τοὶ

2203 624 2549 702 ἐπουρανίοις
2605 627 2969 705 πραγμάτων,
3024 628 3139 681 οἷον
3224 624 3506 702 βασιλείας
3596 622 3875 699 οὺρανῶν,

2208 716 2298 770 καὶ
2356 716 2643 780 υἱοθεσίας.
2707 717 2801 778 Διὸ
2874 719 3061 795 νήφειν
3146 716 3283 794 χρή.
3359 715 3423 772 ἸΙ
3470 712 3533 770 δὲ
3591 713 3876 782 ἀντέὶεξτς

2208 803 2417 871 ίδικῶς.
2478 806 2574 862 Διά
2626 808 2694 863 τά
2775 804 3246 884 ἐπουράνιάοφησι.
3331 806 3408 862 Τὸ
3463 805 3574 879 γὰρ
3630 804 3724 875 ἐν,
3793 801 3881 857 διεὶ

2207 893 2370 951 ἑστίν.
2427 918 2456 947 ιι
2511 894 2610 952 Διδ.
2651 899 2814 950 τοῦτο
2897 890 3217 951 ἀναλάϐετε.
3273 917 3303 945 »ι
3358 891 3611 963 Ἐπειδὴ,
3711 894 3874 963 φησὶ,

2205 981 2445 1058 χαλεποὶ
2476 985 2528 1039 οἱ
2585 983 2798 1059 ἐχθροί.
2859 1009 2888 1036 ιι
2930 984 3017 1040 Ἐν
3072 986 3143 1056 τῇ
3193 984 3375 1058 ἡμέρᾳ
3556 986 3814 1054 πονηρᾷ.
3848 1006 3875 1031 υ

2204 1073 2442 1148 Ἡμέραν
2483 1073 2722 1149 πονηρὰν
2780 1073 2870 1128 τὸν
2929 1074 3170 1148 παρόντα
3219 1071 3381 1127 καλεῖ
3434 1073 3585 1148 βίον,
3648 1068 3751 1125 διὰ
3806 1072 3877 1124 τὶ

2205 1161 2258 1218 ἐν
2290 1159 2436 1234 αῦτῷ
2464 1161 2680 1236 πονηρᾶ
2730 1160 3049 1237 πράγματα,
3107 1156 3316 1224 δεικνὺς
3378 1159 3592 1236 βραχὺν
3644 1159 3719 1214 τὸ
3777 1164 3874 1214 τοῦ

2202 1250 2452 1324 πολέμου
2482 1251 2690 1326 καιρὸν,
2720 1250 2809 1306 καὶ
2841 1250 3012 1325 ταύτῃ
3043 1248 3349 1325 προθυμίαν
3404 1247 3595 1310 αὺτοῖς
3653 1245 3871 1311 διδούς.

2203 1339 2379 1396 «Καὶ
2438 1332 2646 1395 ἅπαντα
2702 1342 3161 1416 κατεργασάμενοι
3221 1346 3435 1408 στῆναι.
3494 1364 3528 1391 ‹‹
3586 1340 3871 1399 Ἀπαντι.

2202 1430 2321 1485 οἷον
2387 1429 2483 1492 τὰς
2547 1427 2715 1500 πάθη,
2784 1429 2880 1490 τὰς
2947 1426 3257 1502 ἐπιθυμίας.
3352 1429 3869 1505 Κατεργασάμτενοι,

2201 1520 2318 1575 οἷον
2329 1560 2344 1587 ,
2483 1517 3053 1590 Καταπολεμησαντες
3192 1525 3406 1588 στῆναι,
3556 1518 3872 1594 νικηφόροι

2196 1610 2336 1671 τινες
2363 1609 2452 1665 xui
2485 1608 2733 1686 λαμπροί
2761 1613 2842 1682 τῷ
2866 1608 3133 1686 τροπαίῳ.
3190 1609 3405 1666 Ηολλοὶ
3448 1613 3557 1687 γάρ
3610 1612 3767 1684 μετᾶ
3808 1613 3869 1666 τὸ

2196 1707 2438 1771 νικῆσαι,
2469 1699 2635 1756 πάλιν
2668 1695 2877 1759 ἔπεσον.
2937 1697 3096 1759 Ἀλλ’
3152 1700 3242 1755 ἳνα
3296 1699 3520 1771 ἐνστῆτε
3590 1704 3669 1775 τῇ
3724 1701 3873 1777 sua,

435 1814 616 1870 quam
646 1797 707 1853 hi
740 1798 839 1869 qui
872 1796 1175 1853 victoriam
1207 1798 1609 1867 reportarunt,
1641 1798 1699 1848 et
1729 1793 1990 1864 trophaeo
2018 1792 2162 1848 clari
2215 1798 2374 1850 sunt.
2430 1791 2595 1849 Multi
2643 1794 2805 1849 enim
2848 1797 3166 1865 postquam
3215 1792 3551 1862 vinceruut,
3617 1811 3873 1851 rursum

433 1887 798 1944 ceciderunt.
832 1886 943 1943 Sed
974 1892 1039 1943 ut
1064 1886 1124 1941 in
1156 1885 1399 1941 victoria
1428 1883 1783 1956 persistatis.

508 1975 601 2041 Vl,
634 1978 826 2031 14-18.
887 1977 1038 2032 State
1086 1975 1261 2045 igitur
1314 1974 1511 2029 lumbis
1538 1972 1734 2029 vestris
1762 1973 2079 2028 circumcin-

2270 1976 2445 2040 Στῆτε
2501 1970 2597 2024 οῦν
2655 1969 3092 2046 περιζωσάμενοι
3172 1972 3273 2042 τὴν
3332 1970 3495 2049 ὀσφὺν
3585 1972 3762 2045 ὒμῶν
3820 1972 3872 2028 ἰν

436 2068 538 2122 etis
568 2066 798 2122 baltheo
821 2082 927 2136 per
954 2067 1257 2131 veritatem,
1291 2070 1342 2119 et
1373 2062 1561 2117 induti
1591 2062 1863 2117 thoracem
1908 2062 2085 2131 justi-

435 2159 547 2221 tiae,
579 2163 631 2212 et
662 2157 892 2211 catceati
914 2156 1169 2226 pedibus.
1201 2161 1261 2209 ut
1283 2156 1477 2225 parati
1493 2155 1613 2209 sitis
1633 2153 1707 2207 ad
1735 2153 2091 2223 Evangetium

424 2239 607 2313 pacis,
638 2256 802 2311 super
832 2242 1015 2296 omnia
1044 2246 1321 2310 assumpto
1350 2246 1503 2295 scuto
1532 2238 1684 2307 ﬁdei,
1715 2254 1823 2309 quo
1867 2236 2090 2309 possitis

434 2331 622 2387 omnia
640 2331 837 2400 jaeula
866 2329 1001 2383 mali
1030 2330 1182 2385 illius
1210 2331 1392 2398 ignita
1422 2331 1770 2399 emstinguere
1798 2344 1816 2382 :
1842 2327 2089 2397 galeam-

435 2435 540 2493 que
568 2419 830 2476 salutaris
856 2417 1195 2489 accipiendo,
1221 2424 1272 2472 et
1296 2417 1549 2488 gladium
1580 2419 1806 2488 spiritus
1837 2419 1986 2488 quod
2014 2422 2091 2473 est

433 2510 658 2567 verbum
688 2511 808 2577 Dei,
842 2512 897 2565 in
927 2507 1080 2564 omni
1106 2508 1490 2579 deprecatione
1519 2514 1569 2564 et
1599 2507 1995 2565 obsecratione.

430 2598 708 2673 σωτηρίου
775 2593 1043 2667 δέξασθαι,
1099 2595 1190 2651 καὶ
1241 2596 1340 2665 τὴν
1404 2593 1681 2670 μάχαιραν
1735 2599 1835 2651 τοῦ
1888 2593 2222 2669 πνεῦματοςι

429 2686 523 2743 καὶ
555 2684 791 2758 δεήσεως

504 2779 594 2837 Ad
625 2778 850 2835 bellum
881 2778 1224 2846 exhortans,
1258 2776 1517 2851 primum
1544 2775 1832 2843 admonet
1853 2793 2088 2849 compo-

436 2867 547 2923 site
578 2884 645 2923 ac
676 2868 872 2923 debito
905 2866 1112 2924 ordine
1144 2868 1207 2923 in
1237 2866 1362 2923 acie
1395 2872 1573 2923 stare.
1612 2866 1836 2923 Deinde
1877 2882 2085 2922 conse-

434 2962 687 3031 quenter
704 2963 895 3014 armat
912 2975 925 3013 :
943 2974 1010 3014 ac
1023 2958 1215 3029 primo
1238 2956 1421 3031 cingit
1440 2957 1693 3013 militem
1716 2956 2088 3012 diffluentem

433 3063 500 3105 ac
532 3045 815 3103 diffusum
831 3046 1354 3119 concupiscentiis,
1375 3052 1434 3100 et
1455 3045 1774 3102 habentem
1791 3046 2090 3119 cogitatio-

431 3155 538 3194 nes
561 3138 621 3194 in
642 3138 889 3194 humum
914 3138 1231 3205 detractas,
1253 3153 1320 3193 ac
1350 3137 1623 3209 reprimit
1652 3136 1942 3208 spirituali
1975 3137 2087 3193 hoc

433 3226 692 3284 baltheo.
727 3250 754 3277 ‹‹
789 3226 1025 3283 Lumbis
1054 3226 1285 3282 vestris.
1318 3247 1345 3275 ››
1368 3226 1876 3290 Quemadmodum
1900 3225 1962 3281 in
1984 3242 2084 3283 na-

431 3315 600 3370 vibus
631 3315 837 3370 carina
865 3332 997 3386 qum
1029 3314 1159 3371 loco
1190 3314 1563 3371 fundamenti
1607 3315 1917 3385 cujusdam
1970 3321 2079 3384 est,

430 3402 747 3459 azdiflcium
772 3420 946 3458 omne
968 3404 1254 3467 continet,
1280 3404 1361 3459 ita
1380 3410 1440 3459 et
1461 3404 1647 3460 lumbi
1671 3404 1730 3459 in
1751 3404 1932 3460 vobis.
1966 3405 2081 3460 Ita.

427 3505 541 3563 que
568 3490 668 3561 qui
694 3488 893 3545 labore
916 3489 1217 3564 defatigati
1244 3498 1404 3559 sunt,
1429 3492 1774 3565 frequenter
1798 3494 2082 3564 appositis

427 3578 512 3635 ibi
543 3577 825 3635 manibus
860 3584 1144 3649 tanquam
1171 3578 1245 3634 ad
1275 3579 1729 3636 fundamentum
1760 3583 2079 3653 quoddam,

426 3667 813 3742 requiescunt
855 3667 1130 3723 Nostrum
1154 3666 1333 3738 igitur
1358 3667 1714 3740 principium
1740 3671 1930 3739 primo
1946 3686 2083 3724 con-

426 3758 683 3831 stringit,
716 3764 999 3828 tanquam
1033 3757 1250 3813 animas
1281 3757 1539 3830 vigorem
1573 3756 1671 3827 qui
1705 3757 1767 3813 in
1798 3756 1970 3813 nobis
1993 3764 2081 3814 est

424 3849 584 3921 quod
616 3848 862 3923 figurate
894 3847 1130 3905 lumbos
1161 3846 1498 3920 appellavit,
1532 3847 1641 3903 hos
1684 3847 1931 3903 veritate
1963 3848 2081 3903 cir—

421 3939 762 4011 cumcingit.
799 3942 982 3994 Porro
1024 3938 1242 3993 veritas
1304 3936 1378 3993 ad
1440 3936 1629 3993 multa
1686 3936 2074 4009 intelligitur:

417 4029 639 4083 veritas
656 4028 1020 4101 dogmatum,
1045 4027 1260 4083 veritas
1282 4027 1412 4082 vitm
1436 4025 1652 4081 Christi
1685 4033 1971 4098 separata)
2003 4026 2075 4082 ab

417 4116 717 4189 hypocrisi
777 4117 895 4172 sive
954 4116 1357 4180 simulatione,
1442 4116 1659 4172 veritas
1731 4132 2070 4172 sermonum

416 4204 888 4263 fraudulentiam
919 4223 986 4261 ac
1016 4206 1220 4261 dolum
1242 4204 1803 4275 abnegantian1,veri
1817 4212 1900 4261 tas
1923 4205 2075 4278 cogi-

421 4295 664 4352 tationis
702 4312 833 4367 qum
867 4294 1019 4351 nihil
1050 4294 1230 4351 habet
1259 4293 1581 4349 adulterini
1613 4300 1713 4349 aut
1744 4294 1922 4350 fucati
1953 4295 2072 4351 daa-

418 4403 663 4442 monum
688 4386 1137 4441 seminis.Potes
1158 4390 1356 4441 autem
1376 4390 1656 4455 tanquam
1680 4385 1753 4440 ad
1771 4386 2069 4443 Christum

416 4475 639 4532 referre
670 4476 770 4547 qui
803 4492 936 4531 vero
968 4475 1181 4529 veritas
1240 4480 1347 4529 est.
1388 4496 1413 4525 ιι
1462 4475 1576 4546 Ego
1636 4491 1789 4542 sum,
1850 4476 2064 4546 inquit,

2201 2059 2451 2131 ἀληθείᾳ,
2510 2058 2602 2116 καὶ
2681 2057 3036 2134 ἐνδυσάμενοι
3119 2059 3209 2116 τὸν
3307 2059 3528 2135 θώρακα
3595 2068 3713 2130 τῆς
3796 2060 3879 2117 δι-

2198 2148 2514 2220 καιοσύνης,
2590 2147 2681 2204 καὶ
2784 2146 3183 2224 ὓποδυσάμενοι
3286 2151 3415 2214 τοῦς
3516 2147 3714 2214 πόδας
3824 2152 3875 2206 ἐν

2200 2238 2492 2311 ἑτοιμασίᾳ
2560 2242 2659 2293 τοῦ
2733 2236 3071 2315 Εὗαγγελίου
3166 2245 3271 2309 τῆς
3370 2240 3633 2316 εἰρήνης·
3756 2242 3883 2298 Ἐπὶ

2196 2332 2355 2383 πᾶσιν
2444 2322 2807 2392 ἀναλαϐόντες
2897 2328 2992 2385 τὸν
3069 2329 3258 2404 θυρεὸν
3313 2336 3415 2400 τῆς
3468 2329 3756 2398 πίστεως,
3826 2331 3877 2386 ἐν

2198 2416 2244 2490 ᾧ
2320 2414 2610 2489 δυνήσεσθε
2682 2419 2852 2475 πάντα
2923 2419 2992 2474 τὰ
3070 2418 3208 2494 βὲλη
3282 2423 3379 2475 τοῦ
3470 2424 3739 2495 πονηροῦ
3814 2420 3883 2476 τά

2196 2507 2564 2582 πεπυρωμένα
2628 2504 2835 2576 σϐέσαι,
2898 2509 2989 2564 καὶ
3051 2510 3153 2578 τὴν
3246 2507 3686 2588 περικεφαλαίαν
3782 2515 3881 2565 τοῦ

2307 2596 2337 2651 ὅ
2424 2618 2537 2653 εστι
2628 2596 2784 2672 ῥῆμα
2865 2601 3024 2669 Θεοῦ,
3100 2594 3195 2653 διὰ
3273 2596 3453 2668 πάσης
3537 2605 3882 2675 προσευχῆς

2268 2773 2390 2831 Ἐπί
2422 2775 2665 2850 πόλεμον
2693 2778 3041 2853 προτρέπων,
3094 2777 3155 2832 τὸ
3210 2781 3429 2853 πρῶτοι
3484 2775 3540 2831 ἐν
3604 2784 3734 2840 τοῖς
3764 2800 3872 2833 τα-

2196 2870 2407 2927 κτικοῖς
2437 2871 2690 2940 παραινεῖ
2731 2862 2795 2922 τὸ
2854 2873 3044 2937 στῆναι
3102 2862 3396 2928 εὒτάκτως.
3455 2867 3600 2923 Εἶτα
3658 2863 3872 2923 λοιπὸν

2194 2953 2539 3027 καθοπλίζει,
2596 2956 2687 3011 καὶ
2743 2960 2963 3031 πρῶτον
3022 2956 3250 3028 ζώννυσι
3326 2956 3416 3012 τὸν
3503 2952 3872 3031 διαῤῥὲοντα,

2196 3043 2285 3098 ιιαὶ
2324 3040 2718 3119 διακεχυμένον
2782 3050 2902 3106 ταῖς
2960 3044 3272 3118 ἐπιθυμίαις
3334 3045 3424 3100 καὶ
3482 3046 3675 3120 χαμαὶ
3738 3046 3869 3109 τοὺς

2196 3129 2497 3207 λογισμοὺς
2525 3132 2857 3207 συρομένους
2907 3129 3106 3210 ἔχοντα
3155 3135 3511 3210 στρατιώτην,
3566 3134 3665 3190 καὶ
3729 3136 3868 3192 ἁνα-

2122 3208 2164 3275 C
2195 3220 2410 3278 στέλλει
2438 3226 2508 3296 τῇ
2537 3227 2712 3293 νοητῆ
2743 3224 2914 3299 ταύτῃ
2949 3226 3132 3295 ζώσει.
3166 3249 3194 3279 α
3226 3225 3336 3294 Τὴν
3385 3224 3552 3300 ὀσφὺν
3605 3225 3805 3299 ὓμῶν.
3840 3249 3869 3280 ι

2191 3313 2395 3387 Ὥσπερ
2426 3309 2510 3369 ἐπὶ
2544 3317 2652 3368 τῶν
2682 3318 2826 3384 νηῶν
2868 3317 2903 3383 ἡ
2942 3315 3136 3385 τρόπις
3193 3315 3255 3370 τὸ
3307 3318 3411 3370 πᾶν
3463 3312 3717 3389 συνέχει,
3776 3320 3871 3372 Θε-

2196 3399 2387 3475 μὲλιός
2418 3422 2501 3463 τις
2533 3401 2685 3472 οὖσα,
2719 3401 2894 3465 οὕτως
2948 3404 3029 3482 ἐφ’
3064 3404 3216 3476 ὑμῶν
3264 3405 3299 3471 ἡ
3355 3403 3540 3482 ὀσφύς.
3597 3403 3669 3461 Οἱ
3726 3409 3867 3478 γοῦν

2192 3489 2567 3563 ᾀποκαμόντες
2642 3489 2918 3552 πολλάκις
2989 3490 3172 3565 ὥσπερ
3248 3492 3325 3556 ιῗς
3398 3511 3517 3548 τινα
3565 3490 3870 3566 θεμέλιον,

2190 3576 2302 3635 ἐκεῖ
2356 3580 2452 3644 τάς
2502 3585 2693 3661 χεῖρας
2753 3579 3102 3651 ἐπιτιθέντες,
3197 3581 3659 3639 ἑπαναπαόονται.
3737 3586 3863 3653 Τὴν

2189 3667 2369 3723 τοίνυν
2397 3668 2577 3747 ἀργὴν
2628 3672 2788 3743 ἡμῶν
2848 3674 3065 3745 πρῶτον
3118 3672 3428 3751 συσφίγγει,
3473 3673 3597 3726 οἷον
3648 3673 3756 3727 τὸν
3812 3672 3868 3728 ἐν

2189 3758 2326 3829 ἡμῖν
2356 3758 2511 3814 τόνον
2543 3767 2645 3829 τῆς
2677 3763 2886 3835 ψυχῆς,
2926 3759 2987 3815 δν
3045 3763 3324 3835 τροπικῶς
3380 3759 3544 3838 ὀσφὺν
3594 3758 3862 3818 ἐκάλεσε.

2187 3849 2390 3902 Τοῦτον
2450 3851 2519 3921 τῇ
2572 3847 2807 3920 ἀληθείᾳ
2860 3849 3267 3924 περιζώννυσιν.
3354 3851 3416 3907 Ἠ
3479 3847 3536 3903 δὲ
3617 3848 3870 3921 ἀλήθεια

2188 3933 2264 3998 εἷς
2293 3935 2481 3993 πολλὰ
2502 3942 2731 3993 νοεῖται.
2765 3936 3029 4009 ’Λλήοεια
3059 3937 3378 4013 δογμάτων,
3426 3935 3670 4010 ἀλήθειά
3728 3941 3863 4015 βίου

2187 4030 2454 4102 χρηστοῦ,
2489 4026 2825 4102 ὒποκρίσεως
2858 4029 3292 4107 κεχωρισμένου.
3336 4030 3598 4098 Ἀλήθεια
3632 4027 3863 4106 λὲγων,

2184 4114 2245 4168 τὸ
2278 4111 2502 4189 δολερὸν
2532 4115 2894 4190 ἀρνουμένων.
2946 4116 3207 4188 Ἀλήθεια
3252 4117 3625 4189 ἐνθυμήσεως,
3680 4117 3855 4174 οὒδὶν

2184 4202 2422 4278 ἐχούσης
2447 4208 2545 4260 τοῦ
2574 4206 2738 4261 νόθου
2768 4207 2861 4261 καί
2888 4201 3164 4277 κιϐδήλου
3210 4210 3320 4262 τῶν
3369 4203 3650 4279 δαιμόνων
3712 4209 3861 4264 una.

2184 4313 2303 4366 ρου.
2338 4293 2475 4370 Δῦνῃ
2509 4292 2567 4350 δὲ
2597 4295 2672 4359 ὡς
2705 4297 2841 4371 πρὸς
2870 4297 2963 4352 τὸν
2998 4297 3230 4371 Χριστὸν
3254 4303 3474 4366 νοῆσαι,
3522 4297 3620 4352 τὸν
3668 4296 3861 4362 ὅντως

2181 4380 2462 4452 ἀλήθειαν.
2489 4408 2517 4437 ‹‹
2540 4385 2687 4460 Ἐγὼ
2708 4382 2810 4461 γάρ
2839 4387 2977 4459 εἰμι,
2998 4386 3187 4465 φησὶν,
3218 4389 3255 4456 ἡ
3285 4384 3537 4459 ἀλήθεια,
3563 4409 3595 4437 »ι
3617 4389 3729 4444 "Ov
3760 4388 3861 4442 καὶ

2180 4470 2511 4545 ἐνδεδῦσθαι,
2542 4473 2609 4530 οὒ
2641 4476 2800 4548 μόνον
2832 4478 3191 4552 περιεζῶσθαι
3221 4482 3342 4539 τοῖς
3383 4474 3697 4551 ἀνθρώποις
3758 4475 3857 4534 δε-

412 4564 630 4622 veritas
663 4566 728 4631 ⁴⁰,
765 4588 792 4614 ››
827 4581 1003 4638 quem
1027 4564 1207 4620 etiam
1237 4562 1400 4618 indui
1424 4578 1544 4618 non
1567 4563 1949 4637 circumcingi
1971 4565 2073 4620 da-

2195 4561 2449 4640 Ξώρηται.
2485 4589 2512 4621 ιι
2534 4567 2692 4623 Ὃσοι
2718 4568 2845 4643 γὰρ,
2869 4569 3060 4642 φησὶν,
3092 4567 3168 4630 είς
3195 4567 3425 4641 Χριστὸν
3454 4562 3857 4639 ἐϐαπτίσθητε,

416 4659 544 4710 tum
578 4660 669 4712 est
696 4654 1061 4713 hominibus.
1092 4677 1119 4704 ‹‹
1155 4655 1298 4709 Nam
1333 4658 1640 4724 quotquot,
1677 4653 1777 4719 ait,
1802 4653 1861 4707 in
1895 4654 2070 4709 Chri-

419 4748 575 4799 stum
606 4745 884 4818 baptizati
934 4744 1099 4811 estis,
1157 4742 1453 4798 Christum
1511 4740 1790 4797 induistis
1838 4740 1906 4796 ⁴¹.
1941 4764 1969 4794 ιι
2005 4775 2069 4785 -

420 4852 449 4881 ιι
482 4832 1084 4907 Thoracemjustitiaz.
1123 4856 1143 4883 ι
1176 4833 1271 4889 59
1296 4831 1483 4887 Vitam
1510 4830 2067 4904 dicitundcquaque

418 4918 687 4995 probam.
740 4924 839 4978 Est
892 4930 1091 4980 autem
1146 4923 1353 4978 thorax
1410 4921 1603 4976 ferrea
1660 4921 1878 4977 tunica.
1940 4946 1967 4973 ‹‹
2000 4924 2071 4979 Et

419 5007 666 5064 calceati
697 5012 965 5081 pedibus.
1005 5038 1025 5062 ι
1062 5016 1176 5069 Aut
1233 5012 1344 5067 hoc
1397 5010 1542 5066 dicit
1592 5010 1751 5082 quod
1800 5017 2068 5083 oporteat

417 5094 600 5171 pedes
631 5103 866 5154 nostros
892 5108 1127 5172 paratos
1159 5119 1289 5157 esse
1319 5100 1391 5156 ad
1415 5100 1857 5173 prmdicandum
1881 5103 2066 5157 Evan-

413 5187 653 5262 gelium.
688 5186 785 5242 Ait
814 5189 1012 5243 enim:
1051 5212 1070 5239 ι
1107 5191 1290 5255 Quam
1316 5190 1548 5263 pulchri
1568 5190 1750 5262 pedes
1772 5190 2065 5262 evangeli-

411 5276 670 5334 zantium
702 5291 909 5348 pacem
939 5275 1007 5330 η.
1041 5299 1068 5325 ››
1104 5285 1217 5335 Aut
1250 5280 1408 5350 quod
1438 5279 1692 5352 prompti
1727 5295 1856 5335 esse
1881 5279 2060 5336 debe-

413 5384 569 5433 mus,
600 5366 899 5438 vitamque
940 5364 1157 5420 habere
1189 5367 1341 5423 sicut
1371 5369 1642 5424 hortatur
1657 5370 2057 5441 Evangelium.

414 5480 443 5510 ι(
503 5456 1005 5529 Prmparationem
1066 5453 1262 5509 cordis
1322 5473 1548 5526 eorum,
1605 5458 1690 5512 ait
1746 5458 2059 5530 Propheta,

483 5636 529 5674 ⁴⁰
556 5638 721 5695 Joan.
754 5655 867 5708 xw,
900 5640 951 5694 6.
1029 5638 1073 5675 ⁴ι
1106 5635 1289 5694 Galat.
1327 5653 1407 5705 ιιι,
1443 5638 1529 5689 27.

2182 4655 2418 4729 Χριστὸν
2451 4653 2776 4712 ἐνεδύσασθε.
2815 4680 2842 4707 ››
2872 4689 2944 4700 -
2978 4682 2998 4708 ι
3035 4658 3138 4715 Τὸν
3170 4657 3389 4732 θώρακα
3414 4663 3514 4726 τῆς
3552 4653 3857 4713 animosi-

2179 4764 2332 4814 νης.ν
2352 4744 2458 4802 Τὸν
2470 4741 2709 4799 καθόλου
2732 4744 2896 4822 φησὶν
2919 4743 3168 4821 ἐνάρετον
3198 4745 3339 4821 βίον.
3376 4747 3561 4821 Θώραξ
3580 4741 3644 4802 δὲ
3672 4744 3853 4815 ἐστιν,

2180 4831 2207 4885 ὁ
2236 4828 2496 4907 σιδηροῦς
2516 4833 2712 4912 χιτών.
2740 4857 2766 4885 ‹‹
2798 4834 2901 4891 Καὶ
2926 4831 3323 4907 ὑποδυσάμενοι
3341 4836 3469 4899 τοὺς
3487 4832 3681 4896 πόδας.
3711 4858 3739 4888 α
3768 4838 3845 4893 ’Ἡ

2176 4921 2338 4977 τοῦτό
2359 4943 2545 4997 φησιν,
2578 4922 2661 4979 ὅτι
2693 4921 2808 4997 χρὴ
2836 4925 2963 4988 τοὺς
2994 4921 3165 4987 πόδας
3194 4926 3355 4997 ἡμῶν
3387 4925 3643 4997 ἑτοίμους
3690 4926 3844 4980 εἶναι

2176 5010 2310 5084 πρὸς
2331 5012 2393 5067 τὸ
2418 5009 2873 5089 εῦαγγελίςεσοαι.
2907 5040 2934 5065 ιι
2960 5013 3049 5076 Ὠς
3076 5014 3271 5088 ὡραῖοι
3291 5014 3416 5088 γὰρ,
3439 5014 3620 5092 φησὶν,
3655 5014 3707 5068 οἱ
3734 5016 3845 5069 πό·

2176 5097 2262 5165 δες
2290 5105 2398 5157 τῶν
2428 5100 2928 5178 εὐαγγελιζομένων
2955 5101 3197 5177 εἰρήνην.
3237 5127 3258 5153 ι
3292 5104 3361 5158 ’Ἡ
3391 5098 3475 5158 ὅτι
3523 5103 3573 5157 ἐν
3621 5102 3843 5176 ἕτοέμῳ

2175 5188 2470 5266 ὀφείλομεν
2501 5190 2762 5245 εἶναικαὶ
2821 5191 2941 5266 βίον
3004 5188 3177 5266 ἔχειν,
3236 5191 3311 5254 ὡς
3367 5192 3430 5248 τὸ
3488 5189 3841 5268 Εἰιαγγὲλιον

2172 5280 2540 5357 ὓφηγεῖται.‹ι
2591 5281 2703 5351 Τὴν
2759 5280 2859 5356 γάρ
2916 5281 3231 5353 ἑτοιμασίαν
3292 5287 3394 5352 τῆς
3450 5276 3678 5354 καρδίας
3736 5280 3842 5336 αὺ-

2168 5374 2304 5437 τῶν,
2351 5367 2515 5449 φησὶν
2570 5370 2598 5425 ὁ
2656 5373 2975 5449 Προφήτης,
3034 5371 3327 5447 προσέσχε,
3382 5372 3445 5427 τὸ
3494 5368 3585 5433 οῦς
3643 5391 3767 5430 σου,
3808 5396 3836 5423 ιι

2169 5489 2239 5501 -·
2271 5483 2298 5512 ι(
2332 5462 2441 5516 Τοῦ
2471 5457 2806 5537 Εὐαγγελίου
2835 5464 2934 5526 τῆς
2967 5459 3205 5536 εἰρήνης.
3243 5483 3265 5514 ι
3301 5460 3378 5518 Τὸ
3436 5462 3542 5536 γάρ
3590 5457 3839 5537 Εὐαγγὲ-
