4108 6192
290 285 447 347 1353

1334 278 1747 342 COMMENT.
1794 275 1873 339 IN
1921 273 2173 337 EPIST.
2218 276 2321 337 AD
2364 275 2640 338 EPHES.

3547 278 3699 345 13M

306 413 447 483 λιον,
480 413 702 487 εἰρήνην
736 414 829 486 μιν
858 412 997 485 πρὸς
1028 411 1119 467 τὸν
1175 411 1306 467 θεὸν
1371 414 1542 478 ποιεῖ,
1592 406 1840 480 πόλεμον
1893 402 1949 461 δί

2066 407 2285 465 audivit
2304 409 2465 466 auris
2498 415 2597 467 tua
2618 410 2685 467 ⁸³.
2709 430 2734 456 ι»
2754 439 2826 453 -
2847 432 2875 460 ‹‹
2895 411 3273 483 Evangelium
3298 413 3481 482 pacis.
3508 433 3536 462 »
3564 413 3710 471 Nam

300 505 437 579 πρὸς
494 502 621 564 τοὺς
679 499 964 575 δαίμονας.
1026 524 1054 555 ιι
1116 501 1240 559 Ἐπὶ
1296 505 1455 556 πᾶσιν
1512 492 1890 558 ἀναλαϐόντες.
1925 516 1953 547 υ

301 599 393 650 Δεῖ
444 592 547 669 γάρ
598 591 771 647 ἰκεῖνα
829 592 1219 667 προηγεῖσθαι.
1289 595 1481 646 Πίστιν
1540 585 1597 643 δέ
1648 607 1803 666 φησι,
1858 584 1957 651 τήν

307 681 579 755 εἰλικρινῆ
632 679 724 735 καὶ
781 677 1069 754 διάπυρον,
1126 676 1250 754 περὶ
1309 680 1377 748 ἦς
1429 678 1457 733 6
1516 677 1709 750 Κύριός
1769 695 1955 753 φησιν,

304 796 326 825 ι
389 771 513 827 Ἐὰν
571 764 742 845 ἔχητε
793 768 974 825 πίστιν
1037 767 1113 830 ὡς
1164 769 1362 824 κόκκον
1420 767 1712 833 σινάπεως,
1790 763 1960 837 ἱρεῖτε

296 865 376 932 τῷ
407 855 521 928 ὄρει
547 858 753 931 τούτῳ,
787 852 1097 927 Μετάϐηθι,
1127 857 1219 914 καὶ
1253 852 1637 931 μεταϐήσεται.
1674 877 1702 907 ››
1735 885 1804 895 -—
1834 877 1862 904 ι(
1884 851 1961 906 Τά

307 948 446 1026 βὶλη
523 952 622 1005 τοῦ
658 951 929 1022 πονηροῦ.
992 972 1016 1001 ι
1062 944 1209 1016 Βέλη
1278 946 1434 1025 φησὶ,
1490 945 1585 1006 τὰς
1644 940 1957 1014 ἰπιθυμίας,

305 1036 435 1100 τοὺς
517 1033 845 1111 λογισμοὺς.
902 1036 1030 1096 τοὺς
1086 1031 1446 1107 πιιρασμοός.
1512 1035 1705 1093 Καλῶς
1765 1027 1823 1086 δὶ
1873 1028 1959 1099 τὸ,

303 1122 698 1200 Πιπυρωμένα.
767 1126 1035 1181 Τοιαῦται
1101 1122 1204 1199 γὰρ
1270 1122 1325 1179 αἱ
1393 1117 1590 1177 ἄτοποι
1652 1118 1956 1193 ἐπιθυμίαι.

303 1242 332 1270 α
376 1215 482 1275 Καὶ
512 1216 610 1283 τήν
644 1212 1066 1290 περικεφαλαίαν
1123 1208 1221 1267 τοῦ
1271 1210 1569 1286 σωτηρίου.
1599 1234 1627 1264 n
1690 1212 1802 1280 Τῆς
1850 1229 1962 1264 σω-

294 1303 492 1379 τηρίας
524 1300 1002 1377 ὕμῶν,τουτὶστι,
1059 1308 1161 1371 τῆς
1220 1296 1467 1363 ἇλπίδος.
1523 1300 1594 1356 Τὸ
1654 1296 1733 1372 δὲ,
1796 1322 1823 1351 ‹‹
1857 1296 1955 1353 Δί-

305 1396 514 1466 ξασθαι,
575 1414 603 1445 ιο
664 1393 783 1449 οἷον
842 1393 1067 1469 φορὲσαι
1124 1389 1215 1445 καὶ
1275 1387 1519 1459 δέξασθαι
1594 1392 1664 1462 τῇ
1721 1387 1953 1465 κεφαλῇ.

302 1507 330 1535 «
364 1480 471 1540 Καί
498 1480 597 1549 τήν
632 1480 908 1554 μάχαιραν
945 1482 1045 1535 τοῦ
1102 1476 1436 1551 πνεύματος.
1470 1500 1500 1528 »
1556 1477 1625 1535 Ἦ
1683 1475 1745 1530 τὸ
1795 1479 1959 1530 πνεῦ-

308 1593 384 1645 μα
410 1573 845 1649 περιφραστικῶς
897 1566 1107 1643 ε’ίρηκε,
1167 1564 1257 1622 διὰ
1314 1567 1377 1623 τὸ
1434 1566 1598 1639 τεμὸν
1658 1565 1746 1621 καὶ
1797 1585 1956 1641 μερι-

302 1659 487 1717 στικὸν
551 1662 660 1715 τῶν
725 1657 978 1715 ἰναντίων
1046 1654 1229 1725 ίξεων,
1292 1653 1329 1724 ἤ
1404 1656 1503 1723 τήν
1581 1655 1953 1729 πνευματικήν

2058 499 2439 572 Evangelium
2461 518 2669 574 pacem
2694 502 2935 574 quidem
2961 517 3097 576 erga
3114 504 3297 559 Deum
3321 502 3710 565 facit.bellum

2060 604 2194 645 vero
2215 590 2528 646 adversum
2551 591 2911 647 duemones.«
2936 591 3708 664 Superomniaassumpma

2063 677 2306 748 Oportet
2319 680 2478 734 enim
2498 679 2969 753 illapraacedere.
3004 682 3205 739 Fidem
3220 688 3418 738 autem
3432 682 3575 738 dicit
3592 683 3715 739 sin-

2060 783 2256 823 ceram
2271 783 2339 824 ac
2352 768 2777 839 ferventem,de
2796 786 2912 844 qua
2924 771 3008 828 ait
3022 772 3335 829 Dominus:
3365 794 3393 823 ι(
3416 772 3474 828 Si
3498 771 3716 828 habea-

2063 856 2137 911 tis
2150 856 2328 913 iidem
2350 860 2506 915 sicut
2529 877 2780 931 granum
2803 861 3051 933 sinapis,
3075 862 3284 917 dicetis
3313 862 3499 916 monti
3532 860 3670 917 huic
3695 878 3710 918 :

2061 946 2712 1013 Transi,ettrnnsibit“.
2734 971 2754 999 ι
2776 973 2880 1000 --«
2896 950 3099 1007 Jacula
3110 950 3251 1006 mali
3266 950 3447 1006 illius.
3468 949 3715 1006 nJacula

2060 1040 2227 1089 vocat
2283 1036 2816 1109 concupiscentiae,
2862 1039 3272 1111 cogitationes,
3334 1039 3711 1095 tentationes.

2059 1124 2130 1178 Et
2159 1129 2318 1181 recte
2348 1125 2452 1191 ait,
2484 1126 2696 1198 lgnita.
2727 1127 2897 1183 Tales
2926 1128 3085 1183 enim
3119 1134 3259 1183 sunt
3279 1127 3551 1184 absurdos
3573 1144 3716 1184 con-

2060 1214 2496 1284 cupiscentiam
2518 1216 2878 1288 Galeamque
2894 1217 3228 1273 salutaris.»
3245 1217 3462 1273 Salutis
3476 1222 3716 1288 nostras,

2063 1302 2172 1359 hoc
2203 1310 2294 1359 est
2311 1304 2458 1375 spei.
2483 1306 2650 1371 Quod
2680 1311 2878 1363 autem
2900 1307 3002 1373 ait,
3041 1328 3061 1356 ι
3102 1306 3512 1377 Suscipiendo,
3544 1328 3572 1357 »
3607 1306 3718 1363 hoc

2061 1399 2170 1460 est,
2204 1394 2549 1465 accipiendo
2580 1401 2638 1451 et
2666 1397 2949 1468 gestando
2982 1396 3043 1451 in
3065 1397 3277 1468 capite.
3306 1418 3333 1445 «
3366 1396 3435 1452 Et
3454 1395 3718 1469 gladium

2063 1482 2327 1553 spiritus.
2363 1504 2393 1534 ››
2431 1490 2544 1539 Aut
2587 1485 2920 1557 periphrasi
2967 1486 3117 1541 dixit
3173 1486 3448 1557 spiritum
3500 1486 3718 1555 ipsum,

2062 1578 2304 1644 prapter
2332 1573 2686 1630 incisionem
2732 1590 2838 1633 seu
2879 1574 3233 1631 divisionem
3283 1574 3720 1632 contrariorum

2064 1660 2373 1717 habitum:
2406 1667 2510 1718 aut
2558 1662 2930 1735 spiritualem
2977 1663 3157 1719 vitam
3209 1680 3277 1719 ac
3332 1664 3728 1719 conversatio-

303 1750 450 1819 ζωήν
502 1747 597 1805 καὶ
652 1746 955 1816 πολιτείαν,
1012 1746 1134 1816 ἣτις
1195 1746 1270 1809 ὡς
1330 1745 1578 1820 μάχαιρα
1653 1742 1953 1818 ἐνεργήσει,

2066 1765 2366 1821 ηεω,ιιιιω
2388 1751 2550 1808 velut
2568 1751 2804 1825 gladius
2823 1753 3149 1809 efficaciam
3174 1752 3418 1809 habebit
3440 1751 3727 1810 adversus
3748 1756 3755 1762 “

301 1838 459 1917 φησί,
487 1837 624 1894 κατὰ
651 1841 759 1893 τῶν
788 1840 998 1908 νοητῶν
1031 1834 1266 1911 ἰχθρῶν.
1315 1839 1385 1890 "ll
1440 1834 1525 1890 ὅτι
1573 1834 1639 1888 τὰ
1707 1853 1951 1906 πνευμα-

298 1930 446 1996 τικά,
478 1927 635 2007 φησὶ,
668 1926 1009 2007 χαρίσματα,
1048 1926 1182 2000 ἅπερ
1235 1923 1349 1981 ἆστὶ
1409 1920 1500 1978 διὰ
1558 1923 1802 1998 ῥήματος
1860 1922 1950 1979 καὶ

298 2018 722 2095 προστάγματος
754 2022 912 2073 Θεοῦ.
945 2048 1011 2060 -
1069 2016 1403 2090 [ΟΙΚΟΥΜ.]
1435 2019 1507 2070 ’Ἥ
1537 2014 1621 2080 τὸ,
1642 2015 1808 2088 Ὃπερ
1836 2011 1949 2069 ἰστὶ

303 2108 458 2185 ῥῆμα
485 2111 644 2176 Θεοῦ,
671 2110 754 2180 τῷ
778 2109 928 2162 κάτω
954 2104 1285 2177 συζιυκτόον,
1311 2102 1405 2159 ’ἱνα
1531 2099 1726 2173 οὕτως,
1775 2104 1948 2179 Ὅπερ

296 2197 406 2253 ἐστὶ
439 2197 594 2272 ῥῆμα
632 2200 770 2253 Θεοῦ
817 2198 909 2252 καὶ
973 2196 1323 2270 πρόσταγμα,
1379 2196 1565 2262 τοῦτο,
1618 2193 1771 2271 φησί,
1826 2212 1949 2248 ποι-

298 2291 429 2344 εἶτα.
490 2287 656 2344 Ποῖον
710 2304 725 2354 ;
797 2287 896 2342 Δια
951 2286 1132 2356 πάσης
1186 2290 1506 2359 προσευχῆς
1563 2283 1653 2341 καί
1712 2279 1950 2353 δεήσεως

294 2375 738 2451 προσευχόμενοι
765 2375 859 2429 ἳνα
885 2375 1004 2445 ἦτε,
1048 2375 1234 2453 φησὶν.
1286 2376 1358 2432 Ἤ
1414 2374 1550 2430 κατὰ
1602 2374 1666 2428 τὸ
1716 2370 1951 2448 ἐνεργεῖν

288 2466 377 2521 καὶ
429 2466 644 2537 τίμνιιν
699 2465 765 2520 τὰ
821 2465 1164 2537 πνευματικὰ
1221 2464 1559 2542 χαρίσματα,
1627 2462 1781 2536 ῥῆμα
1838 2460 1949 2516 ἑστι

290 2559 446 2611 Θεοῦ.
483 2555 758 2628 Τμητικὸν
788 2554 893 2630 γάρ
925 2554 992 2610 τὸ
1025 2554 1179 2630 ῥῆμα
1206 2558 1306 2609 τοῦ
1356 2557 1513 2610 θεοῦ.
1565 2553 1755 2613 Οὕτως
1807 2549 1951 2624 μᾶλ-

297 2642 399 2698 λον
456 2644 548 2699 καὶ
604 2644 634 2699 6
691 2643 955 2719 μακάριος
1041 2644 1321 2713 Ἰωάννης.
1386 2643 1486 2698 Διά
1540 2642 1642 2717 γὰρ
1702 2641 1949 2716 ῥήματος

298 2733 434 2790 Θεοῦ
499 2730 805 2790 ἐπετελεῖτο
860 2732 950 2789 τὰ·
982 2732 1324 2810 χαρίσματα.
1382 2756 1410 2783 ‹‹
1443 2737 1551 2787 Πᾶν
1612 2731 1718 2806 γὰρ
1779 2725 1807 2784 ὅ
1860 2729 1946 2786 ἐὰν

300 2821 583 2893 αἰτήσητε,
614 2823 799 2901 φησὶν,
832 2822 885 2877 ἐν
911 2827 991 2896 τῷ
1049 2821 1276 2896 ὀνόματι
1340 2842 1469 2894 μου,
1518 2818 1681 2876 δώσει
1738 2819 1886 2893 ὑμῖν,
1918 2841 1945 2872 ι

300 2909 464 2988 φησὶν
496 2910 524 2966 6
556 2910 810 2987 Χριστός.

371 3000 810 3076 Προσευχόμενοι
894 2999 946 3056 ἐν
1038 3000 1198 3056 παντὶ
1292 3004 1467 3075 καιρῷ
1533 2997 1586 3054 ἐν
1662 2997 1949 3078 πνεόματι,

297 3089 389 3144 καὶ
447 3088 526 3152 εἷς
585 3089 713 3145 αὐτὸ
765 3095 927 3145 τοῦτο
986 3091 1387 3165 ἀγρυπνοῦντες
1447 3087 1497 3142 ἐν
1559 3085 1705 3161 πάσῃ
1776 3106 1944 3160 προσ·
1991 3130 2036 3200 c

519 3181 532 3200 ι
769 3180 781 3195 ι
865 3176 889 3200 '5
941 3180 954 3200 I
1161 3179 1230 3200 ,,\
1315 3177 1381 3200 il.
1418 3197 1519 3200 nu.
1596 3180 1700 3200 ,νὼ
1786 3174 1948 3200 ι.--9-,η

298 3181 621 3256 καρτερήσει
692 3180 785 3235 καὶ
862 3176 1041 3251 δεήσει
1108 3179 1233 3253 περὶ
1307 3177 1521 3232 πάντων
1594 3180 1701 3232 τῶν
1782 3174 1949 3250 ἁγίων

299 3270 390 3324 καὶ
441 3269 574 3345 ὑπὲρ
628 3267 786 3342 ἐμοῦ,
842 3268 932 3322 ’ἱνα
992 3288 1086 3340 μοι
1145 3264 1329 3337 δοθείη
1400 3264 1565 3339 λόγος
1630 3263 1682 3318 ἐν
1751 3264 1948 3334 ἀνοίξει

294 3363 393 3414 τοῦ
451 3358 724 3432 στόματός
780 3376 886 3431 μου
943 3356 996 3412 ἰν
1070 3354 1346 3432 παρρησίᾳ
1397 3352 1655 3430 γνωρίσαι
1714 3352 1779 3408 τὸ
1849 3373 1951 3427 μυ·

296 3449 519 3523 στήριον
585 3451 682 3502 τοῦ
749 3441 1116 3520 Εὔαγγελίου,
1187 3442 1318 3519 ὑπὲρ
1410 3442 1472 3497 οὗ
1556 3436 1838 3517 πρεσϐεόω
1901 3438 1952 3495 ἒν

298 3534 511 3608 ἁλύσει,
572 3535 664 3591 ’ἱνα
729 3534 782 3589 ἐν
851 3533 997 3605 αὐτῷ
1069 3531 1535 3609 παρρησιάσωμαι
1593 3530 1667 3593 ὡς
1734 3528 1817 3585 δεῖ
1886 3550 1952 3604 με

303 3624 567 3695 λαλῆσαμ
1148 3646 1153 3651 ‘

373 3715 524 3773 Μετὰ
567 3714 630 3771 τὸ
670 3712 998 3770 καθοπλίσαι
1030 3713 1120 3767 τὸν
1159 3710 1385 3786 βασιλέα
1417 3708 1613 3766 λοιπὸν
1659 3707 1818 3766 καλεῖ
1857 3706 1951 3765 ’ίνα

299 3803 378 3878 δῷ
408 3810 587 3882 χεῖρα.
652 3828 681 3856 ‹‹
716 3805 802 3858 Ἐν
861 3800 1151 3875 πνεύματι.
1200 3825 1221 3851 ι
1285 3801 1376 3869 Μὴ
1432 3796 1485 3854 ἐν
1545 3796 1947 3875 βαττυλογίαις.

309 3919 330 3944 ι
368 3895 465 3948 Καὶ
526 3894 603 3956 είς
662 3892 797 3948 αὐτὸ
838 3893 1259 3966 ἀγρυπνοῦντες.
1311 3918 1335 3944 n
1394 3885 1601 3959 Μηδὲν,
1643 3888 1798 3965 φησί,
1856 3887 1951 3965 ῥᾷο

312 3979 951 4056 θυμονῆἠμελημένον.
1010 4004 1037 4031 ‹‹
1071 3978 1168 4033 Καὶ
1226 3974 1359 4053 ὓπερ
1416 3975 1572 4050 ἐμοῦ.
1604 4002 1632 4029 ››
1690 3976 1792 4033 Καὶ
1848 3974 1951 4052 γάρ

308 4071 400 4127 καὶ
432 4071 522 4127 τὸν
556 4074 776 4145 Ιιὲτρον,
818 4070 1002 4149 φησὶν,
1036 4070 1070 4137 ἡ
1100 4066 1239 4143 εί)χή
1288 4070 1387 4136 τῆς
1419 4066 1747 4137 Ἐκκλησίας
1798 4065 1956 4122 ἔλυσε

310 4164 417 4215 τῶν
478 4158 713 4232 δεσμῶν.
774 4184 803 4211 ι(
860 4160 948 4215 Ἐν
1007 4157 1198 4227 ἀνοίξει
1254 4161 1351 4212 τοῦ
1424 4154 1694 4230 στόματός
1756 4176 1881 4228 μου.
1927 4178 1955 4206 ››

307 4249 504 4310 Καλῶς
561 4250 647 4316 τὸ,
700 4248 946 4315 Ἀνοίξει.
1000 4244 1134 4301 Οὐδὲ
1186 4245 1289 4319 γὰρ
1346 4243 1690 4319 προεμελὲτα
1751 4243 1801 4298 τί
1859 4242 1955 4298 λα-

305 4335 485 4406 λήσει,
518 4336 736 4409 Χριστῷ
771 4333 1117 4405 πειθόμενος,
1173 4331 1302 4388 ἀλλ’
1348 4332 1401 4402 ἐξ
1450 4332 1718 4407 ὑπογυίου
1763 4331 1854 4385 καὶ
1904 4331 1953 4385 ἐν

305 4423 450 4498 αὐτῷ
477 4427 557 4497 τῷ
597 4423 803 4493 ἀνοῖξαι
832 4422 896 4477 τὸ
929 4416 1128 4493 στόμα,
1159 4421 1188 4475 6
1216 4417 1386 4496 λόγος
1414 4418 1633 4493 προῄει.
1656 4443 1685 4470 ‹‹
1704 4419 1794 4476 Ἐν
1820 4419 1953 4497 παῤ-

302 4513 467 4591 ῥησίςι
494 4512 777 4589 γνωρίσαι.
815 4534 836 4562 ι
891 4511 961 4568 ’Ἢ
1011 4508 1099 4564 ’ίνα

304 4623 423 4679 μαι.
513 4603 583 4661 Ἥ
659 4600 747 4656 ’ίνα
829 4598 1289 4676 εὐαγγελίζωμαι,
1379 4620 1409 4650 ι(
1465 4597 1622 4673 Ὑπὲρ
1706 4597 1768 4653 οὗ
1825 4617 1953 4672 πρε-

298 4687 498 4750 σϐεόω.
536 4715 564 4744 »
595 4690 751 4764 Ὑπὲρ
794 4688 858 4745 οῦ
912 4685 1249 4764 Εὐαγγελίου
1299 4680 1582 4759 πρεσϐεύω
1637 4685 1773 4761 πρὸς
1819 4684 1951 4749 τοὺς

301 4781 646 4857 ἀνθρώπους,
716 4776 830 4848 ἵνα,
905 4777 1090 4856 ιρησὶν,
1169 4774 1316 4849 αὑτῷ
1389 4775 1476 4831 καὶ
1554 4780 1673 4839 τοῖς
1713 4774 1766 4831 ἐν
1808 4774 1953 4850 αὐτῷ

303 4866 743 4947 καταλλαγῶσιν.
798 4890 827 4920 ‹‹
888 4868 1044 4942 Ὑπὲρ
1104 4867 1343 4939 Χριστοῦ
1400 4867 1528 4941 γὰρ,
1607 4865 1760 4942 φησὶ,
1820 4885 1953 4940 πρε-

304 4954 589 5033 σϐεύομεν.
624 4981 652 5010 »ι
687 4990 753 4999 -
786 4978 815 5008 ‹‹
846 4957 964 5012 ’[να
1000 4954 1053 5008 ἰν
1087 4953 1235 5025 αὖτῷ
1264 4953 1751 5027 παρρησιάσωμαι,
1789 4979 1810 5005 ι
1861 4956 1951 5011 Ἐν

304 5047 525 5122 δεσμοῖς
554 5048 644 5119 ἦν,
676 5045 764 5101 καὶ
799 5041 1186 5117 ἀπολογεῖσθαι
1216 5035 1447 5115 ἔμελλεν
1492 5038 1581 5095 ἳνα
1629 5042 1743 5111 οὖν,
1795 5044 1951 5118 φησί,

305 5140 441 5213 μετᾶ
470 5134 798 5210 παρῥησίας,
824 5130 913 5187 καὶ
944 5129 1118 5192 οὕτως
1176 5129 1250 5191 ὡς
1299 5129 1413 5204 χρὴ
1460 5128 1554 5185 τὸν
1597 5128 1731 5205 ὑπὶρ
1786 5129 1950 5202 τηλι-

293 5227 503 5285 κούτων
533 5220 1009 5297 ἀπολογούμενον),
1050 5216 1522 5294 ἀπολογήσωμαι.

367 5404 481 5459 Ἰνα
511 5398 567 5456 δὲ
597 5396 778 5467 εἰδῆτε
805 5394 894 5449 καὶ
928 5394 1086 5466 ὑμεῖς
1141 5390 1208 5445 λίὰ
1260 5391 1378 5445 κατ’
1434 5386 1530 5462 ἐμὲ
1583 5389 1638 5443 τί
1694 5393 1939 5467 πράσωτ,

367 5517 414 5553 ιε
453 5514 604 5575 Ρεδι,
639 5533 693 5585 χ,
726 5517 778 5569 7,
855 5509 900 5545 ⁸4
930 5508 1130 5564 Matth.
1160 5523 1291 5576 xvn,
1327 5509 1411 5561 19.
1498 5505 1542 5540 ⁸⁵
1566 5506 1732 5565 Joan.
1768 5528 1882 5581 xvn,
1916 5517 2005 5571 23.

298 5608 352 5657 v,
385 5591 473 5646 20.

2067 1840 2409 1911 spirituales
2441 1841 2757 1898 inimicos:
2791 1848 2896 1899 aut
2925 1843 3260 1915 spiritualia
3302 1842 3497 1914 inquit
3544 1842 3723 1905 dona.

2061 1946 2193 2000 quas
2224 1935 2365 1986 sunt
2393 1948 2499 2003 per
2528 1932 2772 1988 verbum
2804 1949 2872 1989 ac
2893 1933 3131 2005 jussum
3162 1932 3288 1988 Dei.
3313 1962 3379 1975 —
3401 1936 3532 1988 Aut.
3554 1930 3721 1997 Quod

2058 2027 2150 2078 est
2176 2024 2420 2079 verbum
2452 2025 2577 2089 Dei,
2605 2024 2982 2097 jungendum
3008 2034 3101 2081 est
3121 2025 3528 2096 sequentibus.
3548 2029 3613 2079 ut
3635 2023 3713 2079 sit

2059 2128 2271 2168 sensus
2301 2129 2315 2167 :
2347 2113 2512 2180 Quod
2542 2120 2635 2170 est
2662 2114 2905 2171 verbum
2937 2132 3006 2171 ac
3036 2119 3396 2186 praeceptum
3438 2114 3562 2180 Dei,
3595 2113 3708 2169 hoc

2056 2202 2566 2268 facite.Quodnam
2588 2204 2739 2260 illud
2760 2204 2886 2260 est?
2918 2204 2990 2259 Ut
3019 2205 3149 2259 sitis
3179 2207 3418 2259 orantes
3444 2218 3551 2274 per
3578 2217 3712 2257 0m-

2058 2308 2196 2347 nem
2237 2293 2715 2364 deprecationem
2748 2299 2808 2348 et
2836 2294 3189 2349 orationem.
3222 2295 3336 2350 Aut
3364 2291 3427 2346 in
3451 2308 3519 2347 eo
3551 2290 3711 2362 quod

2058 2386 2149 2436 est
2177 2381 2502 2438 efﬁcaciam
2539 2382 2756 2438 habere
2786 2398 2854 2438 ac
2900 2398 3100 2438 secare
3149 2381 3485 2451 spiritualia
3531 2380 3709 2446 dona,

2056 2469 2298 2525 verbum
2320 2476 2411 2526 est
2430 2470 2563 2526 Dei:
2588 2476 2678 2527 est
2697 2472 2856 2527 enim
2877 2470 3120 2526 verbum
3143 2470 3246 2526 Dei
3271 2469 3601 2525 divisivum.
3629 2469 3715 2524 Ita

2058 2559 2254 2628 potius
2294 2559 2571 2633 intelligit
2602 2577 2839 2631 quoque
2870 2560 3079 2615 beatus
3109 2560 3388 2614 Joannes.
3430 2560 3577 2613 Nam
3608 2572 3715 2627 per

2055 2648 2300 2705 verbum
2323 2649 2428 2705 Dei
2450 2649 2913 2721 perﬂciebantur
2933 2649 3110 2703 dona.
3137 2668 3166 2698 «
3193 2647 3249 2700 Si
3273 2645 3514 2717 quidem
3537 2644 3713 2716 quid-

2056 2737 2201 2807 quid
2230 2738 2521 2810 petieritis
2549 2754 2657 2810 per
2687 2754 2908 2794 nomen
2938 2752 3139 2793 meum
3171 2735 3335 2791 dabit
3355 2734 3543 2801 vobis,
3580 2756 3601 2784 ι
3629 2734 3716 2789 ait

2058 2827 2325 2882 Christus
2355 2828 2421 2882 “.

2132 2988 2224 3051 VI,
2264 2986 2440 3041 18-20.
2475 3010 2503 3037 «
2535 2988 2785 3044 Orantes
2816 2987 2977 3042 omni
3012 2991 3277 3058 tempore
3309 2986 3373 3042 in
3399 2986 3632 3058 spiritu,
3657 2992 3715 3044 et

2062 3096 2089 3124 ‹‹
2123 3075 2198 3131 ad
2230 3075 2341 3131 hoc
2371 3075 2565 3148 ipsum
2597 3076 2905 3149 vigilantes
2936 3093 3071 3131 cum
3103 3076 3266 3131 omni
3308 3075 3622 3131 sedulitate
3657 3081 3715 3132 et

2063 3185 2093 3215 (ι
2125 3163 2542 3237 deprecatione
2572 3182 2679 3237 pro
2705 3165 2981 3221 omnibus
3013 3165 3234 3222 sanctis
3265 3170 3324 3220 et
3352 3182 3457 3236 pro
3504 3181 3617 3231 me,
3646 3169 3714 3220 ut

2062 3274 2090 3302 ‹‹
2120 3250 2265 3309 mihi
2297 3253 2469 3309 detur
2499 3270 2695 3310 sermo
2726 3254 2787 3309 in
2820 3254 3125 3326 apertione
3156 3253 3276 3309 oris
3308 3254 3459 3309 mei:
3492 3258 3557 3308 ut
3575 3270 3710 3309 cum

2065 3363 2089 3397 ι
2120 3341 2395 3399 libertate
2421 3344 2523 3401 00
2545 3350 2751 3399 notum
2776 3343 2989 3400 faciam
3012 3342 3361 3415 mysterium
3389 3342 3711 3413 Evangelii,

2062 3456 2090 3483 ‹‹
2124 3446 2228 3505 pro
2259 3447 2376 3504 quo
2434 3432 2728 3504 legatione
2772 3433 2986 3505 iungor
3026 3432 3089 3487 in
3135 3438 3366 3499 catena,
3418 3436 3482 3487 ut
3527 3432 3591 3486 in
3642 3447 3711 3486 eo

2062 3546 2089 3572 ‹‹
2126 3522 2308 3579 libere
2340 3522 2553 3595 loquar
2582 3523 2736 3579 sicut
2765 3527 2998 3595 oportet
3025 3538 3120 3576 me
3152 3521 3314 3592 loqui
3349 3545 3399 3577 ».

2132 3688 2451 3758 Postquam
2482 3685 2731 3741 armavit
2758 3700 2977 3758 regem,
3003 3688 3442 3755 consequenter
3463 3687 3629 3738 vocat
3652 3686 3720 3741 ut

2060 3772 2159 3830 det
2190 3788 2451 3830 manum.
2489 3797 2517 3824 ‹‹
2550 3774 2617 3829 In
2650 3774 2882 3845 spiritu.
2921 3794 2942 3824 ι
2977 3774 3104 3829 Νοιι
3138 3772 3198 3826 in
3229 3771 3585 3844 battologiis,
3614 3777 3719 3827 aut

2060 3864 2373 3921 verborum
2404 3864 2806 3934 multiloquio.
2831 3884 2859 3915 «
2890 3863 2961 3919 Et
2990 3861 3065 3917 ad
3095 3861 3206 3916 hoc
3238 3860 3431 3931 ipsum
3480 3859 3716 3932 vigilan-

2063 3958 2171 4009 tes.
2211 3973 2237 4005 ι
2261 3952 2438 4016 Nihil,
2469 3951 2683 4023 inquit,
2711 3967 2889 4025 segne
2919 3956 3022 4007 aut
3053 3951 3409 4023 neglectum.
3444 3973 3471 4000 ‹‹
3509 3951 3580 4004 Et
3606 3966 3713 4021 pro

2063 4059 2178 4098 me.
2214 4064 2240 4090 η
2274 4041 2508 4096 Etenim
2537 4042 2778 4095 Petrum
2810 4056 3047 4112 quoque
3077 4038 3352 4094 Ecclesia:
3377 4038 3563 4093 oratio
3597 4037 3717 4093 sol-

2064 4132 2146 4184 vit
2175 4148 2209 4184 a
2236 4129 2485 4185 vinculis
2514 4128 2580 4184 ‘6.
2617 4151 2645 4179 «
2680 4130 2745 4183 In
2777 4130 3084 4200 apertione
3115 4130 3235 4184 oris
3282 4128 3421 4182 mei.
3458 4150 3485 4177 »
3541 4130 3717 4182 Recte

2066 4219 2180 4274 ait:
2204 4219 2271 4271 In
2292 4218 2821 4289 apertione.Neque
2844 4234 3003 4273 enim
3026 4217 3553 4290 prmmeditabatur
3574 4215 3716 4287 quid

2066 4307 2374 4362 locuturus
2404 4312 2581 4373 esset,
2613 4307 2840 4364 Christo
2897 4306 3318 4379 obtemperans
3349 4306 3394 4342 ⁴⁷
3428 4321 3442 4362 :
3494 4304 3599 4362 sed
3646 4321 3717 4360 ex

2066 4398 2332 4470 proximo
2364 4404 2425 4453 et
2454 4398 2515 4452 in
2547 4414 2616 4453 eo
2647 4398 2773 4469 ipso
2804 4414 2921 4469 quo
2952 4415 3019 4454 os
3049 4397 3327 4469 aperiret,
3355 4411 3551 4452 sermo
3574 4410 3715 4467 pro-

1155 4508 1207 4564 ἐν
1249 4486 1544 4586 παρρησίᾳ·
1584 4486 1952 4584 ἀπολογήσω·

2066 4486 2329 4543 cedebat.
2370 4506 2396 4539 ι
2423 4487 2495 4543 Ut
2525 4503 2658 4543 cum
2690 4486 2964 4542 libertate
2996 4492 3203 4543 notum
3243 4486 3481 4543 faciam.
3520 4507 3541 4532 ι
3576 4486 3713 4551 Aut,

2065 4578 2138 4632 Ut
2166 4593 2301 4633 cum
2334 4576 2609 4632 libertate
2640 4592 2745 4648 pro
2774 4592 2867 4632 me
2896 4592 3136 4633 causam
3185 4574 3379 4631 dicam
3412 4590 3424 4627 :
3471 4578 3610 4637 aut;
3644 4573 3716 4628 Ut

2062 4666 2381 4738 praedicem
2411 4665 2815 4738 Evangelium.
2850 4687 2877 4715 ‹‹
2908 4667 3021 4721 Pro
3061 4681 3177 4736 quo
3217 4663 3515 4736 legatione
3569 4661 3714 4717 fun-

2061 4757 2191 4813 hor.
2226 4780 2255 4808 ››
2288 4759 2394 4814 Pro
2423 4774 2541 4828 quo
2574 4755 2887 4828 Evangelia
2920 4754 3211 4826 legatione
3240 4752 3456 4824 iungor
3484 4750 3559 4808 ad
3608 4751 3719 4807 ho-

2062 4847 2255 4903 mines
2285 4850 2350 4901 ut
2376 4846 2487 4917 ipsi
2520 4850 2581 4900 et
2612 4845 2705 4900 his
2735 4860 2866 4915 quae
2898 4843 2959 4897 in
2991 4858 3058 4898 eo
3092 4841 3407 4907 habentur,
3448 4840 3719 4898 reconci-

2060 4934 2302 4990 lientur.
2362 4956 2390 4984 «
2448 4936 2593 4989 Nam
2650 4949 2755 5003 pro
2811 4931 3064 4997 (:hristo,
3151 4929 3365 5001 inquit,
3423 4929 3715 5003 legatione

2060 5023 2365 5096 fungimur
2394 5024 2458 5079 ‘3.
2494 5044 2523 5073 »
2555 5052 2622 5065 --
2654 5041 2679 5074 α
2718 5022 2788 5077 Ut
2817 5021 2879 5076 in
2919 5036 2987 5075 eo
3036 5019 3223 5076 libere
3277 5020 3508 5091 loquar.
3563 5043 3594 5072 ››
3647 5022 3712 5079 in

2060 5112 2313 5170 vinculis
2344 5117 2469 5169 erat
2498 5116 2555 5167 et
2585 5127 2692 5181 pro
2726 5126 2788 5165 se
2818 5126 3236 5180 responsurus.
3270 5112 3342 5166 Ut
3369 5110 3548 5184 igitur
3576 5127 3710 5170 cum

2061 5201 2356 5269 libertate,
2389 5201 2604 5269 inquit,
2636 5215 2730 5254 me
2764 5215 3030 5272 purgem,
3054 5205 3112 5255 et
3136 5200 3219 5256 ita
3238 5206 3304 5257 ut
3324 5207 3710 5273 oporteteum

2061 5293 2163 5362 qui
2194 5287 2536 5362 hujusmodi
2572 5288 2644 5343 de
2672 5288 2850 5344 rebus
2879 5304 3120 5346 causam
3145 5290 3412 5347 dicturus
3446 5294 3555 5346 est.

2130 5397 2223 5466 VI,
2257 5397 2446 5450 2l-ﬁ4.
2487 5416 2511 5445 ει
2549 5393 2621 5450 Ut
2649 5401 2847 5451 autem
2882 5396 3081 5453 sciatis
3111 5403 3169 5452 et
3199 5414 3301 5452 vos
3347 5411 3480 5467 quae
3513 5392 3585 5448 ad
3619 5404 3713 5445 me

2108 5511 2156 5548 ⁴⁰
2184 5513 2310 5569 Act.
2350 5529 2454 5580 xu,
2492 5512 2572 5566 il.
2681 5509 2725 5546 ‘7
2757 5510 2896 5569 Luc.
2932 5530 3043 5582 λιιι,
3082 5514 3145 5567 ii
3174 5528 3339 5583 seqq.
3429 5506 3473 5543 ⁸⁸
3501 5505 3551 5561 II
3582 5504 3715 5561 Cor.
