4108 6192
491 272 647 334 1935
1609 261 1798 322 (ECU
1809 261 1967 320 ΜΕΝ
1976 263 2024 321 ΙΙ
2073 261 2380 324 TRICC/E
2423 265 2776 327 EPISCOPI
3687 274 3807 333 l256

490 429 518 457 ρ(
551 407 852 479 pertinent
882 399 1024 472 quid
1055 414 1243 472 agam,
1278 396 1350 450 de
1383 395 1660 450 omnibus
1703 395 1982 450 certiores
2031 413 2112 449 vos

2187 394 2414 464 [mina
2471 396 2597 470 ὑμῖν
2656 397 2910 474 γνωρίσει
2966 397 3204 475 Τυχικὸς
3269 398 3296 452 ὁ
3371 397 3628 472 ἀγαπητὸς
3679 403 3809 460 ἀδελ-

489 519 517 547 ‹‹
553 495 762 551 reddet
789 490 1076 561 Tychicus
1132 487 1382 542 dilectus
1415 485 1595 540 frater
1625 491 1682 540 et
1712 484 1904 538 fidelis
1927 484 2106 539 minis

2247 487 2348 564 φὸς
2413 488 2501 542 καὶ
2565 490 2752 550 πιστὸς
2819 487 3071 553 διάκονος
3135 489 3187 543 ὲν
3251 489 3444 563 Κυρίῳ,
3515 493 3566 545 ὃν
3639 491 3809 570 ἔπεμψα

494 607 518 638 α
557 591 646 638 ter
675 584 738 637 in
771 579 1019 635 Domino
1049 595 1063 632 :
1099 593 1276 647 quem
1307 577 1440 630 misi
1473 575 1546 630 ad
1575 593 1674 630 vos
1705 576 1765 630 in
1797 575 1908 630 hoc
1939 576 2116 646 ipsum

2247 579 2382 650 πρὸς
2447 577 2587 650 ὑμᾶς
2673 577 2748 639 εἷς
2831 578 2960 634 αότὸ
3017 581 3202 646 τοῦτο,
3261 575 3352 632 ’ίνα
3400 583 3556 652 γνῶτε
3609 582 3666 635 τὰ
3717 587 3811 656 περὶ

491 697 518 723 ‹‹
548 679 614 728 ut
645 667 1080 742 cognosceretis
1111 666 1183 721 de
1213 666 1390 720 rebus
1415 666 1654 731 nostris,
1690 672 1748 719 et
1798 665 2113 720 consolare-

2249 667 2436 737 ἡμῶν,
2499 667 2588 721 καὶ
2681 665 3030 744 παρακαλέσῃ
3119 669 3217 722 τὰς
3279 665 3492 742 καρδίας
3543 669 3694 740 eam.
3743 673 3813 727 Εἱ-

500 783 520 810 ι
559 766 654 816 tur
685 759 865 814 corda
895 761 1106 812 vestra.
1139 758 1258 810 Pax
1289 754 1570 809 fratribus
1601 760 1658 807 et
1687 755 1942 809 Charitas
1999 770 2122 807 cum

2250 757 2388 830 ρήνη
2422 763 2538 817 τοῖς
2595 754 2853 836 ἀδελφοῖς
2912 758 3002 812 καὶ
3061 757 3244 832 ἀγάπη
3301 757 3431 830 μετά
3485 758 3688 819 πίστεως
3734 762 3813 817 ἀπὸ

487 871 514 898 α
552 847 667 902 fide
701 861 736 900 a
765 846 883 900 Deo
915 845 1086 898 Patre
1119 847 1176 898 et
1205 842 1456 896 Domino
1487 841 1622 894 Jesu
1653 841 1904 894 Christo.
1941 839 2109 896 Grati:

2249 848 2382 899 Θεοῦ
2457 846 2666 922 ῙΙατρὸς
2741 847 2830 900 καὶ
2907 845 3110 922 Κυρίου
3201 849 3380 916 Ἰησοῦ
3469 848 3692 919 Χριστοῦ.
3767 851 3814 906 'H

491 955 514 984 ε
550 937 626 991 sit
656 952 791 992 cum
814 933 1093 989 omnibus
1119 931 1504 1004 diligentibus
1527 931 1840 985 Dominum
1863 935 2113 986 nostrun

2252 935 2412 1008 χάρις
2464 935 2596 1007 μετά
2643 936 2860 990 πάντων
2935 939 3044 992 τῶν
3117 935 3444 1010 ἀγαπώντων
3517 936 3598 990 τὸν
3666 935 3815 1012 Κύριον

491 1049 518 1076 ‹‹
547 1028 748 1082 Iesum
781 1025 1081 1080 Christum
1113 1039 1246 1078 cum
1280 1022 1640 1077 sinceritate.
1673 1027 1862 1076 Amen
1895 1042 1945 1075 ι).

1895 1042 1945 1075 ι).
2250 1025 2410 1097 ἡμῶν
2437 1025 2645 1094 Ἰησοῦν
2675 1025 2903 1098 Χριστὸν
2935 1026 2986 1080 ἐν
3017 1025 3300 1102 ἀφθαρσίᾳ.
3327 1025 3513 1098 Ἀμήν.

559 1119 698 1181 Quae
730 1113 1152 1170 exhortationis
1187 1117 1356 1166 erant
1382 1115 1438 1166 et
1469 1111 1829 1183 dogmatum,
1861 1111 2133 1183 scripsit:

2319 1116 2490 1188 ’Ἂπερ
2551 1116 2616 1183 ἧν
2697 1114 3064 1188 παραινέσεως
3139 1115 3228 1169 καί
3289 1111 3587 1188 δογμάτων,
3645 1109 3819 1190 ἔγραψε,

491 1222 622 1276 quae
649 1222 784 1260 vero
817 1203 890 1259 ad
925 1220 986 1258 se
1017 1201 1414 1273 pertinebant,
1453 1201 1764 1271 epistolam
1814 1201 2113 1273 perferent

2249 1203 2314 1256 τὰ
2346 1199 2403 1256 δὲ
2431 1203 2548 1257 κατ’
2581 1202 2764 1272 αὐτὸν,
2795 1208 2874 1275 τῷ
2915 1204 3129 1280 φέροντι
3158 1203 3257 1272 τὴν
3303 1201 3584 1270 ἐπιστολὴν
3629 1200 3819 1272 λαλῆσαι

483 1293 648 1365 loqui
674 1293 962 1364 permisit.
990 1314 1018 1342 «
1043 1293 1110 1345 Et
1133 1289 1325 1344 ﬁdelis
1348 1290 1638 1344 minister.
1669 1313 1696 1340 ››
1732 1290 1788 1344 Si
1814 1290 2003 1346 fidelis
2026 1291 2105 1344 ita

2251 1291 2524 1366 ἐπέτρεψε.
2603 1317 2630 1344 ‹‹
2666 1291 2764 1347 Κιὶ
2837 1293 3030 1355 πιστὸς
3107 1290 3374 1353 διάκονος.
3434 1317 3462 1344 ι)
3533 1291 3593 1349 Εἴ
3657 1294 3821 1354 πιστὸς.

487 1399 604 1454 que
637 1383 816 1438 etiam
846 1381 1150 1437 veritatem
1183 1380 1478 1450 loquetur.
1529 1403 1556 1429 ‹‹
1593 1381 1664 1434 Ut
1701 1379 2102 1451 cognoscereti

2251 1380 2444 1437 οὒκοῦν
2475 1383 2564 1437 καὶ
2591 1383 2903 1454 ἀληθεύσει.
2942 1407 2968 1436 ιι
2993 1385 3111 1439 Ἰνα
3139 1387 3310 1459 γνῶτε
3361 1383 3427 1438 τά
3469 1382 3590 1458 περὶ
3631 1385 3780 1455 ἡμῶν.
3804 1409 3818 1438 ι

487 1472 560 1526 de
590 1472 770 1526 rebus
803 1469 1042 1526 nostris.
1071 1494 1092 1520 ι
1133 1470 1250 1523 Hoc
1273 1473 1332 1523 et
1351 1469 1686 1524 dilectionis
1711 1469 1876 1523 Pauli
1898 1469 2109 1541 signun

2252 1475 2426 1527 Τοῦτο
2483 1472 2576 1525 καὶ
2631 1480 2735 1542 τῆς
2791 1471 3012 1528 Παύλου
3069 1471 3308 1549 ἀγάπης,
3381 1471 3468 1526 καὶ
3523 1479 3612 1542 τῆς
3664 1471 3827 1527 ἐκείνων

484 1565 614 1615 erat
645 1565 704 1615 et
731 1561 994 1626 illorum,
1025 1558 1177 1612 velle
1202 1559 1447 1612 omnino
1475 1557 1546 1611 ab
1581 1557 1696 1612 illis
1728 1574 1794 1613 ea
1825 1559 1886 1612 in
1917 1558 2102 1628 quibu

2255 1565 2481 1634 σημεῖον
2537 1561 2628 1628 ἦν,
2686 1562 2770 1630 τὸ,
2833 1559 3036 1616 ἐθέλειν
3091 1561 3250 1616 παντὶ
3315 1561 3501 1635 ἆρὸπῳ
3578 1565 3826 1636 γνωσθῆναι

488 1657 612 1704 erat
643 1649 936 1719 cognosci.
994 1671 1013 1694 α
1050 1650 1120 1703 Et
1167 1647 1576 1702 consolaretur
1633 1648 1812 1702 corda
1857 1654 2064 1702 vestra.
2105 1671 2110 1698 :

2251 1650 2458 1719 αὐτοῖς,
2491 1648 2542 1704 ἐν
2603 1651 2682 1712 οἷς
2741 1650 2830 1718 ἦν.
2893 1675 2920 1702 ιι
2955 1651 3061 1706 Καὶ
3119 1649 3470 1724 παρακαλέσῃ
3525 1649 3610 1710 τὰς
3656 1647 3829 1724 καρδίας

487 1738 791 1809 Siquidem
825 1737 966 1809 quia
987 1738 1046 1791 in
1067 1736 1320 1791 vinculis
1342 1736 2100 1808 eratprmceptor,discipuli

2205 1768 2224 1828 ς
2261 1739 2438 1810 ὑμῶν,
2473 1763 2503 1790 »
2533 1736 2757 1807 Ἐπειδή
2790 1738 2891 1813 γὰρ
2923 1738 2976 1794 ἐν
3034 1737 3283 1794 ἀλύσεσιν
3333 1739 3400 1807 ἧν
3459 1739 3487 1792 ὁ
3541 1736 3827 1808 διδάσκαλος,

485 1843 632 1900 opus
666 1833 794 1882 erat
823 1826 1252 1890 consolatione,
1289 1843 1362 1880 ne
1396 1825 1752 1881 exciderent.
1805 1827 1896 1880 BI
1959 1848 1987 1875 ‹‹
2023 1828 2107 1881 Pa

2207 1825 2488 1903 ’ἔχρῃξον
2519 1829 2569 1882 οἱ
2613 1827 2849 1901 μαθηταὶ
2905 1825 3327 1901 παρακλήσεως,
3380 1831 3474 1881 τοῦ
3533 1827 3602 1900 μή
3650 1848 3829 1882 καταπε-

480 1915 784 1972 fratribus.
819 1938 846 1966 ››
881 1917 1163 1970 Precatur
1191 1915 1277 1970 eis
1309 1931 1512 1986 pacem
1547 1921 1604 1968 et
1625 1915 1970 1970 charitatem
2003 1931 2102 1970 cur

2250 1921 2381 1972 σεῖν.
2421 1941 2442 1967 α
2487 1916 2698 1989 Εἰρήνη
2759 1921 2881 1980 τοῖς
2931 1913 3212 1993 ἀδελφοῖς.
3247 1939 3276 1967 υ
3333 1917 3642 1994 Ἐπεύχεται
3689 1917 3831 1978 αὐτοῖς

487 2005 603 2060 ﬂde
630 2022 642 2059 :
683 2023 758 2061 ne
790 2021 925 2076 erga
965 2022 1065 2060 eos
1094 2021 1299 2076 pacem
1334 2005 1590 2059 habeant
1619 2006 1718 2076 qui
1751 2005 1884 2060 aliis
1941 2005 2108 2060 adhue

2249 2005 2466 2079 εἰρήνην
2494 2007 2582 2060 καὶ
2613 2008 2712 2075 τήν
2745 2005 2878 2078 μετά
2907 2004 3142 2066 πίστεως
3189 2005 3432 2080 ἀγάπην,
3485 2002 3576 2058 ’ίνα
3621 2004 3686 2076 μή
3729 2004 3829 2076 πρὸς

487 2103 624 2152 rent
653 2097 1057 2168 opinionibus,
1093 2096 1194 2150 sed
1252 2111 1390 2168 erga
1437 2097 1593 2151 solos
1641 2096 1990 2150 credentes:
2039 2113 2109 2150 au

2247 2094 2592 2170 ἓτεροδόξους
2635 2098 2694 2168 ᾗ,
2751 2095 2894 2151 ἀλλὰ
2957 2097 3156 2170 μόνους
3211 2094 3342 2157 τοὺς
3395 2094 3628 2154 πιστούς.
3673 2096 3728 2149 Ἥ
3773 2093 3831 2147 ὅτι

488 2186 646 2256 quod
678 2185 909 2241 nullum
952 2186 1161 2240 aﬂ‘erat
1215 2186 1471 2242 Charitas
1519 2185 1774 2254 lucrum,
1825 2185 1940 2240 nisi
1991 2185 2105 2240 ﬁde

2247 2183 2399 2240 οὐδέν
2457 2185 2568 2241 ἐστι
2615 2193 2715 2255 τῆς
2773 2185 2989 2260 ἀγάπης
3049 2183 3260 2258 κέρδος,
3333 2187 3410 2258 μη
3467 2185 3554 2239 καὶ
3609 2183 3722 2256 μετὰ
3767 2183 3833 2237 πί-

488 2292 722 2346 quoque
755 2275 928 2331 adsit.
988 2296 1011 2326 α
1047 2276 1156 2340 Qui
1207 2274 1460 2348 diligunt
1502 2276 1816 2330 Dominum
1865 2281 2110 2330 nostrun

2247 2295 2412 2332 στεως
2443 2273 2633 2344 οὔσης.
2693 2299 2722 2326 ι(
2755 2277 2878 2331 Τῶν
2937 2275 3272 2350 ἀγαπώντων
3331 2275 3424 2329 τὸν
3485 2273 3666 2348 Κύριον
3713 2275 3832 2344 ἡμῶν

485 2365 684 2420 Jesum
716 2365 1014 2419 Christum
1052 2381 1186 2420 cum
1215 2363 1554 2419 sinceritate
1609 2385 1634 2415 ν
1669 2367 1850 2420 Amor
1877 2365 2036 2420 enim
2075 2365 2107 2419 ἱ]

2247 2365 2456 2435 Ἰησοῦν
2517 2364 2744 2438 Χριστὸν
2823 2363 2874 2418 ἐν
2949 2363 3232 2440 ἀφθαρσίᾳ.
3295 2384 3322 2416 ι
3387 2364 3451 2420 Ἣ
3507 2363 3603 2440 γὰρ
3657 2361 3720 2421 εἰς
3765 2359 3829 2414 τὸν

489 2453 788 2508 Christum
819 2454 1200 2525 incorruptus
1226 2459 1286 2507 et
1308 2453 1550 2526 integer,
1577 2455 1693 2509 imo
1713 2455 1908 2525 potius
1935 2471 2111 2512 cumu

2245 2455 2476 2529 Χριστὸν
2509 2453 2718 2529 ἀγάπη,
2757 2453 3031 2530 ἄφθαρτος
3077 2453 3168 2508 καὶ
3223 2453 3519 2526 ἀμείωτος,
3575 2451 3755 2526 μᾶλλον
3795 2447 3834 2504 δὶ

485 2542 663 2598 latior
692 2543 752 2597 in
785 2543 909 2598 dies
943 2558 1074 2597 esse
1102 2542 1364 2597 deberet.

2241 2545 2360 2606 καθ’
2391 2543 2619 2614 ἑκάστην
2675 2540 2990 2598 ἐπιδιδοῦσα
3043 2545 3142 2612 τὴν
3197 2541 3410 2616 ἡμέραν
3456 2539 3672 2619 ὤφειλεν
3715 2541 3833 2594 εἶναι.

485 2635 663 2696 Finis.
691 2631 880 2688 divino
911 2635 1134 2701 favente
1158 2632 1392 2697 auxilio,
1423 2633 1688 2704 Epistolae
1735 2634 1808 2688 ad
1851 2636 2107 2705 Ephesios

2315 2630 2510 2703 Τέλος,
2545 2631 2636 2686 σὺν
2665 2637 2800 2704 Θεῷ,
2832 2638 2932 2701 τῆς
2963 2633 3100 2707 πρὸς
3128 2631 3414 2706 Ἐφεσίους
3443 2627 3762 2698 Ἐπιστολῆς.

594 2739 822 2810 Scripta
857 2743 945 2793 est
973 2737 1045 2793 ab
1076 2738 1221 2794 urbe
1253 2741 1436 2794 Roma
1465 2755 1570 2811 per
1597 2741 1934 2811 Tychicum.

2535 2741 2780 2818 Ἐγράφη
2815 2739 2920 2794 ἀπὸ
2949 2739 3172 2812 Ῥώμης
3204 2735 3291 2794 διὰ
3331 2743 3595 2814 Τυχικοῦ.

485 2919 1545 2929 W

1552 2885 3836 2932 Μ

1761 3115 2646 3246 ΥΠΟΘΕΣΙΣ

947 3353 1187 3448 ΤΗΣ
1271 3349 1597 3446 ΠΡΟΣ
1682 3345 2599 3444 ΦΙΛΙΠΠΗΣΙΟΥΣ
2685 3343 3447 3443 ΕΙἸΙΣΤΟΛΗΣ.

1565 3679 2765 3804 ARGUMENTUM

1243 3876 1880 3974 EPISTOL/E
1951 3877 2115 3970 AD
2185 3876 3112 3972 PHILIPPENSES.

545 4307 646 4364 62
699 4307 859 4362 Hanc
891 4305 1100 4360 scribit
1127 4303 1199 4360 ab
1231 4303 1376 4360 urbe
1409 4305 1614 4369 Roma,
1651 4319 1783 4356 cum
1807 4302 1934 4373 jam
1966 4302 2128 4374 ipsos
2159 4319 2167 4370 4

2299 4297 2510 4368 Ταύτην
2563 4295 2874 4354 ἐπιστέλλει
2921 4298 3027 4354 ἀπὸ
3072 4299 3319 4373 Ῥώμης,
3380 4299 3639 4375 ἑωρακὼς
3687 4291 3843 4349 αὐτοὺς

474 4398 716 4453 vidisset
739 4395 915 4451 simul
945 4400 1002 4450 et
1023 4393 1340 4448 docuisset.
1372 4391 1612 4448 Occasio
1631 4397 1828 4445 autem
1861 4389 2096 4460 epistol:

2242 4384 2357 4462 ἅμα
2411 4388 2501 4442 καὶ
2561 4385 2800 4458 διδάξας,
2857 4389 2918 4444 Ἰ]
2979 4385 3036 4442 δὲ
3101 4388 3368 4464 πρόφασις
3419 4394 3528 4458 τῆς
3594 4379 3847 4444 ἐπιστολῆς

473 4487 587 4543 fuit
608 4487 767 4542 haec:
799 4487 943 4539 Cum
965 4483 1266 4538 misissent
1303 4479 1711 4550 Pbilippenses
1745 4477 1925 4532 Paulo
1957 4477 2095 4532 mini

2241 4473 2400 4546 αῦτη.
2437 4479 2770 4550 Πεμψάντων
2802 4473 3194 4546 Φιλιππησίων
3229 4471 3508 4530 διακονίαν
3537 4479 3618 4548 τῷ
3663 4467 3849 4536 Παύλῳ,

477 4576 747 4642 sterium,
783 4579 841 4628 et
870 4572 1111 4644 quidam
1143 4569 1464 4624 circuirent
1493 4585 1561 4622 ac
1591 4567 1906 4622 inﬁcerent
1954 4583 2093 4621 aure

2233 4564 2324 4618 καί
2380 4585 2540 4619 τινων
2601 4561 3044 4640 περιερχομένων
3113 4565 3205 4618 καὶ
3292 4561 3708 4640 διαφθειρόντων
3779 4553 3851 4612 τὶς

478 4663 840 4734 simplicium
873 4665 1160 4733 praetextu
1191 4657 1418 4712 umbrae
1449 4655 1596 4725 legis
1627 4673 1694 4710 ac
1725 4655 2097 4710 circumcisio

2237 4652 2398 4714 ἀκοὰς
2427 4658 2536 4708 τῶν
2593 4652 2854 4727 ἀκεραίων
2913 4651 3178 4728 προφάσει
3224 4659 3324 4721 τῆς
3375 4657 3531 4715 σκιᾶς
3577 4654 3670 4706 τοῦ
3713 4645 3849 4716 νόμον

477 4729 612 4816 nis;
629 4753 730 4822 qui
763 4729 890 4806 sine
922 4751 1031 4805 hac
1054 4749 1322 4807 dicerent
1345 4745 1577 4800 nullum
1599 4743 2099 4814 possejuslificari

2237 4741 2455 4810 καὶτῆς
2487 4749 2815 4816 περιτομῆς,
2849 4741 2940 4796 καὶ
3000 4739 3270 4817 λεγόντων
3328 4741 3508 4820 χωρίς
3561 4739 3750 4807 ταύτης
3791 4729 3849 4804 μὴ

482 4840 626 4893 Cum
657 4841 782 4894 haec
814 4839 1079 4895 audisset
1109 4836 1444 4908 Apostolus,
1479 4834 1684 4890 scribit
1728 4833 2104 4904 Philippensi

2239 4829 2490 4886 δύνασθαι
2548 4830 2926 4902 δικαιωσῆναι,
2980 4829 3164 4902 μαθὼν
3217 4830 3245 4884 ὁ
3288 4829 3650 4896 Ἀπόστολος,
3689 4825 3851 4900 γράφει

479 4925 611 4981 bus.
645 4929 712 4982 Et
743 4930 1002 4999 primum
1035 4928 1274 5000 quidem
1305 4941 1508 4982 eorum
1538 4924 1834 4979 collaudat
1856 4922 2096 4988 ﬁdem,a

2238 4919 2656 4991 Φιλιππησίοις·
2719 4919 2815 4974 Καὶ
2867 4925 3084 4993 πρῶτον
3154 4921 3248 4992 μὲν
3329 4916 3658 4992 ἀποδέχεται
3710 4911 3853 4968 αὐτῶν

483 5015 778 5086 signiﬁcat
808 5033 868 5070 se
918 5018 1184 5088 ipsorum
1233 5017 1427 5070 facere
1481 5013 1850 5069 memoriam.
1910 5013 2105 5068 Deindi

2235 5011 2332 5078 τήν
2363 5009 2539 5064 πίστιν
2597 5008 2684 5064 καὶ
2739 5009 2992 5084 σημαίνει
3055 5008 3423 5080 μνημονεὺειν
3489 5008 3689 5062 αὐτῶν.
3745 5003 3855 5057 Ἐπ-

479 5107 684 5159 narrat
713 5087 1008 5172 quomodo
1041 5107 1238 5160 Romae
1271 5119 1374 5174 pro
1403 5119 1464 5158 se
1495 5101 1906 5172 responderit:
1941 5101 2099 5171 quod

2237 5119 2352 5155 ειτα
2391 5095 2660 5172 διηγεῖται
2701 5097 2774 5159 ὠς
2835 5097 3222 5173 ἀπελογήσατο
3282 5095 3333 5151 ὲν
3384 5097 3603 5170 Ῥώμῃ.
3661 5093 3744 5148 καὶ
3795 5087 3859 5142 ὅτι

481 5207 595 5264 que
629 5189 925 5255 nonnulli,
959 5208 1162 5262 graves
1193 5192 1304 5264 ipsi
1336 5191 1559 5248 fuerint
1588 5190 1648 5243 in
1680 5189 1952 5252 vinculis,
1986 5190 2103 5244 invi

2237 5189 2376 5249 τινες
2407 5189 2556 5258 αὑτῷ
2587 5187 2769 5262 βαρεῖς
2799 5187 3081 5262 γεγόνασιν
3115 5185 3166 5240 ὲν
3227 5191 3345 5248 τοῖς
3399 5182 3645 5256 δεσμοῖς,
3697 5178 3856 5258 φθόνον

481 5281 640 5336 diam
675 5279 726 5334 ei
757 5285 1080 5334 moventes.
1114 5282 1252 5334 Post
1285 5280 1410 5334 haec
1441 5280 1575 5334 illos
1607 5278 1952 5332 exhortatur
1981 5285 2046 5332 ut
2066 5295 2103 5333 se

2237 5279 2388 5348 αύτῷ
2432 5281 2721 5338 κινοῦντες.
2769 5279 2997 5333 Ἔπειτα
3051 5272 3246 5336 αὖτοὺς
3296 5273 3654 5350 προτρέπεται
3705 5265 3855 5332 ἀλλή-

479 5377 686 5427 mutuo
727 5367 998 5440 diligant,
1032 5366 1296 5422 referens
1328 5367 1642 5422 Salvatoris
1677 5367 2101 5439 benignitatem

2241 5365 2372 5428 λους
2403 5365 2632 5440 ἀγαπᾷν,
2673 5365 3036 5443 ἐξηγούμενος
3085 5365 3186 5434 τήν
3235 5368 3332 5420 τοῦ
3388 5370 3646 5436 Σωτῆρος
3693 5357 3857 5437 ρριλιιν-

479 5461 604 5534 qui,
628 5477 762 5516 cum
815 5459 970 5514 Deus
997 5461 1171 5521 esset,
1194 5461 1435 5526 propter
1459 5473 1567 5510 nos
1591 5456 1768 5510 homo
1799 5456 1988 5512 factus
2018 5461 2101 5512 est

2241 5453 2509 5527 ρωπίαν,
2543 5455 2784 5515 ὅτιθεὸς
2849 5451 2946 5522 ὤν,
3007 5451 3291 5528 ἅνθρωπος
3349 5451 3532 5528 γέγονε
3590 5449 3660 5504 δι’
3711 5449 3855 5518 ἡμᾶς·

477 5547 702 5605 Deinde
725 5549 796 5604 de
829 5543 1283 5616 circumcisione
1322 5561 1390 5599 ac
1419 5543 1544 5615 lege
1577 5544 1894 5613 disserens,
1929 5553 2098 5600 osteu

2241 5545 2377 5600 Εἶτα
2425 5543 2549 5619 περῖ
2607 5551 2706 5614 τῆς
2758 5549 3063 5617 περιτομῆς
3130 5543 3220 5596 καὶ
3277 5545 3372 5596 τοῦ
3428 5539 3660 5595 παλοιοῦ
3715 5536 3859 5606 νόμον
