4108 6192
276 304 435 365 1257

1284 310 1696 373 ΟΟΜΜΕΝΤ.
1744 311 1823 370 IN
1869 307 2117 371 EPIST.
2152 274 2265 370 ‘AD
2310 311 2603 372 PHILIP.

3539 320 3694 381 1258

274 432 575 509 διαλαϐὼν,
609 436 951 496 ἀποδεικνύει
987 441 1160 516 ἀργὴν
1191 445 1510 519 γεγενῆσθαι
1568 441 1770 499 λοιπὸν
1820 444 1916 512 τὴν

2039 443 2126 498 dit
2157 445 2399 517 posthac
2430 446 2681 501 otiosam
2711 444 2927 502 factam
2963 463 3092 503 esse
3150 449 3691 523 circumcisionem,

270 530 601 603 περιτομὴν,
634 525 930 601 λαμϐάνων
959 531 1049 611 ἀφ’
1079 530 1272 587 ἑαυτοῦ
1308 534 1370 587 τὸ
1437 529 1787 607 παράδειγμα
1833 528 1923 586 καὶ

273 616 473 692 λέγων,
505 616 612 684 ὅτι,
643 620 822 675 Ταῦτα
876 620 1053 674 πάντα
1110 617 1327 695 ἥγημαι
1387 619 1475 676 διὰ
1531 621 1625 677 τὸν
1688 621 1923 696 Χριστὸν

275 707 499 777 ζημίαν.
535 707 628 761 Διὸ
656 707 746 762 καὶ
776 706 903 768 τοὺς
937 708 1030 780 μὲν
1091 704 1440 764 διδάσκοντας
1488 707 1568 765 ἔτι
1619 709 1922 784 περιτομήν

268 794 360 850 καὶ
391 793 646 859 θέλοντας
703 795 900 860 αὐτοὺς
949 796 1220 866 ἀπατῆσαι
1286 798 1642 871 μεμψάμενος
1697 798 1788 853 καὶ
1847 796 1927 851 εἷ-

271 884 389 939 πὼν
417 883 652 963 ἐχθροὺς
695 883 890 946 αὐτοὺς
942 887 1085 941 εἶναι
1138 884 1236 941 τοῦ
1277 888 1535 961 Χριστοῦ,
1595 883 1922 960 ἀποδὲχεται

272 970 687 1043 Φιλιππησίους
719 970 808 1028 διὰ
835 976 936 1043 τὴν
969 974 1105 1049 πρὸς
1134 974 1295 1030 αὐτὸν
1352 981 1453 1044 τῆς
1502 974 1788 1036 κοινωνίας
1837 970 1925 1028 δό-

268 1083 374 1118 σιν.
407 1062 512 1120 Καὶ
568 1063 1012 1139 προτρεψάμενος
1060 1065 1227 1119 πάλιν
1285 1064 1363 1129 εἰς
1412 1064 1483 1119 τὰ
1537 1064 1643 1135 ἤθη
1704 1062 1922 1132 αὐτοὺς,

270 1149 482 1207 τελειοῖ
507 1151 611 1220 τὴν
642 1151 999 1223 Ἐπιστολήν.

856 1271 1329 1329 ΘΕΟΔΩΡΗΤΟΥ.

345 1391 414 1448 Οἱ
444 1387 812 1459 Φιλιππήσιοι
842 1395 942 1459 τῆς
968 1386 1311 1453 Μακεδονίας
1340 1390 1501 1461 ἦσαν,
1553 1388 1656 1445 ὑπὸ
1710 1390 1919 1464 μητρό-

272 1479 436 1536 πολιν
490 1476 914 1550 Θεσσαλοτίκην.
1002 1475 1195 1535 Πολλὰ
1253 1477 1312 1534 δὲ
1368 1478 1555 1539 αὐτοῖς
1619 1479 1647 1533 ὁ
1701 1478 1918 1541 Παῦλος

274 1568 487 1644 χρηστὰ
545 1572 825 1642 μαρτυρεῖ.
884 1571 973 1625 Ἐν
1030 1564 1255 1641 δεσμοῖς
1311 1565 1367 1623 δὲ
1422 1565 1520 1634 ὢν,
1580 1561 1783 1644 ἔγραψε
1819 1567 1918 1635 τήν

265 1653 626 1726 Ἐπιστολήν.
656 1655 802 1711 Μετὰ
860 1657 966 1731 γὰρ
1052 1657 1151 1727 τὴν
1206 1659 1429 1733 πρώτην
1511 1652 1808 1731 ἀπολογίαν
1852 1654 1918 1723 ἧς

264 1742 510 1818 ἐμνήσθη
542 1743 595 1800 ἐν
626 1748 696 1819 τῇ
755 1744 893 1821 πρὸς
949 1745 1242 1819 Τιμόθεον,
1300 1744 1453 1849 αὖθις
1514 1742 1689 1816 ἰδέθη.
1710 1833 1724 1849 ς
1749 1745 1918 1799 Ἦσαν
1947 1783 1995 1849 Β

266 1832 323 1889 δὲ
370 1834 423 1889 οἱ
483 1831 862 1905 Φιλιππήσιοι
921 1832 991 1889 δι’
1047 1831 1446 1913 Ἐπαφροδίτου
1502 1834 1573 1889 τὰ
1628 1833 1763 1909 πρὸς
1818 1835 1916 1902 τὴν

265 1923 458 2000 χρείαν
501 1924 810 1999 πέμψαντες
862 1925 1034 1997 αὐτῷ,
1089 1923 1140 1979 ἓν
1189 1929 1370 1996 ταυτῷ
1425 1924 1513 1979 καὶ
1578 1924 1916 2000 γνωσόμενοι

263 2014 330 2068 τὰ
360 2015 478 2068 κατ’
506 2013 687 2072 αὐτόν.
721 2011 941 2084 Ἐπειδή
998 2010 1055 2069 δὲ
1109 2007 1470 2090 ἐθορυϐοῦντο
1521 2013 1808 2076 ἀκούοντες
1866 2010 1919 2068 ἐν

264 2101 489 2176 δεσμοῖς
518 2104 659 2158 εἶναι
690 2103 783 2159 τὸν
817 2100 1167 2175 διδάσκαλον,
1197 2101 1329 2159 αὒτὸ
1361 2106 1523 2158 τοῦτο
1582 2102 1775 2182 γράφει
1823 2101 1918 2157 αὖ·

258 2195 394 2260 τοῖς,
429 2190 504 2251 ὡς
556 2190 624 2244 τὰ
681 2187 859 2263 δεσμᾶ
916 2190 979 2245 οὐ
1028 2185 1265 2266 θορύϐου
1325 2191 1575 2266 πρόξενα,
1633 2195 1807 2264 χαρᾶς
1862 2185 1919 2247 δὶ

266 2277 483 2354 μᾶλλον
513 2273 743 2356 ὤφειλεν
804 2281 963 2352 εἶναι,
1022 2277 1110 2334 διὰ
1155 2281 1218 2334 τὸ
1276 2280 1408 2355 ὑπὲρ
1468 2283 1709 2354 Χριστσῦ
1761 2278 1916 2335 εἶναι.

261 2370 604 2426 Καθάπτεται
646 2366 703 2424 δὲ
738 2368 829 2424 καὶ
886 2375 994 2424 τῶν
1056 2367 1360 2438 Ἰουδαίων,
1410 2366 1606 2430 οθίτινες
1665 2367 1716 2422 ἐν
1772 2370 1918 2444 σχή·

264 2478 395 2532 ματι
442 2461 891 2532 Χριστιανισμοῦ,
953 2456 1259 2537 διέφθειρον
1314 2458 1379 2514 τὸ
1434 2459 1714 2534 κήρυγμα.
1770 2457 1920 2514 Μετὰ

255 2556 426 2621 τιμῆς
474 2547 532 2605 δὲ
587 2549 827 2629 φαίνεται
886 2550 1109 2626 γράφων
1169 2554 1285 2613 τοῖς
1346 2546 1773 2619 Φιλιππησίοις,
1826 2547 1918 2603 ἐν-

261 2638 447 2715 άρετοι
505 2641 608 2717 γὰρ
664 2642 823 2711 ἦσαν.
902 2642 1161 2704 Ἐνταῦθα
1237 2640 1304 2709 ἧν
1364 2641 1399 2710 ἡ
1459 2635 1913 2715 πορφυροπῶλις.

263 2729 527 2786 Ἐνταῦθα
611 2730 639 2785 ὁ
714 2730 1171 2807 ἀρχισυνάγωγος
1246 2727 1578 2785 ἐπίστευσεν.
1658 2730 1919 2793 Ἐνταῦθα

263 2815 538 2889 ἐτυπτήθη
575 2818 708 2891 μετᾶ
733 2824 831 2874 τοῦ
892 2819 1033 2874 Σίλα
1064 2819 1091 2873 ὁ
1126 2816 1343 2879 Παῦλος
1409 2818 1513 2873 ὑπὸ
1561 2821 1669 2872 τῶν
1720 2835 1917 2892 στρατ-

264 2905 520 2982 ηγῶν,ο’ί
577 2907 635 2963 ἐκ
691 2915 1040 2986 συναρπαγῆς
1092 2907 1252 2964 αὐτὸν
1311 2909 1699 2977 τυπτήσαντες,
1756 2903 1916 2966 τέλος

258 2995 698 3073 ἀπελογήσαντο.
776 2996 1040 3061 Ἑνταῦοα
1113 2998 1142 3052 ὁ
1216 2993 1562 3074 δεσμοφύλαξ
1625 2992 1912 3054 πιστεύσας

257 3084 349 3142 σὺν
406 3090 488 3160 τῷ
546 3084 682 3161 οἳκῳ
739 3087 907 3143 αὐτοῦ
971 3081 1293 3155 ἐϐαπτίσθη.
1381 3086 1566 3139 Ταῦτα
1622 3082 1797 3135 πάντα
1854 3080 1910 3133 αἱ

254 3174 480 3250 Πράξεις
511 3176 658 3256 φασί.
709 3179 987 3250 Μαρτυρεῖ
1044 3171 1102 3229 δὲ
1153 3172 1339 3234 αὐτοῖς
1394 3171 1600 3240 πίστιν,
1653 3168 1743 3223 καὶ
1802 3188 1912 3222 κιν-

2041 533 2379 605 exemplum
2408 551 2442 589 a
2481 535 2675 605 seipso
2708 551 2951 590 sumens
2981 552 3049 592 ac
3071 536 3310 593 dicens:
3343 540 3474 595 Hanc
3490 544 3692 598 omnia

2040 627 2282 693 propter
2329 623 2625 677 Christum
2671 623 2809 679 duxi
2860 640 2987 679 esse
3047 625 3492 685 detrimentum.
3554 630 3689 685 Ideo

2040 710 2218 764 etiam
2250 710 2345 765 ubi
2383 712 2727 782 perstrinxit
2765 729 2866 768 eos
2897 714 2995 785 qui
3030 714 3221 770 adhuc
3283 717 3687 773 circumcisio-

2039 813 2177 852 nem
2207 796 2517 866 docebant,
2551 806 2610 854 et
2635 800 2905 856 volebant
2939 802 3098 871 ipsos
3148 802 3454 870 seducere,
3510 805 3691 859 dixit-

2037 902 2152 957 que
2182 885 2317 941 illos
2342 903 2470 942 esse
2521 888 2735 944 Christi
2788 890 3009 956 hostes,
3061 890 3473 963 Philippenses
3524 910 3688 949 com-

2037 975 2277 1031 mendat
2304 982 2547 1048 propter
2575 977 2797 1033 donum
2829 980 3389 1036 communicationis
3429 998 3565 1055 erga
3596 982 3687 1055 ip-

2036 1080 2206 1120 sum:
2239 1081 2596 1137 rursumque
2626 1083 2726 1122 eos
2757 1066 2831 1122 ad
2877 1084 3073 1123 mores
3125 1069 3491 1138 exhortatus,
3543 1088 3686 1126 con-

2033 1153 2222 1208 cludit
2251 1153 2593 1225 Epistolam.

2618 1272 3083 1330 THEODORETI.

2105 1386 2205 1442 68
2220 1386 2632 1460 Pbilippenses
2650 1389 2835 1461 partis
2853 1395 3023 1446 erant
3035 1390 3390 1447 Macedoniae
3404 1394 3683 1465 Metropoo

2032 1475 2137 1530 lim
2155 1476 2348 1531 haben
2359 1482 2443 1531 tes
2459 1477 3351 1537 Thessalonicam.Multaautem
3369 1481 3527 1537 bona
3538 1485 3683 1538 Pau-

2033 1565 2125 1620 lus
2139 1565 2211 1620 de
2224 1565 2369 1637 ipsis
2383 1567 2801 1623 testatur.Cum
2816 1584 2953 1640 ergo
2968 1567 3030 1624 in
3047 1569 3298 1625 vinculis
3315 1576 3491 1637 esset,
3525 1572 3679 1627 scri-

2032 1655 2149 1725 psit
2166 1654 2510 1725 Epistolam.
2537 1657 2681 1711 Nam
2703 1662 2836 1728 post
2852 1657 3096 1728 primam
3129 1658 3218 1713 sui
3246 1657 3677 1724 defensionem,

2032 1743 2203 1814 cujus
2233 1744 2507 1799 meminit
2536 1744 2596 1799 in
2628 1745 2891 1816 Epistola
2918 1745 2993 1801 ad
3022 1747 3416 1803 Timotheum.
3441 1764 3678 1804 rursum

2025 1831 2239 1904 ligatus
2271 1838 2376 1887 est.
2406 1833 2686 1889 Miserant
2712 1839 2911 1890 autem
2956 1836 3067 1908 ipsi
3101 1837 3515 1909 Philippenses
3547 1855 3677 1909 quin

2026 1922 2138 1994 ipsi
2168 1924 2508 1979 necessaria
2564 1931 2735 1981 erant
2791 1943 2898 1997 per
2952 1927 3438 1999 Epaphroditum,
3500 1928 3679 1983 simul

2026 2012 2205 2067 etiam
2236 2017 2300 2067 ut
2342 2020 2768 2086 cognoscerent
2826 2032 2958 2086 qua!
3015 2016 3174 2071 circa
3230 2016 3423 2088 ipsum
3484 2020 3673 2072 erant.

2025 2102 2315 2168 Quoniam
2348 2119 2479 2159 vero
2502 2104 2893 2161 turbabantur
2909 2106 3219 2163 audientes
3250 2112 3676 2179 praeceptorem

2027 2207 2199 2246 suum
2231 2208 2360 2247 esse
2388 2191 2448 2247 in
2479 2193 2751 2263 vinculis,
2786 2195 2896 2249 hoc
2927 2195 3122 2266 ipsum
3150 2195 3356 2250 scribit
3386 2194 3492 2260 eis,
3516 2194 3675 2265 quod

2025 2280 2256 2336 vincula
2285 2297 2406 2336 non
2438 2281 2839 2338 turbationem
2869 2284 3278 2351 conciliarent,
3337 2283 3440 2339 sed
3478 2283 3673 2355 potius

2025 2369 2304 2441 gaudium
2334 2372 2545 2426 afferre
2577 2371 2880 2436 deberent,
2916 2388 2983 2427 eo
3016 2372 3174 2444 quod
3211 2377 3455 2444 propter
3505 2372 3676 2429 Chri-

2026 2463 2182 2513 stum
2216 2460 2632 2515 tolerarentur.
2662 2460 2946 2534 Ohjurgat
2969 2468 3169 2517 autem
3201 2465 3261 2516 et
3286 2461 3539 2526 Iudaeos,
3571 2461 3673 2532 qui

2026 2546 2133 2602 sub
2165 2547 2599 2603 Christianismi
2632 2547 2765 2604 fuco
2790 2549 3280 2621 praedicationem
3329 2565 3677 2620 corrumpe-

2024 2635 2186 2691 bant.
2221 2638 2473 2709 Apparet
2499 2644 2697 2693 autem
2731 2655 2864 2693 cum
2896 2639 3122 2693 honore
3146 2637 3409 2692 scribere
3450 2636 3675 2706 Philip-

2023 2725 2307 2797 pensibus
2332 2742 2345 2792 ;
2380 2742 2518 2781 nam
2550 2725 2719 2797 probi
2753 2730 2923 2779 erant
2950 2741 3019 2780 ac
3039 2723 3239 2779 virtuti
3266 2723 3544 2779 dediti.ln
3565 2724 3675 2779 hac

2025 2816 2260 2870 civitate
2302 2820 2429 2870 erat
2483 2830 2883 2886 purpurarum
2940 2814 3255 2870 venditrix.
3317 2815 3437 2870 Hoc
3494 2814 3673 2870 etiam

2024 2901 2155 2956 loco
2184 2902 2684 2975 archisynagogus
2715 2902 2988 2958 credidit.
3040 2902 3143 2958 Hic
3192 2903 3533 2958 verberatus
3586 2907 3676 2958 est

2025 3005 2161 3044 cum
2192 2988 2311 3044 Sila
2342 2990 2558 3044 Paulus
2589 3006 2623 3046 a
2655 2990 3119 3063 magistratibus,
3153 2992 3253 3063 qui
3287 2992 3385 3046 ubi
3435 2996 3673 3063 raptum

2022 3076 2218 3149 ipsum
2244 3078 2676 3145 verberassent,
2704 3080 2945 3137 tandem
2963 3098 3095 3136 cum
3121 3080 3673 3151 excusationeipsos

2022 3167 2419 3223 absolverunt.
2472 3170 2576 3224 Hic
2607 3175 2804 3224 custos
2836 3170 3090 3225 carceris
3134 3176 3447 3242 postquam
3481 3168 3671 3224 credi-

252 3260 443 3326 δόνους
506 3266 639 3340 ὑπὲρ
700 3264 891 3334 αὐτῆς,
948 3265 1039 3319 καὶ
1097 3264 1232 3339 πρὸς
1293 3260 1541 3317 εὐποιίαν
1602 3257 1911 3332 ἐπιρῥεπῶς

2030 3256 2206 3311 iisset
2233 3274 2369 3312 cum
2395 3257 2622 3313 familia
2651 3274 2755 3313 sua
2787 3258 3114 3329 baptizatus
3145 3264 3253 3314 est.
3292 3260 3423 3314 Haec
3472 3259 3675 3313 omnia

251 3352 424 3433 ἔχειν.
477 3353 823 3410 Δι’ἆπσὶντα
878 3350 1087 3432 σφόδρα
1143 3352 1319 3430 φιλῶν
1376 3348 1574 3412 αὐτοὺς
1642 3347 1905 3426 φαίνεται.

2017 3345 2201 3400 refert
2230 3348 2510 3402 Actorum
2544 3346 2712 3402 liber.
2745 3349 3016 3403 Testatur
3034 3353 3242 3404 autem
3294 3348 3367 3403 de
3416 3348 3532 3403 ﬁde
3584 3348 3672 3419 ip-

257 3463 484 3511 sorum,
517 3452 574 3502 et
604 3445 886 3518 periculis
916 3462 1022 3518 pro
1055 3445 1184 3517 ipsa
1214 3443 1505 3515 susceptis
1549 3446 1609 3497 et
1639 3437 1798 3511 quod
1841 3435 1916 3492 ad
1962 3434 2414 3491 beneﬁcentiam
2467 3437 2743 3508 propensi
2797 3437 2951 3491 sint:
3000 3442 3241 3510 propter
3290 3455 3422 3509 qum
3472 3437 3673 3493 omnia

260 3536 492 3592 videtur
522 3536 682 3608 ipsos
713 3536 1096 3591 vehementer
1124 3549 1345 3590 amare.

442 3651 763 3707 ΚΕΦΛΛΙΑ
801 3651 946 3707 ΤΗΣ
991 3650 1168 3707 ΠΡΟΣ
1206 3647 1718 3705 ΦιΛιΠΙΙΗΣΙΟΥΣ

868 3721 1219 3778 ΕΠΙΣΤΟΛΙῘ
1232 3726 1292 3774 Σ.

256 3839 323 3896 α’.
384 3836 725 3913 Εὖχαριστία
804 3836 936 3911 ὑπὲρ
1023 3841 1124 3904 τῆς
1211 3832 1605 3902 Φιλιππησιων
1689 3831 1909 3904 ἀρετῆς,

329 3926 419 3980 καὶ
453 3928 589 4003 εὐχή
624 3926 984 3988 τελειώσεως.

263 4018 332 4091 β’.
394 4020 657 4094 Διήγησις
709 4021 809 4087 τῆς
893 4017 1087 4072 ἑαυτοῦ
1155 4012 1433 4093 διαγωγῆς
1523 4013 1908 4087 ἀγωνιστικῆς,

330 4106 421 4161 καὶ
452 4110 549 4173 τῆς
579 4107 907 4182 προθυμίας.

254 4200 323 4269 γ’.
394 4194 713 4267 Ηαραίνεσις
765 4203 866 4264 τῆς
923 4198 1060 4254 κατὰ
1115 4198 1243 4253 Θεὸν
1301 4192 1608 4265 πολιτείας,
1660 4191 1751 4246 καὶ
1805 4197 1907 4260 τῆς

331 4280 516 4335 ἐνθέου
547 4287 720 4350 ζωῆς.
1392 4344 1395 4347 .

256 4367 316 4428 δ’,
382 4369 515 4442 Περὶ
616 4371 894 4442 Τιμοθέου
966 4373 1058 4427 καὶ
1130 4370 1552 4450 Ἐπαφροδίτου,
1638 4368 1731 4434 οὕς
1805 4370 1907 4426 ἀπ-

327 4458 534 4515 έστειλε
563 4461 706 4533 πρὸς
738 4459 958 4524 αὐτοὺς.

253 4550 313 4607 ε’.
377 4549 506 4624 Περὶ
575 4555 945 4623 πνευματικοῦ
1002 4550 1128 4625 βίου
1181 4557 1279 4609 τοῦ
1339 4555 1414 4628 μὴ
1475 4554 1548 4615 ὡς
1604 4552 1657 4609 ἰν
1725 4551 1906 4627 σαρκὶ,

326 4636 386 4702 δς
410 4636 521 4694 ἐστι
557 4638 793 4712 μίμησις
831 4640 1064 4704 θανάτου
1091 4645 1348 4717 Χριστοῦ.

258 4734 320 4792 ς’.
355 4729 699 4802 Παραινὲσεις
726 4725 857 4783 ἴδιαι
889 4733 1051 4786 τινῶν
1078 4730 1168 4786 καὶ
1196 4732 1374 4787 κοιναὶ
1405 4733 1645 4788 πάντων.

580 5704 848 5762 PATMH.
894 5699 1004 5759 GR.
1052 5697 1307 5758 LXVIII.

2314 3644 2677 3700 EI’ISTOL/E
2708 3641 3376 3771 gfpggILlPPENSES

2024 3832 2126 3887 64
2160 3832 2182 3885 1
2242 3831 2559 3889 Gratiarum
2594 3833 2741 3886 actio
2764 3847 2871 3901 pro
2900 3830 3337 3899 Philippensium
3368 3830 3588 3895 virtute,
3620 3834 3671 3883 et

2096 3924 2273 3976 oratio
2298 3938 2403 3991 pro
2426 3922 2787 3990 perfectione.

2025 4015 2076 4067 2.
2113 4012 2370 4067 Narratio
2399 4024 2516 4066 suae
2573 4010 2631 4063 in
2690 4006 2986 4063 certamine
3033 4008 3452 4062 conversationis
3485 4022 3673 4078 prom-

2089 4103 2286 4171 ptique
2314 4101 2508 4153 animi.

2023 4193 2075 4245 3.
2108 4188 2445 4245 Exhortatio
2499 4187 2573 4242 ad
2626 4188 3086 4243 conversationem
3140 4185 3433 4240 secundum
3499 4186 3671 4241 Deum

2091 4278 2374 4348 vitamque
2402 4276 2671 4332 divinam.

2022 4370 2075 4424 4.
2109 4369 2185 4423 De
2242 4366 2517 4421 Timotheo
2572 4371 2624 4420 et
2690 4364 3090 4435 Epaphrodito,
3178 4378 3313 4432 quos
3390 4360 3541 4417 misit
3598 4360 3672 4415 ad

2093 4458 2238 4513 illos.

2020 4551 2075 4605 5.
2109 4551 2184 4605 De
2211 4546 2496 4618 spirituali
2550 4547 2668 4600 vita
2699 4560 2826 4615 qua:
2865 4560 2976 4599 non
3023 4543 3242 4612 degitur
3296 4549 3564 4611 tanquam
3610 4542 3670 4595 in

2094 4655 2280 4705 carne,
2315 4651 2444 4709 quae
2472 4642 2549 4692 est
2580 4635 2822 4690 imitatio
2852 4630 3045 4688 mortis
3085 4630 3312 4689 Christi.

1929 4705 1977 4770 D
2011 4733 2063 4785 6.
2097 4705 2348 4799 Propriae
2378 4727 2453 4782 ad
2498 4724 2766 4796 quosdam
2817 4722 3225 4777 exhortationes
3274 4728 3322 4776 et
3367 4736 3670 4777 communes

2082 4819 2155 4873 ad
2195 4832 2376 4873 omnes
2389 4856 2402 4871 .

3356 5679 3435 5738 40
