4096 6194
203 290 357 353 1261

1257 283 1675 347 ΟΟΜΜΕΝΤ.
1724 281 1800 342 IN
1845 280 2091 343 EPlS’l‘.
2124 282 2226 343 AD
2258 282 2547 345 PHILIP.

3468 279 3623 345 1262

198 422 302 490 τὴν
333 414 544 499 χρείαν.
582 439 611 470 ι(
643 413 937 485 Κοινωνίᾳ.
975 438 995 467 ι
1021 411 1159 485 Ποίᾳ
1186 430 1201 482 ;
1235 415 1319 487 Τῇ
1351 411 1459 468 ἀπὸ
1485 408 1859 487 πρώτηςὴμὲ-

1988 413 2119 470 mihi
2155 429 2392 487 semper
2423 415 2766 486 praesentes,
2791 410 3002 481 inquit,
3038 410 3348 467 mittentes
3364 429 3495 487 quae
3527 431 3627 471 ne-

199 529 296 585 ρας
371 507 420 579 ἐξ
472 508 540 576 ἧς
596 504 960 575 ἐπιστεύσατε,
1063 502 1254 583 φησὶν,
1359 499 1492 578 ἄχρι
1585 505 1684 558 τοῦ
1742 505 1860 557 vim.

201 622 228 651 (ι
294 598 420 655 Ἐπὶ
480 602 550 675 τῇ
609 599 706 660 ιῗςο
762 595 826 651 τὸ
886 591 1226 668 Εὐαγγέλιον
1280 592 1538 664 κοινωνίᾳ
1598 593 1771 664 ὑμῶν.
1837 614 1858 642 ι

202 721 269 732 -—
303 689 520 765 [ΦΩΤ.]
560 689 639 746 Τὸ
673 684 752 757 δὲ,
782 682 923 740 Ἀπὸ
962 684 1188 759 πρώτης
1241 680 1475 756 ἡμέρας,
1507 681 1567 752 ἢ,
1599 684 1725 738 ’Ότι
1757 679 1863 735 ἀπὸ

207 776 438 853 πρώτης
468 775 680 849 ἡμέρας
726 773 814 852 ἀφ’
864 770 927 827 οὗ
976 770 1323 827 ἐπιστεύσατε
1381 767 1546 844 μέχρι
1599 772 1696 824 τοῦ
1750 771 1862 837 νῦν,

207 865 520 941 εὐχαριστῶ
575 867 655 937 τῷ
714 866 831 934 Θεῷ
868 881 995 935 μου,
1056 860 1186 932 ὑπὲρ
1243 859 1457 916 πάντων
1510 856 1687 929 ὑμῶν,
1730 856 1867 929 μετὰ

210 959 387 1031 χαρᾶς
415 954 516 1023 τὴν
545 949 726 1024 δέησιν
760 950 1119 1024 ποιούμενος
1152 946 1213 1019 ἤ,
1247 948 1368 1006 Ἐπὶ
1390 950 1459 1020 τῇ
1489 947 1565 1008 εἰς
1592 946 1655 1000 τὸ
1688 945 1864 1022 Εὐαγ-

203 1043 394 1120 γέλιον
424 1040 682 1114 κοινωνίᾳ
723 1041 899 1116 ὑμῶν,
948 1043 1016 1114 τῇ
1076 1038 1181 1095 ἀπὸ
1238 1037 1463 1112 πρώτης
1500 1034 1708 1109 ἡμέρας
1768 1038 1869 1109 μέ-

205 1151 303 1209 χρι
335 1136 432 1188 τοῦ
459 1135 552 1187 νῦν
585 1127 995 1202 διακονουμένῃ.
1029 1132 1220 1186 "Bonis
1249 1123 1308 1181 δὲ
1345 1125 1408 1181 τὸ
1466 1123 1658 1205 ἐφεξῆς
1719 1122 1866 1197 μᾶλα

203 1220 393 1296 λοντῇ
424 1216 663 1296 προτέρᾳ
696 1215 909 1293 ἒχδοχῇ
939 1221 1273 1293 συμφωνεῖν.
1306 1218 1429 1278 Πῶς
1462 1214 1565 1291 γὰρ
1624 1213 1717 1268 ἀπ’
1767 1212 1864 1288 ἀρ-

203 1318 316 1388 χῆς
349 1309 729 1389 ηὐχαρίστεις,
765 1310 936 1380 μήπω
970 1301 1363 1383 βεϐαιωθέντας
1414 1302 1504 1360 ἰπὶ
1561 1307 1631 1377 τῇ
1666 1323 1864 1361 κοινω-

198 1400 293 1473 νίᾳ
324 1397 453 1455 ίδών
490 1417 505 1468 ;
540 1397 847 1469 Πεποιθὼς,
880 1396 1065 1473 φησὶν,
1126 1394 1210 1449 ὅτι
1272 1394 1300 1448 6
1352 1393 1609 1464 τοιαύτην
1661 1392 1865 1465 πρόθυ-

208 1512 313 1565 μον
344 1490 435 1547 καὶ
467 1489 673 1565 Θέρμης
704 1489 982 1565 γέμουσαν
1025 1484 1205 1561 ἀρχὴν
1239 1482 1430 1551 ἐνθεὶς,
1475 1481 1633 1542 αὐτὸς
1663 1480 1755 1537 καὶ
1787 1480 1863 1545 εἷς

199 1578 525 1649 τελειότητα
555 1571 717 1652 ἔργου
747 1573 948 1646 ταύτην
980 1571 1314 1650 προαγάγοι.

1972 501 2233 559 cessaria
2263 507 2452 559 erant.
2484 526 2503 547 ι
2531 497 3163 556 Communicationem.
3189 518 3218 547 ››
3240 499 3419 564 Quam
3440 500 3469 555 εἲ
3489 502 3626 567 Quae

1974 591 2104 657 fuit,
2138 590 2351 664 inquit,
2383 607 2418 646 a
2455 588 2647 663 primo
2678 588 2773 644 die
2803 605 2919 661 quo
2950 587 3289 645 credidistis
3321 605 3508 659 usque
3552 590 3626 647 ad

1975 680 2087 736 hoc
2119 685 2370 752 tempus.
2404 701 2431 727 «ι
2475 679 2558 735 0b
2616 683 2869 735 vestram
2919 677 3521 735 communicationem
3551 679 3625 735 ad

1977 770 2377 843 Evangelium.
2429 794 2452 822 ι
2503 769 2667 835 Quod
2697 773 2895 824 autem
2936 768 3020 823 ait
3066 784 3100 824 a
3136 768 3328 840 primo
3379 768 3494 835 die,
3526 773 3629 825 aut

1978 875 2189 915 sensus
2220 865 2308 915 est
2340 857 2499 932 quod
2521 876 2554 913 a
2586 859 2776 933 primo
2800 858 2894 914 die
2927 874 3042 929 quo
3069 856 3408 914 credidistis
3434 874 3624 930 usque

1977 948 2049 1007 ad
2079 948 2190 1005 hoc
2244 954 2479 1021 tempus
2535 949 2755 1023 gratias
2812 964 2939 1022 ago,
2991 963 3096 1020 pro
3128 947 3406 1005 omnibus
3461 947 3624 1004 vobis

1976 1056 2109 1095 cum
2139 1039 2351 1113 gaudio
2386 1040 2792 1113 procationem
2824 1039 3049 1095 faciens
3074 1055 3087 1092 :
3120 1044 3241 1106 aut,
3266 1039 3340 1094 ob
3369 1044 3627 1096 vestram

1976 1129 2579 1187 communicationem
2619 1129 2691 1184 ad
2724 1128 3105 1202 Evangelium
3136 1144 3267 1199 qua:
3301 1128 3628 1185 subminis-

1975 1221 2165 1274 tratur
2195 1235 2229 1274 a
2259 1219 2450 1291 primo
2491 1217 2586 1275 die
2616 1234 2804 1290 usque
2835 1216 2910 1273 ad
2939 1217 3051 1273 hoc
3098 1222 3354 1288 tempus.
3390 1217 3632 1273 Videtur

1973 1310 2174 1362 autem
2222 1305 2281 1361 id
2339 1306 2498 1377 quod
2544 1307 2816 1379 sequitur
2871 1306 3057 1379 magis
3114 1322 3441 1363 consonum
3501 1323 3632 1363 esse

1973 1395 2159 1466 priori
2192 1394 2571 1468 expositioni.
2606 1396 2751 1451 Nam
2783 1394 3082 1467 quomodo
3115 1411 3150 1452 a
3177 1395 3468 1468 principio
3499 1411 3631 1469 gra-

1975 1484 2088 1541 tias
2118 1484 2353 1558 agebas,
2385 1484 2653 1542 nondum
2685 1485 3067 1542 confirmatos
3119 1484 3194 1541 ob
3228 1485 3631 1543 communica~

1977 1573 2201 1631 tionem
2234 1576 2533 1632 intuitus?
2587 1574 2926 1643 Conﬁdens,
2977 1574 3192 1647 inquit,
3237 1576 3398 1647 quod
3444 1575 3495 1631 is
3524 1576 3627 1647 qui

202 1665 390 1724 talem
421 1666 606 1723 animi
636 1662 1173 1738 promptitudinem
1202 1662 1298 1718 61
1330 1676 1399 1718 ac
1428 1657 1670 1716 initium
1698 1656 1927 1715 fervore
1954 1659 2201 1732 plenum
2234 1662 2553 1732 indiderat,
2587 1661 2714 1735 ipse
2744 1678 2981 1735 quoque
3011 1662 3124 1718 hoc
3153 1660 3228 1717 ad
3258 1663 3454 1736 operis
3490 1680 3623 1735 per-

201 1756 530 1813 fectionem
561 1753 956 1827 perducturus
984 1756 1160 1808 esset.

283 1845 569 1906 Ηεποιθὼς
602 1839 660 1897 δὲ
686 1839 819 1896 αὐτὸ
843 1843 1032 1911 τοῦτο,
1063 1838 1147 1893 ὅτι
1178 1838 1205 1893 6
1231 1835 1589 1912 ἐναρξάμενος
1647 1834 1698 1892 έν
1734 1836 1860 1910 ὑμῖν
1891 1840 1939 1905 Β

207 1930 368 2011 ἔργον
399 1930 601 2006 ἀγαθὸν
632 1927 929 1985 ἐπιτελέσει
958 1925 1124 2003 ἄχρις
1155 1926 1365 2000 ἡμέρας
1391 1926 1571 1996 Ἰησοῦ
1605 1927 1866 2000 Χριστοῦ,

207 2022 390 2082 καθώς
427 2018 541 2074 ἐστι
574 2015 781 2074 δίκαιον
814 2015 941 2092 ἐμοὶ
970 2020 1131 2072 τοῦτο
1174 2020 1388 2090 φρονεῖν
1460 2013 1591 2089 ὑπερ
1652 2013 1868 2069 πάντων

212 2111 368 2185 ὑμῶν
400 2107 490 2165 διὰ
519 2110 583 2163 16
610 2105 761 2187 ἔχειν
796 2127 865 2180 με
894 2104 949 2162 ἐν
974 2109 1043 2179 τῇ
1069 2101 1265 2178 καρδίᾳ
1325 2103 1487 2178 ὑμᾶς,
1545 2096 1598 2158 ἕν
1638 2122 1697 2159 τε
1752 2106 1869 2165 τοῖς

213 2199 439 2274 δεσμοῖς
473 2220 601 2273 μου,
631 2198 723 2254 καὶ
753 2195 805 2253 ἐν
832 2200 902 2271 τῇ
932 2194 1214 2271 ἀπολογίᾳ
1268 2193 1360 2250 καὶ
1430 2188 1718 2270 βεϐαιώσει
1771 2195 1870 2248 τοῦ

211 2285 1007 2367 Εὖαγγελίου,συγκοινωνούς
1057 2305 1164 2359 μου
1217 2290 1320 2353 τῆς
1380 2281 1608 2358 χάριτος
1666 2280 1869 2342 πάντας

212 2378 354 2455 ὑμᾶς
389 2372 566 2441 ὄντας.

290 2466 620 2542 Εὖχαριστῶ
652 2461 710 2520 δὶ
737 2464 816 2536 τῷ
846 2467 963 2535 Θεῷ
998 2461 1086 2518 ἐπὶ
1140 2464 1211 2535 τῇ
1270 2460 1534 2533 κοινωνίᾳ
1564 2459 1740 2534 ὑμῶν,
1773 2479 1868 2514 πε-

223 2555 432 2616 ποιθὼς
496 2556 680 2624 τοῦτο,
741 2552 824 2609 δτι
884 2553 912 2608 6
970 2550 1328 2625 ἐναρξάμενος
1386 2548 1438 2605 ἐν
1511 2549 1639 2624 ὑμῖν
1719 2545 1871 2624 ἔργον

217 2643 422 2717 ἀγαθὸν
467 2647 661 2709 ποιεῖν,
717 2644 879 2697 τοῦτο
938 2639 1028 2696 καὶ
1087 2636 1387 2695 ἰπιτελέσει
1441 2636 1533 2692 καὶ
1587 2633 1871 2711 πληρώσει

221 2731 355 2809 ἄχρι
397 2737 497 2801 τῆς
552 2727 883 2792 συντελείας.
937 2730 1075 2804 Ὃρα
1133 2724 1190 2784 δὲ
1238 2731 1356 2789 πῶς
1405 2726 1582 2782 πάντα
1639 2724 1727 2780 ἐπὶ
1776 2725 1869 2780 τὸν

217 2822 349 2877 Θεὸν
405 2820 692 2892 ἀνέθηκεν,
746 2817 839 2874 ’ίνα
900 2819 975 2893 μὴ
1034 2820 1271 2896 φρονῶσι
1335 2815 1471 2893 μέγα
1503 2859 1517 2883 ,
1578 2817 1731 2889 ὅμως
1784 2815 1873 2869 καὶ

224 2909 399 2974 οὕτως
430 2910 709 2989 ἐγκώμιον
743 2908 885 2985 μέγα
915 2910 977 2964 τὸ
1007 2906 1155 2970 ὅλως
1206 2908 1427 2986 ἰσχῦσαι
1485 2904 1873 2960 ἐπισπάσασθαι

212 3001 304 3056 τὸν
357 3000 489 3056 Θεὸν
555 2998 634 3063 εἴς
687 2998 752 3054 16
812 2997 1047 3071 ἐνεργεῖν
1103 2994 1182 3056 εἷς
1265 2993 1485 3054 αὐτούς.
1540 2994 1715 3047 Τοῦτο
1771 2989 1874 3064 γὰρ

219 3088 344 3145 ἄνευ
407 3088 668 3161 μεγίστης
724 3084 922 3159 ἀρετῆς
982 3083 1083 3139 οὐκ
1134 3079 1196 3136 ἂν
1274 3079 1509 3157 ἆγένετο.
1572 3103 1593 3131 ι
1673 3079 1875 3154 Ἀχρις

216 3177 427 3253 ἡμέρας
470 3178 651 3247 Ἰησοῦ
676 3176 929 3249 Χριστοῦ.
976 3196 1003 3224 ››
1036 3171 1113 3231 Οὐ
1169 3171 1294 3247 περὶ
1352 3171 1506 3244 ὑμῶν
1556 3172 1685 3246 γὰρ,
1715 3169 1871 3249 φησὶ,

224 3266 391 3342 μόνον
430 3261 811 3341 θαρῥῶ,ἁλλα
839 3263 929 3317 καὶ
960 3262 1083 3336 περὶ
1115 3265 1222 3317 τῶν
1266 3259 1316 3333 ἐξ
1380 3262 1553 3333 ὑμῶν.
1591 3283 1620 3313 α
1675 3259 1868 3322 Καθώς

219 3354 331 3411 ἐστι
365 3350 597 3408 δίκαιον.
633 3375 662 3402 ››
713 3349 1005 3411 ΙΙεποιΘὼς
1062 3348 1192 3403 αὐτὸ
1221 3352 1407 3415 τοῦτο,
1436 3347 1620 3421 καθώς
1648 3344 1763 3402 ἐστι
1793 3343 1870 3400 δί-

221 3465 397 3512 καιον,
473 3442 768 3511 τουτέστιν,
830 3435 1018 3509 ἐπειδὴ
1077 3436 1282 3494 δίκαιόν
1368 3436 1509 3493 ἰστιν
1595 3435 1719 3509 ἐμοὶ
1796 3440 1876 3507 τῷ

220 3529 467 3609 ἀκριϐῶς
523 3528 689 3587 εἰδότι
741 3530 809 3585 τὰ
862 3529 981 3594 καθ’
1040 3530 1210 3602 ἡμᾶς,
1261 3531 1425 3583 τοῦτο
1467 3530 1683 3605 φρονεῖν
1742 3524 1877 3597 ὑπὲρ

226 3626 443 3699 πάντων
476 3624 650 3699 ὑμῶν.
698 3627 914 3690 Iloiov;
970 3623 1093 3679 ’Ότι
1147 3619 1176 3674 6
1233 3617 1589 3694 ἐναρξάμενος
1646 3614 1696 3671 έν
1750 3616 1878 3689 ὑμῖν

231 3711 389 3791 ἔργον
419 3713 641 3790 ἀγαθὸν,
683 3710 985 3767 ἑπιτελέσει
1045 3708 1175 3764 αὐτὸ
1236 3705 1397 3785 ἄχρις
1454 3707 1665 3782 ἡμέρας
1697 3707 1880 3775 Ἰησοῦ

230 3807 501 3880 Χριστοῦ.
566 3826 592 3854 τι
651 3805 827 3857 Τοῦτο
889 3803 1105 3877 φρονεῖν
1175 3797 1307 3871 ὑπὲρ
1370 3794 1585 3852 πάντων
1641 3796 1816 3869 ὑμῶν.
1851 3818 1879 3848 ››

229 3879 431 3968 Φρονεῖ
487 3892 588 3969 γὰρ
646 3891 739 3946 καὶ
806 3887 1084 3965 λογίζεται
1141 3885 1313 3964 ἀγαθὰ
1360 3886 1450 3941 καὶ
1513 3882 1728 3963 μεγάλα
1795 3879 1879 3939 δι·

229 3978 401 4036 ανῦειν
430 3979 556 4042 τοὺς
590 3978 860 4052 μαθητὰς,
893 3979 920 4032 6
966 3974 1215 4055 μεγάλην
1278 3971 1518 4043 σπουδήν
1548 3974 1635 4029 καὶ
1693 3971 1879 4044 ἐπιμέ-

233 4069 383 4127 λειαν
441 4068 517 4133 εἷς
576 4068 775 4130 αὐτοὺς
829 4060 1279 4137 καταϐεϐληκώς.
1339 4066 1411 4119 Ἥ
1495 4062 1700 4120 δίκαιον
1760 4060 1884 4135 ἐμοὶ

234 4162 396 4214 τοῦτο
429 4156 774 4234 λογίψεσθαι,
826 4160 906 4229 τῷ
960 4146 1217 4224 τοιαύτην
1286 4148 1471 4229 ἔχοντι
1504 4149 1740 4216 διάθεσιν
1766 4148 1885 4224 περῖ

243 4246 403 4319 ὑμᾶς,
437 4244 574 4299 ὥστε
609 4240 750 4316 μηῗὶ
781 4243 831 4297 ἐν
859 4248 976 4302 τοῖς
1008 4239 1231 4313 δεσμοῖς
1276 4262 1381 4314 μου
1439 4237 1887 4301 ἐπιλανθάνεσθαι

242 4334 421 4408 ὑμῶν,
474 4330 603 4387 ἆλΛ’
662 4327 984 4405 ἐγκαρδίους
1042 4329 1121 4384 ἀεὶ
1198 4326 1524 4405 περιφέρειν.
1587 4326 1655 4383 Τί
1710 4324 1770 4380 δὲ
1825 4326 1888 4381 τὸ

242 4421 416 4480 α’ίτιον
444 4422 506 4477 τὸ
530 4416 844 4498 ἐγκαρδίους
886 4415 1085 4480 αὐτοὺς
1140 4416 1230 4472 καὶ
1261 4412 1659 4487 ἆνεπιλτίστους
1691 4411 1837 4470 ἔχειν
1873 4434 1889 4486 ς

238 4515 359 4570 Ὅτι
411 4507 774 4589 συγκοινωνοί
836 4528 963 4582 μου,
1023 4503 1179 4585 φησὶ,
1237 4511 1338 4575 τῆς
1379 4502 1605 4585 χάριτός
1638 4502 1791 4558 εἰσιν·

238 4610 340 4674 τῆς
401 4599 489 4659 διὰ
546 4600 778 4663 πίστεως
835 4594 1348 4672 ἐπιχορηγουμένης
1416 4594 1600 4657 αὐτοῖς
1648 4615 1889 4668 πνευμα·

238 4698 399 4761 τικῆς
465 4688 689 4765 δωρεᾶς,
774 4686 1021 4751 ποκίλως
1076 4684 1264 4749 αὐτοῖς
1321 4680 1706 4761 ἐνεργουμένης
1743 4683 1884 4742 τότε.

237 4780 308 4832 ’Ἢ
341 4777 532 4842 ἁπλῶς
560 4778 814 4853 χάριτος,
841 4782 939 4845 τῆς
984 4772 1072 4831 διὰ
1126 4778 1225 4829 τοῦ
1283 4771 1656 4848 βαπτίσματος
1690 4771 1888 4849 παλιγ-

238 4864 477 4941 γενεσίας
509 4861 599 4918 καὶ
630 4862 920 4925 υἱοθεσίας.
948 4863 1020 4919 Ἤ
1075 4861 1127 4917 ἐν
1182 4864 1251 4935 τῇ
1289 4858 1487 4934 καρδίᾳ
1516 4862 1668 4916 εἶπον
1722 4855 1889 4937 ἔχειν,

242 4949 643 5028 συγκοινωνούς
677 4971 782 5024 μου
817 4947 973 5012 ὄντας
1004 4950 1143 5020 ὑμᾶς
1176 4946 1227 5001 ἐν
1266 4969 1324 5004 1s
1355 4952 1469 5011 τοῖς
1502 4945 1724 5021 δεσμοῖς
1784 4970 1890 5023 μου

238 5042 329 5098 καὶ
360 5038 414 5096 ἐν
446 5045 517 5115 τῇ
546 5038 823 5113 ἀπολογίᾳ
852 5036 941 5092 καὶ
981 5031 1291 5112 βεϐαιώσει,
1351 5037 1423 5092 Τὸ
1482 5033 1539 5091 δὶ
1592 5043 1693 5105 τῆς
1727 5039 1892 5112 χάρι-

240 5152 358 5200 τος,
388 5130 506 5186 ἀντὶ
546 5134 667 5198 τοῦ,
707 5125 797 5183 διὰ
841 5133 941 5197 τῆς
996 5125 1251 5200 ’χάριτος-
1284 5126 1448 5181 Ἀνευ
1486 5125 1586 5201 γὰρ
1622 5125 1763 5190 Οείας
1794 5125 1890 5205 χαί·

247 5240 422 5295 ριτος,
454 5214 630 5280 οὐδεὶς
660 5217 898 5291 ἀξιοῦται
930 5222 1030 5285 τῆς
1060 5212 1319 5285 τοιαῦτης
1348 5212 1651 5276 κοινωνίας.

324 5308 473 5362 cmi:
499 5306 561 5362 τὸ
584 5300 731 5382 ἔχειν
762 5326 829 5379 με
861 5303 1021 5378 ὑμᾶς.
1083 5327 1111 5355 ››
1173 5301 1309 5360 Eine
1362 5302 1463 5371 τὴν
1518 5301 1714 5374 αἰτίαν,
1772 5311 1893 5370 καθ’

244 5398 310 5467 ἦν
341 5393 549 5452 δίκαιον
579 5394 646 5464 ἦν
678 5393 825 5467 αὖτῷ
854 5395 1015 5448 τοῦτο
1089 5397 1283 5467 ρονεῖν,
1319 5390 1402 5445 ὅτι
1452 5390 1480 5445 6
1540 5390 1891 5467 ἐναρξάμενος

244 5486 375 5550 Θεὸς
406 5483 497 5540 καὶ
524 5482 835 5559 πληρώσει,
867 5478 955 5537 διὰ
984 5480 1045 5535 τὸ
1075 5475 1222 5555 ἔχειν
1250 5500 1337 5552 με,
1371 5480 1554 5556 φησὶν,
1663 5485 1729 5556 τῇ
1762 5503 1892 5555 δικρ-

243 5575 334 5649 δίᾳ
365 5577 524 5652 ὑμᾶς.
560 5600 587 5628 ‹‹
638 5576 728 5631 Ἐν
776 5577 858 5646 τῷ
914 5568 1111 5647 καρδίᾳ
1171 5571 1332 5643 ὑμᾶς.
1376 5593 1404 5623 ››
1464 5576 1533 5626 Ὦ
1592 5571 1891 5649 έγκημεον,

2038 1840 2083 1909 Ι,
2124 1841 2179 1907 6,
2214 1844 2265 1895 7.
2301 1842 2584 1910 Conﬁdens
2612 1842 2711 1899 hoc
2742 1844 2920 1912 ipsum
2962 1842 3111 1912 quod
3158 1840 3204 1898 is
3243 1844 3341 1913 qui
3369 1840 3532 1912 ccepit
3562 1844 3621 1897 in

1975 1928 2129 1985 vobis
2170 1946 2305 2001 opus
2364 1930 2588 1999 bonum,
2639 1932 2890 2002 perﬁciet
2945 1946 3115 2001 usque
3169 1932 3242 1985 ad
3297 1932 3440 1986 diem
3496 1933 3626 1986 Iesu

1978 2018 2224 2074 Christi:
2253 2021 2395 2076 sicut
2447 2034 2671 2093 aequum
2726 2026 2805 2077 est
2835 2021 2972 2075 mihi
3025 2026 3086 2075 ut
3142 2020 3243 2075 hoc
3287 2022 3522 2077 sentiam
3559 2022 3626 2075 de

1977 2108 2227 2164 omnibus
2256 2110 2440 2165 vobis:
2478 2116 2776 2182 prapterea
2809 2110 2958 2181 quod
3007 2110 3237 2164 habeam
3265 2126 3355 2164 vos
3385 2108 3630 2179 inperite

1976 2203 2027 2251 et
2057 2199 2115 2253 in
2148 2200 2381 2257 vinculis
2410 2201 2561 2270 meis,
2605 2207 2655 2256 et
2685 2198 2745 2255 in
2771 2198 3085 2269 defensione
3132 2203 3181 2254 et
3212 2199 3633 2267 conﬁrmatione

1976 2287 2268 2358 Evangelii
2288 2306 2308 2342 :
2337 2305 2460 2345 cum
2486 2290 2608 2345 sitis
2637 2304 2818 2345 omnes
2847 2287 2982 2342 mihi
3010 2293 3281 2343 consortes
3309 2284 3527 2356 gratiae.

2050 2467 2279 2523 Gratias
2311 2471 2510 2523 autem
2540 2483 2648 2539 ago
2678 2468 2797 2523 Deo
2829 2463 2903 2522 ob
2943 2471 3197 2521 vestram
3229 2465 3636 2522 communica-

1980 2555 2226 2620 tionem,
2248 2556 2362 2611 hoc
2392 2556 2703 2613 confidens
2730 2554 2889 2627 quod
2923 2555 2974 2610 is
3004 2555 3105 2625 qui
3135 2553 3311 2623 coepit
3347 2552 3541 2608 facere
3572 2551 3635 2604 in

1980 2644 2145 2701 vobis
2173 2645 2396 2703 bonum
2428 2662 2598 2717 opus,
2633 2644 2811 2700 etiam
2843 2644 2953 2698 hoc
2985 2642 3255 2713 perficiet
3283 2644 3341 2694 et
3381 2639 3637 2711 comple-

1981 2733 2069 2789 bit
2089 2751 2278 2806 usque
2297 2732 2371 2788 ad
2393 2732 2907 2790 consummatione
2918 2727 3422 2785 m.Animadverte
3435 2734 3635 2784 autem

1983 2821 2281 2891 quomodo
2313 2821 2515 2877 omnia
2543 2821 2617 2876 ad
2648 2821 2834 2877 Deum
2873 2817 3225 2875 retuleritne
3270 2817 3478 2873 cristas
3510 2818 3633 2873 eri-

1981 2915 2143 2982 gant.
2176 2911 2522 2980 Quanquam
2555 2910 2736 2966 etiam
2776 2911 2888 2965 hoc
2932 2908 3107 2965 modo
3149 2925 3361 2981 magna
3390 2908 3516 2965 laus
3548 2914 3637 2966 est

1984 2998 2145 3068 quod
2173 2998 2417 3054 omnino
2448 3000 2629 3055 Deum
2662 2998 2967 3070 potuerint
2986 2999 3304 3065 attrahere,
3338 3003 3404 3052 ut
3433 2997 3518 3053 eis
3550 3014 3636 3053 es~

1984 3093 2075 3143 set
2104 3087 2346 3144 auxilio.
2380 3090 2524 3145 Nam
2574 3089 2687 3144 hoc
2732 3087 2862 3144 sine
2908 3104 3120 3160 magna
3166 3087 3379 3142 virtute
3410 3104 3633 3159 nequa-

1912 3198 1955 3265 ρ
1985 3194 2166 3248 quam
2189 3182 2364 3234 esset.
2402 3199 2431 3229 α
2465 3179 2658 3250 Usque
2701 3178 2775 3235 ad
2804 3178 2965 3235 diem
3003 3179 3140 3233 .lesu
3170 3177 3407 3242 Christi,
3442 3199 3471 3227 »
3512 3179 3639 3233 Non

1986 3267 2145 3324 enim
2168 3267 2239 3321 de
2271 3267 2454 3335 vobis,
2482 3268 2698 3339 inquit,
2719 3267 2860 3324 solis
2881 3267 3139 3335 confido,
3158 3267 3544 3323 verumetiam
3568 3266 3639 3322 de

1982 3354 2055 3410 iis
2068 3356 2169 3427 qui
2192 3354 2401 3411 avobis
2417 3354 2803 3412 descendent.
2836 3377 2859 3408 ιι
2882 3356 3044 3411 Sicut
3060 3371 3298 3427 aequum
3318 3360 3427 3411 est.
3453 3376 3480 3404 ››
3499 3356 3644 3410 Con-

1984 3445 2178 3501 ﬁdens
2201 3446 2314 3502 hoc
2334 3446 2552 3517 ipsum.
2576 3446 2731 3502 sicut
2751 3462 2985 3517 aequum
3010 3451 3131 3502 est:
3157 3446 3270 3502 hoc
3290 3451 3411 3502 est:
3442 3447 3639 3512 Quan-

1985 3534 2304 3605 doquidem
2350 3552 2584 3606 aequum
2635 3541 2743 3599 est,
2793 3542 2858 3590 ut
2886 3552 2991 3608 ego
3040 3536 3141 3606 qui
3191 3540 3394 3592 exacte
3436 3536 3640 3591 omnia

1983 3624 2118 3679 novi
2160 3641 2292 3695 quin
2322 3624 2478 3696 apud
2509 3641 2608 3680 vos
2636 3630 2795 3694 sunt,
2826 3625 2938 3681 hoc
2965 3625 3217 3680 sentiam
3246 3624 3318 3680 de
3359 3623 3636 3678 omnibus

1983 3712 2171 3769 vobis.
2203 3712 2496 3779 Quidnam
2518 3714 2546 3769 ’ἲ
2575 3714 2740 3779 Quod
2770 3714 2822 3770 is
2853 3714 2954 3784 qui
2985 3713 3160 3784 cmpit
3188 3713 3252 3767 in
3282 3711 3448 3767 vobis
3487 3727 3635 3782 opus

1986 3802 2230 3865 bonum.
2259 3803 2738 3874 perficietipsum
2756 3818 2944 3873 usque
2962 3801 3038 3856 ad
3059 3801 3215 3855 diem
3235 3802 3373 3855 Jesu
3395 3799 3632 3855 Christi.

1992 3913 2016 3943 α
2045 3892 2116 3948 Ut
2138 3891 2249 3946 hoc
2278 3892 2532 3946 sentiam
2563 3890 2635 3946 de
2660 3890 2937 3944 omnibus
2968 3888 3149 3944 vobis.
3182 3910 3210 3938 »
3245 3888 3434 3944 Sentit
3476 3887 3637 3944 enim

1990 3996 2057 4037 ac
2085 3980 2408 4035 arbitratur
2432 3978 2588 4033 bona
2617 3983 2673 4032 et
2714 3993 2926 4050 magna
2968 3977 3253 4049 perlicere
3293 3976 3640 4048 discipulos,

1992 4069 2093 4138 qui
2127 4083 2405 4140 magnum
2439 4065 2701 4123 studium
2747 4072 2804 4121 et
2848 4083 3052 4123 curam
3082 4083 3220 4139 erga
3266 4084 3368 4122 eos
3392 4065 3643 4122 remisit.

1993 4159 2110 4211 Aut
2138 4171 2377 4226 mquum
2408 4161 2500 4210 est
2527 4156 2675 4211 mihi
2726 4156 2838 4212 hoc
2875 4155 3150 4213 arbitrari
3181 4156 3282 4227 qui
3333 4155 3516 4211 talem
3542 4154 3652 4209 ha-

1995 4243 2166 4299 beam
2200 4260 2338 4315 erga
2366 4262 2468 4300 vos
2488 4246 2790 4311 affectum,
2823 4251 2890 4299 ut
2919 4262 3111 4315 neque
3145 4245 3206 4298 in
3230 4243 3482 4299 vinculis
3502 4241 3653 4297 meis

1994 4333 2170 4389 vestri
2202 4332 2533 4402 obliviscar=
2568 4334 2672 4390 sed
2721 4335 2920 4391 animo
2970 4334 3213 4390 intimos
3261 4349 3499 4405 semper
3527 4331 3652 4388 cir-

1997 4424 2345 4481 cumferam.
2379 4425 2517 4491 Quae
2549 4430 2639 4480 est
2668 4430 2866 4481 autem
2891 4442 3073 4481 causa
3097 4423 3255 4496 quod
3280 4422 3479 4479 animo
3512 4420 3651 4476 inti-

1995 4528 2126 4569 mos
2156 4518 2215 4569 et
2233 4528 2611 4586 nequaquam
2641 4513 2921 4569 oblivioni
2950 4513 3197 4570 traditos
3223 4512 3437 4568 habeat
3455 4511 3483 4564 εἶ
3503 4509 3646 4575 Quia

2002 4606 2159 4667 sunt,
2189 4601 2357 4670 mihi,
2392 4602 2609 4674 inquit,
2642 4619 2762 4659 una
2792 4608 3099 4659 consortes
3115 4602 3316 4675 gratias
3344 4617 3357 4655 :
3383 4603 3485 4655 aut
3504 4614 3646 4670 sup-

1998 4691 2259 4763 peditato
2290 4691 2435 4763 ipsis
2467 4708 2572 4764 per
2600 4690 2776 4748 ﬁdem
2801 4691 3095 4763 spirituali
3118 4690 3296 4757 dono,
3319 4686 3478 4761 quod
3500 4691 3642 4742 tunc

1998 4781 2157 4837 vario
2190 4780 2366 4837 modo
2394 4781 2509 4835 vim
2541 4782 2600 4835 in
2632 4781 2777 4851 ipsis
2803 4779 3131 4835 exercebat.
3159 4784 3271 4834 Aut
3292 4776 3644 4849 simpliciter

1997 4869 2185 4941 gratia
2230 4885 2336 4939 per
2362 4868 2638 4941 baptismi
2692 4869 3204 4940 regenerationem
3257 4873 3316 4923 et
3364 4866 3644 4938 adoptio-

2001 4974 2137 5012 nem
2170 4957 2626 5013 communicata.
2679 4960 2796 5012 Aut
2844 4957 2985 5022 dixi,
3029 4957 3241 5028 inquit,
3291 4973 3386 5012 me
3435 4971 3534 5010 vos
3587 4954 3649 5009 in

2001 5046 2177 5102 corde
2204 5046 2446 5115 habere,
2477 5046 2635 5117 quod
2675 5064 2774 5102 vos
2822 5063 2942 5102 una
2969 5045 3116 5101 mihi
3169 5050 3474 5101 consortes
3523 5044 3653 5099 sitis

2003 5136 2064 5189 in
2090 5133 2344 5190 vinculis
2365 5135 2515 5190 meis
2543 5140 2603 5190 et
2621 5135 2681 5190 in
2714 5134 3059 5191 defensione
3079 5151 3143 5191 ac
3176 5134 3652 5191 conﬁrmatione.

2004 5223 2214 5280 Gratia:
2246 5241 2404 5291 vero,
2426 5222 2485 5279 id
2512 5228 2621 5291 est,
2654 5240 2761 5296 per
2804 5224 3052 5297 gratiam
3102 5225 3245 5279 Nam
3301 5225 3428 5280 sine
3460 5220 3655 5276 divina

2003 5311 2190 5385 gratia
2222 5311 2419 5366 nullus
2450 5311 2661 5385 dignus
2694 5312 2943 5367 habetur
2974 5313 3315 5386 lmjusmodi
3335 5305 3652 5366 consortio.

2005 5401 2106 5456 ὃὸ
2139 5423 2163 5447 ‹‹
2202 5401 2515 5470 Propterea
2546 5401 2702 5471 quod
2735 5400 2983 5457 habeam
3021 5418 3139 5455 vos.
3178 5425 3198 5453 ι
3228 5401 3474 5455 Causam
3509 5391 3660 5459 dixit

2006 5491 2078 5545 ob
2112 5505 2287 5559 quam
2324 5495 2478 5543 esset
2511 5490 2621 5561 ipsi
2673 5507 2907 5561 aequum
2957 5496 3021 5544 ut
3064 5490 3176 5544 hoc
3226 5486 3467 5542 sentiret
3500 5477 3660 5549 quod

2005 5578 2159 5634 Deus
2180 5577 2277 5649 qui
2305 5578 2581 5649 cmpisset
2602 5580 2779 5634 etiam
2793 5579 3108 5651 perficeret
3129 5594 3149 5631 ι
3167 5599 3192 5625 ‹‹
3209 5577 3548 5645 Propterea,
3572 5567 3661 5627 in"
