4108 6192
546 309 698 373 1263

1658 300 2085 365 (ῈΟΟΜΕΝΙΙ
2128 292 2435 357 TlllCC/E
2478 294 2827 357 EPISCOPI

3724 318 3845 381 1264

540 445 687 517 quit,
711 440 869 514 quod
889 440 950 495 in
972 436 1147 495 corde
1169 453 1269 491 vos
1290 434 1560 491 habeam.
1587 458 1615 486 ‹‹
1638 437 1703 491 In
1729 435 1905 492 corde
1925 452 2050 491 vos.
2085 456 2113 485 »
2136 433 2156 488 (

2292 427 2355 517 τὸ
2386 427 2543 517 εἶναι,
2575 426 2627 482 ἐν
2653 431 2722 501 τῇ
2754 425 2949 517 καρδίᾳ
2978 429 3203 517 Παύλου
3237 433 3251 488 l
3281 433 3357 491 Οὐ
3386 436 3480 512 γάρ
3507 439 3669 505 ἁπλῶς
3716 452 3838 505 τοῦτο

539 530 755 585 eximia
790 527 918 583 laus
948 542 1078 581 esse
1107 525 1167 579 in
1188 523 1363 579 corde
1395 525 1559 580 Pauli
1588 522 1599 578 !
1633 527 1830 596 Neque
1878 525 2038 581 enim
2070 523 2181 578 hoc

538 618 776 690 vulgare
800 621 940 671 erat.
966 613 1131 680 Quod
1162 620 1359 669 autem
1381 614 1484 681 ait,
1512 636 1539 664 «
1573 616 1641 669 Et
1663 614 1725 669 in
1747 614 1999 669 vinculis
2030 619 2088 669 et
2116 613 2180 668 in

535 706 901 775 defensione,
924 727 951 754 »
984 704 1179 775 majus
1200 704 1393 759 adhuc
1416 710 1559 760 erat.
1584 727 1611 753 «
1638 706 1706 759 Et
1727 703 2179 760 conﬁrmatione

531 794 849 868 Evangelii.
892 815 912 842 ι
946 792 1467 847 Conﬁrmationem
1497 792 1794 865 Evangelii
1822 793 1967 848 dicit
1996 798 2181 848 tenta-

532 885 723 940 tiones
753 890 811 939 et
854 882 1206 939 afﬁictiones
1236 899 1303 937 ac
1345 881 1598 937 vincula.
1649 881 1953 948 Quomodo
1978 882 2006 936 ‘2
2034 882 2182 946 Quia

531 975 659 1030 haec
689 973 961 1045 eligebat.
993 973 1064 1026 Et
1094 971 1335 1042 quidem
1359 988 1494 1026 cum
1526 971 1580 1026 ei
1601 970 1870 1027 licuisset
1898 973 2024 1027 haac
2058 988 2179 1026 non

531 1064 845 1127 sustinere,
877 1061 1267 1117 conﬁrmabat
1299 1059 1794 1116 resurrectionem
1824 1077 1892 1115 ac
1922 1076 2178 1115 commu-

526 1169 667 1209 nem
698 1151 1173 1206 retributionem.
1205 1150 1349 1204 Nam
1382 1149 1527 1217 haac,
1552 1149 1769 1221 inquit,
1801 1165 2179 1220 nequaquam

530 1242 826 1296 sustinere
864 1239 1191 1311 potuissem
1240 1238 1354 1292 nisi
1398 1254 1535 1292 vera
1582 1242 1783 1293 essent
1829 1255 1961 1308 qum
2012 1254 2046 1293 a
2087 1254 2179 1293 me

528 1330 848 1402 praedicata
868 1334 1024 1383 sunt.
1072 1358 1139 1368 —
1169 1328 1369 1397 Neque
1394 1326 1555 1381 enim
1597 1326 1788 1382 solum
1838 1326 2057 1382 mortui
2084 1343 2180 1382 re-

529 1419 817 1484 suscitati,
867 1418 1206 1490 leprosique
1259 1416 1548 1484 mundati,
1602 1416 1705 1472 sed
1752 1422 1811 1472 et
1840 1434 1950 1473 nos
1999 1416 2178 1472 vincti

527 1507 909 1581 Evangelium
929 1508 1375 1563 conﬁrmamus.
1400 1505 1665 1571 Qualiter
1684 1512 1882 1562 autem
1905 1512 2007 1562 aut
2031 1524 2179 1578 quo-

526 1613 671 1652 num
692 1598 868 1652 modo
886 1596 1214 1662 ‘lQuoniam
1239 1596 1555 1651 innumera
1571 1597 1729 1667 passi
1754 1612 1861 1651 nec
1882 1597 2180 1652 remissio-

524 1686 750 1756 res,sed
774 1686 1171 1757 promptiores
1193 1684 1408 1749 effecti,
1428 1685 1821 1741 sufﬁcientem
1845 1685 2180 1757 praebemus

2285 516 2373 586 ἦν.
2405 517 2481 574 Τὸ
2520 513 2598 587 δὲ,
2641 541 2675 608 «ξ
2704 516 2888 608 Καέᾼέν
2915 525 3034 582 τοῖς
3076 516 3315 594 δεσμοῖς,
3343 524 3427 579 καὶ
3460 530 3523 602 τῇ
3548 527 3795 608 ἀπολογίᾳ,
3820 564 3839 589 υ

2290 610 2497 677 μεῖζον.
2582 606 2681 661 Καὶ
2742 601 3035 682 βεϐαιώσει
3105 615 3203 665 τοῦ
3280 611 3604 688 Εὐαγγελίου.
3680 601 3724 672 η’
3763 601 3842 680 ές-

2287 689 2514 749 ϐαίωσιν
2571 700 2670 751 τοῦ
2758 697 3100 775 Εὐαγγελίου
3136 744 3149 770 ,
3207 700 3330 763 τοὺς
3384 708 3685 781 πειρασμοὺς
3731 710 3844 788 λέγει

2286 785 2503 848 καὶτὰς
2535 787 2769 861 θλίψεις,
2826 789 2917 843 καὶ
2976 791 3041 844 τά
3097 787 3288 864 δεσμά.
3348 798 3510 864 Πῶςς
3553 799 3655 855 Ὀτι
3697 785 3843 876 ᾑρεῖτο

2284 878 2473 930 ταῦτα.
2536 875 2727 931 Καίτοι
2785 874 2899 945 ἐξὸν
2952 876 3102 951 αὖτῷ
3161 880 3236 952 μὴ
3308 881 3595 957 ὑπομένειν,
3647 874 3841 946 ἐϐεϐαίου

2286 963 2386 1031 τήν
2449 963 2737 1019 ἀνάστασιν
2795 966 2887 1021 καὶ
2943 968 3042 1035 τήν
3097 967 3471 1031 ἀνταπόδοσιν.
3527 974 3596 1032 Οὐ
3659 977 3736 1051 γὰρ
3779 977 3843 1049 ἄν,

2286 1053 2444 1129 φησί,
2474 1057 2641 1108 ταῦτα
2668 1054 2959 1127 ὑπομένειν
2988 1057 3315 1137 ἠνειχόμην,
3378 1063 3449 1133 μή
3505 1060 3652 1119 ὄντων
3677 1066 3845 1138 ἀληθῶν

2285 1144 2392 1195 τῶν
2422 1140 2844 1216 κηρυσσομένων
2876 1150 3002 1217 παρ’
3050 1143 3210 1218 ἐμοῦ.
3267 1179 3336 1191 -—
3391 1150 3620 1225 [ΧΡΥΣ]
3664 1153 3726 1210 Οὗ
3770 1155 3847 1230 γάρ

2290 1229 2457 1302 μόνον
2488 1230 2833 1304 ἀνιστάμενοι
2865 1234 3070 1310 νεκροὶ,
3118 1232 3245 1290 οὐδὲ
3298 1236 3484 1313 λεπροὶ
3520 1229 3846 1317 καθαιρόμενοιι

2286 1318 2549 1375 ἀλλὰκαὶ
2606 1322 2771 1393 ἡμεῖς
2814 1319 3203 1396 δεσμούμενοι,
3265 1321 3572 1402 βεϐαιοῦμεν
3617 1330 3670 1385 τὸ
3721 1332 3848 1409 Εὐαγ-

2287 1406 2498 1485 γὲλιον.
2540 1411 2663 1473 Πῶς
2695 1409 2783 1465 καὶ
2821 1411 2930 1466 τίνι
2960 1413 3149 1488 τρόπῳ
3185 1432 3198 1483 ;
3228 1415 3350 1473 Ὀτι
3383 1417 3536 1492 μυρία
3584 1406 3842 1485 πάσχοντες.

2285 1497 2375 1553 καὶ
2440 1498 2518 1571 μὴ
2575 1495 2894 1567 ἐνδιδόντες,
2951 1500 3101 1556 ἀλλά
3147 1505 3543 1580 προθυμότεροι
3607 1508 3843 1583 γινόμενοι,

2288 1586 2474 1657 ἱκανὴν
2505 1588 2820 1664 παρέχομεν
2849 1585 3151 1663 ἀπόδειξιν,
3182 1596 3281 1647 τοῦ
3322 1591 3565 1664 ἀληθείας
3615 1596 3729 1651 εἶναι
3773 1600 3849 1667 κή-

2288 1693 2477 1749 ρυκες,
2533 1676 2624 1731 καὶ
2680 1676 2823 1732 Θείαν
2874 1678 2995 1732 τινὰ
3045 1676 3274 1753 δύναμιν
3328 1679 3382 1736 ἐν
3434 1685 3563 1756 ἡμῖν
3613 1685 3743 1754 εἶναι,
3784 1687 3849 1740 καὶ

522 1774 1094 1830 demonstrationem
1121 1773 1281 1844 quod
1329 1774 1591 1829 veritatis
1639 1774 2055 1845 praedicatores
2095 1777 2156 1831 si-

2283 1770 2452 1822 ταὲτα
2500 1766 2676 1823 πάντα
2753 1766 3224 1843 ἐξευμαρίζουσαν,
3283 1771 3373 1826 καὶ
3441 1772 3538 1829 οὐκ
3595 1773 3735 1830 ἐῶσαν
3769 1780 3844 1830 τῶν

521 1881 675 1932 mus,
712 1870 769 1919 et
799 1864 996 1919 divina
1025 1864 1290 1935 potentia
1315 1864 1373 1918 in
1406 1862 1578 1918 nobis
1609 1864 1705 1933 sit,
1739 1881 1869 1935 quin
1902 1864 2027 1920 hmo
2052 1883 2174 1921 om-

516 1954 618 2008 nia
639 1953 992 2021 demulceat,
1018 1969 1128 2008 nec
1142 1953 1299 2008 sinat
1322 1952 1712 2007 afﬁictionum
1726 1952 2169 2010 multitudinem

517 2042 826 2099 devincere
858 2043 1296 2114 praedicatores.
1323 2045 1445 2097 Non
1471 2047 1562 2097 est
1582 2043 1740 2097 enim
1768 2043 2044 2098 humanae
2066 2061 2170 2116 po-

516 2133 718 2188 tentia)
749 2149 856 2204 per
905 2138 990 2187 tot
1029 2131 1463 2203 impedimenta
1516 2131 1851 2203 superiores
1899 2131 2166 2188 evadere.

515 2224 712 2292 Neque
740 2222 871 2277 aliis
902 2221 1095 2277 solum
1128 2222 1253 2276 haec
1284 2227 1422 2277 sunt
1450 2220 1747 2293 Evangelii
1771 2221 2165 2292 conﬁrmatio,

514 2311 616 2366 sed
650 2317 706 2366 et
736 2311 908 2366 nobis
948 2311 1128 2382 ipsis:
1164 2327 1302 2366 nam
1351 2309 1722 2382 probatiores
1754 2326 1863 2365 nos
1910 2311 2167 2366 reddunt

512 2400 817 2473 magisque
846 2400 1029 2456 fortes
1059 2399 1132 2455 ad
1181 2398 1595 2471 despiciendas
1640 2399 1912 2455 insidias.
1946 2422 1974 2450 ‹‹
2027 2401 2162 2456 Mihi

512 2506 632 2545 una
661 2497 969 2545 consortes
1017 2491 1241 2562 gratim.
1293 2511 1321 2538 ι»
1373 2490 1561 2554 Quare
1607 2494 1805 2544 autem
1856 2494 2044 2544 testor
2091 2490 2162 2546 de

511 2578 673 2634 vobis
696 2579 844 2646 haec,
875 2584 934 2634 et
958 2577 1345 2649 quamobrem
1367 2576 1555 2632 habeo
1581 2593 1679 2631 vos
1702 2578 1763 2631 in
1790 2578 1967 2632 corde
1982 2595 2115 2635 meo
2134 2580 2162 2634 ?

513 2667 823 2735 Quoniam,
846 2668 1063 2739 inquit,
1088 2684 1209 2723 una
1237 2672 1542 2723 consortes
1572 2666 1719 2721 mihi
1745 2667 1885 2721 estis
1915 2669 2117 2739 gratiae
2144 2685 2157 2723 :

510 2764 611 2813 aut
640 2757 1038 2829 apostolatum
1071 2758 1276 2813 dicens
1298 2756 1792 2812 autafﬁictiones.
1820 2779 1849 2808 «
1882 2760 2026 2814 Nam
2057 2775 2158 2830 po-

508 2847 690 2901 tentia
713 2862 865 2910 mea,
898 2847 1000 2912 ait,
1034 2863 1139 2918 per
1166 2846 1579 2902 inﬁrmitatem
1610 2845 1936 2917 perﬁcitur.
1963 2848 1985 2882 ³
2008 2869 2032 2900 α
2068 2848 2159 2903 Si-

506 2935 630 2990 mul
672 2936 829 2990 enim
881 2952 1017 2991 cum
1048 2935 1176 3006 ipso
1223 2933 1639 3008 afﬂigebantur
1688 2940 1969 3006 tanquam
2018 2952 2153 2992 cum

503 3030 864 3096 praeceptore
885 3041 953 3080 ac
984 3026 1153 3079 Patre
1176 3023 1491 3095 spirituali.
1518 3023 1933 3079 Animadverte
1955 3031 2153 3081 autem

502 3112 662 3184 quod
692 3130 810 3169 non
838 3113 1190 3184 simpliciter
1219 3112 1434 3173 dixerit
1464 3111 1777 3180 κοινωνούς,
1830 3113 2021 3168 socios
2051 3119 2153 3168 aut

502 3202 841 3274 participes,
875 3202 978 3257 sed
1029 3199 1448 3276 συγκοινωνούς,
1479 3200 1539 3255 id
1588 3206 1697 3270 est,
1744 3216 1861 3257 una
1907 3218 2148 3256 consor-

500 3297 610 3361 tes,
657 3292 979 3348 ostendens
1025 3292 1182 3363 quod
1233 3298 1289 3347 et
1338 3293 1464 3363 ipse
1512 3291 1810 3363 particeps
1849 3292 1943 3347 sit.
1996 3289 2151 3347 Alibi

503 3382 662 3435 enim
693 3382 774 3436 ait
804 3381 952 3452 ipse,
986 3387 1050 3435 ut
1078 3381 1375 3453 particeps
1422 3380 1720 3453 Evangelii
1767 3380 2007 3448 efﬁciat,
2040 3381 2150 3437 hoc

501 3469 610 3533 est,
644 3470 706 3520 ut
745 3482 882 3521 cum
931 3466 1022 3521 bis
1081 3467 1182 3537 qui
1234 3467 1609 3540 Evangelium
1658 3468 2036 3536 annuntiant,
2088 3469 2150 3523 in

501 3553 673 3610 bonis
698 3555 1008 3626 promissis
1036 3556 1410 3627 participem.

572 3644 613 3698 Ι.
648 3644 801 3698 8-11.
838 3646 1006 3701 Testis
1033 3644 1181 3700 enim
1209 3643 1349 3700 mihi
1371 3651 1450 3701 est
1482 3644 1615 3700 Deus
1644 3662 1810 3715 quam
1848 3646 2149 3702 desiderem

396 3802 401 3813 ι
497 3750 589 3789 vos
628 3736 687 3788 in
726 3735 1019 3790 visceribus
1045 3736 1173 3790 Jesu
1204 3734 1427 3792 Christi.
1463 3736 1527 3789 Et
1556 3733 1699 3789 illud
1743 3750 1840 3790 oro
1867 3742 1929 3790 ut
1959 3735 2147 3791 chari-

493 3831 576 3879 tas
604 3831 783 3879 vestra
812 3825 994 3879 adhuc
1046 3826 1220 3894 magis
1249 3841 1313 3879 ac
1356 3826 1530 3894 magis
1579 3825 1837 3880 exuberet
1868 3827 1927 3880 in
1977 3825 2147 3895 agni-

493 3915 638 3969 tione
667 3916 924 3983 omnique
949 3915 1337 3984 intelligentia,
1371 3920 1431 3969 ut
1455 3914 1697 3986 probetis
1724 3931 1846 3985 quo:
1876 3914 1975 3969 09
2017 3922 2143 3970 sunt

480 4006 834 4071 praestantia,
862 4010 925 4058 ut
952 4005 1072 4061 sitis
1116 4008 1337 4076 sinceri,
1369 4022 1434 4061 ac
1476 4005 1611 4061 tales
1639 4012 1703 4060 ut
1730 4006 1873 4060 nulli
1899 4007 2021 4061 sitis
2044 4008 2140 4074 of-

484 4091 765 4160 fendicula
789 4093 848 4146 in
877 4093 1023 4148 diem
1055 4094 1277 4163 Christi,
1310 4096 1528 4167 impleti
1564 4100 1754 4165 fructu
1772 4098 2012 4168 justitiae
2044 4099 2143 4168 qui

484 4182 757 4250 contingit
780 4198 884 4253 per
910 4184 1097 4239 Iesum
1146 4183 1422 4240 Christum
1450 4185 1525 4240 ad
1572 4186 1808 4255 gloriam
1837 4192 1890 4240 et
1923 4185 2139 4240 laudem

482 4275 600 4329 Dei.

552 4386 581 4416 q
609 4364 796 4419 Testis
824 4365 983 4420 enim
1010 4365 1155 4421 mihi
1189 4369 1278 4420 est
1298 4366 1473 4423 Deus.
1509 4387 1537 4415 »
1561 4367 1688 4421 Non
1710 4371 1994 4436 tanquam
2018 4365 2134 4421 ﬁde

479 4454 693 4527 dignus
724 4470 841 4509 non
875 4460 1049 4520 esset,
1085 4459 1295 4509 testem
1325 4456 1508 4509 Deum
1544 4455 1796 4520 invocat,
1830 4454 1934 4509 sed
1974 4454 2133 4524 quod

2280 1860 2600 1933 πειρασμῶν
2645 1856 2707 1912 τὸ
2765 1857 2982 1928 πλῆθος
3037 1859 3411 1937 περιγενέσθαι
3460 1866 3561 1917 τῶν
3611 1866 3845 1938 κηρυττόν-

2274 1967 2404 2002 των.
2438 1945 2515 2003 Οὐ
2548 1944 2654 2023 λάρ
2703 1945 2844 2002 ἐστιν
2903 1946 3249 2023 ἀνθρωπίνης
3302 1946 3589 2024 δυνάμεως,
3635 1950 3711 2007 διὰ
3752 1974 3845 2008 τοσ-

2274 2033 2445 2089 ούτων
2512 2041 2780 2110 κρατῆσαι
2854 2034 3229 2110 κωλυμάτων.
3285 2038 3363 2097 Οὐ
3434 2045 3545 2103 τοῖς
3606 2040 3768 2103 ἄλλοις
3808 2040 3848 2097 δὲ

2276 2124 2441 2196 μόνον
2471 2127 2640 2179 ταῦτα
2699 2119 2995 2198 βεϐαίωσις
3048 2130 3149 2182 τοῦ
3209 2128 3566 2204 Εὐαγγελίου,
3617 2128 3739 2185 ἀλλᾶ
3780 2119 3844 2186 καὶ

2272 2215 2407 2286 ἡμῖν
2488 2213 2695 2276 αὐτοῖς.
2761 2215 3179 2291 Δοκιμωτὲρους
3229 2215 3337 2293 γὰρ
3394 2219 3537 2292 ἡμᾶς
3608 2217 3846 2295 ἐργάζεται,

2267 2302 2356 2357 καὶ
2403 2300 2792 2377 ἰσχυροτέρους
2846 2302 3063 2376 μᾶλλον
3118 2312 3475 2384 καταφρονεῖν
3520 2313 3619 2362 τῶν
3674 2303 3845 2363 ἐπιϐου-

2270 2387 2404 2448 λῶν.
2437 2417 2464 2442 (ι
2502 2392 2919 2465 Συγκοινωνούς
2953 2413 3059 2466 μου
3114 2396 3213 2463 τῆς
3244 2396 3496 2470 χάριτος.
3530 2419 3556 2448 ιι
3586 2397 3673 2452 Διά
3716 2396 3759 2452 τί
3802 2394 3844 2451 δὲ

2271 2484 2529 2555 μαρτυρῶ
2563 2480 2691 2554 ὑμῖν
2732 2481 2920 2551 ταῦτα,
2979 2481 3071 2537 καὶ
3115 2479 3207 2537 διὰ
3261 2483 3318 2538 τί
3382 2484 3518 2558 ὑμᾶς
3560 2482 3665 2561 ἔχω
3710 2484 3749 2540 ἓν
3789 2489 3841 2557 τῇ

2265 2565 2462 2642 καρδίᾳ
2520 2588 2674 2641 μους
2732 2567 2985 2640 Ἐπειδὴ,
3041 2571 3199 2649 φησὶ,
3250 2573 3604 2650 συγκοινωνοί
3635 2594 3721 2647 μου
3770 2579 3846 2642 τῆς

2265 2657 2495 2732 χάριτός
2524 2656 2662 2728 ἐστε,
2694 2659 2729 2727 ἢ
2772 2665 2872 2728 τῆς
2928 2658 3243 2731 ἀποστολῆς
3303 2659 3507 2739 λέγων,
3562 2664 3713 2734 ἤτῶν
3757 2659 3847 2725 θλί-

2263 2750 2425 2821 ψεων.
2458 2772 2487 2799 ‹‹
2548 2748 2611 2804 Ἡ
2667 2748 2771 2823 γάρ
2827 2746 3055 2821 δύναμίς
3119 2770 3249 2822 μου,
3310 2751 3503 2829 φησὶν,
3560 2751 3609 2806 ἐν
3661 2750 3848 2821 ἀσθενείᾳ

2261 2834 2585 2892 τελειοῦται.
2624 2861 2644 2887 ι
2681 2831 3080 2900 Συνεθλίὸοντο
3111 2839 3217 2915 γὰρ
3267 2838 3422 2912 αὐτῷ
3468 2841 3541 2903 ὡς
3596 2836 3844 2909 διδασκάλῳ

2260 2924 2351 2979 καὶ
2381 2923 2542 2999 πατρῖ
2572 2930 2936 2998 πνευματικῷ
2980 2927 3119 3001 Ὅρα
3177 2925 3233 2983 δὲ
3287 2933 3413 2991 πῶς
3435 2929 3531 2984 οὐκ
3584 2931 3708 2998 εἷπε,
3753 2947 3835 2983 κοι-

2259 3016 2487 3080 νωνοὺς,
2508 3014 2675 3083 ἀλλὰ,
2709 3039 2737 3068 cc
2780 3014 3194 3090 συγκοινωνοὺς,
3227 3014 3441 3081 δεικνὺς
3470 3017 3552 3074 ὅτι
3595 3018 3676 3074 καὶ
3723 3017 3835 3077 uiti:

2263 3105 2522 3166 κοινωνός
2555 3103 2718 3163 ἐστιν,
2762 3102 3051 3184 Ἀλλαχοῦ
3081 3105 3183 3182 γάρ
3216 3127 3385 3183 φησιν
3418 3107 3593 3178 αὐτὸς,
3619 3109 3721 3164 Ἵνα
3761 3126 3845 3159 κοι-

2264 3194 2432 3255 νωνὸς
2461 3195 2703 3270 γένωμαι
2734 3198 2829 3249 τοῦ
2863 3193 3215 3269 Εὐαγγελίου,
3250 3219 3277 3246 ››
3310 3196 3606 3269 τουτέστιν,
3644 3196 3718 3251 ἳνα
3760 3216 3848 3249 κοι-

2261 3286 2490 3355 νωνήσω
2518 3289 2627 3340 τῶν
2659 3283 3076 3359 ἐπηγγελμένων
3097 3285 3314 3361 ἀγαθῶν
3348 3308 3469 3351 τοις
3488 3288 3547 3343 τὸ
3575 3284 3847 3360 Εὐαγγέλιον

2260 3370 2755 3448 καταγγέλλουσιν.

2330 3646 2554 3721 Μάρτυρ
2581 3643 2684 3722 γάρ
2718 3645 2827 3718 μού
2856 3644 2998 3703 ἐστιν
3030 3646 3058 3702 ὁ
3089 3646 3241 3715 Θεὸς,
3297 3646 3379 3711 ὡς
3427 3645 3661 3702 ἐπιποθῶ
3689 3644 3845 3699 πάντας

2259 3735 2397 3808 ὑμᾶς
2431 3733 2485 3789 ἐν
2518 3734 2857 3811 σπλάγχνοις
2891 3738 3071 3806 Ἰησοῦ
3100 3737 3361 3810 Χριστοῦ.
3396 3736 3500 3793 Καὶ
3556 3739 3704 3792 τοῦτο
3744 3751 3847 3805 προ-

2256 3822 2639 3903 σεύχομαιῖνα
2675 3828 2709 3894 ἡ
2741 3825 2925 3902 ἀγάπη
2980 3826 3133 3899 ὑμῶν
3169 3821 3248 3881 ἔτι
3282 3824 3505 3900 μᾶλλον
3532 3822 3785 3902 περισσεύῃ
3806 3820 3843 3875 ἓν

2252 3915 2538 3990 ἐπιγνώσει
2563 3917 2653 3971 καὶ
2684 3916 2830 3991 πάσῃ
2863 3917 3127 3988 αἰσθήσει,
3160 3915 3239 3979 εἰς
3267 3916 3332 3971 τὸ
3394 3914 3696 3990 δοκιμάζειν
3742 3913 3846 3986 ὑμᾶς

2250 4004 2317 4059 τά
2347 4002 2694 4082 διαφέροντα,
2748 4002 2841 4060 ’ίνα
2897 4006 2993 4074 ἦτε
3045 4003 3362 4079 εἰλικρινεῖς
3426 4006 3518 4061 καὶ
3565 4004 3848 4079 ἀπρόσκοποι

2252 4093 2327 4156 εἷς
2358 4094 2566 4169 ἡμέραν
2585 4092 3292 4168 Χριστοῦ,πεπληρωμὲνοι
3314 4095 3529 4171 καρπὸν
3559 4089 3850 4156 δικαιοσύνης

2249 4182 2340 4239 τὸν
2420 4179 2513 4237 διὰ
2568 4185 2749 4253 Ἰησοῦ
2801 4183 3037 4258 Χριστοῦ
3104 4182 3180 4245 είς
3266 4179 3427 4255 δόξαν
3512 4183 3602 4237 καὶ
3679 4175 3847 4234 ἔπαινον

2249 4277 2405 4330 Θεοῦ.

2323 4383 2351 4412 ‹‹
2385 4360 2609 4436 Μάρτυρ
2667 4361 2772 4437 γάρ
2832 4358 2938 4433 μου
2986 4356 3127 4415 ἐστιν
3157 4359 3185 4413 ὁ
3235 4359 3386 4424 Θεὸς.
3426 4382 3455 4410 ››
3487 4357 3610 4417 Οὐχ
3636 4357 3705 4418 ὡς
3754 4354 3851 4408 ἀπι-

2247 4455 2541 4527 στούμενος
2584 4455 2829 4530 μάρτυρα
2857 4454 2951 4509 τὸν
3005 4454 3135 4508 Θεὸν
3193 4451 3375 4519 καλεῖ,
3408 4450 3559 4508 ἀ).λά
3587 4445 3771 4529 σφόδρα
3808 4462 3850 4496 τε

476 4544 731 4598 maxime
758 4560 961 4599 verum
997 4543 1071 4598 sit
1096 4543 1254 4614 quod
1288 4543 1451 4609 dicit,
1486 4549 1544 4598 et
1564 4542 1719 4614 quod
1752 4543 2134 4598 vehementer

2265 4540 2545 4613 εληθεύων,
2576 4542 2667 4598 καὶ
2718 4539 2925 4620 σφόδρα
2973 4541 3194 4617 ἀγαπῶν
3253 4540 3485 4604 πάντας.
3536 4540 3728 4598 Πάντες
3772 4533 3850 4607 γὰρ

475 4647 682 4689 omnes
707 4634 952 4707 Diligat:
977 4650 1184 4689 omnes
1205 4634 1364 4688 enim
1394 4632 1563 4704 probi
1586 4638 1775 4688 erant.
1810 4654 1837 4681 «
1863 4633 1929 4685 In
1952 4630 2125 4685 visce-

472 4718 657 4775 ribus.
688 4744 715 4769 ››
749 4722 1094 4778 Dilectionis
1128 4723 1520 4777 intentionem
1553 4738 1659 4792 per
1684 4721 1911 4775 viscera
1943 4719 2124 4790 signi.

474 4806 683 4862 ﬁcavit.
721 4832 748 4859 «
807 4814 946 4867 Jesu
1002 4812 1242 4868 Christi.
1293 4835 1322 4862 ››
1364 4812 1481 4866 Hoc
1537 4816 1647 4877 est,
1695 4810 1755 4865 in
1806 4810 2126 4872 dilectione

473 4910 603 4963 qum
635 4903 724 4952 est
749 4916 856 4969 per
884 4902 1205 4959 Christum.
1236 4902 1377 4972 quia
1416 4899 1624 4954 ﬁdeles
1656 4901 1819 4956 estis.
1854 4903 1972 4960 Hoc
2022 4922 2129 4962 au-

473 4987 591 5037 tem
614 4984 758 5040 dicit
779 5005 853 5043 ne
876 4991 1218 5046 existiment
1237 4988 1395 5062 quod
1428 4987 1560 5044 ideo
1583 4997 1859 5047 amentur
1887 4994 1962 5049 ab
2000 4995 2129 5067 ipso

471 5072 610 5144 quia
640 5078 977 5133 necessaria
1022 5080 1134 5152 ipsi
1167 5080 1454 5136 miserant
1483 5096 1497 5133 :
1530 5081 1644 5134 Aut
1686 5081 1845 5151 quod
1888 5084 2131 5155 cupiam

465 5179 589 5230 vos,
622 5161 775 5219 datis
806 5164 950 5219 mihi
984 5183 1019 5222 a
1065 5170 1295 5225 Christo
1336 5168 1682 5226 visceribus.
1727 5192 1754 5221 ‹‹
1789 5172 1851 5225 In
1883 5172 2135 5230 visceri-

463 5250 574 5308 bus
604 5252 741 5307 Jesu
789 5252 1030 5310 Christi.
1065 5276 1089 5307 ι
1129 5258 1244 5313 Hoc
1275 5264 1384 5325 est,
1414 5275 1535 5314 non
1585 5259 1886 5327 humanis,
1937 5277 2135 5332 neque

462 5341 727 5399 humano
786 5360 953 5399 more
1015 5345 1264 5411 affectis,
1325 5348 1428 5403 sed
1499 5349 1746 5403 omnino
1799 5350 2128 5407 secundum

461 5430 665 5488 Jesum
705 5433 1027 5490 Christum.
1084 5435 1353 5506 Magnum
1405 5435 1645 5507 quidem
1708 5438 2049 5496 desiderari
2103 5454 2138 5491 a

536 5614 558 5649 ²
588 5615 634 5667 ll
666 5618 797 5671 (lor.
836 5635 933 5686 xu,
963 5620 1016 5674 9.

2237 4631 2373 4700 ἦσαν
2430 4630 2691 4705 ἐνάρετοι.
2728 4656 2754 4682 ‹‹
2813 4633 2906 4688 Ἐν
2964 4630 3330 4706 σπλάγχνοις.
3392 4653 3423 4682 ››
3469 4629 3540 4685 Τὸ
3589 4620 3851 4684 ὲπιτατιχόν

2235 4729 2335 4791 τῆς
2368 4720 2611 4796 ἀγάπης,
2645 4719 2735 4776 διά
2761 4727 2871 4777 τῶν
2906 4719 3243 4800 σπλάγχνων
3302 4719 3598 4792 ἐσήμανεν,
3630 4743 3659 4771 ι(
3709 4706 3855 4784 Ἰησοῦ

2236 4811 2493 4885 Χριστοῦ.
2528 4834 2556 4863 ι)
2580 4809 2889 4880 Τουτέστιν,
2919 4809 2972 4864 ἐν
3026 4808 3205 4886 ἀγάπῃ
3266 4812 3334 4884 τῇ
3374 4806 3468 4864 διὰ
3526 4807 3763 4883 Χριστὸν,
3790 4801 3855 4856 ὅτι

2238 4901 2421 4955 πιστοί
2454 4897 2590 4957 ἐστε.
2613 4902 2791 4958 Τοῦτο
2842 4896 2900 4955 δὲ
2946 4920 3131 4978 φησιν,
3190 4897 3278 4953 ἵνα
3338 4898 3416 4972 μὴ
3476 4896 3737 4971 νομίσωσι
3787 4887 3858 4978 Bri

2238 4988 2301 5043 τὸ
2332 4990 2545 5063 πέμψαι
2604 4989 2752 5062 αὐτῷ
2807 4989 2875 5043 τά
2929 4974 3067 5062 πρὸς
3132 4988 3344 5062 χρείαν,
3422 4984 3697 5065 φιλεῖσθαι
3755 4974 3859 5065 παρ’

2241 5077 2428 5146 αὐτοῦ,
2461 5078 2496 5147 ἢ
2538 5077 2623 5134 ὅτι
2660 5080 2818 5141 ίΙοθῶ
2880 5078 3044 5151 ὑμᾶς,
3106 5082 3225 5141 τοῖς
3278 5074 3339 5130 ἐκ
3391 5064 3494 5131 τοῦ
3539 5074 3762 5149 Χριστοῦ
3788 5064 3859 5121 δο-

2244 5168 2377 5231 θείσί
2424 5189 2519 5241 μοι
2550 5167 2908 5247 σπλάγχνοις.
2946 5191 2974 5219 τ(
3024 5168 3112 5224 Ἐν
3172 5162 3522 5241 σπλάγχνοις
3556 5165 3728 5235 Ἰησοῦ
3754 5160 3858 5231 Χρι-

2245 5262 2392 5315 στοῦ.
2428 5282 2456 5309 ›)
2488 5259 2618 5315 Οἴον
2669 5257 2769 5313 οὐκ
2823 5255 3206 5332 ἀνθρωπίνοις,
3261 5251 3386 5310 οὐδὲ
3441 5276 3495 5309 τι
3553 5251 3857 5328 ἀνθρώπινον

2245 5346 2573 5422 πάσχουσιν,
2626 5346 2753 5402 ἀλλ’
2811 5344 2940 5401 ὃλον
3004 5344 3140 5401 κατᾶ
3216 5342 3446 5419 Χριστὸν
3508 5343 3713 5412 Ἰησοῦν
3766 5332 3862 5391 δια-

2245 5436 2541 5511 κειμένοις.
2602 5435 2757 5512 Μέγα
2815 5436 2929 5510 μὲν,
2988 5435 3051 5491 τὸ
3110 5434 3215 5489 ὑπὸ
3297 5430 3519 5489 Παύλου
3585 5426 3860 5486 ποθεῖσθαι,

3982 5354 3988 5429 1
