4108 6192
286 345 441 405 1265

1318 345 1735 407 COMMENT.
1781 346 1859 406 IN
1904 344 2150 406 EPIST.
2197 344 2309 405 AD
2351 344 2653 407 PHILIP.

3532 344 3557 400 l
3576 341 3697 401 266

283 479 346 531 τὸ
379 474 436 531 δὲ
466 476 517 531 ἰν
548 472 906 553 σπλάγχνοις,
952 482 1160 551 μεῖζον.
1218 478 1295 536 Τὸ
1354 476 1412 535 δί
1464 480 1554 535 καὶ
1602 478 1655 534 ἐν
1722 478 1932 555 σπλάγ.

2070 483 2230 539 ’aulo
2256 501 2268 538 :
2305 484 2366 539 in
2388 482 2711 538 visceribus
2731 486 2930 537 autem
2958 480 3183 551 majus:
3218 495 3392 551 porro
3423 480 3483 534 in
3517 480 3699 536 visce-

287 585 443 662 χνοις
478 566 661 662 Ἰη-σοῦ
695 565 960 662 Χριστοῦ,
1010 563 1266 639 οὐδεμίαν
1329 564 1640 643 ὑπερϐολὴν
1701 567 1946 662 ἀπολιμζ
1972 570 1987 585 ⁸

287 653 461 708 πάνει.
491 676 519 704 ‹‹
553 654 671 711 Ἵνα
702 654 736 722 ἡ
771 652 956 728 ἀγάπη
985 653 1155 726 ὑμῶν.
1175 678 1203 706 ››
1231 655 1421 719 Οὕτως
1440 657 1804 733 ἀγαπώμενος
1820 677 1929 731 παρ

285 742 484 808 αὐτῶν,
529 737 750 815 εὔχεται
778 739 856 798 ἔτι
891 740 1107 816 μᾶλλον
1138 742 1227 798 καὶ
1264 742 1480 817 μᾶλλον
1512 743 1813 821 φιλεῖσθαι.
1834 743 1949 802 Οὐκ

291 825 371 886 ἕνι
401 831 509 906 γὰρ
536 837 637 900 τῆς
664 829 801 886 κατά
849 830 1082 905 Χριστὸν
1138 832 1351 907 ἀγάπης
1408 832 1594 910 πέρας,
1619 831 1655 903 ἢ
1684 833 1774 888 καὶ
1823 831 1946 907 περὶ

295 924 403 977 τῶν
435 918 623 976 ἀλλων
680 921 866 994 φησὶν,
921 921 1015 976 ἳνα
1067 920 1345 985 κάκείνους
1401 922 1704 997 ἀγαπῶσιν.
1768 945 1796 974 ι(
1858 922 1943 977 Ἐν

295 1007 577 1085 ἐπιγνώσει
620 1009 710 1063 καὶ
768 1009 914 1084 πάσῃ
952 1007 1221 1080 αἰσθήσει.
1258 1031 1282 1064 ι
1339 1009 1642 1082 Τουτέστιν,
1698 1011 1812 1068 Ἵνα
1868 1009 1944 1082 μή

295 1098 487 1163 ἁπλῶς
518 1101 718 1163 πάντας
771 1098 1029 1175 ἀγαπᾶτε,
1088 1098 1233 1156 ἀλλὰ
1302 1102 1437 1173 μετά
1483 1097 1805 1175 δοκιμασίας
1855 1096 1946 1154 καί

287 1190 569 1264 γνώσεως·
598 1191 674 1262 μή
715 1211 854 1255 πως,
912 1190 1095 1266 φησὶν,
1146 1192 1182 1260 ἡ
1241 1190 1377 1265 πρὸς
1433 1190 1738 1263 αῖρετικοὺς
1788 1188 1944 1267 φίλία

296 1278 484 1355 βλάψῃ
506 1278 668 1352 ὑμᾶς.
701 1278 846 1347 Ἐὰν,
878 1279 1002 1354 γὰρ,
1062 1280 1248 1356 φησίν,
1310 1278 1481 1341 οὕτως
1530 1278 1791 1355 ἀγαπᾶτε,
1852 1275 1945 1333 δύ-

291 1379 453 1433 νασθε
480 1367 543 1423 τὸ
576 1366 849 1444 συμφέρον
882 1365 1199 1442 δοκιμάσαι,
1228 1369 1376 1432 τίνας
1434 1370 1547 1447 χρὴ
1605 1367 1807 1447 φιλεῖν,
1862 1365 1944 1422 ὅτι

292 1455 421 1519 τοὺς
453 1456 696 1525 πιστοὺς,
728 1455 819 1510 καὶ
873 1456 1017 1518 τίνας
1070 1458 1170 1531 μή,
1233 1458 1315 1513 ὅτι
1374 1458 1506 1522 τοὺς
1561 1457 1819 1518 ἀπίστους
1855 1455 1944 1511 καὶ

292 1544 621 1619 αἱρετικούς.
665 1549 790 1607 Πῶς
848 1543 941 1600 οὖν
1001 1543 1259 1621 ἀλλαχοῦ
1291 1568 1478 1622 φησιν,
1519 1547 1582 1603 Εἰ
1633 1543 1856 1601 δυνατὸν
1884 1546 1945 1601 τὸ

293 1633 343 1706 ἐξ
407 1634 558 1706 ὑμῶν
612 1632 749 1707 μετά
806 1634 1020 1689 πάντων
1078 1635 1378 1712 ἀνθρώπων
1440 1636 1782 1711 εἰρηνεύετες
1840 1636 1945 1691 Καί

296 1743 489 1801 φαμεν,
522 1722 607 1779 δτι
635 1722 821 1800 ’ἔτερόν
864 1724 1006 1780 ἔστιν
1066 1725 1381 1801 εἰρηνεύειν,
1440 1725 1529 1781 καὶ
1575 1721 1757 1801 ’ἕτερον
1816 1725 1944 1800 ἀγα-

296 1816 423 1884 πᾷν.
469 1814 799 1891 Διαφὲροντα
852 1810 929 1880 δὲ,
988 1815 1055 1869 τά
1112 1813 1455 1890 συμφέροντά
1511 1835 1691 1893 φησιν.
1756 1838 1782 1868 α
1834 1815 2021 1917 ’ίναΒ

299 1901 330 1917 ι..
454 1899 496 1917 ,κ
684 1908 710 1917 ..
879 1903 926 1917 ..
1171 1899 1211 1917 κ.
1449 1903 1464 1917 .
1611 1905 1654 1917 ...
1765 1901 1821 1917 ι..

295 1901 394 1970 ἦτε
426 1899 728 1978 εἰλικρινεῖ.
792 1927 819 1953 ››
879 1903 992 1959 Ἰνα
1077 1899 1273 1976 μηδὲν,
1334 1903 1490 1982 φησὶ,
1566 1905 1718 1959 νόθον
1763 1901 1945 1979 δόγμα

294 1996 377 2065 τῷ
406 1999 507 2062 τῆς
534 1991 749 2068 ἀγάπης
778 1993 1143 2067 προσχήματι
1204 1993 1391 2068 εἷσρυῇ
1451 1994 1527 2056 εἰς
1560 1994 1720 2067 ὑμᾶς.
1779 1995 1947 2052 Εἰλι-

291 2088 517 2157 κρινεῖς,
554 2083 648 2155 μὶν
680 2082 755 2145 ὡς
787 2083 924 2158 πρὸς
957 2083 1109 2151 Θεὸν,
1144 2083 1484 2159 ἀπρόσκοποι
1545 2081 1622 2152 δὶ,
1684 2083 1759 2148 ὡς
1812 2083 1951 2156 πρὸς

295 2173 639 2248 ἀνθρώπους.
678 2170 934 2235 Πολλοὺς
963 2173 1065 2249 γὰρ
1095 2169 1438 2244 σκανδαλίζει
1468 2174 1531 2229 τὸ
1591 2170 1720 2228 ἰδεῖν
1763 2173 1950 2228 πιστὸν

299 2262 437 2336 μετά
494 2261 726 2317 ἀπίστου
778 2262 813 2332 ἢ
896 2262 1176 2337 αἱρετικοῦ
1232 2263 1419 2341 φιλίαν
1489 2250 1708 2339 ἔχοντα.
1761 2263 1839 2320 Τὸ
1894 2259 1952 2318 δὲ

299 2346 675 2419 σκανδαλίζειν
705 2349 847 2422 τινὰ,
898 2349 1002 2404 ὑπὸ
1056 2350 1330 2426 τιμωρίαν
1380 2349 1544 2408 ἐστίν.
1578 2376 1606 2403 (ι
1643 2348 1953 2425 ΙΙεπληρω-

2054 573 2219 628 ribus
2247 575 2382 628 Jesu
2412 572 2649 638 Christi,
2675 571 2902 626 nullam
2934 569 3220 640 relinquit
3259 569 3696 626 excellentiam.

2057 686 2078 712 ι
2117 664 2189 718 Ut
2218 662 2475 718 charitas
2507 666 2717 717 vestra.
2755 683 2782 708 ››
2814 659 2974 715 Adeo
3015 658 3268 714 dilectus
3318 658 3391 714 ab
3424 658 3509 712 eis
3541 664 3703 730 optat

2053 753 2246 807 adhuc
2275 752 2462 825 magis
2483 767 2550 806 ac
2574 751 2758 823 magis
2779 748 2966 819 diligi,
3001 747 3202 802 nullus
3219 747 3378 802 enim
3414 746 3702 801 terminus

2055 847 2144 896 est
2171 840 2505 896 dilectionis
2522 839 2851 895 secundum
2871 839 3076 892 Deum.
3112 840 3227 891 Aut
3259 837 3435 891 etiam
3469 836 3540 892 de
3568 836 3701 892 aliis

2053 930 2337 1002 loquitur.
2369 935 2434 985 ut
2462 936 2519 984 et
2548 928 2684 983 illos
2714 927 2982 998 diligant.
3018 950 3043 974 α
3081 925 3145 981 ln
3175 925 3477 998 agnitione
3510 926 3705 979 omni-

2053 1036 2167 1091 que
2199 1017 2608 1084 intelligentia.
2648 1038 2671 1068 ο
2699 1017 2818 1072 Hoc
2840 1020 2948 1080 est,
2974 1021 3039 1070 ut
3068 1031 3187 1070 non
3217 1014 3567 1085 simpliciter
3584 1030 3703 1068 om-

2052 1125 2160 1164 nes
2192 1107 2471 1179 diligatis,
2504 1105 2609 1161 sed
2639 1123 2774 1162 cum
2823 1104 3169 1178 probatione
3222 1108 3279 1157 et
3308 1104 3593 1167 scientia;
3628 1119 3700 1156 ne

2053 1213 2169 1268 quo
2200 1196 2377 1252 modo
2422 1195 2661 1251 dilectio
2707 1211 2845 1266 erga
2892 1194 3202 1249 haereticos
3252 1192 3415 1247 vobis
3473 1196 3700 1246 noceat.

2053 1287 2196 1341 Nam
2229 1284 2277 1339 si
2308 1284 2409 1350 ita,
2441 1284 2652 1356 inquit,
2686 1282 2951 1355 diligitis,
2976 1282 3224 1353 potestis
3255 1281 3412 1351 quod
3441 1280 3587 1335 utile
3619 1285 3705 1335 est

2053 1374 2338 1447 probare:
2371 1379 2512 1444 puta
2532 1389 2682 1443 quos
2712 1376 2980 1442 oporteat
3011 1369 3278 1441 diligere,
3299 1368 3441 1439 quia
3465 1367 3703 1423 ﬁdeles:

2053 1469 2111 1517 ct
2141 1480 2291 1534 quos
2320 1478 2465 1527 non,
2497 1478 2712 1531 nempe
2746 1458 3022 1514 inﬁdeles
3054 1464 3111 1512 et
3150 1457 3482 1512 haereticos.
3539 1458 3703 1521 Quo-

2054 1552 2229 1609 modo
2262 1568 2397 1622 ergo
2428 1552 2572 1607 alibi
2610 1551 2729 1618 ait;
2780 1552 3078 1615 Quantum
3109 1566 3181 1603 ex
3212 1547 3380 1602 vobis
3434 1552 3543 1609 est,
3571 1562 3705 1601 cum

2052 1641 2331 1698 omnibus
2360 1640 2705 1696 hominibus
2762 1640 2823 1694 in
2854 1655 2996 1711 pace
3055 1636 3270 1693 vivite?
3318 1638 3389 1690 Et
3431 1635 3706 1704 dicimus,

2054 1730 2212 1804 quod
2239 1730 2401 1787 aliud
2452 1735 2541 1785 est
2583 1730 2644 1783 in
2689 1745 2832 1800 pace
2862 1728 3075 1794 vivere,
3127 1732 3184 1781 et
3227 1724 3391 1783 aliud
3439 1724 3703 1797 diligere.

2053 1820 2405 1877 Praistantia
2434 1836 2569 1874 vero
2593 1817 2948 1874 dicitutilia.
2985 1840 3012 1867 ‹‹
3052 1818 3120 1872 Ut
3151 1815 3280 1870 sitis
3303 1814 3539 1870 sinceri.
3577 1835 3602 1861 ››
3638 1814 3709 1879 Ut

2054 1910 2287 1966 nullum
2346 1909 2558 1981 dogma
2598 1905 3000 1962 adulterinum
3044 1904 3355 1960 occasione
3403 1901 3708 1957 charitatis

2054 1998 2128 2055 ad
2159 2015 2263 2054 vos
2295 1998 2526 2064 influat,
2562 1995 2777 2052 sinceri
2800 1994 3064 2067 quidem,
3090 2009 3207 2064 quo
3232 1992 3306 2047 ad
3327 1993 3514 2047 Deum
3541 2008 3553 2045 :
3581 1991 3708 2045 sine

2055 2088 2384 2144 oﬂ‘ensione
2415 2092 2635 2153 autem,
2679 2102 2794 2155 quo
2848 2082 2923 2140 ad
2954 2082 3249 2138 homines.
3300 2081 3513 2136 Multos
3544 2096 3711 2133 nam-

2055 2194 2170 2251 que
2202 2176 2451 2233 oﬂ‘endit
2481 2175 2679 2231 videre
2711 2172 2949 2229 fidelem
2972 2187 3107 2227 cum
3139 2169 3363 2225 infideli
3396 2173 3500 2224 aut
3528 2168 3711 2221 haere-

2055 2268 2172 2324 tico
2195 2265 2514 2323 habentem
2546 2263 2890 2320 amicitiam.
2922 2263 3105 2316 Porro
3136 2258 3315 2314 alicui
3348 2273 3478 2312 esse
3521 2255 3710 2310 offen-

2056 2356 2274 2420 diculo,
2308 2354 2667 2427 supplicium
2716 2354 3111 2423 promeretur.
3160 2370 3187 2397 «
3239 2345 3471 2417 lmpleti
3515 2344 3710 2399 fructu

303 2440 457 2511 μένοι
492 2439 698 2513 καρπὸν
728 2435 1097 2511 δικαιοσύνης.
1133 2464 1161 2492 ››
1213 2441 1365 2497 Μετὰ
1412 2439 1516 2516 γὰρ
1564 2441 1663 2507 τήν
1716 2444 1825 2495 τῶν
1859 2436 1953 2494 δο-

2070 2446 2320 2511 ιυεῐὶιὶω.
2379 2469 2398 2494 ι
2431 2446 2575 2499 Nam
2625 2447 2843 2514 praeter
2893 2439 3237 2512 dogmatum
3266 2434 3709 2502 rectitudinem,

300 2527 526 2603 γμάτων
613 2528 905 2601 ὀρθότητα,
992 2530 1079 2584 καὶ
1162 2528 1288 2606 βίου
1369 2525 1749 2603 ἐπιμελητέον.
1832 2528 1954 2603 υύχ

310 2615 502 2680 ἁπλῶς
528 2613 584 2672 δὲ
637 2617 808 2688 εἶπεν,
861 2619 976 2672 Ἵνα
1034 2617 1151 2673 ἐστὶ
1218 2616 1441 2686 δίκαιοι,
1499 2616 1627 2673 ἀλλ’
1688 2620 1800 2675 Ἵνα
1854 2638 1952 2673 πε-

314 2703 675 2779 πληρωμὲνοι
724 2705 775 2761 ἐν
830 2706 1028 2780 τούτῳ.
1090 2708 1310 2783 Καρπὸν
1372 2703 1429 2763 δέ
1485 2728 1658 2786 φησι,
1714 2706 1805 2761 τὸν
1866 2702 1954 2760 διὰ

308 2796 550 2869 Χριστοῦ
582 2797 780 2866 Ἰησοῦ.
836 2799 995 2854 ’Ἐστι
1052 2796 1177 2871 γὰρ·
1212 2793 1369 2866 δῆθεν
1431 2793 1765 2866 δικαιοσύνη,
1826 2791 1954 2849 ἀλλ’

312 2882 375 2939 ού
396 2882 531 2939 κατά
560 2885 811 2958 Χριστὸν,
845 2886 934 2941 οἶα
981 2889 1017 2957 ἡ
1065 2891 1174 2942 τῶν
1231 2885 1536 2956 Ἑλλήνων,
1569 2882 1623 2939 o'i
1661 2882 1749 2938 διὰ
1803 2903 1954 2937 κενο-

307 2968 489 3042 δοξίαν
515 2972 605 3027 καὶ
635 2972 1158 3051 ἀνθρωπαρέσκειαν,
1198 2980 1296 3030 τοῦ
1354 2972 1566 3028 δικαίου
1624 2969 1781 3039 δῆθεν
1838 2968 1955 3024 ἐπι-

307 3059 624 3134 μελοῦνται.
658 3062 916 3120 Τοιοῦτοι
957 3060 1013 3118 δὶ
1060 3062 1116 3119 εἷ’
1163 3062 1303 3133 ἐστε,
1358 3061 1436 3122 εἰς
1492 3057 1645 3130 δόξαν
1703 3061 1838 3113 Θεοῦ
1895 3057 1958 3114 τὸ

2057 2536 2187 2590 vitm
2210 2549 2447 2605 quoque
2467 2530 2742 2587 habenda
2771 2534 2861 2586 est
2890 2545 3050 2584 cura.
3082 2526 3212 2583 Non
3241 2524 3593 2596 simpliciter
3612 2537 3712 2576 au—

2059 2630 2175 2681 tem
2208 2622 2395 2678 dixit:
2430 2621 2503 2677 Ut
2555 2620 2685 2676 sitis
2709 2617 2880 2690 justi,
2939 2616 3064 2682 sed,
3100 2616 3171 2669 Ut
3203 2614 3265 2667 in
3316 2612 3426 2665 hoc
3480 2608 3710 2679 impleti

2058 2715 2209 2771 sitis.
2238 2713 2336 2767 70
2356 2713 2634 2766 Fructum
2668 2722 2803 2761 vero
2835 2705 2979 2761 dicit
3007 2702 3108 2773 qui
3142 2707 3229 2755 est
3276 2716 3384 2770 per
3413 2697 3710 2752 Christum

2058 2806 2280 2858 Jesum.
2304 2802 2403 2854 Est
2420 2799 2579 2852 enim
2603 2793 2877 2866 quadam
2897 2806 3190 2863 apparens
3204 2784 3571 2860 justitia,sed
3593 2801 3713 2839 non

2060 2888 2390 2946 secundum
2417 2884 2736 2949 Christum,
2778 2880 2972 2950 qualis
3004 2883 3094 2933 est
3119 2878 3480 2943 Grmcorum,
3510 2874 3611 2945 qui
3639 2874 3712 2929 ob

2063 2979 2302 3032 inanem
2336 2972 2607 3045 gloriam,
2638 2974 2741 3024 aut
2779 2974 2844 3024 ut
2869 2965 3209 3023 hominibus
3259 2965 3550 3037 placeant,
3586 2962 3714 3033 ejus

2065 3065 2222 3137 quod
2254 3064 2474 3135 iustum
2506 3066 2597 3116 est
2626 3073 2827 3113 curam
2879 3055 3095 3112 habere
3128 3054 3419 3110 videntur.
3470 3051 3634 3117 Quod
3669 3050 3716 3105 si

307 3152 532 3226 πρᾶγμα
560 3147 730 3220 ἔσται,
790 3150 890 3205 οὐκ
946 3150 1024 3213 είς
1082 3147 1239 3221 δόξαν
1298 3151 1458 3227 ἐμήν.
1492 3153 1574 3210 Οὐ
1612 3150 1716 3226 γάρ
1750 3143 1839 3201 διὰ
1893 3147 1956 3203 τὸ

2070 3155 2214 3212 tales
2236 3158 2302 3208 ut
2321 3149 2565 3223 praedixi
2596 3147 2760 3211 estis,
2793 3146 2855 3200 in
2886 3143 3134 3216 gloriam
3168 3141 3271 3197 Dei
3302 3140 3601 3213 negotium
3621 3155 3714 3194 re-

308 3235 407 3312 ἐμὲ
436 3235 762 3309 δοξασθῆναι
791 3240 882 3295 τὸν
917 3236 1265 3312 διδάσκαλον,
1296 3245 1464 3297 ταῦτα
1502 3245 1772 3318 παραινῶ,
1799 3238 1952 3319 φησὶ,

2070 3219 2371 3307 dundabit,
2404 3255 2521 3294 non
2553 3236 2626 3292 ad
2657 3233 2905 3307 gloriam
2929 3247 3143 3287 meam.
3175 3228 3477 3301 Siquidem
3510 3243 3629 3283 non
3652 3231 3717 3282 ut

303 3327 395 3382 καὶ
427 3324 690 3402 εὔχομαι.
724 3328 795 3385 Τὸ
817 3329 922 3406 γάρ
950 3329 1259 3403 γινόμενον,
1301 3330 1456 3410 φησὶ,
1488 3329 1565 3393 εἰς
1619 3327 1774 3398 δόξαν
1821 3332 1954 3384 Θεοῦ

304 3418 392 3472 καὶ
439 3415 659 3475 ἔπαινον
720 3425 1030 3495 προχωρεῖ,
1086 3424 1188 3476 τοῦ
1243 3420 1333 3476 καὶ
1388 3423 1773 3497 συνεργοῦντος
1825 3418 1959 3491 πρὸς

304 3527 489 3564 τουτο.

944 3619 1203 3675 ΚΕΦΑΛ.
1252 3618 1330 3675 Β’.

316 3705 577 3780 Διήγησις
598 3711 697 3772 τῆς
756 3706 948 3762 ἑαυτοῦ
978 3702 1256 3782 διαγωγῆς
1286 3704 1674 3782 ἀγωνιστικῆς,
1726 3706 1815 3761 καὶ
1862 3711 1964 3775 τῆς

993 3778 1324 3854 προθυμίας.

394 3885 687 3940 Γινώσκειν
748 3881 806 3939 δὶ
864 3886 1005 3958 ὑμᾶς
1065 3882 1365 3960 βούλομαι,
1443 3882 1692 3963 ἀδελφοί,
1766 3882 1850 3939 ὅτι
1904 3885 1972 3939 τά

320 3974 436 4027 κατ’
495 3973 590 4047 ἐμὲ
651 3972 867 4049 μᾶλλον
945 3973 1024 4037 εἷς
1104 3974 1394 4044 προκοπὴν
1445 3975 1543 4030 τοῦ
1623 3970 1973 4048 Εὖαγγελίου

324 4060 612 4133 ἐλήλυθεν,
690 4062 831 4119 ὥστε
921 4065 1050 4125 τοὺς
1154 4060 1386 4137 δεσμούς
1502 4084 1609 4136 μου
1712 4062 1977 4140 φανεροὺς

326 4148 378 4205 ἒν
455 4154 684 4226 Χριστῷ
757 4153 1003 4227 γενεσθαι
1108 4152 1159 4207 ἐν
1261 4150 1378 4225 ὅλῳ
1478 4149 1558 4224 τῷ
1647 4149 1976 4225 Πραιτωρίῳ

328 4238 419 4290 καὶ
495 4243 614 4299 τοῖς
698 4235 918 4301 λοιποῖς
972 4246 1125 4309 πᾶσι,
1180 4241 1270 4295 καὶ
1350 4241 1477 4302 τοὺς
1559 4238 1818 4298 πλείονας
1869 4240 1977 4290 τῶν

331 4321 582 4399 ἀδελφῶν
638 4323 693 4378 ἐν
752 4326 943 4399 Κυρίῳ
1007 4327 1335 4390 πεποιθότας
1399 4332 1519 4388 τοῖς
1577 4323 1799 4398 δεσμοῖς
1848 4346 1975 4397 μου,

332 4409 731 4487 περισσοτέρως
761 4411 972 4484 τολμᾷν
1008 4409 1226 4490 ἀφόϐως
1250 4415 1341 4469 τὸν
1384 4413 1553 4490 λόγον
1580 4413 1786 4471 λαλεῖν.
1824 4415 1981 4477 Τινὲς

335 4502 431 4575 μὲν
461 4501 549 4556 καὶ
583 4499 673 4557 διά
702 4502 900 4579 φθόνον
939 4504 1027 4558 καὶ
1059 4496 1194 4577 ἔριν,
1224 4503 1367 4565 τινὶς
1395 4500 1452 4558 δὲ
1480 4504 1569 4559 καὶ
1602 4502 1689 4559 διὰ
1732 4500 1979 4558 εὖέοκίαν

2063 3349 2169 3406 ego
2201 3335 2529 3403 praeceptor
2548 3324 2864 3398 gloriﬁcer,
2891 3322 3017 3377 haec
3037 3320 3326 3376 admoneo
3349 3324 3452 3374 aut
3482 3323 3713 3389 exopto.

2065 3424 2209 3479 Nam
2242 3416 2400 3490 quod
2422 3414 2706 3481 succedit,
2739 3412 2813 3468 ad
2839 3412 2941 3468 Dei
2971 3410 3208 3466 laudem
3240 3414 3299 3464 et
3339 3407 3588 3480 gloriam
3620 3422 3717 3461 ce-

2067 3511 2174 3579 dit,
2207 3507 2308 3581 qui
2340 3505 2523 3561 etiam
2556 3504 2617 3559 in
2649 3503 2760 3557 hoc
2790 3500 3078 3557 auxilium
3109 3497 3352 3570 praebet.

2726 3608 2957 3665 CAPUT
2994 3607 3063 3661 ll.

2076 3705 2334 3762 Narratio
2362 3716 2472 3757 suae
2500 3702 2561 3755 in
2610 3698 2909 3754 certamine
2946 3692 3405 3779 conversationis,
3442 3688 3724 3760 prompti-

2729 3785 2833 3839 que
2863 3782 3056 3821 animi.

2146 3886 2189 3951 Ι,
2226 3883 2406 3938 12-18.
2441 3881 2594 3936 Scire
2623 3884 2806 3932 autem
2838 3890 2929 3928 vos
2958 3872 3101 3938 volo,
3152 3874 3383 3939 fratres,
3430 3866 3577 3935 quod
3605 3879 3729 3935 quae

2076 3974 2215 4030 mihi
2243 3970 2583 4035 acciderunt,
2626 3967 2800 4033 magis
2829 3964 2902 4016 ad
2942 3962 3256 4032 profectum
3305 3953 3589 4024 Evangelii
3616 3969 3731 4007 eve-

2076 4067 2316 4118 nerunt:
2353 4060 2431 4112 ita
2477 4062 2537 4111 ut
2570 4052 2791 4109 vincula
2837 4066 2959 4104 mea
3002 4049 3296 4116 manifesta
3339 4049 3491 4115 facta
3531 4044 3641 4099 sint
3672 4044 3729 4095 in

2081 4151 2295 4206 Christo
2323 4149 2382 4202 in
2414 4152 2527 4200 toto
2565 4142 2833 4215 praetorio
2880 4155 2945 4194 ac
2993 4139 3201 4193 caeteris
3231 4135 3519 4190 omnibus:
3561 4139 3731 4201 utque

2074 4240 2266 4311 plures
2295 4252 2364 4290 ea:
2391 4232 2662 4305 fratribus
2678 4232 2736 4284 in
2759 4228 2988 4283 Domino
3015 4225 3151 4295 freti
3181 4223 3414 4279 vinculis
3435 4223 3587 4288 meis,
3609 4219 3733 4275 ube-

2082 4308 2197 4385 rius
2243 4325 2508 4381 auderent
2574 4319 2847 4390 impavide
2884 4330 3178 4371 sermonem
3242 4311 3417 4381 loqui.
3472 4308 3735 4366 Nonnulli

2083 4417 2304 4489 quidem
2328 4429 2430 4484 per
2458 4409 2729 4466 invidiam
2757 4413 2808 4463 et
2855 4404 3270 4469 contentionem,
3314 4398 3571 4453 nonnulli
3610 4412 3734 4450 vero

2085 4486 2135 4563 et
2174 4510 2404 4577 propter
2461 4502 2661 4556 bonam
2702 4497 3041 4552 voluntatem
3087 4493 3363 4546 Christum
3402 4486 3732 4558 praedicant.

329 4590 421 4647 τὸν
478 4578 721 4666 Χριστὸν
765 4590 1151 4667 κηρύσσουσιν.
1210 4593 1276 4650 Οἱ
1332 4592 1432 4666 μὲν
1490 4593 1541 4664 ἐξ
1597 4592 1825 4668 ὶριθείας
1888 4592 1961 4648 te»

2088 4596 2208 4654 Alii
2238 4594 2457 4666 quidem
2488 4608 2556 4645 ea:
2586 4589 2932 4645 contentione
2954 4584 3228 4641 Christum
3257 4578 3596 4634 annuntiant
3623 4590 3733 4629 non

333 4684 574 4758 Χριστὸν
606 4681 1076 4761 καταγγέλλουσιν
1110 4683 1215 4742 οὐχ
1262 4686 1456 4762 ἁγνῶς.
1515 4685 1759 4761 οἶόμενοι
1791 4684 1977 4758 θλίψιν

334 4772 605 4849 ἐπιφέρειν
637 4778 754 4835 τοῖς
787 4771 1009 4847 δεσμοῖς
1042 4796 1165 4847 μου.
1198 4776 1265 4833 Οἱ
1296 4773 1354 4831 δὲ
1410 4775 1462 4847 ἐξ
1493 4776 1729 4851 ἀγάπης,
1778 4772 1980 4834 εἰδότες

338 4862 420 4916 ὅτι
454 4861 530 4925 εἷς
579 4859 881 4934 ἀπολογίαν
930 4867 1027 4917 τοῦ
1082 4862 1420 4937 Εὐαγγελίου
1475 4870 1683 4939 κεῖμαι.
1742 4863 1804 4920 Τί
1834 4863 1979 4938 γάρ;

339 4950 491 5021 Πλὴν
555 4948 713 5005 παντί
785 4949 995 5022 τρόπῳ,
1069 4948 1176 5005 εἴτε
1229 4953 1517 5029 προφάσει,
1590 4950 1698 5007 εἴτε
1752 4950 1984 5022 ἀληθείᾳ

337 5040 569 5115 Χριστὸς
601 5037 1049 5114 καταγγέλλεται,
1079 5041 1168 5094 καὶ
1202 5037 1452 5112 ἐντούτῳ
1482 5042 1686 5115 χαίρω,
1718 5038 1862 5095 ἀλλά
1890 5039 1982 5094 καὶ

337 5133 680 5205 χαρήσομαι.

413 5217 575 5280 Εἰκὸς
605 5220 670 5287 ἦν
702 5216 897 5279 αὐτοὺς
934 5216 1203 5290 μαθόντας
1231 5216 1314 5272 ’ὁτι
1347 5215 1579 5286 δέδεται,
1611 5214 1980 5291 θορυϐεῖσθαι,

342 5306 416 5368 ὡς
446 5310 543 5361 τοῦ
574 5306 926 5381 κηρύγματος
957 5302 1047 5361 διὰ
1073 5305 1267 5361 τούτου
1326 5304 1783 5379 ὲμποδιζόμὲνου.
1814 5312 1980 5361 Τουτο

346 5394 441 5447 οὗν
471 5415 624 5471 φησι,
659 5391 866 5456 δεικνὺς
925 5393 1008 5450 ὅτι
1065 5394 1130 5449 ού
1174 5395 1339 5466 μόνον
1391 5394 1490 5451 ούκ
1518 5392 1863 5469 ἐμποδισμὸς
1917 5394 1983 5450 τά

343 5481 515 5557 δεσμά
569 5483 757 5561 γέγονε
784 5505 881 5539 του
935 5479 1301 5559 Εὖαγγελίου,
1360 5482 1507 5541 ἀλλά
1556 5484 1648 5541 καὶ
1701 5487 1980 5558 προκοπή.

339 5573 445 5631 Καὶ
474 5573 619 5649 λέγει
639 5574 739 5642 τήν
771 5573 973 5629 αῗτίαν.
1009 5597 1036 5626 α
1069 5572 1194 5629 Ὀτι
1224 5572 1291 5627 τά
1318 5575 1435 5628 κατ’
1467 5572 1583 5647 ἐμά.
1620 5599 1647 5625 ››
1679 5573 1982 5637 Φιλουντος

336 5664 424 5735 ἦν,
456 5664 519 5718 τὸ
553 5660 849 5734 δηλουντά
880 5663 993 5716 κατ’
1040 5661 1226 5720 αὐτόν.
1275 5686 1302 5712 ‹‹
1360 5664 1519 5718 Ὥστε
1566 5662 1691 5725 τοὺς
1751 5661 1982 5738 δεσμούς

2082 4663 2653 4758 pura—existimantes
2700 4692 2810 4731 sese
2852 4674 3213 4743 afﬂictionem
3260 4668 3463 4723 addere
3503 4663 3736 4719 vinculis

2089 4752 2259 4832 meis:
2291 4770 2401 4828 alii
2430 4784 2648 4825 rursum
2678 4783 2748 4820 ea:
2776 4764 3063 4829 charitate,
3094 4761 3322 4815 scientes
3351 4756 3501 4829 quod
3546 4756 3603 4809 in
3642 4752 3734 4808 de-

2089 4866 2389 4934 fensionem
2421 4856 2706 4927 Evangelii
2735 4854 3057 4909 constitutus
3084 4848 3208 4905 sim.
3241 4848 3384 4913 Quid
3410 4846 3551 4901 enim
3571 4846 3600 4899 ?
3643 4845 3735 4898 At-

2092 4960 2271 5007 tamen
2302 4950 2493 5019 quovis
2522 4945 2681 5000 modo
2708 4945 2819 4999 sive
2841 4956 2946 5011 per
2973 4936 3330 5003 occasionem,
3369 4937 3480 4990 sive
3500 4949 3604 5005 per
3640 4948 3734 4986 ve-

2090 5042 2314 5096 ritatem
2346 5038 2593 5095 Christus
2622 5032 3014 5096 annuntiatur,
3048 5033 3099 5082 et
3131 5028 3187 5081 in
3217 5025 3315 5080 hoc
3337 5023 3567 5095 gaudeo,
3599 5023 3735 5093 quin

2093 5131 2269 5199 etiam,
2287 5125 2516 5196 gaudeo.

2167 5213 2497 5271 Verisimile
2525 5216 2651 5267 erat
2681 5211 2842 5282 ipsos
2871 5223 3005 5262 cum
3035 5203 3382 5260 didicissent
3406 5199 3563 5272 quod
3592 5198 3733 5267 liga-

2094 5314 2188 5363 tus
2219 5308 2396 5368 esset,
2419 5301 2685 5357 turbatos
2715 5315 2865 5361 esse,
2891 5302 3170 5366 tauquam
3192 5290 3476 5363 impedita
3496 5302 3601 5357 per
3620 5284 3730 5337 hoc

2095 5392 2538 5469 prmdicatione.
2576 5389 2634 5444 ld
2683 5388 2861 5461 igitur
2890 5385 2992 5447 ait,
3046 5381 3370 5469 ostendens
3415 5370 3575 5469 quod
3610 5386 3726 5425 non

2096 5458 2289 5540 solum
2312 5478 2548 5536 vincula
2567 5494 2687 5533 non
2709 5458 2832 5532 sint
2850 5473 3004 5530 facta
3021 5467 3316 5540 Evangelii
3346 5458 3731 5531 impedimen-

2094 5580 2244 5637 tum,
2268 5570 2371 5626 sed
2400 5568 2546 5623 illud
2578 5565 2767 5639 magis
2795 5559 3229 5636 promoverint:
3269 5555 3306 5607 7
3321 5553 3356 5605 1
3396 5554 3456 5603 et
3493 5560 3732 5639 causam

2097 5661 2276 5718 dicit:
2316 5657 2533 5725 «Quod
2582 5637 2713 5727 qua}
2771 5654 2916 5710 mihi
2963 5646 3325 5705 acciderunt.
3378 5659 3400 5687 ι
3465 5637 3731 5691 Amantia
