4096 6194
434 352 588 411 71267
1551 344 1970 409 (ECUMENII
2012 344 2319 408 TRICCIE
2368 344 2723 409 EPISCOPI
3724 346 3888 408 1263

432 490 578 553 erat,
606 483 937 557 signiﬁcare
971 498 1102 554 quas
1132 481 1245 537 sibi
1281 482 1673 553 contigerant.
1709 505 1737 532 «
1759 483 1848 539 Ita
1878 486 1944 539 ut
1966 480 2087 538 vin-

2202 498 2328 553 μου.
2362 501 2390 531 »
2424 475 2561 536 Οὔτε
2587 481 2693 559 γάρ
2749 483 2801 537 οἱ
2833 478 3027 556 δεσμοί
3078 504 3206 559 μου,
3238 485 3427 564 φησὶν,
3464 487 3519 543 οἱ
3550 490 3707 542 κατά
3738 491 3888 560 Χρε-

430 574 565 629 cula
593 588 744 628 mea.
796 594 825 623 »
858 574 1055 645 Neque
1106 574 1265 629 enim
1322 573 1557 630 vincula
1600 589 1754 643 mea,
1803 590 1934 646 qua;
1965 589 2070 646 pro

2202 567 2304 622 ιτὸν
2343 562 2670 645 ἐκρύϐησαν,
2730 569 2878 628 ἄλλά
2933 569 3097 644 δῆλοι
3158 562 3444 653 γεγόνασιν
3501 572 3560 631 ἔν
3621 596 3892 651 1:535:12-

427 664 657 720 Christo
677 666 939 719 sustineo
963 664 1251 719 occultata
1282 670 1439 732 sunt,
1481 664 1696 736 inquit,
1739 662 1842 719 sed
1877 666 2070 720 mani-

2202 658 2389 732 εωρίῳ,
2421 655 2695 731 τουτέστι,
2726 666 2805 735 τῷ
2837 657 3109 738 παλατίῳ,
3165 663 3257 720 καὶ
3317 664 3370 723 ἐν
3439 671 3566 727 τοῖς
3626 663 3890 726 λοιποῖς.

421 755 636 809 testata
666 758 804 809 sunt
833 758 891 809 et
939 754 1000 809 in
1049 754 1346 825 praetorio,
1375 753 1433 808 id
1485 760 1591 822 est,
1649 752 1888 826 palatio,
1921 760 1980 809 et
2012 754 2073 808 in

2202 746 2287 803 hi
2320 745 2369 802 τί
2405 747 2541 823 πρὸς
2573 751 2739 805 τοῦτο
2776 770 2790 822 ;
2850 751 3000 821 ’⁸οτι,
3055 752 3241 831 φησὶν,
3302 753 3363 810 ἐκ
3400 754 3614 810 τούτου
3683 754 3892 827 θάρσος

423 843 653 899 caeteris
699 841 862 898 locis.
890 844 961 898 Et
998 843 1140 915 quid
1163 842 1301 898 inde
1344 843 1729 914 consequitur
1749 842 1776 898 ?
1806 843 1971 908 Quod
2003 859 2072 898 ex

2202 833 2362 911 ’ἒγονε
2411 838 2549 900 τοῖς
2585 844 2822 907 πιστοῖς,
2880 839 2970 895 καὶ
3024 838 3151 907 ὁδὸς
3200 838 3546 919 ἐπιστροφῆς
3612 841 3891 899 πολλοῖς

424 932 536 987 hoc
558 931 811 987 accrevit
834 930 1083 987 audacia
1113 931 1411 995 ﬁdelibus.
1435 937 1490 987 et
1521 931 1611 988 via
1642 930 1715 988 ad
1739 931 2073 988 conversio-

2202 929 2286 980 ςῶν
2348 924 2611 986 ἀπίστων.
2674 953 2701 980 ‹‹
2766 928 2852 986 ‘Ev
2911 929 3134 1005 Χριστῷ
3193 934 3464 1008 γενέσθαι·
3530 958 3562 986 ››
3638 932 3677 1001 ἢ
3758 935 3893 995 τῦῦς

426 1037 564 1077 nem
595 1020 799 1076 multis
828 1019 1184 1077 inﬁdelibus.
1218 1042 1246 1071 ‹‹
1294 1020 1468 1076 Facta
1498 1021 1619 1076 sint
1648 1020 1711 1077 in
1760 1018 2011 1078 Christo.
2045 1041 2074 1071 »

2202 1036 2232 1067 ,v
2266 1017 2487 1090 Χριστῷ
2520 1013 2782 1098 δεσμοὺς,
2812 1019 3086 1090 τουτέστι,
3136 1018 3265 1083 τοὺς
3316 1016 3407 1077 διά
3437 1026 3730 1098 Χριστὸν,
3794 1023 3890 1077 ἶνα

423 1113 541 1166 Aut
572 1108 729 1181 quod
751 1109 983 1165 vincula
1005 1108 1227 1165 fuerint
1251 1110 1311 1165 in
1331 1106 1583 1179 Christo,
1618 1110 1675 1165 id
1694 1115 1802 1178 est,
1835 1114 2081 1184 propter

2202 1104 2366 1175 ςκαθ⁹
2398 1096 2763 1181 ὑπερϐατὸνὴ
2817 1106 3082 1180 σύνταξις
3139 1107 3174 1179 ἢ
3229 1109 3358 1171 τοὺς
3415 1096 3670 1185 δεσμούς
3722 1132 3892 1190 qua.

426 1198 748 1262 Christum,
781 1205 848 1255 ut
876 1215 983 1271 per
1010 1199 1380 1273 hyperbaton
1428 1200 1503 1255 sit
1543 1199 1931 1272 compositio:
1979 1201 2080 1254 aut

2202 1190 2313 1256 τοὺς
2369 1192 2420 1248 ἐν
2478 1194 2698 1271 Χριστῷ
2746 1195 3006 1277 φανεροὺς
3065 1200 3484 1275 γεγενημένους.
3542 1199 3891 1268 Τουτὲπιν,

426 1289 664 1344 vincula
692 1288 834 1344 dicit
881 1289 1037 1344 facta
1075 1288 1135 1344 in
1178 1289 1410 1345 Christo
1442 1288 1778 1359 manifesta,
1829 1289 1938 1344 hoc
1968 1290 2077 1357 est,

2202 1277 2413 1355 ιύδοκίᾳ
2468 1284 2558 1338 καὶ
2620 1283 2911 1363 οἰκονομίᾳ
2961 1284 3200 1363 Χριστοῦ
3260 1287 3713 1367 φανερωθέντας.
3788 1292 3889 1346 Καὶ

427 1394 534 1449 per
563 1378 779 1433 Christi
810 1377 1251 1451 beneplacitum
1274 1383 1332 1433 et
1352 1377 1861 1451 dispensationem
1894 1377 2082 1433 mani-

2202 1369 2287 1447 (ἂρ
2320 1368 2474 1427 οὖδὶν
2502 1374 2567 1442 ἦν
2603 1371 2635 1428 ὅ
2666 1375 2891 1455 πάσχων
2926 1377 3017 1432 καὶ
3047 1377 3323 1453 κατορθῶν
3379 1377 3641 1449 Παῦλος,
3695 1379 3751 1434 εἰ
3789 1379 3891 1434 of»:

428 1468 664 1525 testata.
708 1468 939 1525 Etenim
987 1468 1139 1525 nihil
1185 1468 1395 1525 fuisset
1442 1468 1600 1540 quod
1659 1467 1995 1541 patiebatur
2025 1471 2084 1523 et

2202 1458 2434 1537 ίνέφερεν
2465 1460 2541 1525 εἷς
2573 1463 2828 1539 Χριστόν.
2864 1465 2955 1535 Ἥ,
2989 1465 3207 1523 ἐκείνων
3273 1468 3324 1524 ἐν
3358 1472 3601 1543 Χριστῷ
3665 1471 3721 1524 οἱ
3797 1467 3890 1525 δι-

427 1564 589 1613 recte
621 1557 978 1631 operabatur
1001 1558 1240 1623 Paulus,
1273 1559 1389 1613 nisi
1422 1558 1496 1613 ad
1518 1556 1813 1613 Christum
1843 1557 2083 1613 retulis-

2202 1550 2323 1624 τμοὶ
2356 1555 2731 1631 φανεροῦνται,
2782 1556 2888 1609 τῶν
2950 1554 3028 1630 μὴ
3087 1557 3203 1611 κατ’
3261 1553 3517 1628 ἐπίδειξίν
3577 1579 3641 1613 τι
3697 1579 3891 1632 πρατ-

431 1653 539 1702 set.
566 1652 700 1713 Aut,
724 1645 962 1703 illorum
986 1647 1045 1702 in
1080 1647 1310 1703 Christo
1340 1645 1573 1702 vincula
1603 1646 2081 1716 manifestantur,

2202 1637 2410 1707 πόντων,
2444 1636 2573 1695 ἄλλ’
2610 1641 2785 1706 οὓτως
2826 1643 3195 1720 πραττόντων,
3253 1643 3391 1702 ὥστε
3420 1647 3551 1708 τοὺς
3621 1648 3889 1722 ὁρῶντας

435 1736 535 1808 qui
568 1736 720 1791 nihil
752 1734 825 1791 ad
852 1736 1313 1791 ostentationem
1345 1740 1546 1809 agunt,
1567 1733 1669 1791 sed
1693 1736 1775 1791 ita
1804 1741 1990 1809 agunt
2017 1740 2086 1791 ut

2202 1724 2537 1806 ὗφελεῖσθαι,
2568 1729 2657 1785 καὶ
2688 1732 2779 1787 τὸν
2815 1730 2866 1787 ἐν
2900 1732 3152 1809 οὐρανοῖς
3202 1731 3439 1806 δοξάζειν
3497 1737 3666 1793 Θεόν.
3701 1762 3735 1790 κ
3790 1738 3886 1792 ιῖαὲ

433 1828 668 1897 prosint
698 1824 1150 1897 aspicientibus,
1183 1829 1243 1880 et
1272 1824 1609 1898 glorificent
1654 1825 1841 1880 Deum
1890 1824 1989 1895 qui
2022 1824 2083 1879 in

2202 1814 2321 1880 τοὺς
2350 1814 2613 1883 πλείονας
2636 1824 2746 1876 τῶν
2774 1818 3025 1901 ἀδελφῶν
3058 1822 3108 1878 ἐν
3141 1825 3344 1900 Κυρίῳ.
3378 1848 3407 1877 υ
3448 1822 3695 1897 Ἐπειδή
3736 1828 3884 1895 εἷπε,

2202 1912 2229 1924 ..
2254 1905 2265 1923 .
2464 1910 2477 1924 .
2528 1905 2554 1924 κ
2700 1908 2716 1924 .
2879 1907 2890 1924 .
3162 1910 3173 1924 ,
3279 1910 3320 1924 ο..
3401 1912 3413 1924 .
3675 1912 3729 1924 .-
3759 1915 3776 1924 -

431 1915 589 1971 caelis
616 1920 723 1971 est.
759 1939 785 1965 ‹‹
813 1917 999 1986 thue
1033 1914 1233 1987 plures
1266 1931 1336 1970 ex
1366 1913 1647 1970 fratribus
1670 1912 1731 1969 in
1754 1913 2023 1970 Domino.
2052 1936 2080 1964 »

2202 1905 2402 1982 Θάρσος
2433 1910 2483 1963 οἱ
2526 1905 2717 1984 δεσμοὶ
2749 1907 3052 1987 παρέσχον,
3109 1910 3244 1990 μέγα
3275 1910 3334 1968 δὲ
3362 1912 3425 1970 τὸ
3457 1914 3622 1992 ῥῆμα
3668 1912 3883 1981 ἐδόκει,

428 2005 715 2071 Quoniam
747 2003 897 2059 dixit
946 2003 1181 2061 vincula
1224 2002 1528 2061 audaciam
1578 2003 1922 2075 praebuisse,
1956 2019 2080 2060 ma-

2202 1988 2401 2072 ἒπᾶγει,
2437 2019 2465 2050 ι(
2505 1997 2594 2055 Ἐν
2627 1997 2866 2076 Κυρίῳ,››
2896 2000 3164 2074 τουτέστι,
3195 2001 3291 2057 Διὰ
3315 2004 3408 2058 τὸν
3440 2003 3683 2078 Κύριον.
3720 2029 3757 2056 ιι
3790 2006 3887 2062 Πε-

426 2110 606 2165 gnum
638 2100 836 2149 autem
870 2093 927 2149 id
958 2093 1284 2162 videbatur,
1338 2093 1677 2167 subjungit:
1710 2094 1777 2148 In
1807 2091 2080 2161 Domino,

428 2180 488 2236 id
520 2186 629 2249 est,
661 2187 904 2253 propter
934 2183 1272 2238 Dominum.
1308 2206 1335 2233 ι
1382 2182 1538 2239 Freti
1568 2180 1815 2237 vinculis
1846 2182 2016 2238 meis.
2054 2203 2082 2231 »

433 2270 823 2340 Sumpserunt
874 2271 1031 2325 enim
1081 2270 1391 2327 audaciam
1424 2271 1757 2327 confirmati
1799 2270 1871 2327 ad
1904 2270 2083 2327 ﬁdem

430 2374 538 2430 per
566 2358 731 2415 Pauli
764 2359 1015 2415 vincula.
1050 2361 1193 2415 Nam
1226 2360 1500 2416 aiebant:
1542 2362 1661 2416 Nisi
1694 2361 1898 2417 divina
1930 2366 2087 2417 esset

430 2448 792 2520 praedicatio,
828 2464 1021 2521 neque
1051 2449 1272 2505 Paulus
1306 2450 1627 2505 sustineret
1657 2467 1763 2523 pro
1796 2451 1924 2523 ipsa
1964 2449 2087 2506 vin-

428 2536 557 2592 ciri.
594 2536 710 2593 Hoc
744 2536 923 2593 etiam
974 2537 1247 2609 superius
1296 2537 1476 2593 dixit:
1527 2538 1589 2594 In
1632 2538 2086 2596 confirmatione

427 2626 748 2698 Evangelii.
826 2626 1132 2698 Siquidem
1191 2625 1634 2698 prmdicationis
1705 2628 2084 2684 confirmatio

433 2721 600 2771 erant
629 2713 881 2771 vincula.
915 2739 943 2766 «
980 2715 1228 2771 Uberius
1246 2716 1554 2772 auderent.
1591 2740 1619 2767 ››
1650 2717 1882 2774 Etenim
1907 2718 2083 2773 etiam

433 2810 610 2861 antea
650 2805 1071 2876 loquebantur,
1122 2822 1281 2861 nunc
1330 2813 1526 2862 autem
1554 2807 1827 2879 amplius.
1867 2831 1895 2858 «
1924 2806 2084 2862 Non-

432 2895 583 2949 nulli
616 2894 858 2966 quidem
888 2912 995 2968 per
1026 2893 1326 2951 invidiam.
1352 2918 1379 2945 ››
1410 2896 1698 2961 Quoniam
1722 2901 1927 2968 captus
1961 2900 2085 2952 erat

428 2983 669 3048 Paulus,
693 2983 864 3039 multi
898 2984 1187 3040 increduli
1212 2985 1473 3041 volentes
1496 2986 1568 3041 ad
1594 2986 1743 3042 iram
1768 3002 2084 3058 provocare

432 3075 746 3143 Neronem,
778 3079 844 3129 ut
872 3076 1116 3130 omnino
1148 3075 1397 3131 Paulum
1431 3074 1745 3140 occideret,
1799 3076 2084 3148 praedica-

435 3163 580 3220 bant
609 3162 928 3233 Christum,
972 3169 1039 3218 nt
1085 3163 1223 3219 dum
1272 3164 1503 3219 audiret
1554 3165 1704 3219 Nero
1754 3163 2081 3236 dispersam

2195 2082 2458 2167 ποιθότας
2516 2090 2632 2149 τοῖς
2691 2084 2915 2161 δεσμοῖς
2976 2111 3102 2163 μου.
3167 2114 3194 2142 ››
3254 2090 3458 2164 Θάρσος
3500 2091 3613 2167 γάρ
3678 2091 3890 2153 αὖτοᾶ

2193 2163 2379 2244 ἔλαϐε,
2418 2167 2811 2248 βεϐαιωθέντας
2862 2173 2950 2231 διὰ
3008 2183 3116 2233 τῶν
3178 2163 3399 2236 Παύλου
3457 2163 3689 2255 δεσμῶν
3731 2181 3879 2256 πρὸς

2192 2261 2293 2330 τήν
2323 2263 2536 2321 πίστιν.
2577 2263 2638 2320 Εἰ
2670 2264 2773 2343 γάρ
2809 2267 2885 2339 μὴ
2919 2268 3065 2322 θεῖον
3120 2266 3211 2339 ἦν,
3271 2270 3426 2345 φησὶ,
3481 2268 3547 2325 τὸ
3608 2271 3892 2346 κήρυγμα

2202 2348 2306 2405 οὐκ
2335 2351 2395 2405 ἅν
2421 2351 2449 2406 ὁ
2480 2351 2700 2417 ΙΙαῦλος
2728 2352 2981 2434 ἠνείχετο
3014 2355 3149 2431 ὑπὲρ
3181 2353 3344 2412 αὐτοῦ
3385 2354 3667 2422 δεδέσθαι.
3704 2360 3887 2417 Τοῦτο

2195 2435 2285 2491 καὶ
2319 2434 2426 2492 ἂνω
2460 2439 2595 2495 εἶπε.
2622 2432 2942 2511 Βεϐαιώσει,
2976 2440 3134 2520 φησὶ,
3172 2445 3270 2497 τοῦ
3322 2441 3706 2520 Εὖαγγελίου.
3774 2449 3889 2502 Βε-

2197 2529 2426 2598 ϐαίωσις
2457 2538 2559 2611 γάρ
2612 2541 2709 2593 τοῦ
2760 2538 3136 2614 κηρύγματος,
3196 2540 3263 2597 τά
3318 2538 3491 2615 δεσμά
3554 2547 3665 2599 τοῦ
3727 2542 3881 2621 Ertio:

2199 2623 2441 2682 Παύλου.
2481 2647 2502 2676 ι
2537 2627 2962 2705 Περισσοτέρως,
2991 2627 3223 2703 τολμᾷν.
3260 2655 3287 2683 ››
3317 2630 3416 2686 Καὶ
3447 2631 3558 2708 γὰρ
3592 2633 3878 2708 πρότερον

2197 2712 2456 2781 ἐλάλουν,
2486 2719 2577 2770 νῦν
2611 2713 2668 2771 δὲ
2698 2715 2910 2776 πλεῖον.
2944 2739 2974 2773 (ι
3007 2717 3164 2781 Τινὲς
3196 2719 3292 2793 μὶν
3333 2720 3423 2775 καὶ
3454 2717 3549 2776 διά
3578 2723 3806 2801 φθόνον.
3836 2744 3861 2775 ι

2198 2801 2421 2874 Ἐπειδὴ
2464 2802 2768 2880 κατεσχέθη
2824 2806 2852 2860 ὁ
2912 2802 3152 2879 Παῦλος,
3209 2806 3416 2864 πολλοὶ
3463 2813 3578 2865 τῶν
3619 2809 3863 2866 ἀπίστων

2202 2889 2530 2967 βουλόμενοι
2586 2894 2660 2957 εἷς
2710 2895 2880 2972 ὀργὴν
2937 2896 3159 2972 ἀγαγεῖν
3214 2897 3307 2952 τὸν
3366 2899 3590 2973 Νέρωνα
3650 2899 3725 2960 εἰς
3774 2898 3838 2954 τό

2196 2978 2408 3043 πάντως
2468 2980 2626 3038 αύτὸν
2685 2983 2963 3063 φονεῦσαι,
3048 2982 3347 3061 ἐκήρυσσον
3424 2988 3521 3042 τὸν
3589 2990 3824 3061 Χριστὸν,

2191 3068 2285 3123 ’ἱνα
2341 3069 2575 3134 ἀκούσας
2642 3074 2670 3128 ὁ
2744 3074 2934 3150 Νέρων
3007 3076 3071 3131 τὸ
3144 3078 3403 3154 κήρυγμα
3455 3079 3845 3152 κατασπαρῧέν,

2194 3158 2286 3212 τὸν
2319 3160 2517 3216 τούτου
2551 3160 2739 3217 αἳτιον
2775 3162 2991 3220 Παῦλον
3020 3163 3336 3241 ἀποκτείνῃ.
3359 3168 3451 3239 Ἢ,
3482 3166 3572 3222 ὅτι
3610 3167 3775 3223 αὐτοὶ
3792 3183 3867 3222 τι’

443 3252 954 3325 praedicationem,
984 3254 1161 3325 hujus
1198 3258 1499 3308 auctorem
1528 3253 1773 3309 Paulum
1798 3253 2091 3308 interime-

2218 3252 2420 3320 μᾶσθαι
2496 3248 2827 3325 βουλόμενοι
2886 3250 3125 3329 (μεγάλη
3192 3224 3513 3330 γὰργῆνιὴ
3572 3257 3720 3330 tua},
3772 3261 3867 3312 τοῦ

446 3345 706 3413 ret.Aut,
727 3343 886 3414 quod
912 3342 1024 3413 ipsi
1049 3342 1108 3396 in
1133 3343 1319 3414 pretio
1345 3341 1549 3398 haberi
1571 3342 1808 3413 vellent,
1834 3342 2108 3417 (magnus

452 3431 748 3503 siquidem
779 3437 905 3487 erat
929 3430 1098 3486 Pauli
1129 3431 1363 3504 honor,)
1404 3432 1584 3489 etiam
1629 3450 1763 3490 cum
1813 3432 2106 3490 increduli

450 3525 670 3585 essent,
703 3518 1112 3591 praedicabant
1135 3516 1457 3575 Christum.
1491 3544 1518 3572 «
1554 3520 1837 3577 Nonnulli
1883 3537 2017 3577 vero
2049 3527 2107 3577 et

457 3614 698 3682 propter
722 3607 940 3663 bonam
974 3607 1359 3663 voluntatem.
1387 3628 1413 3660 ιι
1453 3612 1702 3681 Propter
1732 3610 1931 3673 ﬁdem,
1964 3628 2099 3682 pro-

441 3706 572 3771 pter
593 3698 960 3766 charitatem,
984 3704 1226 3770 propter
1256 3697 1471 3754 bonam
1505 3704 1768 3753 mentem
1798 3714 1867 3753 ac
1894 3714 2101 3755 sanam

438 3790 862 3846 intentionem.
896 3809 924 3840 «
954 3788 1070 3844 Alii
1103 3787 1343 3858 quidem
1371 3805 1442 3842 ex
1476 3788 1875 3843 contentione.
1915 3810 1941 3837 ››
1972 3790 2105 3842 Per-

441 3879 680 3950 tinacia,
713 3878 954 3947 invidia,
988 3880 1138 3934 rixa.
1189 3902 1215 3929 ‹‹
1248 3879 1372 3933 Non
1407 3892 1574 3949 pure.
1607 3897 1637 3928 κ
1671 3877 1789 3931 Ηοο
1838 3880 1949 3946 est,
1979 3892 2100 3932 non

445 3986 512 4025 ex
544 3987 691 4041 puro
719 3968 916 4035 corde,
964 3968 1375 4023 existimantes
1421 3981 1550 4021 sese
1581 3965 1655 4020 ad
1708 3965 1904 4037 majus
1948 3965 2101 4037 peri-

443 4057 643 4112 culum
676 4062 734 4111 et
780 4056 1166 4110 afflictionem
1219 4072 1288 4110 ex
1314 4056 1424 4109 hoc
1475 4054 1671 4125 ipsum
1715 4053 2096 4123 deducturos,

432 4145 606 4215 juxta
637 4159 705 4198 ea
736 4157 867 4214 qum
891 4142 1164 4213 superius
1192 4142 1410 4213 scripta
1433 4147 1590 4197 sunt.
1623 4160 1644 4190 ι
1678 4142 2096 4199 Existimantes

438 4229 845 4286 afﬂictionem.
868 4251 896 4279 υ
917 4232 1041 4284 Νοη
1075 4230 1235 4284 enim
1254 4231 1334 4284 ita
1366 4229 1614 4302 contigit
1631 4235 1694 4286 ut
1717 4231 2060 4288 arbitraban
2078 4263 2092 4273 -

439 4325 556 4386 tur,
582 4320 678 4377 72
709 4332 848 4375 nam
879 4318 951 4373 ob
974 4319 1099 4374 ιιωο
1122 4335 1227 4391 ego
1260 4319 1513 4390 amplius
1543 4320 1892 4394 gaudebam.
1928 4346 1947 4371 ι
1979 4321 2095 4376 Alii

439 4425 678 4467 rursum
702 4425 771 4465 ex
797 4408 1104 4465 charitate.
1131 4431 1155 4456 υ
1181 4408 1318 4478 Alii,
1348 4406 1563 4480 inquit,
1599 4426 1669 4465 ex
1691 4426 1893 4466 amore
1915 4426 2093 4482 quem

444 4516 581 4574 erga
610 4499 925 4556 Dominum
986 4505 1043 4553 ct
1072 4514 1210 4572 erga
1262 4514 1357 4553 me
1403 4499 1704 4572 gerebant.
1745 4524 1771 4551 ι(
1832 4501 2091 4556 Scientes

2213 3335 2477 3412 Παύλου),
2532 3341 2622 3396 καὶ
2680 3362 2845 3397 ταυτα
2903 3342 3123 3398 ’ἄπιστοι
3179 3339 3355 3414 ὄντες,
3413 3343 3726 3421 ἐκήρυσσον
3781 3348 3871 3401 τὸν

2212 3425 2467 3501 Χριστόν.
2502 3454 2529 3481 ‹‹
2564 3430 2720 3492 Τινὲς
2753 3426 2927 3485 δὲκαὶ
2970 3427 3060 3486 διά
3114 3428 3385 3489 εὐδοκίαν.
3422 3458 3449 3484 ››
3512 3434 3614 3488 Διὰ
3671 3434 3871 3502 πίστιν,

2211 3511 2282 3569 δι’
2312 3515 2551 3590 ἀγάπην,
2586 3514 2677 3572 διά
2705 3519 2940 3593 γνώμην
2980 3519 3070 3574 καὶ
3104 3519 3312 3596 βουλὴν
3356 3521 3584 3598 ἀγαθήν.
3613 3547 3647 3573 ι(
3682 3524 3756 3581 Οἱ
3779 3524 3872 3596 μὶν

2210 3601 2259 3677 ἐξ
2291 3602 2548 3676 ἐριθείας,
2589 3604 2649 3660 ἐκ
2707 3606 3044 3685 φιλονεικίας
3100 3606 3191 3663 καί
3254 3610 3456 3690 ιρθόνου
3512 3611 3607 3666 καὶ
3672 3610 3870 3690 ἔριδος.

2212 3714 2240 3744 α
2281 3693 2407 3773 Οὐχ
2454 3696 2658 3770 ἁγνῶς.
2723 3718 2752 3748 ››
2788 3696 3103 3769 Τουτὲστιν,
3156 3699 3260 3754 οὐκ
3315 3699 3420 3754 ἀπὸ
3467 3706 3718 3776 καθαρᾶς
3746 3722 3873 3777 καρ-

2208 3779 2344 3854 δίας,
2427 3783 2737 3857 νομίζοντες
2802 3785 2862 3841 ἐκ
2907 3785 3102 3842 τούτου
3162 3787 3243 3850 είς
3326 3788 3546 3863 μείζονα
3616 3789 3867 3847 κίνδυνον

2204 3871 2295 3925 καὶ
2355 3870 2542 3948 θλίψιν
2601 3879 2881 3946 καθιστᾷν,
2962 3876 3102 3931 κατὰ
3154 3875 3223 3933 τά
3301 3876 3413 3932 ἅνω
3470 3899 3867 3957 παραγεγραμ·

2208 3958 2406 4033 μὲνα.‹‹
2429 3961 2691 4035 Οἱόμενοι
2720 3962 2924 4038 θλίψιν.
2961 3986 2989 4016 ›)
3021 3964 3098 4022 Οὐ
3128 3965 3228 4043 γάρ
3260 3963 3431 4030 οὕτως
3463 3963 3768 4026 ἀπέϐαινεν
3800 3972 3867 4031 ὡς

2204 4048 2472 4122 ἐνόμιζον.
2504 4050 2646 4126 Ἐγὼ
2677 4052 2781 4127 γάρ
2817 4051 2987 4108 πλέον
3050 4053 3136 4109 ἐπὶ
3196 4055 3414 4118 τούτοις
3455 4054 3712 4132 ἔχαιρον.
3750 4084 3777 4112 α
3804 4060 3866 4117 0':

2202 4134 2259 4192 δὲ
2292 4137 2343 4208 ἐξ
2382 4136 2618 4213 ἀγάπης.
2653 4163 2680 4191 ι)
2714 4142 2782 4198 Ol
2849 4138 2930 4214 δὲ,
2987 4143 3173 4218 φησὶν,
3209 4141 3315 4200 ἄπδ
3373 4143 3592 4221 ἀγάπης
3619 4154 3733 4217 τῆς
3790 4149 3869 4212 εἰς

2200 4227 2294 4283 τὸν
2324 4227 2522 4303 Κύριον
2552 4230 2642 4285 καὶ
2676 4230 2751 4293 εἰς
2782 4228 2900 4304 ἐμέ.
2934 4257 2961 4285 ‹‹
3007 4228 3248 4301 Είδύτες,
3282 4235 3471 4314 φησὶν,
3504 4234 3591 4291 ὅτι
3622 4237 3708 4301 εἷς
3736 4239 3865 4293 ἀπο-

2201 4315 2410 4393 λογίαν
2459 4321 2557 4372 τοῦ
2607 4316 2946 4395 Εὖαγγελίου
3028 4323 3237 4395 κεῖμαι.
3281 4346 3310 4372 ››
3398 4325 3594 4392 "lactat,
3681 4328 3866 4401 φησίν,

2199 4406 2281 4459 ὅτι
2337 4405 2595 4478 ἐνετάλθη
2652 4408 2798 4485 παρὰ
2856 4413 3012 4477 Θεοῦ,
3070 4409 3300 4483 κηρύξαι
3366 4411 3429 4467 τὸ
3497 4411 3865 4490 Εὐαγγὲλιον,

2194 4492 2284 4548 καὶ
2351 4493 2435 4550 ὅτι
2501 4495 2719 4560 εὐθύνας
2778 4496 2908 4571 ὑπὲρ
2973 4495 3184 4553 τούτου
3269 4495 3456 4555 δώσω·
3522 4498 3863 4580 ἐπικουφίζει

443 4592 569 4667 (ait)
598 4590 755 4665 quod
803 4590 864 4646 in
922 4589 1333 4646 defensionem
1388 4591 1685 4661 Evangelii
1739 4591 2091 4646 constitutus

2207 4578 2264 4637 δὲ
2296 4602 2413 4656 μοι,
2445 4587 2601 4661 φησί,
2634 4586 2731 4647 τὰς
2773 4584 2898 4661 περὶ
2935 4584 3136 4642 τούτου
3198 4585 3440 4657 εὐθύνας,
3492 4590 3555 4644 τὸ
3615 4577 3865 4654 πολλοὺς

441 4683 572 4738 sim.
608 4706 636 4733 ››
669 4682 875 4738 Sciunt
896 4679 1052 4751 quod
1076 4686 1438 4752 praeceptum
1461 4697 1495 4735 a
1523 4680 1641 4734 Deo
1667 4681 1995 4751 acceperim
2031 4687 2093 4735 ut

436 4768 819 4841 Evangelium
842 4767 1249 4840 praedicarem,
1271 4765 1547 4835 quodque
1568 4764 1857 4820 rationem
1882 4766 1964 4820 illi
1990 4766 2091 4822 da-

439 4862 609 4911 turus
642 4859 791 4913 sim:
827 4858 1011 4913 levior
1040 4864 1234 4913 autem
1271 4855 1537 4911 redditur
1568 4855 1710 4911 mihi
1756 4856 1879 4911 haec
1919 4857 2090 4928 ratio,

445 4943 493 4999 si
526 4943 697 4998 multi
726 4945 1097 5002 instruantur
1142 4952 1197 5000 et
1239 4944 1530 4999 discurrat
1576 4944 1939 5015 praedicatio.
1975 4948 2092 5003 Hoc

443 5032 624 5106 igitur
651 5031 737 5085 illi
788 5034 1061 5100 scientes,
1092 5042 1159 5089 ut
1206 5034 1495 5088 rationem
1547 5031 1692 5088 mihi
1726 5034 2093 5091 reddendam

443 5120 604 5194 apud
632 5121 815 5173 Deum
856 5121 1135 5176 leviorem
1168 5123 1493 5187 efﬁcerent,
1530 5122 1743 5178 multos
1773 5123 2094 5180 instituunt

441 5208 831 5285 praedicantes
866 5226 1220 5265 sermonem.
1272 5234 1299 5260 ‹‹
1332 5210 1479 5277 Quid
1511 5212 1673 5267 enim
1709 5235 1728 5262 ι
1776 5214 1910 5280 Aut,
1941 5213 2091 5278 Quid

446 5298 603 5358 enim
634 5298 797 5355 aliun
829 5313 1007 5370 quam
1038 5297 1147 5352 hoc
1167 5299 1195 5353 ?
1226 5300 1335 5354 hoc
1368 5307 1479 5369 est,
1513 5300 1655 5373 quid
1697 5298 1856 5358 aliud
1885 5302 1999 5358 nisi
2028 5303 2089 5358 in

446 5391 854 5448 defensionem
872 5387 1166 5459 Evangelii
1191 5390 1543 5445 constitutus
1567 5409 1697 5447 sum
1720 5392 1747 5447 ?
1768 5392 1915 5458 Quid
1929 5392 2088 5449 enim

447 5481 639 5537 multa
666 5477 922 5551 loquor?
959 5476 1110 5543 Quid
1132 5475 1451 5532 mihicum
1484 5484 1573 5534 est
1601 5496 1716 5551 quo
1749 5482 1879 5552 quis
1911 5497 2087 5554 scopo

445 5567 746 5641 pradicet,
774 5570 872 5640 qui
896 5562 1131 5623 interim
1153 5569 1311 5620 recte
1328 5566 1611 5636 praedicat
1627 5568 1655 5623 ‘2
1674 5591 1700 5619 ‹‹
1724 5568 1850 5625 Sive
1871 5587 1978 5642 per
1999 5586 2090 5627 oc-

445 5658 766 5714 casionem.
793 5682 820 5708 ››
846 5660 1093 5731 Propter
1113 5655 1395 5713 invidiam
1420 5655 1730 5712 adversum
1761 5674 1875 5715 me.
1908 5680 1935 5709 «
1958 5660 2085 5716 Sive

2200 4680 2551 4748 κατῃχῆσθαι
2610 4674 2700 4729 καὶ
2762 4670 3157 4749 δεδραμηκέναι
3224 4676 3287 4731 τὸ
3343 4676 3625 4755 κήρυγμα.
3694 4683 3860 4737 Τοῦτο

2206 4760 2297 4816 οὖν
2342 4758 2567 4831 εἰδότες,
2602 4762 2783 4842 φησῗν,
2833 4762 3051 4833 ἐκεῖνοι,
3107 4762 3201 4817 ’ίνα
3260 4785 3353 4838 μοι
3412 4765 3507 4829 τὰς
3566 4767 3705 4844 πρὸς
3770 4772 3860 4825 τὸν

2205 4850 2337 4905 Θεὸν
2373 4849 2596 4914 εὐθύνας
2650 4850 3064 4927 ὲπικουφίσωσι,
3095 4855 3401 4931 κατηχοῦσι
3433 4851 3708 4930 πολλοὺς,
3771 4859 3861 4913 τὸν

2215 4936 2381 5015 λόγον
2412 4938 2799 5012 κηρύσσοντες.
2833 4939 2893 4997 Τί
2925 4939 3026 5017 γάρ
3060 4958 3074 5010 ;
3107 4940 3201 5010 Ἥ,
3232 4942 3297 4998 Τί
3330 4943 3432 5018 γὰρ
3462 4940 3628 5014 ἄλλο,
3676 4947 3857 5027 ιρησίν,

2204 5029 2249 5083 εἱ
2290 5030 2366 5102 μὴ
2399 5032 2572 5083 τούτο
2604 5046 2619 5096 ς
2652 5030 2796 5097 οἷον,
2827 5029 2897 5085 Τί
2935 5027 3078 5085 ἃλλο
3105 5028 3231 5105 γὰρ,
3264 5028 3309 5084 εί
3344 5031 3420 5104 μή
3452 5028 3531 5093 είς
3562 5032 3859 5113 ἀπολογίαν

2201 5117 2304 5173 τοῦ
2345 5117 2687 5195 Εὐαγγελίου
2725 5123 2916 5192 κεῖμαι
2951 5137 2964 5187 ;
2994 5117 3058 5173 Τί
3102 5118 3228 5195 γὰρ,
3289 5120 3445 5197 φησὶ,
3483 5120 3688 5198 μακροὶ
3704 5130 3855 5198 στῶς

2200 5208 2235 5277 ἢ
2297 5208 2347 5263 τί
2412 5228 2527 5279 μοι,
2587 5207 2742 5286 φησὶ,
2805 5207 2961 5280 μέλει
3022 5206 3168 5281 ποίῳ
3228 5214 3418 5282 σκοπῷ
3465 5230 3550 5273 τις
3578 5214 3854 5288 κηρύσσει,

2215 5295 2376 5355 ὁπότε
2406 5298 2586 5371 ὀρθῶς
2615 5296 2873 5372 κηρύσσει
2902 5313 2917 5365 ;
2977 5321 3005 5348 ‹‹
3054 5296 3181 5353 Εἴτε
3237 5300 3526 5377 προφάσει,
3562 5323 3590 5351 υ
3623 5297 3711 5356 διὰ
3766 5304 3852 5357 τὸν

2203 5387 2341 5460 πρὸς
2375 5386 2471 5460 ἐμὲ
2502 5385 2723 5466 φθόνον,
2781 5409 2810 5437 ‹‹
2873 5383 2980 5439 εἴτε
3035 5382 3268 5457 ἀληθείᾳ
3296 5387 3527 5461 Χριστὸς
3556 5389 3849 5466 καταγγέλ-

2199 5474 2373 5532 λεται.
2436 5497 2464 5525 ››
2517 5474 2611 5531 Ἐκ
2667 5472 2874 5528 τούτων
2931 5474 3074 5537 τινὲς
3151 5471 3383 5553 ἄφρονες
3470 5475 3844 5557 ὑπειλήφασιν,

2199 5563 2506 5626 ὅτιπάσαις
2535 5567 2652 5626 ταῖς
2699 5560 2932 5640 αἱρέσεσι
2990 5559 3230 5640 πάροδον
3282 5560 3481 5621 ἔδωκεν
3510 5565 3539 5620 ὁ
3586 5567 3841 5625 Ἀπόστο-

2196 5656 2318 5722 λος,
2349 5658 2428 5726 τῷ
2456 5651 2649 5708 εἰπεῖν’
2683 5677 2712 5707 ‹‹
2745 5651 2874 5709 Εἴτε
2921 5651 3214 5732 προφάσει,
3274 5650 3380 5709 εἴτε
3436 5652 3667 5729 ἀληθείᾳ
3713 5658 3835 5726 Χρι-
