4108 6192
280 382 305 441 l
328 382 435 443 169

274 514 401 576 στὸς
432 511 885 589 καταγγὲλλεται.
915 533 943 565 ιι
980 508 1157 568 Ἀλλᾶ
1196 508 1258 565 σὺ
1290 506 1551 584 πρόσχες.
1591 511 1815 578 Πρῶτον
1844 506 1939 579 μὶν

276 599 377 657 οὒκ
406 601 548 668 εἶπε,
582 598 1071 676 Καταγγελλέσθω,
1102 592 1200 653 ’ίνα
1239 602 1402 654 τοῦτο
1450 596 1767 671 νθμοθετεῖν
1800 614 1949 671 γνω-

275 691 451 760 σθείη,
510 690 657 746 ἀλλὰ
734 688 1205 767 ΚαταγγέΛλεται,
1261 689 1326 745 τὸ
1381 687 1669 764 γινόμενον
1726 685 1950 761 ἐξηγού-

282 799 461 855 μενος.
518 785 749 835 Ἔπειτα
807 778 853 834 εί
911 779 1004 833 καὶ
1064 779 1141 841 ὡς
1199 779 1514 851 νομοθετῶν
1570 775 1802 851 εἰρήκει,
1836 777 1945 847 (καὶ

277 870 382 947 γὰρ
414 866 620 925 πολλοὶ
649 869 759 923 τὼν
815 864 1104 942 αἱρετικῶν
1150 866 1529 943 παρεποίησαν
1575 865 1676 933 τὴν
1707 864 1946 938 Γραφήν,

278 960 354 1021 ὡς
416 954 670 1034 ἔχουσαν,
733 958 971 1032 Χριστὸς
1028 951 1541 1032 καταγγελλέσθωδ
1588 949 1715 1009 οὒδὶ
1769 950 1946 1011 οὕτως

273 1044 513 1123 πάροδον
545 1050 662 1109 ταῖς
691 1045 926 1121 αἱρὲσεαι
976 1042 1206 1104 δεδωκε.
1270 1048 1399 1108 Πῶς
1430 1060 1444 1111 ;
1477 1045 1602 1100 Ὅτι
1634 1039 1787 1097 οὗτοι
1820 1046 1945 1115 περὶ

273 1138 347 1192 ὧν
380 1158 563 1217 φησιν,
613 1134 676 1192 ob
732 1137 865 1202 νόθα
922 1132 1177 1211 δόγματα
1238 1131 1570 1209 ἐκήρυσσον,
1602 1130 1733 1187 ἀλλ’
1766 1130 1943 1203 ὀρθῶς

279 1228 374 1301 μὶν
432 1228 496 1283 τὸ
544 1224 728 1302 δόγμα
787 1226 1109 1301 ἐκήρυσσον,
1176 1221 1388 1295 διανοίᾳ
1446 1221 1507 1278 δὲ
1563 1225 1799 1296 πονηρᾷ,
1867 1218 1942 1280 ὡς

278 1318 686 1397 βουλόμενοιῆ
716 1321 998 1390 τιμᾶσθαι,
1058 1317 1094 1387 ἢ
1156 1317 1234 1380 εὶς
1294 1314 1516 1390 μείζονα
1567 1310 1817 1369 κίνδυνον
1848 1308 1940 1397 τὸν

276 1386 611 1466 ἶΑπόστολον
664 1386 936 1481 ἐγδαλεῖν.
988 1405 1055 1464 0i
1085 1386 1163 1460 δέ
1210 1386 1497 1480 αἱρετικοὶ,
1548 1398 1683 1477 μὶτᾶ
1721 1403 1820 1456 τοῦ
1848 1386 1941 1455 διαὶ

1323 372 1737 441 OOMMENT.
1785 376 1867 436 IN
1914 372 2163 438 EPIST.
2210 373 2315 437 AD
2358 374 2640 440 PHlLlP.

3547 393 3707 456 1270

2057 522 2163 580 per
2190 510 2497 566 veritatem
2529 510 2796 569 Christus
2818 517 3262 573 annuntiatur.»
3293 520 3377 576 Ex
3408 521 3522 586 his.
3547 538 3700 583 non-

2060 598 2210 654 nulli
2243 596 2591 670 insipientes
2623 603 2905 674 suspicati
2934 607 3260 678 sunt,quod
3278 612 3551 669 omnibus
3582 614 3700 671 hm-

2058 687 2260 742 reticis
2311 702 2615 746 accessum
2675 690 2908 748 dederit
2953 695 3292 766 Apostolus,
3334 700 3475 769 quia
3504 699 3695 759 dixit:

2057 796 2087 827 «
2120 777 2246 831 Sive
2276 791 2382 848 per
2398 778 2794 846 occasionem,
2829 781 2946 837 sive
2970 799 3076 854 per
3095 785 3401 842 veritatem
3431 788 3696 845 Christus

2054 865 2503 922 annuntiatur.»
2521 869 2729 923 Verum
2745 870 3442 931 animadverte.Primum
3456 878 3698 948 quidem

2052 970 2175 1009 non
2207 955 2359 1009 dixit
2388 957 2810 1024 Annuntielur,
2842 965 2909 1014 ut
2936 961 3045 1017 hoc
3076 968 3334 1020 statuere
3366 972 3697 1038 putaretur,

2054 1043 2158 1099 sed
2207 1044 2630 1114 Annuntiatur,
2664 1062 2918 1105 narrans
2977 1050 3121 1122 quid
3172 1053 3419 1111 accidat.
3472 1052 3696 1112 Deinde

2052 1147 2397 1204 quanquam
2430 1134 2607 1191 etiam
2636 1143 2699 1190 ut
2729 1142 2998 1194 statuens
3028 1141 3276 1198 dixisset
3303 1145 3466 1214 (nam
3522 1145 3696 1201 multi

2050 1238 2132 1293 qu
2160 1238 2289 1294 que
2319 1222 2734 1281 hmreticorum
2757 1228 3112 1300 scripturam
3139 1230 3689 1303 depravarunt,tan-

2050 1325 2228 1381 quam
2259 1313 2873 1381 habentem,Christus
2903 1322 3316 1393 annuntietur)
3348 1338 3420 1377 ne
3449 1324 3531 1380 ita
3560 1324 3693 1396 qui-

2048 1399 2186 1455 dem
2212 1415 2515 1457 accessum
2548 1403 2813 1461 dedisset
2838 1406 3468 1474 hmreticis.Quomodo
3488 1413 3516 1468 ‘l
3546 1415 3694 1479 Quia

276 1497 519 1555 διάνοιαν
578 1492 725 1575 ἔχειν
777 1498 1023 1573 πονηρὰν
1078 1495 1153 1570 (οἱ
1208 1498 1313 1572 γὰρ
1373 1490 1599 1555 πλείους
1647 1493 1741 1549 καὶ
1772 1495 1918 1549 tofm

2045 1487 2107 1543 bi
2126 1486 2198 1545 de
2222 1490 2437 1561 quibus
2459 1490 2603 1547 dicit
2625 1508 2745 1548 non
2762 1492 3099 1552 adulterina
3117 1498 3390 1570 dogmata
3411 1501 3689 1572 praedica-

274 1584 511 1665 ἔχουσι),
557 1587 647 1643 καὶ
702 1585 955 1663 δόγματα
1013 1589 1373 1660 εἴσημοῦνται
1416 1585 1569 1651 νόθα,
1609 1584 1662 1638 οἱ
1707 1582 1802 1658 μὶν
1831 1580 1918 1658 οὒ)

2044 1578 2209 1645 bant,
2241 1578 2344 1636 sed
2374 1580 2552 1636 {idem
2610 1583 2850 1653 quidem
2882 1590 3041 1641 recte
3101 1587 3432 1655 tradebant,
3487 1597 3687 1647 mente

274 1676 685 1753 ὁμολογοῦντες
739 1676 831 1732 τὸν
892 1675 1270 1751 σταυρωθέντα
1321 1672 1476 1739 Θεὸν,
1518 1673 1571 1727 οἱ
1621 1669 1680 1726 δὶ
1710 1668 1808 1726 δύο
1840 1668 1918 1726 λέι

2044 1673 2244 1725 tamen
2272 1683 2451 1740 prava
2476 1685 2488 1725 :
2514 1675 2796 1742 tanquam
2818 1674 3123 1745 cupientes
3154 1682 3256 1732 aut
3275 1676 3687 1748 honorari,aut

270 1784 458 1840 γοντες
518 1764 843 1826 ὑποστάσεις
904 1766 1042 1840 μετᾶ
1094 1765 1197 1833 τὴν
1252 1760 1470 1831 ἕνωσιν,
1529 1761 1580 1816 οὶ
1640 1758 1698 1816 δὶ
1728 1761 1804 1822 ὡς
1836 1757 1918 1816 oin

2041 1757 2391 1829 Apostolum
2422 1759 2484 1813 in
2510 1760 2707 1831 majus
2726 1762 3059 1832 periculum
3087 1766 3683 1835 conjicere.Hseretici

269 1851 436 1912 ἔλαϐε
467 1856 638 1929 σάρκα
668 1853 965 1927 ὀμοοόσιον
1020 1856 1183 1928 ἡμῖν,
1240 1852 1292 1907 οἳ
1350 1848 1406 1906 δὲ
1454 1850 1653 1921 ἥττονα
1683 1853 1781 1905 τοῦ
1813 1853 1918 1904 Πα-

2040 1862 2178 1902 vero
2205 1851 2423 1919 prmter
2450 1848 2562 1903 hoc
2592 1850 2751 1920 quod
2781 1858 3046 1908 mentem
3086 1852 3264 1909 habet
3298 1871 3634 1927 perversam
3667 1875 3681 1914 :

265 1945 395 2020 τρὸς
424 1946 517 2000 τὸν
537 1918 863 2014 ’Υίὸνίκαθό
912 1941 1023 1998 ἐστι
1213 1944 1413 1997 νοεῖται
1445 1918 1593 2008 Θεὸς,
1626 1938 1678 1994 οί
1709 1935 1767 1994 δὲ
1797 1937 1918 2012 σύγ-

2036 1918 2360 2008 (Siquidem
2396 1936 2596 2008 plures
2612 1918 2856 2010 quoque
2882 1941 2942 1996 id
2963 1940 3204 2015 habent)
3238 1918 3513 2016 dogmata
3535 1961 3683 2017 quo-

267 2052 429 2110 χυσιν
489 2032 575 2088 ἐπὶ
635 2033 739 2102 τῆς
795 2028 955 2107 ἁγίας
1014 2027 1253 2106 Τριάδος
1308 2031 1706 2104 τερατεύοντατ.
1763 2048 1785 2077 ι
1820 2026 1918 2083 Kal

2036 2038 2150 2096 que
2174 2024 2559 2081 introducunt
2585 2027 2957 2085 adulterina:
2981 2030 3080 2086 alii
3106 2032 3346 2103 quidem
3365 2034 3550 2088 Deum
3566 2050 3687 2089 non

264 2121 317 2177 ἐν
346 2122 532 2196 τούτῳ
560 2118 765 2197 χαίρω.
808 2140 838 2172 ››
899 2120 1131 2177 Ἐκεῖνοι
1189 2120 1307 2192 μὶν,
1368 2116 1525 2197 φησὶ,
1565 2117 1702 2192 πρὸς
1733 2115 1796 2171 τὸ
1826 2110 1918 2170 λυ-

2035 2115 2300 2170 fatentur
2326 2115 2511 2171 fuisse
2541 2114 2912 2187 cruciﬁxum,
2944 2120 3041 2175 alii
3075 2124 3273 2176 autem
3304 2121 3452 2177 duas
3500 2122 3684 2178 fuisse

262 2209 435 2281 πῆσαί
499 2231 587 2282 με,
637 2212 808 2265 ταῦτα
858 2211 1130 2277 ποιοῦσιν,
1191 2206 1299 2283 ἐγὼ
1344 2203 1402 2261 δέ
1444 2204 1649 2282 χαίρω.
1681 2205 1748 2262 Τί
1781 2203 1918 2279 λέγω

2035 2210 2314 2260 asserunt
2332 2219 2615 2277 personas
2636 2212 2772 2279 post
2790 2208 3075 2265 unionem
3093 2225 3106 2264 :
3126 2224 3363 2267 rursum
3390 2211 3492 2267 alii
3514 2212 3685 2282 quasi

263 2298 488 2375 χαίρως
522 2299 883 2373 Χαρήσομαι,
914 2296 1071 2374 φησὶ,
1100 2297 1202 2365 τήν
1236 2294 1460 2350 αἰώνιον
1494 2295 1692 2373 χαράν.

2035 2308 2277 2351 carnem
2308 2310 2430 2350 non
2460 2296 2790 2368 accepisset
2820 2296 3089 2369 ejusdem
3140 2299 3489 2355 substantias
3546 2314 3683 2356 cum

266 2397 493 2461 nostra,
525 2391 588 2446 hi
620 2404 757 2445 vero
816 2389 1112 2444 minorem
1143 2390 1316 2443 Patre
1365 2386 1604 2456 Filium,
1663 2386 1841 2441 etiam
1897 2390 2192 2457 quatenus
2243 2390 2335 2440 est
2365 2391 2423 2441 et
2480 2384 2835 2460 intelligitur
2862 2390 3019 2445 Deus
3054 2405 3069 2444 :
3102 2389 3382 2446 nonnulli
3440 2405 3677 2463 quoque

269 2481 683 2537 confusionem
714 2480 777 2535 in
797 2483 1004 2535 sancta
1029 2476 1240 2534 Triade
1272 2481 1612 2549 portentosa
1669 2474 2059 2531 mentiuntur.
2093 2497 2121 2525 ιι
2155 2477 2225 2530 Et
2254 2475 2316 2530 in
2381 2474 2493 2532 hoc
2522 2475 2771 2549 gaudeo.
2808 2500 2836 2528 »
2896 2478 2987 2534 Illi
3019 2479 3260 2550 quidem
3313 2486 3378 2536 ut
3408 2496 3503 2537 me
3536 2496 3682 2536 con-

266 2570 507 2625 tristent
540 2569 667 2624 haec
697 2571 899 2641 agunt,
932 2583 1038 2640 ego
1066 2572 1265 2623 autem
1297 2565 1544 2639 gaudeo.
1580 2567 1648 2620 Et
1676 2563 1818 2635 quid
1840 2562 1995 2633 dico,
2025 2563 2252 2635 gaudeo
2273 2564 2301 2619 ‘l
2331 2564 2631 2635 Gaudebo,
2665 2566 2878 2638 inquit,
2914 2575 3201 2640 perpetuo
3231 2570 3465 2640 gaudio.

340 2652 474 2715 Οἶδα
531 2655 631 2732 γαρ
692 2654 777 2710 δτι
834 2654 996 2711 τοῦτό
1059 2674 1153 2727 μοι
1210 2648 1547 2724 ἀποϐήσεται
1614 2652 1691 2715 εἷς
1739 2670 1923 2723 σωτη-

265 2746 384 2822 ρίαν
433 2742 523 2799 δια
581 2750 682 2813 τῆς
740 2744 893 2817 ὑμῶν
965 2740 1222 2815 δεήσεως,
1282 2742 1374 2798 καὶ
1428 2740 1795 2819 ἐπιχορηγίας
1825 2745 1922 2797 τοῦ

265 2836 583 2909 Πνεῦματος
657 2835 842 2903 Ἰησοῦ
917 2835 1159 2904 Χριστοῦ
1246 2832 1382 2889 κατὰ
1469 2834 1569 2903 τὴν
1644 2832 1919 2906 ἀποκαρα-

260 2923 445 2980 δοκίαν
502 2922 591 2979 καὶ
646 2918 847 2978 ἐλπίδα
937 2942 1065 2997 μου,
1124 2923 1210 2978 ὅτι
1268 2921 1320 2977 ἐν
1382 2919 1560 2976 οὒδενὶ
1614 2920 1917 2994 αἰσχυνθή-

261 3032 452 3082 σομαι,
509 3010 638 3068 ἀλλ’
694 3009 749 3067 ἐν
833 3010 981 3085 πάσῃ
1065 3009 1347 3086 παρρησίᾳ
1405 3006 1482 3069 ὡς
1543 3006 1771 3061 πάντοτε
1827 3007 1916 3061 καὶ

144 3099 151 3103 ’
258 3108 349 3157 νῦν
386 3100 855 3178 μεγαλυνθήσεται
887 3099 1129 3173 Χριστὸς
1186 3096 1240 3153 ἐν
1296 3101 1379 3170 τῷ
1411 3096 1642 3169 στόματί
1677 3115 1782 3170 μου
1810 3093 1919 3151 εἴτε

265 3188 353 3246 διὰ
389 3196 557 3260 ζωῆς,
588 3187 694 3245 ε’ίτε
727 3185 817 3243 διὰ
846 3185 1092 3243 θανάτου.

338 3304 365 3331 ‹‹
399 3282 598 3336 Τοῦτο.
631 3302 660 3329 ››
719 3280 789 3331 ’Ἡ
840 3276 906 3332 τὸ
960 3271 1223 3342 δεδέσθαι,
1255 3273 1290 3343 ἢ
1322 3273 1384 3330 τὸ
1435 3274 1797 3349 κηρόσσεσθαι
1824 3273 1915 3328 τὸν

264 3366 495 3441 Χριστὸν
525 3365 653 3442 παρ’
682 3364 885 3433 αὐτῶν,
907 3365 943 3435 ἢ
977 3364 1066 3418 καὶ
1097 3360 1160 3419 τὸ
1189 3355 1636 3419 ἐπιϐουλεύεσθαι
1667 3361 1792 3435 παρ’
1826 3360 1916 3418 αὖ·

263 3461 396 3515 τῶο,
460 3480 487 3507 ‹‹
525 3454 619 3517 Εἲς
677 3452 975 3529 σωτηρίαν.
1012 3477 1040 3504 ››
1094 3452 1373 3525 Σωτηρίαν
1408 3450 1465 3507 δέ
1508 3470 1662 3526 φησι,
1693 3451 1757 3506 τὸ
1788 3451 1913 3507 ὅσον

266 3544 482 3602 οὐδέπω
541 3544 860 3621 μαρτυρίαν.
948 3565 976 3595 ‹‹
1035 3541 1133 3598 Διὰ
1182 3546 1285 3612 τῆς
1354 3540 1508 3617 ὑμῶν
1566 3538 1824 3613 δεήσεως.
1886 3566 1913 3594 ››

255 3637 393 3710 Ὃρα
422 3632 770 3689 ταπείνωσινο
832 3629 973 3687 Ἀπὸ
1029 3630 1239 3705 μυρίων
1297 3630 1738 3705 κατορθωμάτων
1767 3624 1912 3706 ἔχων

260 3721 627 3803 όρειλομένην
658 3720 759 3794 τὴν
793 3719 1093 3795 σωτηρίαν,
1122 3719 1277 3797 φησὶ,
1313 3717 1403 3774 διὰ
1453 3726 1555 3788 τῆς
1605 3718 1761 3793 ὑμῶν
1794 3716 1917 3789 δεή-

257 3832 415 3875 σεως.
477 3812 539 3868 El
595 3812 698 3887 γὰρ
783 3812 916 3889 φησί
974 3812 1080 3865 τῶν
1138 3808 1317 3883 εὐχῶν
1376 3808 1527 3879 ὑμῶν
1596 3807 1911 3881 εὐπορήσω,

257 3898 404 3958 ἔσται
440 3922 534 3975 μοι
592 3896 851 3975 δαψίλεια
910 3895 1000 3954 καὶ
1060 3897 1185 3952 οἷον
1240 3896 1528 3971 προσθήκη
1580 3896 1908 3968 πνεύματος.

254 4017 283 4045 ‹‹
320 3991 470 4048 Κατὰ
512 3992 611 4060 τήν
657 3985 1005 4065 καραδοκίαν.
1041 4010 1069 4039 »
1131 3981 1600 4060 ’Λποκαραδοκίαν
1642 3985 1775 4058 φησί
1809 3986 1909 4054 τήν

257 4076 494 4161 σφοδρὰν
523 4075 614 4134 καὶ
645 4074 1033 4151 ἐπιτεταμένην
1088 4071 1308 4161 ἐλπίδα,
1365 4074 1427 4143 ἢν
1486 4093 1593 4142 τις,
1622 4073 1712 4128 καὶ
1746 4071 1913 4143 αὐτὴν

254 4160 513 4223 ἐπικινῶν
580 4166 681 4233 τὴν
751 4166 1019 4241 κεφαλὴν,
1108 4160 1317 4218 δοκεύει
1393 4161 1485 4217 καὶ
1569 4166 1908 4238 περισκοπεῖ.

256 4280 285 4307 ‹‹
318 4255 424 4311 Καὶ
457 4251 655 4309 ἐλπίδα
716 4271 841 4325 μου.
878 4274 906 4302 »
964 4251 1060 4308 Ἐκ
1115 4250 1323 4306 τούτων
1388 4247 1627 4305 διδάσκει
1690 4253 1765 4323 μή
1800 4247 1911 4304 δεῖν

255 4341 343 4399 ἐπὶ
381 4341 573 4415 μόναις
626 4342 747 4401 ταῖς
800 4333 998 4414 ἐτέρων
1060 4336 1251 4417 εὓχαῖς
1311 4336 1552 4414 θαῤῥεῖν,
1610 4338 1657 4393 εί
1717 4339 1794 4412 μή
1821 4338 1911 4393 καὶ

254 4429 467 4489 οἲκοθεν
525 4428 900 4503 συνεισενέγκῃ
954 4447 1061 4491 τις.
1114 4430 1445 4504 Τοιγαροῦν,
1500 4426 1655 4504 φησὶ,
1687 4428 1774 4482 καὶ
1806 4428 1912 4505 ἐγὼ

249 4514 588 4600 συνεισφέρω
633 4514 1014 4621 τὴῖκιλπίδα.
1067 4515 1140 4621 ᾖς
1200 4520 1402 4621 μεῖξον,
1445 4511 1625 4621 ossa;
1658 4515 1780 4613 ..Ἡ
1806 4512 1910 4590 γὰρ
1946 4558 1988 4621 D

247 4609 429 4677 ἐλπὶς,
463 4607 648 4682 φησέν,
682 4604 967 4681 ἂλλαχαῦ,
1024 4604 1087 4659 οὐ
1133 4602 1509 4678 καταισχύνει.
1546 4627 1573 4654 υ
1607 4602 1725 4666 Καὶ,
1759 4629 1785 4654 «ι
1820 4606 1910 4658 Pi.

245 4718 422 4763 νοιτο,
457 4696 642 4773 Κοᾶριε,
672 4694 736 4751 τὸ
769 4691 925 4757 ἔλεός
957 4707 1058 4749 σου
1116 4693 1196 4769 ἐφ’
1250 4694 1421 4764 ἡμᾶς,
1463 4693 1705 4765 καθάπερ
1736 4689 1908 4762 ἠλπῖο

250 4806 419 4859 σαμεν
453 4783 539 4839 ἐπὶ
570 4783 675 4839 σοί.
709 4805 732 4836 ι
767 4818 834 4826 -
868 4808 895 4836 ι(
926 4782 1050 4840 ’Ότι
1086 4780 1138 4837 ἐν
1171 4777 1349 4835 οὒδεδὶ
1380 4780 1841 4855 αἰσχυνθήσομαι.
1878 4807 1906 4834 υ

246 4876 394 4943 Ὃτι,
430 4872 615 4951 φησὶν,
668 4871 730 4928 οὒ
786 4868 1139 4947 περίϐουλοι.
1199 4870 1254 4925 οἰ
1312 4866 1621 4927 ἐπίϐουλοι.
1675 4872 1767 4927 Ἃν
1800 4872 1905 4947 γὰρ

248 4959 634 5029 ἀποκτείνωσι,
690 4957 814 5015 τότε
875 4957 1111 5032 μάλιστα
1162 4960 1501 5034 περιγέγονα.
1561 4984 1587 5011 ι(
1650 4958 1806 5014 Ἀλλ’
1852 4961 1905 5015 ἐν

247 5050 393 5123 πάσῃ
449 5049 748 5126 παρρησίᾳ.
784 5070 812 5098 ››
873 5046 1021 5115 Οἷον,
1084 5049 1291 5122 σαφῶς,
1348 5051 1615 5126 φανερῶς,
1676 5046 1743 5102 οὐ
1784 5069 1906 5103 συν-

246 5139 637 5213 εσκιασμένως.
695 5169 766 5181 --
834 5158 859 5189 ι
915 5135 1013 5190 Καὶ
1088 5138 1182 5188 νῦν
1242 5134 1703 5210 μεγαλυνθήσεται
1770 5139 1901 5211 Χρι-

245 5229 392 5291 στός.
419 5250 447 5279 ››
482 5260 546 5271 -
579 5227 787 5300 [ΦΩΤ.]
815 5225 1050 5280 Πάντοτε
1079 5222 1444 5301 ἐμεγαλύνετο
1472 5226 1707 5295 Χριστὸς
1739 5224 1791 5280 ἐν
1822 5231 1902 5300 τῷ

242 5316 472 5387 Hau/trp,
532 5313 621 5369 καὶ
681 5312 770 5368 ὅτε
822 5312 1138 5386 παρεχώρει
1196 5311 1355 5366 αὐτὸν
1408 5318 1525 5375 τοῖς
1559 5311 1782 5386 δεσμοῖς
1810 5317 1899 5371 καὶ

241 5409 360 5465 τοῖς
424 5400 666 5475 μάστιξιν
734 5400 1180 5473 ἐνταλαιπωρεῖν,
1248 5402 1340 5455 καὶ
1399 5402 1489 5456 ὅτε
1546 5400 1753 5472 ἐξεῖλκε
1809 5406 1899 5459 καὶ

245 5491 543 5565 ἑλυτροῦτο
599 5488 783 5547 αυτόν.
846 5489 943 5544 Διὰ
1014 5489 1108 5562 μὲν
1159 5490 1260 5563 γαρ
1320 5487 1526 5544 ἐκείνου
1584 5486 1898 5549 ἐϐεϐαιοῦτο

242 5578 333 5638 καὶ
362 5579 679 5656 ἐκρατύνετο
700 5579 761 5636 τὸ
789 5580 1073 5657 κήρυγμα,
1105 5575 1481 5652 λογιζομένων
1503 5585 1612 5635 τῶν
1641 5581 1896 5654 ὁρώντων

314 5701 336 5734 ⁸
368 5701 532 5754 Rom.
571 5716 621 5766 v,
784 5699 805 5732 ‘
836 5695 989 5752 Psal.
1025 5711 1191 5763 xxx",
1219 5696 1308 5749 22.

2104 2653 2334 2708 1.1920.
2368 2674 2396 2703 ‹‹
2430 2655 2567 2710 Novi
2605 2656 2764 2711 enim
2798 2655 2955 2727 quod
2979 2657 3090 2712 hoc
3121 2658 3268 2712 mihi
3302 2659 3472 2714 cedet
3494 2660 3552 2713 in
3580 2660 3676 2715 78

2037 2763 2059 2792 ι
2093 2743 2344 2798 salutem
2368 2760 2474 2814 per
2495 2750 2748 2800 vestram
2780 2744 3261 2817 deprecationem
3285 2752 3343 2802 et
3358 2747 3678 2803 subminis-

2033 2854 2060 2879 ‹‹
2093 2832 2413 2886 trationem
2444 2830 2696 2902 Spiritus
2724 2832 2861 2887 Jesu
2892 2832 3108 2889 Christi
3168 2835 3497 2891 secundum
3537 2850 3679 2892 exs-

2030 2943 2058 2970 «
2096 2921 2491 2991 pectationem
2524 2926 2582 2976 et
2612 2936 2779 2992 spem
2810 2924 3197 2995 meam,quod
3218 2926 3388 2981 nulla
3409 2926 3468 2982 in
3493 2940 3557 2980 re
3580 2940 3683 2997 pu-

2030 3032 2057 3058 ‹‹
2091 3009 2331 3076 deflam,
2367 3009 2468 3065 sed
2521 3025 2655 3066 cum
2710 3013 2872 3067 omni
2905 3012 3179 3070 libertate
3209 3017 3276 3070 ut
3307 3028 3564 3087 semper,
3597 3015 3681 3071 ita

2027 3120 2055 3147 ‹‹
2086 3114 2244 3154 nunc
2276 3112 2514 3171 quoque
2547 3099 3029 3169 magnificabitur
3049 3101 3320 3159 Christus
3350 3104 3410 3158 in
3434 3118 3678 3175 corpore

1961 3189 2002 3254 ο
2036 3208 2064 3236 ‹‹
2099 3202 2250 3254 meo,
2284 3188 2403 3243 sive
2434 3202 2541 3259 per
2569 3189 2768 3254 vitam,
2802 3190 2922 3245 sive
2952 3204 3059 3262 per
3090 3196 3341 3247 mortem
3373 3211 3425 3246 ι».

2101 3298 2128 3325 ι(
2162 3277 2297 3330 lloc.
2333 3295 2357 3325 ι
2394 3278 2507 3330 Aut
2536 3276 2823 3349 illigatum
2855 3294 3007 3344 esse,
3042 3284 3145 3335 aut
3175 3278 3248 3335 ab
3280 3280 3423 3351 ipsis
3453 3278 3673 3352 praedi-

2025 3365 2145 3419 cari
2179 3363 2501 3431 Christum,
2536 3371 2637 3421 aut
2667 3366 2847 3422 etiam
2878 3367 3111 3424 insidiis
3170 3369 3367 3441 appeti
3399 3369 3471 3426 ab
3527 3368 3669 3438 illis,

2031 3472 2051 3502 ο
2085 3455 2148 3509 in
2181 3454 2488 3510 salutemm
2529 3456 2788 3511 Salutem
2821 3462 3018 3513 autem
3049 3457 3193 3514 dicit
3221 3458 3380 3531 quod
3402 3460 3668 3515 nondum

2024 3550 2328 3615 pateretur
2354 3545 2726 3617 martyrium.
2785 3566 2813 3596 ‹‹
2842 3548 2954 3602 Per
2980 3552 3234 3604 vestram
3296 3547 3665 3620 aiepreeatio-

2025 3649 2181 3689 nem.
2228 3658 2250 3687 ι
2290 3633 2432 3690 Vide
2464 3640 2661 3690 autem
2693 3639 2981 3707 quantum
3013 3652 3143 3692 sese
3174 3637 3465 3695 demittat.
3518 3640 3664 3693 Cum

2023 3722 2097 3777 ob
2154 3724 2468 3779 innumera
2526 3726 2812 3796 praeclara
2866 3724 3131 3781 facinora
3187 3725 3506 3781 deberetur
3554 3727 3666 3781 sibi

2021 3812 2291 3880 salus,ait
2325 3830 2337 3866 :
2372 3815 2483 3868 Per
2513 3817 2763 3869 vestram
2795 3814 3297 3884 deprecationem.
3334 3814 3391 3867 Si
3445 3819 3668 3869 vestras

2021 3901 2233 3970 inquit,
2294 3901 2747 3971 deprecationes
2800 3901 3050 3971 adeptus
3106 3901 3294 3968 fuero,
3352 3901 3464 3956 erit
3521 3901 3665 3956 mihi

2021 3988 2386 4044 abundantia
2417 3994 2475 4043 et
2507 3990 2682 4043 veluti
2717 3994 3159 4044 accrementum
3191 3988 3457 4059 spiritus.
3501 4011 3529 4038 «
3563 3990 3667 4044 Se-

2021 4077 2280 4132 cundum
2312 4078 2839 4147 exspectationem.
2873 4098 2903 4127 »
2952 4077 3465 4148 Exspectationem
3523 4078 3667 4133 dicit

2020 4165 2430 4219 vehementem
2465 4170 2523 4218 et
2554 4166 2853 4219 intonsam
2887 4178 3078 4235 spem,
3110 4178 3288 4236 quam
3320 4167 3455 4236 quis
3484 4166 3664 4220 etiam

2021 4254 2212 4324 capite
2237 4254 2365 4324 ipso
2389 4258 2546 4307 moto
2570 4254 2838 4308 observat
2857 4270 2925 4309 ac
2947 4254 3331 4325 concupiscit.
3362 4276 3382 4302 ι
3408 4256 3477 4309 Et
3496 4269 3663 4325 spem

2023 4356 2274 4397 meam.»
2297 4345 2376 4397 Ex
2396 4342 2485 4396 his
2513 4341 2683 4396 docet.
2705 4357 2823 4397 non
2858 4348 3133 4413 cportere
3162 4343 3224 4398 in
3249 4341 3393 4398 solis
3409 4340 3662 4397 aliorum

2020 4430 2296 4502 precibus
2342 4429 2663 4497 conlidere,
2714 4431 2831 4486 nisi
2882 4431 3060 4486 etiam
3111 4445 3147 4486 a
3192 4432 3387 4503 seipso
3434 4427 3663 4502 aliquid

2020 4521 2305 4576 conferat.
2339 4521 2543 4591 Itaque
2576 4525 2635 4574 et
2663 4520 3013 4592 ego,inquit,
3046 4534 3212 4592 spem
3247 4520 3425 4576 simul
3456 4520 3658 4587 affero,

2020 4623 2137 4678 qua
2166 4608 2315 4663 nihil
2348 4610 2541 4680 majus
2572 4615 2679 4664 est.
2714 4631 2743 4658 ‹‹
2778 4610 2923 4680 Spes
2953 4609 3137 4675 enim,
3169 4606 3315 4665 dicit
3342 4607 3506 4677 alibi,
3541 4623 3661 4664 non

2012 4696 2406 4767 pudefacit’.»
2443 4696 2511 4751 Et
2544 4713 2556 4751 :
2592 4718 2619 4747 ‹‹
2654 4697 2783 4752 Fiat
2816 4698 3228 4753 misericordia
3258 4698 3657 4763 tua,Domiue,

2019 4798 2196 4855 super
2243 4800 2374 4848 nos.
2433 4785 2935 4856 quemadmodum
2988 4788 3352 4858 speravimus
3402 4788 3460 4840 in
3513 4790 3567 4841 te
3615 4788 3656 4842 ‘.

2018 4896 2045 4921 ‹‹
2078 4874 2242 4937 Quod
2274 4874 2440 4930 nulla
2498 4875 2556 4929 in
2592 4891 2652 4930 re
2708 4875 3029 4946 pudeiiam.
3065 4897 3093 4925 ››
3121 4877 3267 4940 Quia
3325 4875 3659 4947 superiores

2016 4976 2135 5016 non
2169 4968 2345 5017 clunt
2375 4963 2754 5019 insidiatores
2782 4981 2795 5018 :
2829 4978 2965 5019 nam
2999 4963 3047 5018 si
3080 4964 3425 5031 occiderint,
3452 4964 3515 5018 in
3547 4965 3657 5019 hoc

2017 5050 2272 5105 maxime
2305 5052 2515 5106 vicero.
2555 5074 2582 5102 ιι
2616 5051 2727 5106 Sed
2786 5067 2921 5108 cum
2954 5053 3114 5108 omni
3146 5052 3440 5109 libertate.
3474 5073 3501 5102 υ
3536 5054 3656 5108 Hoc

2015 5143 2123 5207 est,
2155 5138 2842 5210 perspicue.aperte,non
2871 5140 3102 5197 obtecto
3135 5139 3405 5199 modo.-—-
3427 5164 3456 5192 «ι
3491 5143 3656 5197 Nunc

2013 5244 2249 5300 quoque
2278 5227 2753 5300 magnificabitur
2773 5231 3098 5287 Christus.»
3124 5233 3370 5305 Semper
3389 5233 3448 5287 in
3470 5231 3654 5286 Paulo

2012 5314 2505 5387 magniﬁcabatur
2533 5317 2822 5386 Christus,
2856 5324 2914 5375 et
2944 5320 3178 5391 quando
3210 5323 3404 5391 ipsum
3456 5318 3654 5372 trade-

2012 5407 2129 5474 bat,
2163 5414 2227 5462 ιιι
2258 5407 2510 5463 vinculis
2540 5422 2609 5463 ac
2640 5408 2890 5480 ﬂagellis
2925 5424 3139 5464 misere
3179 5409 3562 5480 amigeretur,
3595 5409 3652 5458 et

2011 5495 2247 5567 quando
2272 5495 2561 5552 educebat
2583 5514 2719 5553 eum
2742 5514 2810 5553 ac
2830 5497 3133 5553 liberabat.
3157 5499 3271 5550 Per
3288 5492 3435 5548 illud
3480 5506 3648 5547 nam-

2010 5600 2123 5656 que
2155 5585 2641 5655 confirmabatur,
2672 5587 2942 5659 viresque
2965 5584 3236 5641 sumebat
3265 5580 3606 5653 praedicatio
3632 5599 3645 5637 :
