4108 6192
342 353 498 416 1273

1428 354 1840 417 COMMENT.
1886 357 1964 418 ΙΝ
2010 356 2258 419 EPIST.
2296 359 2401 419 AD
2442 358 2727 419 PHlLIl’.

3594 361 3765 420 12⁵14

327 491 512 564 φορεῖν
544 490 623 556 τῷ
653 485 791 557 Θεῷ,
821 485 857 555 ἢ
887 486 950 541 τὸ
983 485 1291 557 ἀποθανεῖν,
1322 488 1413 542 καὶ
1444 489 1536 541 σὺν
1574 489 1799 561 Χριστῷ
1830 488 1988 544 εἶναι.

2109 497 2210 546 aut
2241 490 2737 562 quid'eligam,an
2769 490 2960 545 vivere
3019 506 3087 547 ac
3120 490 3482 546 fructiﬁcare
3518 495 3652 562 Deo,
3693 510 3770 549 an

331 579 473 651 Ὅρα
505 574 584 643 δὲ,
616 577 702 631 ὅτι
732 573 927 648 ἔδειξεν
957 575 1143 630 ἑαυτὸν
1185 576 1383 650 Κύριον
1441 582 1539 633 105
1596 582 1694 653 ζῇν
1749 578 1841 634 καὶ
1895 580 1994 652 μή.

337 690 364 717 ‹‹
399 664 713 741 Συνέχομαι
745 662 803 720 δὲ
833 664 893 720 ἐκ
919 670 1025 720 τῶν
1055 663 1168 721 δ·3ο.
1213 689 1238 717 »ι
1289 668 1439 723 Ἐπεὶ
1490 669 1583 723 οὗν
1613 669 1667 723 τί
1699 670 1999 745 οιίρησομαι

340 754 404 810 05
432 754 710 829 γνωρίζω,
772 752 998 814 εἰκότως
1053 753 1353 831 συνεχομαι
1413 754 1473 812 ἐκ
1522 762 1630 812 τῶν
1664 755 1782 824 δύο,
1811 762 1913 814 τοῦ
1941 780 2000 815 τε

336 843 623 913 ἀναλῦσαι,
683 843 773 898 καὶ
831 841 929 899 105
985 850 1314 919 προσμεῖναι
1387 850 1457 920 τῇ
1515 852 1654 922 ζωῇ.
1725 848 1882 914 Εἶτα,
1952 849 1997 902 ὧ

338 931 544 1001 Παῦλε,
577 935 605 988 ὁ
635 936 896 988 τοσοῦτον
956 933 1187 1008 Χριστόν
1244 935 1493 1011 ἀγαπῶν,
1528 934 1673 997 ὅλως
1728 933 1996 1005 διατάξεις

330 1023 422 1079 καὶ
456 1018 830 1104 ἀμφιϐάλλεις
875 1023 926 1078 τί
980 1044 1038 1078 σε
1092 1021 1174 1079 δεῖ
1229 1024 1536 1100 αἷρεῖσραις
1597 1025 1790 1081 Καίτοι
1821 1027 1997 1099 ἀναμ-

333 1108 564 1191 φίϐολόν
627 1134 713 1168 σοι
770 1111 1004 1191 ὤφειλεν
1065 1113 1198 1168 εἶναι
1258 1113 1450 1183 καλὸν,
1498 1115 1562 1170 τὸ
1612 1115 1871 1171 ἀναλῦσαι
1903 1117 1994 1172 καὶ

332 1202 425 1257 σὺν
454 1207 681 1277 Χριστῷ
736 1202 890 1257 εἶναι.
953 1200 1114 1272 Οἶδα,
1175 1204 1332 1281 φησί,
1388 1208 1551 1258 τοῦτο
1594 1204 1994 1281 κάγὼ,ἀμὲλει

332 1293 434 1361 τὴν
468 1290 756 1363 ἐπιθυμίαν
808 1287 953 1365 ἔχων
996 1291 1071 1353 εἰς
1116 1293 1178 1346 τὸ
1228 1292 1496 1348 ἀναλῦσαι
1533 1294 1624 1348 καὶ
1658 1294 1749 1347 σὺν
1786 1296 1997 1369 Χριστῷ

338 1381 499 1450 εἶναι,
533 1380 624 1435 καὶ
654 1379 851 1450 ταύτην
883 1378 1084 1452 πολλῷ
1119 1378 1334 1453 μᾶλλον
1381 1381 1668 1455 κρείσσονα
1702 1403 1796 1455 μοι
1828 1380 1993 1438 οὖσαν

340 1467 521 1536 εἰδὼς,
584 1470 733 1524 εἶπον
789 1470 873 1524 ὅτι
927 1469 1230 1544 συνέχομαι
1288 1469 1349 1524 ἐκ
1402 1476 1511 1525 τῶν
1574 1468 1691 1527 δύο.
1743 1472 1896 1527 Διατί
1940 1470 1997 1527 δὲ

331 1563 534 1627 10510;
592 1556 681 1613 διὰ
736 1562 837 1628 τήν
897 1558 1160 1635 ὑμετέραν
1222 1562 1518 1635 σωτηρίαν,
1576 1560 1731 1639 φησὶ,
1775 1563 1866 1617 καὶ
1927 1559 1996 1617 δι’

325 1646 489 1720 ὑμᾶς,
544 1649 680 1722 ὅπερ
737 1648 1160 1725 ἀναγκαιότερον
1218 1651 1482 1723 ἡγοῦμαι,
1545 1647 1735 1719 ἐπειδὴ
1796 1651 1859 1706 05
1931 1652 1994 1706 10

322 1736 456 1809 ἰμὸθ
488 1740 701 1802 σκοπῶ,
747 1733 895 1792 ἀλλὰ
951 1737 1015 1791 τὸ
1074 1737 1227 1811 ὑμῶν
1285 1737 1581 1817 συμφέρον.
1615 1742 1779 1814 Ὁρᾷς
1804 1740 1992 1819 ψυχὴν

329 1829 687 1899 προτιμῶσαν
746 1829 845 1880 105
903 1825 1107 1881 οἰκείου
1167 1828 1536 1902 συμφέροντος
1592 1830 1691 1898 τήν
1741 1833 1850 1884 τῶν
1884 1849 1989 1902 μα-

334 1919 514 1986 θητῶν
571 1914 880 1985 ὦφὲλειαν;
944 1915 1246 1989 Ἐπιμένων
1303 1917 1430 1994 γὰρ,
1490 1918 1620 1980 τούς
1660 1939 1719 1974 τε
1746 1938 1988 1989 προκατ-

328 2012 642 2080 ηχηθὲντας
664 1999 913 2060 ἐϐεϐαίου
929 2006 1020 2060 καὶ
1044 2004 1249 2069 ἄλλους
1272 2001 1710 2080 προσελάμϐανε.
1731 2031 1758 2059 ››
1784 2006 1989 2082 Πολλῷ

329 2095 545 2168 μᾶλλον
574 2100 846 2168 κρεῖσσον.
883 2119 911 2147 ››
941 2095 1042 2161 Τὸ,
1095 2094 1264 2170 ἔχων,
1325 2096 1431 2150 ἀπὸ
1484 2100 1696 2164 κοινοῦ,
1728 2098 1848 2151 οἷον
1876 2098 1990 2166 Τὴν

322 2182 614 2257 ἐπιθυμίαν
670 2177 816 2264 ἔχων
872 2182 954 2247 εἷς
1012 2186 1076 2239 τὸ
1135 2182 1421 2252 ἀναλῦσαι,
1484 2185 1572 2239 καὶ
1616 2180 1763 2261 ἔχων
1791 2185 1992 2259 πολλῷ

325 2271 541 2346 μᾶΑλον
566 2278 843 2347 κρεῖσσον,
875 2272 940 2329 10
983 2272 1075 2327 σὺν
1109 2275 1328 2345 Χτιστῷ
1356 2273 1509 2329 εἶναι.
1545 2298 1573 2327 ‹‹
1608 2275 1989 2351 Ἀναγκαιὸτεο

326 2382 417 2437 ρον
447 2361 517 2417 δι’
548 2362 710 2436 ὑμᾶς.
746 2386 771 2413 ι)
807 2362 912 2419 Καὶ
963 2363 1082 2417 κατ’
1135 2361 1278 2418 ἄλλο
1338 2362 1783 2439 ἀναγκαιότερον,
1812 2365 1895 2418 δτι
1926 2365 1987 2420 τὸ

325 2452 618 2528 προσάγειν
648 2456 764 2523 Θεῷ
817 2448 907 2507 διὰ
962 2452 1197 2514 πίστεως
1254 2451 1534 2520 πλείονας,
1593 2452 1786 2509 πλεῖον
1827 2454 1987 2510 αὐτὸν

326 2539 529 2595 οἶκειοῖ
578 2544 658 2613 τῷ
715 2544 956 2616 Χριστῷ.
994 2563 1020 2595 ι
1054 2539 1159 2598 Καὶ
1217 2545 1381 2597 τοῦτο
1415 2539 1630 2617 0αρρὦ
1664 2538 1808 2610 οῖδα,
1846 2566 1873 2594 ››
1903 2543 1989 2614 τὸ,

325 2630 460 2685 εἶναι
525 2626 942 2704 ἀναγκαιοτέραν
1011 2630 1110 2696 τήν
1180 2628 1235 2685 ἐν
1300 2631 1458 2704 σαρκὶ
1508 2632 1852 2705 προσμονήν.
1921 2664 1988 2674 -—-

332 2740 355 2770 ι
380 2717 484 2775 Καὶ
506 2721 670 2773 10510
691 2718 968 2782 πεποιθὼς
992 2716 1138 2778 οἴδα,
1170 2742 1196 2770 ιο
1216 2753 1288 2762 -——
1308 2721 1523 2793 [ΦΩΤ.]
1554 2720 1701 2778 Ἀντί
1732 2724 1850 2787 105,
1887 2720 1991 2776 Καὶ

395 2811 421 2821 υ
658 2805 670 2823 ι
694 2806 708 2819 ο
805 2807 818 2825 \
990 2806 1005 2825 ἱ
1109 2805 1123 2825 9
1322 2808 1333 2825 υ
1551 2804 1575 2825 λ
1721 2807 1732 2827 Ι
1851 2807 1865 2826 9

325 2827 489 2862 τουτο
518 2807 867 2883 τεθαρρηκως
916 2826 1008 2862 και
1067 2828 1129 2861 ου
1185 2804 1448 2877 δισταζων
1484 2809 1632 2865 οῖοα.
1666 2810 1731 2865 Τι
1764 2804 1822 2863 δέ
1848 2828 1989 2862 εστιν

327 2895 359 2951 0'
390 2894 605 2971 θαρῥῶν
636 2895 727 2950 καὶ
760 2895 823 2950 οὐ
857 2892 1125 2965 διστάζων
1184 2892 1369 2963 οἶδενς
1418 2898 1543 2953 "01:
1575 2897 1992 2972 ἀναγκαιότερον

323 2984 389 3040 τὸ
419 2981 490 3039 δι’
520 2981 717 3046 αὐτοὺς
746 2982 1016 3056 ἐπιμένειν
1046 2988 1116 3058 τῇ
1170 2983 1346 3059 σαρκί.
1392 2987 1526 3041 Εἶτα
1555 2981 1697 3042 Οἶδα
1727 2984 1812 3040 δτι
1846 2991 1993 3060 μενῶ

319 3073 410 3128 καὶ
464 3076 898 3147 σδμπαραμενῶ.
964 3074 1102 3129 Ἀπὸ
1156 3076 1346 3127 κοινοῦ
1404 3072 1508 3148 γάρ
1568 3074 1659 3143 τὸ,
1718 3070 1861 3133 οἶδα,
1920 3076 1990 3132 ’Ἠ

320 3161 528 3231 καὶτὸ,
561 3160 695 3217 ὅλον
725 3160 833 3215 ἀπὸ
892 3163 1095 3215 κοινοῖ)-
1158 3163 1274 3216 οἴον
1332 3161 1416 3215 '01:
1489 3160 1701 3237 θαῤῥῶν
1745 3160 1893 3232 οἶδα,
1924 3162 1987 3217 οὐ

325 3251 487 3325 μόνον
527 3252 614 3307 δτι
662 3250 1084 3328 ἀναγκαιότερον
1133 3250 1196 3305 τὸ
1243 3248 1516 3323 ἐπιμένειν
1571 3272 1637 3324 με
1682 3255 1753 3325 τῇ
1804 3253 1983 3325 σαρκὶ,

321 3338 452 3396 ἀλλ’
482 3341 566 3395 '01:
598 3339 689 3394 καὶ
747 3337 989 3412 ἐπιμενῶ
1036 3340 1128 3393 καί
1186 3342 1621 3415 συμπαραμενῶ,
1650 3340 1713 3398 Ὀ
1744 3340 1850 3417 γὰρ
1878 3345 1985 3396 τῶν

323 3429 654 3505 ἀπορρήτων
721 3429 813 3483 καὶ
885 3427 1290 3502 ὑπερουρανίων
1388 3427 1620 3502 μύστης,
1698 3428 1824 3484 οὐδὲ
1888 3430 1986 3497 τήν

323 3521 514 3575 ἑαυτοῦ
584 3519 733 3588 ζωὴν
804 3515 856 3571 ἐν
924 3513 1215 3592 δισταγμῷ
1280 3514 1425 3587 ἣδει,
1494 3521 1588 3573 καὶ
1653 3519 1736 3574 '01:
1788 3513 1865 3574 ἔτι
1893 3523 1984 3573 νῦν

323 3602 694 3662 ἰπιϐιώσεται.
749 3605 983 3661 Δύναται
1047 3602 1104 3660 δέ
1161 3627 1244 3668 τις
1303 3607 1394 3662 καὶ
1455 3606 1650 3681 ὲτέρως
1702 3608 1765 3663 τὸ
1820 3606 1982 3682 ῥητὸν

321 3695 602 3765 συντάξας,
662 3693 839 3750 051w:
896 3690 1146 3750 ἐκλαϐεῖν
1217 3694 1592 3770 ἑτοιμότερον·
1654 3697 1733 3753 Τὸ
1794 3694 1984 3769 ἐπιμί-

327 3804 462 3852 νειν,
519 3784 704 3860 φησὶν,
752 3783 1171 3859 ἀναγκαιότερον
1232 3781 1302 3839 δι’
1357 3785 1518 3858 ὑμᾶς.
1572 3786 1725 3855 Εἶτα,
1760 3785 1862 3842 Καὶ
1909 3785 1987 3848 εἷς

332 3876 496 3928 τοῦτο
553 3870 765 3947 θαρρῶν
825 3873 907 3928 '01:
966 3873 1383 3949 ἀναγκαιότερόν
1442 3873 1578 3943 ἐστι,
1618 3875 1804 3946 φησὶν,
1866 3872 1986 3930 οἶδα

330 3960 416 4015 ὅτι
480 3964 624 4033 μενῶ
680 3960 771 4016 καὶ
834 3967 1262 4036 συμπαραμενῶ,
1325 3963 1415 4018 καὶ
1473 3964 1610 4036 ἑξῆς.
1650 3989 1677 4015 (ι
1711 3963 1985 4037 Καὶσυμ-

325 4054 626 4126 παραμενῶ
668 4056 832 4106 πᾶσιν
889 4051 1037 4123 ὑμῖν,
1076 4076 1104 4104 ››
1158 4050 1322 4123 Οἶδα,
1380 4053 1567 4127 φησὶν,
1600 4053 1684 4107 6'1:
1718 4051 1864 4126 μένω
1896 4054 1986 4108 καὶ

323 4146 732 4216 συμπειραμενῶ
791 4146 949 4196 πᾶσιν
1002 4142 1149 4214 ὑμῖν.
1218 4139 1440 4212 Ἐπειδή
1474 4142 1579 4218 γὰρ
1613 4143 1797 4219 θαῤῥῶ
1826 4143 1985 4216 ἀναγ-

319 4231 602 4300 καιότερον
635 4230 776 4284 εἶναι
825 4230 887 4283 τὸ
948 4230 1152 4301 μὲνειν,
1209 4228 1330 4286 οἶδα
1391 4231 1477 4286 ὅτι
1512 4237 1681 4303 μενῶ,
1714 4232 1776 4288 οὐ
1814 4233 1984 4305 μόνον

323 4316 378 4372 ἰν
420 4314 665 4388 δεσμοῖς,
719 4315 866 4371 ἀλλὰ
915 4321 1006 4371 καὶ
1066 4319 1160 4372 σὺν
1222 4319 1375 4390 ὑμῖν,
1428 4320 1521 4374 καὶ
1579 4317 1786 4394 ὄψομαι
1824 4322 1983 4394 ὑμᾶς.

324 4410 488 4461 Μενῶ
520 4401 599 4473 δὲ,
632 4406 823 4481 φησὶν,
874 4404 950 4467 εἷς
1008 4407 1106 4472 τὴν
1166 4406 1317 4477 ὑμῶν
1374 4409 1661 4481 προκοπήν
1691 4410 1780 4464 καὶ
1812 4409 1985 4484 χαρὰν

320 4501 425 4564 τῆς
458 4494 714 4556 πίστεως.
764 4496 883 4550 "Eva
935 4495 1038 4569 γὰρ
1090 4493 1142 4548 ἐν
1196 4494 1373 4549 πίστει
1425 4496 1724 4569 προκόψαι,
1756 4498 1816 4552 τὸ
1851 4496 1987 4571 μᾶλ-

2108 580 2258 636 mori
2283 585 2342 634 et
2364 596 2493 635 esse
2511 595 2647 634 cum
2678 579 3359 634 Christo.Animadverte
3388 586 3583 635 autem
3609 583 3766 652 quod

2108 669 2169 723 in
2202 685 2383 724 manu
2414 684 2521 723 sua
2550 684 2680 723 esse
2713 668 3044 723 ostenderit
3073 673 3178 724 aut
3206 668 3396 723 vivere
3417 674 3533 724 'aut
3587 673 3759 729 mori.

2109 780 2136 806 ‹‹
2165 759 2444 813 Coarctor
2473 758 2631 812 enim
2668 772 2736 812 ex
2765 757 2858 812 his
2889 756 3141 813 duobus.
3180 780 3206 807 »
3236 758 3526 822 Quoniam
3584 759 3764 831 igitur

2107 845 2248 917 quid
2279 846 2970 918 eligam,ignoro,merito
2996 853 3267 901 coarctor
3289 863 3357 900 ex
3383 846 3476 902 his
3508 847 3764 917 duobus,

2108 948 2326 1006 nempe
2357 940 2459 989 aut
2490 934 2731 990 dissolvi
2766 940 2870 989 aut
2900 950 3143 989 manere
3176 935 3235 989 in
3263 936 3477 991 vita.At
3498 937 3762 1007 interim,

2107 1038 2140 1076 0
2175 1022 2376 1091 Paule,
2412 1040 2545 1078 cum
2577 1023 2724 1078 adeo
2780 1023 3080 1078 Christum
3115 1022 3351 1096 diligas,
3411 1041 3487 1079 an
3520 1027 3764 1081 omnino

2105 1113 2344 1169 dubitas
2374 1131 2441 1169 ac
2473 1114 2711 1169 hmsitas
2736 1113 2878 1185 quid
2908 1119 2963 1168 te
2998 1114 3216 1186 eligere
3243 1116 3565 1187 oporteat?
3591 1117 3770 1188 Atqui

2105 1200 2509 1255 indubitatum
2564 1200 2669 1255 tibi
2707 1217 2835 1255 esse
2895 1199 3140 1255 deberet
3170 1200 3331 1271 quod
3388 1202 3607 1256 melius
3655 1208 3767 1271 est,

2107 1307 2324 1361 nempe
2357 1289 2595 1345 dissolvi
2629 1295 2689 1345 et
2717 1305 2848 1345 esse
2879 1305 3014 1345 cum
3054 1290 3311 1347 Christo.
3345 1290 3507 1355 Novi,
3543 1291 3772 1361 inquit,

2105 1381 2217 1435 hoc
2251 1385 2309 1433 et
2367 1395 2495 1447 ego,
2530 1377 2896 1433 desiderium
2955 1384 3114 1433 certe
3150 1377 3378 1434 habens
3432 1379 3682 1434 dissolvi
3716 1389 3776 1437 et

2106 1483 2240 1523 esse
2271 1483 2406 1521 cum
2438 1466 2670 1522 Christo
2707 1483 2720 1521 :
2753 1482 3009 1537 cumque
3058 1467 3210 1521 hanc
3257 1472 3487 1539 partem
3542 1468 3758 1523 scirem

2107 1557 2296 1612 multo
2327 1556 2621 1628 longeque
2651 1572 2780 1611 esse
2812 1556 3255 1627 potiorem.dixi
3283 1556 3439 1628 quod
3472 1573 3503 1612 e
3526 1557 3758 1614 duobus

2105 1647 2589 1712 coarcter.Quare
2608 1653 2808 1703 autem
2831 1647 2939 1702 hoc
2958 1646 3240 1718 ‘Ipropter
3258 1648 3758 1719 vestram,inquit,

2105 1737 2384 1803 salutem,
2416 1741 2476 1791 et
2504 1741 2747 1807 propter
2776 1753 2900 1801 vos,
2931 1741 3317 1807 vestrumque
3347 1737 3752 1803 commodum,

2104 1841 2281 1897 quam
2312 1840 2439 1880 rem
2473 1824 2659 1897 magis
2688 1824 3087 1880 necessariam
3122 1823 3314 1879 duco:
3366 1825 3746 1896 quandoqui-

2094 1914 2230 1970 dem
2261 1929 2381 1969 non
2421 1912 2580 1984 quod
2607 1929 2805 1968 meum
2837 1919 2929 1968 est
2968 1912 3223 1981 intueor,
3257 1913 3359 1968 sed
3391 1914 3549 1985 quod
3580 1913 3744 1968 vobis

2096 2002 2540 2075 expedit.Vides
2561 2002 2827 2057 animum
2846 2008 3291 2074 praeponentem
3312 2003 3743 2074 discipulorum

2095 2092 2413 2148 utilitatem
2436 2108 2542 2147 suo
2559 2093 2800 2163 proprio
2816 2091 3126 2147 commodo
3147 2091 3175 2146 ‘l
3196 2093 3559 2147 Permanens
3583 2092 3743 2146 enim

2097 2197 2201 2237 eos
2235 2181 2336 2252 qui
2369 2181 2625 2253 primum
2660 2182 2933 2236 instructi
2964 2180 3198 2236 fuerant
3246 2180 3658 2245 conﬁrmabat,
3692 2185 3751 2233 et

2096 2270 2244 2325 alios
2276 2270 2634 2326 assumebat.
2692 2270 2871 2325 Multo
2903 2270 3184 2341 longique
3212 2270 3430 2323 melius
3491 2275 3581 2322 est
3636 2268 3748 2323 hoc

2097 2359 2325 2416 habens
2353 2375 2388 2414 a
2416 2375 2739 2414 communa
2770 2375 2971 2422 sensu,
3006 2356 3065 2411 id
3096 2364 3205 2422 est,
3239 2354 3606 2411 desiderium
3638 2357 3748 2411 ha-

2099 2450 2250 2506 bens
2281 2450 2544 2514 dissolvi,
2570 2449 2799 2505 habens
2826 2448 3016 2504 multo
3048 2448 3340 2520 longeque
3370 2448 3586 2503 melius
3617 2432 3758 2504 esse

2097 2555 2234 2595 cum
2265 2539 2520 2595 Christo.
2557 2561 2584 2587 «ι
2626 2538 2803 2611 Magis
2833 2536 3239 2592 necessarium
3273 2543 3515 2609 propter
3558 2554 3681 2592 vos.
3714 2559 3740 2591 ιι

2097 2628 2288 2683 Etiam
2321 2644 2391 2682 ex
2420 2628 2538 2683 alio
2565 2627 2752 2700 magis
2783 2626 3188 2682 necessarium
3219 2632 3344 2682 est:
3381 2627 3522 2697 quia
3552 2627 3749 2699 plures

2097 2732 2204 2788 per
2234 2716 2411 2771 fidem
2444 2716 2563 2772 Deo
2594 2715 2910 2783 adducere,
2943 2716 3131 2787 magis
3161 2715 3554 2771 domesticum
3611 2716 3754 2772 facit

2100 2805 2297 2877 ipsum
2329 2804 2581 2860 Christo.
2615 2827 2641 2855 α
2676 2806 2745 2859 Et
2775 2805 2886 2860 hoc
2916 2820 3258 2876 persuasus.
3296 2826 3323 2853 ››
3354 2807 3502 2860 Cum
3533 2805 3752 2861 ﬁducia

2099 2896 2256 2956 novi.
2290 2895 2506 2966 inquit,
2541 2895 2700 2966 quod
2729 2895 2916 2968 magis
2948 2895 3285 2951 necessaria
3316 2900 3407 2950 est
3458 2896 3521 2951 in
3572 2913 3749 2952 carne

2100 2986 2533 3057 permanentia.
2571 3008 2599 3035 «
2633 2986 2700 3039 Et
2725 2985 2837 3040 hoc
2866 3000 3188 3056 persuasus
3237 2984 3381 3039 scio.
3417 3007 3445 3035 »
3499 2986 3616 3040 Hoc
3659 2991 3749 3040 est

2101 3082 2159 3130 et
2190 3075 2300 3130 hoc
2330 3080 2491 3131 certo
2544 3091 2612 3130 ac
2643 3074 3052 3129 indubitanter
3101 3073 3284 3129 novit.
3317 3074 3465 3139 Quid
3496 3081 3586 3130 est
3640 3091 3749 3130 au-
3813 3077 3829 3096 ‘

2103 3170 2223 3219 tem
2256 3163 2413 3233 quod
2444 3170 2604 3217 certo
2664 3162 3073 3218 indubitanter
3102 3163 3311 3218 novit?
3340 3163 3499 3234 quod
3560 3164 3745 3236 magis

2105 3252 2508 3308 necessarium
2561 3258 2651 3306 est
2707 3258 2950 3324 propter
2980 3268 3081 3307 vos
3139 3268 3382 3307 manere
3432 3252 3493 3308 in
3546 3269 3745 3309 carne.

2097 3338 2324 3396 Deinde
2351 3339 2472 3394 scio
2506 3339 2665 3410 quod
2699 3355 3017 3395 mansurus
3050 3341 3161 3395 sim
3193 3346 3251 3395 et
3282 3357 3417 3395 cum
3470 3341 3749 3397 omnibus

2094 3429 2264 3485 vobis
2291 3444 2737 3500 permansurus.
2774 3430 2917 3484 Nam
2950 3446 2985 3484 a
3014 3429 3318 3484 communi
3349 3446 3528 3485 sensu
3576 3446 3751 3502 repe-

2097 3517 2342 3574 tendum
2375 3523 2486 3581 est.
2520 3518 2663 3573 scio.
2700 3520 2815 3572 Aut
2846 3519 3025 3574 etiam
3057 3519 3118 3573 in
3150 3523 3339 3574 totum
3371 3535 3407 3573 a
3444 3521 3745 3576 communi

2097 3623 2276 3663 sensu
2311 3613 2600 3673 sumatur,
2635 3623 2852 3680 nempe
2884 3624 3204 3678 persuasus
3236 3607 3355 3662 scio
3386 3624 3508 3663 non
3554 3609 3746 3666 solum

2097 3694 2257 3767 quod
2290 3696 2475 3768 magis
2509 3697 2913 3752 necessarium
2943 3697 3022 3751 sit
3048 3713 3142 3752 me
3173 3696 3234 3751 in
3295 3713 3470 3752 carne
3520 3713 3748 3768 perma-

2094 3800 2257 3850 nere,
2288 3784 2389 3840 sed
2419 3784 2579 3856 quod
2608 3785 2787 3841 etiam
2812 3801 3131 3840 mansurus
3164 3785 3276 3840 sim
3310 3791 3367 3840 et
3396 3803 3529 3841 cum
3562 3788 3752 3843 omni-

2095 3874 2205 3929 bus
2260 3874 2427 3929 vobis
2476 3890 2919 3946 permansurus.
2985 3874 3130 3928 Cum
3187 3874 3349 3929 enim
3399 3878 3633 3932 arcanis
3681 3894 3749 3933 ac

2096 3964 2441 4021 caelestibus
2474 3964 2777 4035 mysteriis
2810 3963 3080 4018 initiatus
3140 3970 3317 4032 esset,
3354 3966 3452 4021 76
3507 3973 3753 4022 noverat

2094 4053 2277 4107 vitam
2310 4068 2478 4107 suam
2509 4067 2629 4105 non
2663 4052 2723 4105 in
2759 4051 3033 4120 ambiguo
3067 4068 3195 4108 esse
3227 4053 3424 4120 sitam,
3459 4054 3560 4111 sed
3592 4056 3750 4128 quod

2096 4158 2253 4196 nunc
2277 4140 2472 4196 adhuc
2506 4146 2810 4210 superstes
2842 4156 3268 4211 permansurus
3316 4149 3491 4199 esset.
3551 4147 3751 4200 Potest

2096 4235 2299 4284 antem
2332 4229 2467 4299 quis
2499 4228 2616 4283 alio
2648 4228 2825 4284 modo
2858 4230 2968 4284 hac
2999 4232 3295 4287 sententia
3326 4231 3618 4299 ordinata,
3666 4235 3747 4289 ita

2094 4319 2428 4390 promptius
2463 4318 3619 4394 intelligere.Permanere,inquit,magis
3648 4339 3746 4379 ne-

2095 4407 2423 4462 cessarium
2464 4413 2555 4462 est
2587 4413 2831 4478 propter
2860 4424 2959 4462 vos
2985 4424 2997 4461 :
3031 4408 3343 4471 deinde.Et
3372 4410 3446 4464 ad
3472 4411 3596 4466 haec
3619 4428 3749 4484 per-

2098 4496 2720 4567 suasus,inquit,quod
2735 4498 2925 4570 magis
2942 4499 3347 4553 necessarium
3361 4499 3438 4553 sit
3455 4501 3574 4555 scio
3589 4502 3746 4570 quod

331 4582 428 4640 λον
460 4582 536 4647 εἰς
566 4583 737 4652 αὐτήν
796 4578 1163 4659 βεϐαιωθῆναι
1222 4583 1313 4637 καὶ
1367 4585 1582 4658 χαίρειν
1619 4585 1718 4652 τήν
1744 4606 1988 4658 πνευμα-

2099 4602 2417 4642 mansurus
2441 4586 2571 4643 sim.
2607 4586 2905 4657 simulque
2940 4603 3073 4642 cum
3108 4588 3389 4643 omnibus
3424 4588 3589 4644 vobis
3619 4607 3747 4661 per-

327 4674 486 4742 τικὴν
519 4673 717 4748 χαράν,
766 4677 935 4729 T0510
989 4671 1047 4729 δὲ
1100 4671 1281 4749 ἠρέμα
1336 4673 1427 4728 καὶ
1481 4667 1779 4751 φοϐοῦντός
1822 4673 1987 4731 ἐστιν.

330 4759 397 4815 Εἰ
426 4759 532 4832 γὰρ
563 4756 635 4812 δι’
668 4760 807 4830 ὑμᾶς
865 4766 1033 4833 μενῶ,
1094 4762 1256 4838 ὁρᾶτε
1318 4762 1395 4836 μή
1454 4760 1852 4838 καταισχύνητέ
1885 4783 1989 4835 μου

329 4846 431 4913 τήν
465 4843 754 4917 ἐπιμονήν.
785 4871 811 4896 «
847 4849 957 4903 Ἱνα
984 4850 1047 4902 τὸ
1090 4850 1361 4924 καύχημα
1418 4851 1594 4923 ὑμῶν.
1630 4876 1656 4902 ››
1693 4855 1816 4913 Πῶς
1849 4847 1896 4905 δ’
1928 4850 1987 4906 ἂν

328 4936 506 4992 αὖε-ὧν
561 4936 900 5009 περισσεῦσοι
948 4938 1010 4991 10
1075 4941 1379 5013 καύχημας
1448 4942 1545 4995 Διὰ
1608 4946 1706 4995 105
1772 4941 1985 5017 ἐστηρί-

330 5035 463 5100 χθαι
502 5022 554 5078 ἐν
584 5026 653 5097 τῇ
685 5023 886 5088 πίστει,
945 5023 1035 5077 καὶ
1093 5024 1267 5099 ὀρθῶς
1328 5027 1482 5100 βιοῦν
1524 5024 1806 5099 δηλονότι.
1842 5054 1870 5082 ι(
1899 5032 1984 5088 Ἑν

328 5114 550 5188 Χριστῷ
581 5114 762 5185 Ἰησοῦ
809 5111 865 5167 ἐν
912 5110 1057 5185 ἐμοί.
1093 5135 1120 5164 ››
1172 5111 1396 5183 Ἐπειδή
1435 5117 1554 5170 εἶπε
1591 5117 1689 5185 τὴν
1723 5116 1987 5189 ἐπιμονὴν

326 5203 495 5257 αὐτοῦ
532 5200 608 5263 είς
656 5200 756 5268 τήν
806 5199 1023 5255 ἐκείνων
1078 5202 1319 5276 γενέσθαι
1376 5205 1687 5274 προκοπὴν,
1720 5210 1807 5260 νῦν
1841 5205 1986 5262 θέλει

325 5287 491 5360 δεῖξαι
540 5288 623 5343 ὅτι
674 5291 710 5358 ἡ
765 5291 1019 5360 προκοπή
1090 5289 1289 5361 αὐτῶν,
1358 5293 1445 5347 καὶ
1518 5292 1592 5355 εἰς
1655 5296 1754 5362 τήν
1823 5294 1985 5350 αὐτοῦ

331 5376 597 5456 ὠφέλειαν
631 5378 908 5445 συντείνει,
960 5378 1046 5433 ἳνα
1103 5381 1178 5452 μὴ
1240 5376 1368 5454 δόξῃ
1428 5382 1610 5456 βαρεῖν
1658 5383 1878 5451 αὐτοὺς,
1913 5385 1987 5448 ὡς

332 5464 403 5521 δι’
452 5465 650 5526 αὐτοὺς
696 5470 796 5520 105
845 5466 1052 5521 οἰκείου
1099 5473 1372 5544 περιορῶν
1426 5473 1820 5549 συμφέροντος,
1876 5473 1981 5542 ὅτι,

329 5556 485 5631 φησὶ.
546 5556 621 5612 Τὸ
684 5556 837 5627 ὑμῶν
898 5556 1185 5634 καύχημα,
1239 5557 1328 5613 καὶ
1386 5557 1438 5614 ἐν
1499 5559 1622 5634 ἐμοὶ
1656 5561 1982 5640 περισσεύει.

323 5648 426 5704 "Av
458 5645 560 5721 γὰρ
591 5644 745 5717 ὑμεῖς
797 5643 895 5712 ἤτε
947 5643 1192 5719 δόκιμοι,
1344 5649 1618 5724 καὺχησις
1657 5651 1747 5706 κ]ιῖ
1781 5650 1861 5715 εἷς
1889 5649 1983 5722 ἐμὲ

2100 4691 2417 4730 mansurus
2448 4697 2473 4722 ‹‹
2503 4676 2572 4729 Et
2601 4690 2733 4729 cum
2765 4675 3045 4731 omnibus
3076 4676 3236 4731 vobis
3257 4693 3740 4748 permansurus.»

2100 4764 2251 4831 Scio,
2285 4763 2668 4836 inquit,quod
2700 4781 3019 4820 mansurus
3051 4766 3184 4832 sim,
3209 4772 3267 4821 et
3296 4782 3430 4822 cum
3462 4766 3741 4823 omnibus

2098 4854 2263 4910 vobis
2273 4856 3217 4927 permansurus.Quandoquidem
3239 4857 3397 4911 enim
3420 4873 3739 4927 persuasus

2099 4960 2229 4998 sum
2270 4944 2453 5015 magis
2483 4944 2889 4999 necessarium
2952 4963 3079 5001 esse
3113 4961 3374 5012 manere,
3410 4948 3529 5002 scio
3583 4950 3743 5021 quod

2096 5048 2413 5087 mansurus
2444 5033 2556 5087 sim
2590 5048 2708 5087 non
2741 5033 2933 5088 solum
2969 5035 3030 5089 in
3061 5034 3329 5101 vinculis,
3358 5040 3744 5095 verumetiam

2096 5137 2217 5176 una
2246 5121 2547 5176 vobiscum
2582 5126 2639 5176 et
2663 5139 2766 5177 vos
2797 5123 3029 5179 visurus
3060 5124 3195 5181 sim.
3228 5126 3472 5182 Manebo
3520 5136 3741 5194 autem,

2096 5210 2198 5276 ait,
2227 5210 2298 5264 ad
2335 5216 2588 5264 vestrum
2619 5211 2948 5282 profectum
2983 5219 3042 5268 et
3071 5214 3351 5286 gaudium
3400 5216 3557 5270 fidei.
3593 5218 3741 5268 Con-

2097 5299 2270 5371 tingit
2301 5299 2460 5353 enim
2491 5299 2552 5353 in
2587 5299 2703 5355 ﬁde
2734 5302 3134 5371 procedendo,
3177 5306 3364 5376 magis
3395 5305 3457 5356 in
3488 5318 3556 5355 ea
3595 5318 3739 5354 con-

2097 5387 2341 5456 ﬁrmari,
2376 5393 2435 5441 et
2463 5387 2721 5459 gaudere
2753 5390 3046 5460 spirituali
3076 5391 3311 5463 gaudio.
3365 5390 3484 5443 Hoc
3540 5393 3735 5442 autem

2095 5476 2273 5531 etiam
2334 5482 2424 5531 est
2466 5476 2657 5531 obiter
2704 5479 3000 5535 terrentis.
3049 5480 3194 5533 Nam
3246 5478 3294 5531 si
3342 5480 3585 5546 propter
3636 5493 3737 5531 vos

2098 5580 2414 5619 mansurus
2448 5582 2601 5631 sum,
2635 5566 2848 5633 videte,
2883 5567 3096 5637 inquit.
3128 5582 3202 5619 ne
3228 5580 3327 5618 vos
3358 5577 3553 5617 meam
3604 5580 3736 5635 per.

2099 5654 2485 5709 soverantiam
2518 5654 2962 5724 pudefaciatis.«
2998 5655 3068 5707 L't
3095 5652 3279 5724 gloria
3309 5656 3557 5706 vestra.»
3590 5652 3738 5718 QUO-
