4096 6194
278 372 435 430 1277

1324 365 1736 431 ΟΟΜΜΕΝΤ.
1782 362 1859 427 ΙΝ
1910 361 2156 424 EPIST.
2201 365 2304 425 AD
2350 365 2634 427 PHILlP.

3524 382 3679 441 1278

270 501 360 558 καὶ
391 500 670 564 ἀπωλείας
701 501 868 559 αἳτια.
919 502 1077 578 Λὲγει
1137 499 1196 556 δὶ
1251 500 1374 572 περί
1432 520 1596 556 τινων
1653 497 1897 554 ἀπίστων

2039 501 2095 552 et
2117 514 2296 554 causa
2325 499 2986 572 perditionis.Loquitur
3005 507 3204 559 autem
3232 504 3303 561 de
3326 510 3682 578 quibusdam

271 589 653 666 ἀντικειμένων
683 597 763 665 τῷ
795 593 1131 667 κηρύγματι.
1170 614 1196 642 ‹‹
1224 592 1347 649 ’Ότι
1391 590 1519 664 ὑμῖν
1577 587 1862 664 ἆχαρίσθη·
1899 607 1928 637 ››

269 685 410 754 ’Ὀρα
440 686 558 743 πῶς
585 681 686 737 οὐκ
715 679 831 736 οἶδε
862 679 1123 760 διαφορὰν
1181 684 1284 744 τῆς
1337 684 1436 734 τοῦ
1487 677 1696 754 Πατρὸς
1745 672 1781 746 ἤ
1828 682 1931 745 τῆς

270 776 368 826 τοῦ
400 772 527 825 Υἱοῦ
561 769 792 845 βουλῆς.
828 769 1007 824 Εἰπὼν
1039 770 1145 846 γὰρ
1176 767 1259 824 ὅτι
1294 768 1384 824 καὶ
1415 772 1575 824 τοῦτο
1614 767 1719 822 ἀπὸ
1768 767 1926 831 Θεοῦ,

275 860 486 935 ἐπέγει.
544 861 665 916 *Οτι
724 859 853 932 ὑμῖν
926 858 1189 934 ἐχαρίσθη
1252 857 1354 913 ὑπὸ
1412 858 1667 930 Χριστοῦ,
1734 853 1922 921 κοινὴν

267 946 474 1023 δωρεὰν
510 949 720 1023 Πατρὸς
750 948 836 1001 καὶ
874 948 1000 1001 Υἱοῦ
1042 946 1319 1020 τιθέμενος
1373 945 1435 1001 τὸ
1483 950 1726 1020 πρᾶγμαο
1761 966 1788 994 ››
1846 942 1921 999 Τὸ

268 1037 404 1112 ὑπὲρ
434 1038 703 1112 Χριστοῦ.
736 1060 763 1088 ιι
797 1041 1004 1106 Μεῖζον
1032 1035 1121 1090 καὶ
1154 1035 1578 1110 ἀξιολογώτερον
1633 1037 1808 1088 ποιῶν
1858 1032 1920 1086 :0

264 1126 372 1181 ὑπὸ
401 1128 510 1180 τῶν
552 1124 934 1200 ἀντικειμένων
994 1127 1072 1197 τῷ
1129 1123 1446 1198 κηρῦγματι
1494 1119 1917 1197 διενοχλεῖσοαι,

264 1215 371 1269 ὑπὸ
404 1219 538 1269 Θεοῦ
603 1212 749 1290 λέγει
814 1213 1001 1275 αὐτοῖς
1057 1216 1219 1269 τοῦτο
1279 1208 1642 1286 δεδωρῆσθαι,
1696 1210 1760 1266 τὸ
1815 1229 1917 1265 πι-

260 1307 479 1359 στεῦσαι
512 1303 758 1378 Χριστῷ,
793 1301 880 1359 καὶ
924 1302 987 1358 :0
1046 1299 1287 1357 ἐναϐλεῖν
1337 1296 1589 1364 δύνασθαι
1633 1303 1750 1362 τοῖς
1793 1318 1916 1355 πει-

263 1402 517 1467 ρασμοὶς.

330 1575 436 1631 Τὸν
494 1573 655 1629 αὐτὸν
714 1574 901 1650 ἀγῶνα
966 1567 1210 1647 ἔχοντες,
1274 1570 1393 1625 οἷον
1455 1568 1598 1625 ἴδετε
1653 1569 1705 1625 ἐν
1763 1567 1912 1643 ἐμοὶ,

254 1664 347 1719 καὶ
401 1666 494 1717 νῦν
551 1662 772 1718 ἀκούετε
822 1660 873 1717 ἐν
935 1659 1081 1734 ἐμοί.
1145 1658 1211 1717 ΕἿ
1271 1680 1355 1722 τις
1411 1658 1505 1714 οὖν
1563 1656 1911 1732 παράκλησις

261 1750 591 1827 ἒνΧριστῷ,
650 1748 704 1805 εἷ’
747 1771 800 1805 τι
855 1748 1201 1826 παραμύθιον
1259 1745 1494 1825 ἀγάπης,
1549 1747 1597 1802 εἳ
1649 1766 1734 1809 τις
1792 1766 1913 1802 κοι-

252 1838 423 1896 νωνία
462 1838 802 1913 Ηνεῦματος,
860 1839 909 1894 εἳ
964 1860 1048 1901 τις
1104 1837 1402 1916 σπλάγχνα
1455 1837 1546 1892 καὶ
1606 1836 1908 1912 οἰκτιρμοὶ,
1943 1870 1990 1936 Β

252 1925 589 2003 πληρώσατὲ
622 1948 727 2003 μου
781 1930 882 1998 τήν
943 1927 1141 2003 χαρὰν,
1198 1928 1291 1981 ἳνα
1350 1926 1414 1982 τὸ
1469 1926 1601 1980 αὐτὸ
1657 1932 1913 2005 φρονῆτε,

248 2020 351 2090 τὴν
442 2020 611 2089 αὐτὴν
704 2019 930 2097 ἀγάπην
1019 2013 1266 2098 ἔχοντες,
1362 2015 1674 2092 σύμψυχοι,
1733 2016 1795 2071 τὸ
1860 2012 1912 2071 ἕν

246 2114 601 2193 φρονοῦντες,
669 2105 840 2183 μηδὲν
933 2108 1069 2163 κατὰ
1135 2106 1388 2182 ἐρίθειαν,
1456 2104 1492 2176 ἤ
1561 2104 1699 2161 κατὰ
1764 2124 1912 2161 κενο-

257 2199 463 2273 δοξίαν,
575 2197 720 2254 ἀλλά
828 2200 896 2272 τῇ
1044 2196 1509 2276 ταπεινοφροσύνῃ
1623 2194 1917 2268 ἀλλήλους

253 2290 562 2367 ⁴ἡγούμενοι
673 2287 1037 2364 ὑπερέχοντας
1111 2289 1312 2343 ἑαυτῶν
1390 2288 1467 2361 μὴ
1567 2286 1635 2342 τὰ
1710 2288 1914 2342 ἑαυτῶν

252 2381 480 2444 ἕκαστος
546 2384 818 2448 σκοπεῖτε,
889 2377 1033 2435 ἀλλὰ
1098 2378 1189 2433 καὶ
1254 2378 1318 2433 τὸ
1386 2377 1601 2452 ίἑτέρων
1665 2374 1911 2440 ἕκαστος·

325 2466 521 2540 Βαϐαῖ,
550 2469 665 2526 οἶόν
696 2468 897 2525 ἔστιτὸ
925 2471 1017 2525 τὸν
1049 2469 1237 2545 ἀγῶνα
1294 2466 1496 2540 Ηαῦλῳ
1555 2465 1706 2547 ἔχειν
1737 2472 1749 2526 !
1801 2468 1913 2527 T6-

256 2585 359 2626 πος
392 2562 497 2640 γὰρ
530 2562 717 2622 αὐτοῖς
762 2560 789 2616 ὁ
822 2560 1036 2622 Παῦλος
1069 2557 1274 2633 ἐγένετο
1304 2556 1550 2629 ἀθλήσας
1590 2558 1645 2614 ἐν
1703 2560 1918 2656 (Pilia:

253 2674 405 2721 ποις,
437 2656 553 2714 πῶς
585 2648 668 2706 δεῖ
708 2650 839 2725 ὑπὲρ
895 2657 994 2721 τῆς
1053 2648 1287 2709 πίστεως
1345 2647 1727 2724 ἀγωνίζεσθαι.
1782 2674 1809 2701 ι(
1842 2647 1906 2708 Εἴ

254 2764 339 2805 τις
369 2743 459 2797 οὖν
488 2739 855 2816 παράκλησις.
890 2762 917 2791 »ι
955 2735 1029 2797 Ei’
1072 2758 1176 2803 τις,
1224 2738 1410 2817 φησὶν,
1461 2739 1588 2810 ὑμῖν
1638 2736 1775 2812 ἐμοῦ
1822 2740 1908 2815 γί-

252 2852 401 2887 νεται
433 2830 618 2906 λόγος,
651 2829 742 2886 καὶ
773 2825 828 2885 εἷ’
850 2827 967 2885 τινά
996 2848 1087 2903 μοι
1136 2826 1404 2903 βούλεσθε
1460 2827 1805 2904 παράκλησιν
1853 2828 1906 2885 ἐν

248 2925 364 2982 τοῖς
398 2923 727 2996 πειρασμοῖς
782 2915 989 2989 δοῦναι,
1039 2916 1129 2974 καὶ
1180 2914 1235 2973 εἷ’
1269 2937 1390 2972 τινα
1447 2918 1793 2992 παραμυθίαν
1856 2918 1907 2988 ἐξ

251 3009 470 3087 ἀγάπης
505 3006 845 3081 κινούμενοι,
871 3005 1203 3081 πληρώσατε
1237 3026 1343 3078 μου
1372 3007 1472 3075 τὴν
1525 3005 1723 3083 χαράν.
1776 3028 1804 3056 «ι
1842 3004 1912 3062 Ei’

248 3119 329 3160 τις
361 3096 619 3153 κοινωνία
653 3095 988 3169 Πνεῦματος.
1023 3116 1051 3145 ››
1086 3093 1150 3149 Εἴ
1180 3090 1354 3168 ἔχετε,
1388 3093 1546 3172 φησὶ,
1598 3094 1713 3167 μετ’
1766 3092 1902 3167 ἐμοῦ

247 3183 532 3242 κοινωνίαν
566 3187 617 3240 ἐν
648 3187 727 3257 τῷ
759 3182 901 3260 ἁγίῳ
931 3181 1228 3255 Πνεύματι,
1259 3180 1347 3235 καὶ
1381 3180 1426 3235 εἰ
1485 3178 1627 3236 ἔστιν
1673 3180 1725 3236 ἐν
1770 3182 1899 3257 ὑμῖν

2038 587 2491 660 incredulis,qui
2526 589 2933 661 prmdicationi
2958 591 3443 662 adversabantur,
3470 620 3497 648 ‹‹
3539 603 3685 666 Quia

2036 676 2199 731 vobis
2228 677 2513 733 donatum
2545 684 2653 734 est.
2677 700 2705 728 »
2739 680 2882 735 Vide
2912 682 3070 752 quod
3108 699 3231 738 non
3263 687 3491 741 noverit
3516 689 3681 745 diffe-

2035 765 2290 820 rentiam
2343 766 2666 822 voluntatis
2706 768 2903 823 Patris
2960 787 2994 824 a
3025 770 3321 827 volontate
3355 774 3508 831 Filii.
3542 778 3684 833 Cum

2035 853 2193 907 enim
2224 853 2473 910 dixisset
2501 855 2657 926 quod
2692 856 2802 911 hoc
2832 873 3070 929 quoque
3105 874 3140 913 a
3169 860 3286 915 Deo
3320 862 3415 929 sit,
3440 862 3685 935 subjun-

2032 942 2114 1013 git
2145 959 2157 996 :
2194 943 2341 1008 Quia
2364 943 2532 998 vobis
2556 944 2841 1000 donatum
2873 952 2964 1001 est
3006 964 3042 1002 a
3070 947 3320 1005 Christo.
3354 952 3518 1021 (Nam
3552 946 3683 1027 ὑπερ

2031 1031 2263 1102 capitur
2292 1048 2398 1104 pro
2421 1031 2548 1102 υπὸ,
2583 1033 2641 1087 id
2675 1040 2763 1089 est
2793 1034 2848 1106 a)
2881 1050 3007 1090 rem
3056 1053 3284 1108 ponens
3335 1056 3468 1110 quas
3518 1058 3682 1097 com-

2030 1132 2210 1173 mune
2244 1118 2322 1173 sit
2349 1118 2574 1175 donum
2601 1121 2796 1176 Patris
2815 1123 3050 1179 acFilii.
3089 1146 3116 1174 ‹‹
3150 1126 3269 1180 Hoc
3300 1142 3335 1181 a
3364 1126 3615 1184 Christo.
3650 1151 3679 1181 »

2028 1208 2215 1279 Majas
2263 1224 2331 1264 ac
2363 1208 2598 1282 dignius
2628 1210 2884 1267 reddens
2938 1213 3243 1270 molestias
3271 1216 3428 1272 ferre
3479 1217 3552 1273 ab
3584 1219 3679 1274 his

2028 1298 2129 1368 qui
2160 1298 2570 1368 prmdicationi
2596 1299 3002 1371 adversantur,
3025 1302 3221 1359 dicita
3254 1306 3368 1360 Deo
3395 1306 3506 1362 hoc
3526 1307 3674 1378 ipsis

2027 1383 2232 1439 datum
2271 1402 2424 1453 esse,
2456 1391 2580 1441 tum
2613 1392 2677 1441 ut
2707 1387 2768 1442 in
2799 1388 3098 1445 Christum
3129 1390 3592 1460 crederent,tum
3610 1401 3676 1449 ut

2025 1491 2161 1531 cum
2192 1476 2339 1547 ipsis
2376 1475 2801 1533 afﬂictionibus
2831 1477 3132 1536 decertare
3164 1487 3433 1552 possent.

2097 1573 2140 1641 Ι,
2174 1576 2241 1628 30
2264 1590 2276 1641 ;
2303 1573 2407 1639 Ιῌ
2424 1574 2705 1630 ο4.‹σΙ‹1θιῃ
2730 1581 3034 1633 certamen
3051 1578 3339 1635 habentes
3361 1581 3570 1651 quales
3592 1582 3675 1636 vi-

2024 1684 2051 1713 ‹‹
2070 1661 2241 1718 distis
2262 1664 2323 1718 in
2347 1677 2462 1727 me,
2486 1671 2543 1719 et
2564 1680 2725 1720 nunc
2745 1666 2965 1722 auditis
2987 1666 3046 1722 in
3095 1683 3210 1723 me.
3246 1669 3301 1723 Si
3352 1684 3468 1741 qua
3497 1669 3677 1743 igitur

2024 1772 2051 1800 α
2074 1753 2404 1808 consolatio
2420 1754 2480 1809 in
2495 1754 2803 1823 Christo,si
2819 1756 2977 1826 quod
2997 1756 3354 1821 solatium,si
3372 1774 3490 1830 qua
3510 1776 3674 1817 com-

2024 1862 2051 1892 u
2070 1843 2274 1897 munio
2287 1843 2439 1914 Spiri
2449 1844 2615 1909 tus,si
2630 1861 2748 1915 qua
2758 1846 2984 1901 viscera
2996 1862 3064 1901 ac
3076 1847 3675 1917 miserationes,com-

2031 1952 2053 1978 ι
2071 1931 2229 2002 plete
2247 1947 2445 1986 meum
2461 1932 2761 2005 gaudium,
2778 1939 2843 1988 ut
2855 1933 3131 1990 similiter
3143 1937 3334 1992 effecti
3350 1938 3674 2007 sitis,eam-

2025 2043 2054 2071 ιι
2075 2020 2208 2075 dem
2222 2020 2383 2076 chari
2394 2026 2569 2077 tatem
2584 2020 3232 2094 habentes,unanimes,
3248 2026 3407 2083 idem
3422 2029 3680 2085 sentien-

2027 2133 2053 2161 ‹‹
2073 2116 2261 2177 tes,ne
2293 2111 2436 2182 quid
2454 2111 3129 2183 ﬂatpercontentionem
3159 2121 3262 2170 aut
3294 2131 3401 2187 per
3430 2117 3673 2177 inanem

2025 2197 2338 2273 «gloriam,
2359 2198 2461 2255 sed
2475 2201 2987 2272 perhumilitatem
3005 2203 3189 2259 animi
3211 2205 3394 2260 alium
3423 2207 3676 2279 quisque

2025 2305 2133 2345 «se
2155 2290 2629 2363 praestantiorem
2655 2291 3056 2357 existimet,ne
3089 2309 3196 2349 sua
3225 2295 3479 2366 quisque
3504 2312 3670 2369 spec-

2024 2399 2052 2429 ‹‹
2086 2379 2243 2444 tetis,
2275 2378 2379 2435 sed
2418 2381 2829 2451 unusquisque
2861 2397 2992 2452 quae
3023 2388 3161 2438 sunt
3189 2383 3462 2443 aliorum.
3497 2407 3526 2436 »

2093 2469 2267 2540 Papm
2298 2475 2587 2539 quantum
2609 2475 2699 2525 est
2723 2470 2940 2526 habere
2980 2472 3137 2528 idem
3174 2489 3310 2530 cum
3332 2474 3516 2530 Paulo
3543 2491 3670 2531 cer-

2021 2564 2243 2615 tamen.
2284 2560 2494 2615 Factus
2552 2566 2643 2615 est
2681 2562 2841 2617 enim
2883 2562 3103 2618 Paulus
3165 2563 3313 2635 ipsis
3372 2566 3678 2638 exemplar

2021 2665 2156 2705 cum
2200 2647 2510 2722 Philippus
2566 2655 2839 2717 certaret,
2903 2652 3202 2722 quomodo
3260 2658 3536 2726 oporteat
3563 2671 3670 2726 pro

2019 2738 2136 2795 ﬁde
2166 2744 2413 2794 certare.
2440 2760 2467 2788 ‹‹
2496 2738 2552 2793 Si
2583 2755 2702 2810 qua
2731 2739 2911 2812 igitur
2939 2742 3289 2796 consolatio.
3326 2764 3355 2792 ››
3412 2742 3468 2798 Si
3529 2758 3667 2814 qua,

2017 2824 2231 2897 inquit,
2293 2824 2460 2880 vobis
2510 2825 2626 2880 mei
2682 2827 2835 2881 ratio
2893 2826 3165 2895 habetur,
3228 2828 3336 2885 etsi
3394 2846 3574 2901 quam
3605 2830 3666 2886 in

2015 2913 2444 2969 afflictionibus
2466 2913 2613 2969 mihi
2638 2913 2778 2969 dare
2802 2914 2978 2971 vultis
3027 2918 3521 2987 consolationem,
3554 2920 3664 2974 etsi

2015 2998 2174 3071 quod
2205 3000 2483 3057 solatium
2515 3002 2659 3057 moti
2692 3018 2762 3058 ex
2802 3004 3110 3071 charitate,
3139 3006 3430 3077 complete
3462 3022 3660 3063 meum

2012 3089 2314 3162 gaudium.
2339 3113 2368 3142 ‹‹
2398 3091 2454 3147 Si
2469 3094 2938 3162 quacommunio
2973 3094 3279 3165 Spiritus.»
3316 3096 3372 3150 Si
3405 3095 3659 3165 habetis,

2014 3180 2471 3250 inquit,mecum
2501 3182 3105 3238 communicationem
3120 3184 3180 3237 in
3194 3185 3415 3256 Spiritu
3430 3192 3657 3243 sancto:

700 3242 710 3257 .
809 3242 820 3260 .
873 3242 885 3255 .
1077 3242 1088 3255 .
1216 3242 1225 3248 -
1807 3242 1817 3257 .

246 3273 583 3350 σπλάγχνων
613 3270 703 3328 καὶ
737 3272 1035 3345 οἰκτιρμῶν
1067 3290 1142 3340 τι,
1168 3267 1502 3345 πληρώσατὲ
1560 3290 1688 3345 μου,
1739 3271 1895 3351 φησὶ,

2019 3268 2125 3323 etsi
2159 3268 2302 3339 quid
2324 3269 2384 3324 in
2409 3267 2568 3324 vobis
2591 3276 2682 3325 est
2728 3271 3019 3325 viscerum
3068 3287 3136 3328 ac
3180 3271 3659 3344 miserationum,

233 3368 334 3437 τήν
374 3363 578 3444 χαρὰ·ιέ
609 3362 661 3419 ἓν
718 3362 798 3435 τῷ
860 3358 1148 3433 ἀλλήλους
1206 3359 1442 3436 ἀγαπᾷν,
1503 3360 1635 3417 ὡσεὶ
1694 3357 1899 3440 ἔλεγεν

234 3432 730 3526 Εῗτιῖαιάμ-οιϐήν
766 3432 859 3524 μοι
893 3446 1078 3505 δοῦναι
1120 3432 1434 3528 ἐποφείλετε
1492 3450 1623 3525 ὑπὲρ
1665 3454 1775 3507 τῶν
1800 3432 1902 3514 ἐἷς

241 3543 386 3613 ὑμᾶς
421 3540 604 3597 πόνων
638 3561 766 3613 μοι),
793 3537 843 3593 ἐν
874 3537 1054 3612 τούτῳ
1097 3559 1191 3610 μοι
1249 3536 1505 3607 ἀπόδοτε,
1564 3536 1618 3593 ἐν
1665 3544 1744 3611 τῷ
1793 3539 1899 3596 ἀλ-

257 3630 470 3702 λήλους
501 3630 733 3709 ἀγαπᾷν.
788 3651 809 3681 ι
842 3631 955 3684 Ἵνα
1010 3625 1072 3682 τὰ
1131 3626 1266 3683 αὐτὸ
1325 3633 1580 3706 φρονῆτε.
1617 3652 1644 3679 ››
1694 3630 1793 3683 Καὶ
1849 3630 1901 3685 τί

257 3717 396 3775 ἐστιν
429 3720 458 3774 ’ὁ
493 3716 684 3795 βούλει
715 3716 834 3773 ἀντὶ
893 3716 1107 3772 πάντων
1165 3714 1576 3795 παρασχεθῆναί
1634 3737 1719 3772 σοι
1776 3719 1902 3794 παρ’

255 3812 412 3882 ἡμῶν
438 3826 451 3877 ;
482 3809 615 3877 Ἵνα,
643 3807 800 3886 φησῖ,
833 3804 896 3861 :0
927 3804 1057 3860 αὐτὸ
1089 3810 1348 3883 φρονῆτε,
1379 3806 1468 3860 καὶ
1521 3803 1713 3879 μηδεὶς
1764 3808 1901 3882 πρὸς

252 3900 345 3954 τὸν
373 3897 555 3974 ἓτερον
615 3897 898 3971 στασιάζῃ⁸
931 3894 967 3965 ἢ
998 3894 1088 3950 καὶ
1137 3895 1259 3970 περὶ
1317 3898 1416 3950 τοῦ
1475 3892 1751 3973 δόγματος
1801 3895 1901 3953 λέ-

255 4009 359 4066 γει,
392 3986 508 4042 ἀντὶ
539 3987 755 4042 πάντων
788 3988 967 4056 ζητῶν
1027 3984 1089 4039 τὸ
1138 3983 1473 4059 ὁμόγνωμον
1532 3984 1607 4047 εἷς
1663 3988 1762 4055 τήν
1810 3986 1904 4042 πε-

255 4098 387 4135 στιν.
425 4101 452 4129 ‹‹
482 4077 597 4147 Τήν
628 4074 793 4143 αὐτὴν
839 4074 1057 4151 ἀγάπην
1090 4066 1330 4148 ἔχοντες.
1368 4096 1395 4124 ιι
1428 4074 1519 4144 Μὴ
1561 4072 1637 4134 εἷς
1683 4074 1904 4144 πολλὴν

249 4165 338 4220 καὶ
368 4165 442 4230 εἷς
472 4163 693 4242 ὀλίγην,
726 4161 871 4218 ἆλλᾶ
901 4164 1000 4233 τήν
1054 4159 1177 4233 ἴσην
1229 4163 1319 4216 καὶ
1369 4164 1470 4233 τήν
1518 4163 1687 4233 αὐτὴν
1732 4184 1906 4219 απαν-

251 4275 354 4316 τες.
391 4279 417 4305 ‹‹
450 4253 767 4326 Ὀμὸψοχοι
797 4252 1100 4326 γινόμενοι.
1136 4274 1163 4302 ››
1194 4253 1370 4308 Τοῦτο
1426 4250 1528 4326 γᾶρ
1580 4252 1644 4306 τὸ
1689 4251 1907 4327 0596(0-

254 4361 369 4417 χοι,
406 4338 581 4396 Πάλιν
607 4338 950 4408 διπλασιάζει
978 4338 1043 4392 :0
1076 4337 1429 4417 ὀμοφρονεῖν.
1474 4364 1501 4390 ι(
1536 4336 1722 4410 Μηδὲν
1768 4341 1905 4395 κατὰ

251 4431 503 4506 ἐρίθειαν,
538 4452 565 4481 η
602 4428 804 4484 ⁴λοιπὸν
837 4428 920 4481 mi
954 4424 1216 4496 διδασκει,
1277 4432 1395 4489 πῶς
1447 4426 1521 4482 ἔνι
1578 4428 1908 4505 ὁμοψῦχους

250 4525 405 4579 εἶναι.
440 4519 640 4594 Μηδὲν,
699 4521 856 4601 φησί,
916 4520 1035 4574 κατ’
1089 4518 1342 4593 ἐρίθειαν,
1404 4520 1673 4591 τουτέστι,
1738 4520 1909 4592 ζῆλον

2006 3356 2303 3428 complete
2324 3372 2523 3412 meum
2543 3358 2847 3430 gaudium,
2868 3359 3120 3414 invicem
3152 3360 3481 3434 diligendo,
3511 3379 3579 3418 ac
3611 3363 3660 3419 si

2007 3444 2233 3502 diceret
2265 3463 2277 3503 :
2315 3447 2362 3501 si
2390 3462 2567 3518 quam
2601 3448 2747 3502 mihi
2781 3449 3323 3505 remunerationem
3359 3451 3498 3506 dare
3553 3452 3659 3507 de-

2008 3534 2162 3591 betis
2195 3536 2268 3591 ob
2302 3551 2462 3591 meos
2485 3550 2621 3609 erga
2662 3553 2760 3592 vos
2784 3537 3035 3605 labores,
3093 3538 3153 3593 in
3206 3540 3315 3594 hoc
3355 3526 3503 3595 mihi
3557 3558 3660 3596 ex-

2009 3626 2213 3681 solvite
2243 3632 2309 3681 ut
2340 3626 2589 3681 invicem
2621 3626 2900 3699 diligatis.
2938 3650 2964 3678 ‹‹
3000 3630 3069 3683 Ut
3126 3625 3403 3683 similiter
3462 3630 3657 3686 affecti

2009 3716 2192 3771 sitis.-
2228 3718 2296 3770 Et
2317 3716 2459 3787 quid
2489 3722 2579 3771 est
2608 3715 2766 3787 quod
2788 3733 2895 3788 pro
2923 3717 3015 3771 his
3059 3718 3337 3772 omnibus
3389 3718 3657 3772 exhiberi

2008 3806 2113 3861 tibi
2147 3807 2314 3877 cupis
2344 3823 2379 3861 a
2409 3803 2583 3861 nobis
2602 3806 2629 3860 ‘3
2652 3807 2721 3860 Ut
2750 3805 3469 3874 similiter,inquit,alfecti
3503 3806 3655 3869 sitis,

2009 3902 2066 3950 et
2095 3896 2298 3950 nullus
2320 3895 2599 3950 adversus
2622 3894 2805 3948 alium
2839 3891 3191 3947 seditionem
3223 3899 3376 3965 agat,
3404 3899 3508 3948 aut
3532 3893 3658 3948 dis-

2008 3984 2353 4040 sentiat.Vel
2386 3982 2561 4036 etiam
2587 3981 2659 4036 de
2690 3980 2980 4050 dogmatis
3004 3981 3284 4050 loquitur,
3318 3987 3525 4053 petens
3548 3999 3653 4055 pro

2008 4070 2286 4126 omnibus
2315 4074 2383 4123 ut
2411 4067 2724 4122 unanimes
2757 4068 2877 4121 sint
2908 4068 2965 4122 in
3000 4067 3133 4123 ﬁde.
3172 4069 3268 4123 79
3299 4091 3323 4121 ιι
3372 4069 3654 4126 Eamdem

2009 4159 2357 4215 cbaritatem
2426 4156 2732 4211 habentes.
2773 4176 2793 4207 ιι
2828 4158 2952 4212 Non
2986 4158 3081 4212 hic
3132 4159 3380 4215 multam
3438 4164 3497 4215 et
3553 4159 3654 4214 ille

2008 4263 2271 4321 parvam,
2303 4247 2405 4301 sed
2428 4246 2719 4317 aequalem
2741 4252 2799 4301 et
2829 4247 3100 4302 eamdem
3122 4264 3349 4304 omnes.
3375 4272 3402 4299 (ι
3436 4249 3656 4304 Unani-

2010 4353 2158 4393 mes.
2195 4356 2221 4384 »ι
2252 4335 2453 4390 Eﬂ‘ecti
2482 4334 2851 4392 videlicet.Et
2882 4352 3117 4391 rursum
3149 4338 3412 4409 geminat
3440 4352 3508 4392 ac
3539 4338 3653 4391 ite-

2010 4434 2102 4484 rat
2122 4426 2279 4499 quod
2336 4426 2506 4495 dixit,
2568 4425 2845 4480 similiter
2895 4428 3089 4482 affecti
3151 4428 3299 4483 sitis.
3343 4450 3362 4476 ι
3397 4429 3477 4483 Ne
3508 4427 3652 4498 quid

2012 4518 2113 4573 ﬁat
2140 4532 2246 4588 per
2261 4516 3073 4588 contentionem.»Deinceips
3102 4517 3279 4572 etiam
3311 4516 3482 4573 docet
3508 4532 3656 4588 quo-

314 4611 671 4689 φιλονεικίαν,
766 4609 901 4665 κατὰ
939 4606 1246 4683 κενοδοξίαν
1304 4614 1608 4672 ποιοῦντες,
1666 4632 1687 4659 ι
1723 4609 1902 4667 Ἀλλὰ

2019 4606 2187 4661 modo
2219 4604 2521 4676 contingat
2540 4620 2671 4659 esse
2728 4606 3063 4659 unanimes.
3096 4606 3271 4669 Nihil,
3314 4605 3528 4677 inquit,
3563 4604 3650 4660 fa-

245 4706 313 4776 τῇ
345 4700 830 4779 ταπεινοφροσῦνη.
866 4724 893 4752 ››
928 4693 1119 4767 Βαϐκί,
1147 4699 1266 4754 οἷον
1302 4696 1488 4774 λέγειέ
1546 4700 1644 4755 Διὰ
1673 4706 1774 4769 τῆς
1812 4721 1901 4755 τα-

250 4790 703 4866 πεινοιρροσῦνης,
754 4786 941 4865 φησὶν,
995 4783 1219 4849 ἕκαστος
1274 4786 1516 4863 ἡγείσθω
1570 4786 1663 4842 τὸν
1719 4783 1901 4863 ἓτερον

249 4875 553 4954 ὓπερὲχειν,
614 4876 703 4930 καὶ
768 4874 991 4947 μείζονα
1046 4876 1184 4930 εἶναι
1238 4876 1376 4931 κατὰ
1457 4878 1633 4931 πάντα
1706 4877 1894 4933 αὐτοῦ.

248 4968 400 5040 Μέγα
435 4965 527 5038 μὲν
561 4964 686 5038 γὰρ,
717 4968 781 5018 τὸ
809 4960 906 5017 κέν
965 4964 1028 5018 τὸ
1083 4960 1139 5018 ἓν
1198 4963 1364 5038 μέρος
1419 4967 1695 5042 ἡγεῖσθαι,
1753 4966 1838 5020 ὃτι
1871 4967 1899 5021 ὁ

250 5050 398 5108 δεῖνά
430 5074 533 5126 μου
566 5051 812 5126 προάγει.
846 5049 909 5107 Et
958 5051 1064 5125 γὰρ
1122 5055 1283 5106 τοῦτο
1340 5055 1625 5128 ἡγήσεται,
1674 5052 1762 5107 καὶ
1814 5074 1895 5108 τι-

252 5140 557 5216 μήσει,καὶ
616 5139 1060 5219 αἰσχυνθήσεται,
1122 5140 1213 5194 καὶ
1271 5140 1563 5216 ἀγαπήσει,
1621 5142 1711 5196 καὶ
1769 5140 1898 5198 οὐδὲ

247 5233 526 5311 φθονήσει·
589 5234 833 5302 κρεῖττον
885 5229 986 5305 γὰρ
1038 5230 1240 5306 φθόνου
1297 5230 1359 5285 τὸ
1428 5230 1720 5305 ὑπερέχον,
1780 5230 1895 5286 ἐπεὶ

244 5320 379 5394 πρὸς
412 5320 504 5375 τὸν
564 5315 884 5387 ἀντίπαλον,
920 5319 949 5373 ὁ
979 5319 1174 5395 ςρθόνος
1224 5318 1463 5393 γίνεσθαι
1512 5319 1682 5397 φιλεῖ.
1725 5318 1788 5374 Εἰ
1838 5317 1897 5375 δὶ

243 5410 331 5463 καὶ
364 5410 555 5464 ἐκτῶν
587 5404 681 5461 δύο
728 5411 905 5481 μερῶν
953 5403 1102 5461 ἔσται
1156 5407 1294 5478 αὓτη
1327 5409 1363 5477 ὴ
1397 5405 1600 5478 οἷήσις,
1646 5407 1747 5483 ’ὀρα
1795 5411 1895 5478 τὴν

244 5497 464 5572 εἰρήνην
498 5495 620 5566 ὅση.
654 5497 792 5570 Ὅρα
842 5491 917 5550 δὲ.
974 5494 1089 5552 Οὔκ
1146 5496 1259 5551 εἷπε
1322 5496 1595 5567 μείζονας,
1654 5494 1804 5565 ἀλλ’,
1864 5497 1895 5552 0'

243 5586 409 5643 πλέον
483 5586 573 5654 ἦν,
628 5584 997 5659 ὑπερέχοντας
1053 5583 1242 5659 φησὶν,
1300 5585 1526 5641 ἑαυτῶν.
1586 5609 1615 5638 ιι
1677 5587 1771 5655 Mi;
1828 5588 1894 5642 τὰ

240 5679 447 5734 ἑαυτῶν
502 5674 747 5738 ἕκαστος.
822 5698 847 5724 ››
903 5674 1070 5731 Ὅταν
1130 5673 1234 5750 γὰρ
1285 5672 1350 5728 :0
1404 5671 1548 5729 ἳδιον
1616 5675 1889 5755 συμφέρον

2010 4695 2220 4752 ciendo
2250 4711 2355 4767 per
2384 4694 2850 4761 contentionem,
2898 4695 3005 4748 hoc
3047 4702 3155 4763 est,
3206 4694 3651 4750 aemulationem

2010 4787 2128 4842 sive
2160 4786 2370 4853 rixam,
2404 4801 2597 4856 neque
2630 4800 2734 4855 per
2761 4785 2999 4839 inanem
3033 4785 3301 4856 gloriam.
3340 4810 3359 4834 ιι
3399 4785 3509 4841 Sed
3546 4802 3654 4857 per

2009 4877 2407 4931 humilitatem
2439 4875 2643 4929 animi.
2678 4896 2706 4924 »
2741 4875 3081 4946 Papae,quid
3121 4874 3250 4930 ait?
3280 4876 3390 4930 Per
3411 4875 3652 4931 humili-

2007 4971 2209 5029 tatem,
2231 4961 2643 5035 inquit,animi
2675 4962 2858 5018 alium
2890 4964 3143 5033 quisque
3174 4981 3236 5019 se
3268 4966 3650 5035 prmstantio-

2009 5069 2134 5107 rem
2148 5052 2534 5119 existimet,et
2547 5050 2728 5105 alium
2744 5067 2850 5121 per
2866 5052 3066 5107 omnia
3079 5068 3207 5107 esse
3231 5070 3292 5107 se
3320 5055 3637 5126 majorem.

2009 5143 2279 5213 Magnum
2310 5138 2603 5210 siquidem
2629 5145 2717 5193 est
2746 5144 2812 5193 ut
2838 5140 2925 5194 vel
2958 5140 3143 5196 altera
3179 5158 3309 5215 pars
3339 5144 3452 5199 hoc
3474 5144 3649 5199 ducat

2006 5237 2149 5301 puto
2176 5230 2275 5284 ille
2304 5245 2397 5283 me
2418 5227 2729 5298 praecellit.
2772 5229 2914 5283 Nam
2947 5230 2994 5283 si
3038 5231 3149 5287 hoc
3198 5230 3643 5293 existimaverit,

2007 5321 2183 5374 etiam
2211 5317 2525 5373 honorabit
2552 5333 2618 5371 ac
2647 5318 3010 5374 reverebitur
3035 5326 3091 5375 et
3111 5322 3351 5385 amabit,
3370 5337 3478 5376 nec
3508 5317 3647 5370 invi-

2005 5406 2170 5463 dehit
2194 5424 2205 5463 :
2233 5407 2389 5478 quod
2408 5406 2567 5460 enim
2597 5405 2894 5463 excellens
2919 5415 3027 5475 est,
3050 5415 3290 5482 superat
3321 5404 3638 5460 invidiam:

2004 5497 2223 5552 invidia
2253 5508 2509 5566 namque
2568 5498 2828 5551 exerceri
2876 5500 3036 5569 cupit
3074 5513 3211 5569 erga
3241 5495 3434 5549 ualem
3466 5504 3645 5545 eamu-

2002 5587 2319 5652 lum.Quod
2352 5586 2400 5641 si
2431 5586 2609 5641 fuerit
2641 5586 2764 5643 hinc
2795 5589 2999 5660 opinio
3052 5604 3121 5641 ex
3171 5591 3417 5653 utraque
3449 5586 3639 5653 parte,

2001 5676 2133 5734 vide
2165 5683 2387 5747 quanta
2415 5692 2551 5748 pars
2608 5683 2909 5748 sequetur.
2960 5672 3411 5730 Anidmadverte
3439 5674 3638 5728 autem
