4096 6194
477 361 631 420 1279

1606 356 2016 418 CECUMENII
2062 355 2369 416 'l‘RICC/E
2413 356 2764 418 EPISCOPI

3733 356 3907 416 1280

478 493 637 566 quod
667 509 785 548 non
815 490 1031 547 dixerit
1057 506 1070 545 :
1097 492 1356 562 Quisque
1389 508 1450 546 se
1482 492 1771 563 majorem
1797 507 1809 546 :
1840 489 1943 546 sed
1966 489 2123 562 quod

2237 487 2460 551 ἕκαστος
2490 488 2668 568 ἀφεὶς,
2725 494 2823 545 τοῦ
2882 490 3252 568 συμφέροντος
3306 488 3519 561 γίνηται
3579 491 3680 543 τοῦ
3732 485 3906 543 ἀδελ-

474 583 608 654 plus
642 586 753 644 est,
777 580 1283 637 Prmstantiorem.
1308 602 1335 629 ‹‹
1369 582 1449 635 Ne
1473 596 1580 636 sua
1609 579 1882 650 quisque.
1918 600 1945 629 ››
1977 580 2121 634 Cum

476 670 637 725 enim
668 670 941 740 quisque,
974 669 1217 741 propria
1247 669 1502 724 utilitate
1542 669 1769 736 relicta,
1800 667 1876 724 ad
1922 667 2122 723 fratris

475 758 792 815 utilitatem
810 775 939 814 sese
952 758 1575 827 accommodaverit,ut
1596 764 1658 814 tu
1671 759 1913 831 quidem
1926 773 2121 813 meam

473 847 794 903 utifitatem
818 853 1069 919 spectes,
1105 864 1210 919 ego
1242 865 1379 903 vero
1407 853 1591 911 tuam,
1625 846 1967 919 hujusmodi
1992 847 2120 917 jam

476 951 598 992 non
631 936 912 1001 humana,
938 936 1042 992 sed
1073 937 1339 1009 angelica
1367 938 1486 992 vita
1515 941 1624 991 est.

544 1027 617 1093 ΙΙ,
648 1028 763 1080 5-8.
797 1050 817 1075 ι
858 1027 909 1081 is
930 1026 1088 1081 enim
1113 1028 1359 1082 allectus
1397 1027 1474 1082 sit
1509 1025 1571 1080 in
1602 1025 1895 1097 vobis,qui
1923 1025 2036 1080 fuit
2064 1031 2122 1080 et

473 1136 503 1166 «
536 1115 596 1169 in
629 1114 859 1169 Christo
885 1116 1021 1169 Jesu
1045 1132 1057 1170 :
1083 1116 1183 1185 qui
1210 1131 1344 1170 cum
1370 1115 1432 1169 in
1452 1114 1644 1170 forma
1663 1114 1764 1169 Dei
1789 1119 1966 1180 esset,
1998 1129 2118 1169 non

474 1226 502 1253 α
535 1204 805 1276 rapinam
836 1204 1157 1259 arbitratus
1187 1210 1278 1259 est
1301 1210 1367 1259 ut
1395 1204 1810 1275 aequalisesset
1832 1205 1946 1263 Deo
1979 1203 2119 1259 :sed

474 1315 502 1343 α
529 1293 795 1364 seipsum
819 1293 1186 1358 eximanivit,
1202 1293 1393 1349 forma
1415 1294 1565 1348 servi
1584 1299 1819 1364 sumpta
1838 1293 1900 1347 in
1916 1291 2118 1347 simili-

475 1404 502 1431 «
541 1381 745 1437 tudine
769 1381 1080 1438 hominum
1096 1384 1538 1449 constitutus,et
1564 1382 1755 1438 forma
1770 1387 2040 1453 repertus
2057 1387 2123 1436 ut

475 1493 503 1519 ‹‹
540 1469 1079 1539 homo,humiliavit
1107 1470 1494 1542 semetipsum
1514 1472 1701 1526 factus
1731 1470 2121 1526 obediensus-

479 1580 501 1608 ιι
539 1576 653 1630 que
683 1558 759 1614 ad
790 1565 1065 1627 mortem,
1101 1566 1355 1616 mortem
1386 1566 1584 1615 autem
1620 1560 1802 1615 cruci.
1841 1581 1868 1609 ››

546 1649 626 1703 De
659 1648 841 1704 animi
873 1648 1164 1705 modestia
1191 1665 1529 1705 sermonem
1550 1651 1814 1704 facturus
1841 1654 1947 1704 est.
1969 1648 2119 1715 Quid

475 1738 634 1792 enim
659 1738 719 1792 in
740 1737 972 1793 Christo
1016 1743 1074 1793 et
1105 1755 1211 1809 per
1253 1739 1551 1794 Christum
1574 1740 1822 1795 affectus
1843 1740 2117 1809 sumitur,

2232 581 2358 653 φοῦ,
2392 579 2468 643 ὡς
2496 583 2554 635 σὲ
2586 579 2684 653 μὲν
2712 580 2775 635 τὸ
2831 579 2962 653 ἐμὸν
3027 580 3303 658 συμφέρον
3360 584 3607 646 σκοπεῖν,
3670 576 3768 647 ἐμὲ
3842 577 3901 632 δὲ

2229 666 2293 722 τὸ
2323 665 2438 739 σὺν,
2470 667 2499 721 ὁ
2529 670 2782 730 τοιοῦτος
2814 666 2915 722 οὐκ
2945 664 3027 722 ἔτι
3057 665 3412 740 ἀνθρώπινος,
3440 662 3570 720 ἀλλ’
3592 663 3903 737 ἀγγελικός

2234 757 2374 831 βίος.

2302 1024 2479 1079 Τοῦτο
2516 1021 2621 1097 γὰρ
2651 1020 2950 1098 φρονείσθω
3000 1019 3052 1076 ἐν
3116 1021 3265 1093 ὑμῖν,
3323 1018 3355 1074 ὅ
3409 1019 3498 1073 καὶ
3555 1017 3606 1073 ἐν
3666 1020 3902 1088 Χριστῷ

2231 1114 2433 1184 Ἰησοῦ,
2465 1113 2523 1174 ὅς
2555 1110 2606 1166 ἐν
2648 1116 2832 1188 μορφῆ
2888 1114 3023 1165 Θεοῦ
3082 1109 3375 1188 ὓπάρχων,
3431 1107 3541 1183 οὐχ
3596 1106 3898 1181 ἀρπατμὲν

2230 1202 2478 1275 ἡγήσατο
2512 1202 2645 1255 εἴναι
2688 1196 2784 1253 ἳσα
2834 1201 2973 1269 Θεῷ,
3028 1195 3158 1252 ἀλλ’
3211 1197 3399 1252 ἑαυτὸν
3456 1194 3682 1251 ἐκένωσε
3740 1216 3898 1268 μορ-

2230 1290 2334 1368 φὴν
2391 1286 2595 1344 δοῦλου
2643 1282 2853 1353 λαϐὼν,
2911 1285 2964 1340 ἐν
3044 1285 3361 1359 ὁμοιώματι
3434 1283 3737 1359 ἀνθρώπων
3803 1303 3898 1357 γε-

2228 1378 2481 1452 νόμενος,
2554 1377 2644 1432 καὶ
2722 1378 2970 1452 σχήματι
3059 1374 3294 1450 εὑρεθεὶς
3396 1373 3470 1436 ὠς
3576 1371 3897 1448 ἅνθρωπος,

2229 1466 2577 1524 ἐταπείνωσεν
2663 1467 2875 1537 ἑαυτὸν,
2970 1458 3266 1541 γενόμενος
3367 1464 3610 1533 υπήκοος
3719 1460 3897 1536 μέχρι

2230 1556 2481 1626 θανάτου,
2513 1555 2739 1611 θανάτου
2768 1552 2823 1610 δὶ
2855 1557 3108 1629 σταυροῦ.

2302 1647 2431 1723 Περὶ
2492 1645 2995 1721 ταπεινοφροσύνης
3069 1638 3462 1716 διαλαμϐάνειν
3546 1640 3771 1715 μέλλει.
3832 1641 3899 1697 ΤΞ

2229 1738 2334 1815 γάρ
2367 1735 2418 1792 ἐν
2440 1740 2673 1811 Χριστῷ
2701 1735 2792 1790 καὶ
2824 1730 2915 1789 διὰ
2955 1736 3199 1807 Χριστοῦ
3257 1730 3532 1811 ἐφρονήθη
3559 1749 3575 1798 ;
3632 1731 3697 1785 Ἡ
3753 1726 3899 1803 ἄκρα

475 1826 591 1882 nisi
623 1832 887 1881 extrema
936 1827 1227 1883 modestia
1250 1828 1511 1884 etanimi
1543 1828 1849 1884 humilitas
1870 1828 1897 1884 ?
1928 1828 2121 1884 Vultis

2237 1823 2737 1905 ταπεινοφροσσόνη;
2782 1857 2851 1867 —
2915 1823 3124 1895 [ΦΩΤ.]
3171 1820 3442 1885 Βούλεσθε
3487 1816 3684 1874 εἰδέναι
3734 1818 3832 1873 ὅτι
3861 1822 3894 1886 ἡ

2615 1911 2627 1925 ,
2796 1909 2869 1925 ...ι
2969 1911 2983 1925 .
3048 1915 3075 1925 ..
3168 1907 3226 1925 ηε
3258 1908 3269 1925 .
3519 1905 3594 1925 ,μ
3665 1912 3695 1925 ..
3852 1912 3877 1922 .-

474 1931 650 1971 nosse
683 1915 841 1987 quod
871 1915 1057 1971 animi
1098 1916 1389 1973 modestia
1422 1918 1574 1973 nihil
1594 1918 1759 1975 vobis
1789 1924 1985 1987 nocet,
2016 1936 2123 1974 ne-

474 2020 591 2076 que
620 2004 837 2060 damno
860 2005 1266 2076 afﬁcit,neque
1297 2006 1578 2078 deprimit
1605 2008 1972 2063 accidentem
1998 2007 2131 2063 sub-

473 2093 814 2160 limitatem,
866 2094 986 2150 imo
1036 2095 1234 2166 potius
1277 2095 1405 2167 ejus
1455 2096 1711 2151 efficitur
1757 2097 2021 2152 ostensio
2061 2113 2128 2153 ac

476 2181 2127 2256 demonstratio?Christum,inquit,considerate.Maxime

481 2272 641 2327 enim
670 2273 730 2326 in
762 2272 873 2327 hoc
926 2272 1263 2328 ostenditur
1304 2275 1460 2345 quod
1520 2282 1734 2333 natura
1781 2278 1934 2334 Deus
1964 2278 2041 2332 sit
2061 2294 2129 2333 ex

477 2360 591 2413 hoc
617 2360 776 2429 quod
806 2376 938 2415 sese
967 2359 1276 2416 demiserit
1301 2378 1369 2417 ac
1400 2363 1833 2421 humanitatem
1864 2372 2127 2436 gestave-

478 2446 709 2502 rit.Non
742 2453 869 2503 erat
898 2449 1059 2504 enim
1081 2451 1238 2519 quod
1273 2468 1343 2505 ex
1368 2452 1476 2506 hac
1513 2453 1933 2512 humiliatione
1977 2457 2129 2511 nihil

480 2536 823 2592 detrimenti
849 2538 1180 2609 susciperet
1194 2538 1296 2593 80
1310 2556 1380 2595 ex
1409 2546 1622 2597 natura
1642 2542 1755 2597 sibi
1768 2545 2128 2600 conveniens

481 2626 807 2683 divinitatis
838 2626 1194 2685 sublimitas.
1229 2629 1285 2683 Si
1317 2646 1455 2685 vero
1496 2631 1649 2686 hanc
1680 2633 1964 2688 factitiam
2023 2635 2129 2690 lia—

477 2715 727 2785 buisset,
763 2717 1060 2772 timuisset
1087 2718 1293 2789 utique
1326 2719 1588 2791 seipsum
1619 2720 1956 2791 humiliare,
1988 2740 2062 2779 ne
2095 2740 2130 2779 a

484 2804 769 2875 dignitate
801 2807 895 2861 vix
916 2806 1059 2862 dum
1090 2807 1201 2862 sibi
1234 2810 1852 2880 acquisitaexcideret.
1887 2813 2129 2869 Humili-

487 2899 576 2948 tas
603 2910 739 2966 ergo
770 2894 1198 2951 demonstratio
1242 2897 1357 2952 fuit
1388 2898 1770 2956 sublimitatis
1804 2901 2129 2959 divinitatis

486 2983 774 3054 ejus.qum
806 2999 876 3038 ex
901 2989 1113 3055 natura
1142 2986 1257 3056 ipsi
1287 2988 1755 3044 conveniebat.Si
1788 2990 1921 3061 quis
1953 2991 2131 3063 igitur

482 3071 696 3127 virtute
745 3072 1016 3129 excelsus
1072 3090 1140 3130 ac
1184 3092 1432 3148 magnus
1477 3077 1642 3148 cupit
1670 3095 1818 3148 esse,
1854 3080 2131 3136 humiliet

468 3177 610 3226 sese
637 3178 650 3215 :
678 3161 982 3217 humilitas
1014 3163 1173 3218 enim
1208 3169 1296 3219 est
1326 3181 1456 3234 qum
1488 3166 1749 3222 ostendit
1778 3184 1845 3223 ac
1876 3175 2127 3225 testatur

476 3250 706 3305 virtutis
746 3250 1220 3308 sublimitatem:
1281 3253 1550 3310 imitetur
1605 3256 1924 3323 Christum,
1976 3259 2125 3314 nihil

476 3339 683 3409 perdet
715 3340 816 3410 qui
851 3355 914 3395 se
946 3341 1447 3415 humiliat,majus
1479 3350 1677 3402 autem
1708 3362 1924 3420 magna
1950 3348 2130 3404 lucri-

475 3426 789 3491 faciet.Qui
817 3427 1031 3483 virtute
1061 3446 1286 3501 pauper
1313 3439 1544 3500 est,non
1567 3441 1760 3506 potest
1788 3437 2125 3493 humiliari:

477 3518 714 3568 veretur
743 3514 903 3568 enim
928 3531 1001 3569 ne
1027 3517 1260 3573 excidat
1280 3536 1314 3575 a
1354 3521 1561 3578 ﬁctilia
1591 3530 1650 3580 et
1679 3525 1960 3583 simulata
1989 3527 2129 3583 sub-

478 3600 751 3656 limitate.
781 3601 889 3666 Qui
919 3602 1080 3658 dives
1111 3610 1170 3660 et
1201 3607 1471 3663 excelsus
1522 3617 1612 3665 est
1672 3614 1910 3682 virtute,
1940 3616 2131 3672 humi-

478 3689 588 3744 liet
616 3705 710 3745 se:
745 3691 969 3746 namin
1002 3692 1113 3748 hoc
1162 3694 1349 3766 magis
1399 3697 1661 3768 seipsum
1719 3701 1980 3756 ostendit
2011 3719 2128 3773 quo

477 3796 612 3836 vere
634 3780 711 3835 sit
740 3780 1033 3849 excelsus,
1066 3784 1207 3856 quia
1239 3800 1360 3840 non
1384 3785 1584 3842 timuit
1608 3788 1913 3845 humiliari
1944 3798 2001 3847 et
2022 3809 2131 3848 no-

475 3870 556 3924 vit
580 3869 740 3942 quod
776 3870 985 3927 firmus
1009 3872 1263 3938 sit.¢Qui
1283 3891 1418 3930 cum
1454 3876 1513 3930 in
1545 3877 1733 3934 forma
1756 3880 1858 3935 Dei
1891 3887 2064 3938 esset.
2105 3907 2124 3931 -

478 3960 897 4016 Animadverte
919 3962 1217 4032 quomodo
1251 3981 1321 4019 ex
1379 3965 1472 4021 his
1505 3967 1706 4039 paucis
1730 3969 1919 4025 verbis
1948 3971 2127 4043 Spiri-

479 4050 573 4100 tus
605 4063 812 4102 omnes
843 4055 1188 4106 evertantur
1228 4052 1505 4109 haereses.
1541 4055 1805 4111 Primum
1832 4057 2129 4130 siquidem

484 4133 688 4189 dicens
712 4152 725 4190 :
746 4136 892 4191 Cum
916 4144 1460 4205 esset,coaaternum
1482 4144 1640 4199 Patri
1666 4146 2038 4216 signiﬁcavit,
2073 4154 2132 4203 et

483 4223 690 4279 Arium
712 4224 957 4297 dejecit:
980 4227 1196 4285 deinde
1219 4232 1399 4286 etiam
1421 4234 1776 4291 Marcionem
1793 4238 2128 4296 Ponticum.

484 4312 539 4367 Si
565 4312 723 4369 enim
766 4314 1033 4372 informa
1063 4318 1166 4372 Dei
1189 4325 1336 4386 erat,
1370 4324 1668 4392 quomodo
1710 4329 1771 4378 tu
1793 4325 1941 4381 dicis
1972 4327 2130 4396 quod

482 4418 516 4456 a
548 4402 725 4457 Maria
755 4404 884 4458 esse
906 4406 1150 4476 cmperit
1172 4406 1200 4461 ?
1220 4408 1363 4463 Cum
1396 4409 1508 4465 hoc
1530 4418 1586 4465 et
1606 4412 1823 4468 Paulus
1848 4414 2128 4470 Samosa-

482 4490 667 4546 tensis
700 4493 981 4548 evertitur
1011 4495 1110 4566 qui
1152 4497 1468 4553 Dominum
1506 4501 1816 4572 asserebat
1867 4520 1994 4558 esse
2018 4521 2127 4560 nu-

481 4580 622 4636 dum
646 4579 949 4637 hominem
972 4584 1290 4640 formatum
1322 4603 1357 4641 a
1386 4570 1522 4644 Deo.
1546 4591 1775 4645 Etenim
1804 4594 2129 4662 poterimus
2165 4570 2206 4631 υ

483 4668 594 4739 ipsi
627 4670 823 4727 dicere
846 4690 860 4727 :
886 4673 1397 4738 Quemadmodum
1419 4677 1610 4733 forma
1628 4680 2017 4747 servi,natura
2039 4690 2132 4737 est

487 4758 634 4811 servi
663 4765 721 4814 et
750 4776 870 4816 non
894 4762 1123 4818 factura
1157 4763 1245 4818 vel
1278 4781 1445 4835 opus,
1481 4765 1563 4821 ita
1585 4774 1644 4822 et
1673 4769 1859 4824 forma
1890 4771 1990 4825 Dei
2023 4780 2129 4827 na‘-

486 4848 618 4933 tura
645 4849 746 4902 Dei
780 4858 870 4905 est
900 4858 959 4907 et
998 4870 1117 4908 nou
1169 4854 1433 4911 effectus.
1466 4856 1731 4912 Nestoris
1762 4874 1996 4930 quoque
2029 4863 2129 4933 qui

489 4931 694 4987 eadem
727 4940 908 4994 sentit
936 4942 1114 4997 simul
1144 4943 1441 4999 evertitur.
1465 4946 1713 5002 Cumhis
1744 4954 1801 5003 et
1822 4931 2131 5006 Marcellus

484 5017 715 5075 Galates
755 5031 814 5078 et
874 5029 1240 5100 Sophronias
1287 5050 1355 5089 ac
1390 5034 1678 5091 Photinus
1727 5038 1912 5093 eversi
1969 5046 2127 5094 sunt.

481 5106 624 5162 Vide
656 5116 850 5200 autem
886 5124 945 5171 et
973 5123 1384 5179 concidentem
1409 5124 1748 5181 Sabellium.
1773 5151 1798 5177 α
1826 5128 1951 5183 Non
1979 5130 2129 5200 rapi-

482 5196 879 5268 nam,inquit,
904 5205 1225 5265 arbitratus
1257 5218 1346 5267 est
1377 5219 1442 5268 ut
1463 5214 1709 5285 mqualis
1730 5223 1885 5271 esset
1915 5196 2063 5274 Deo.
2098 5241 2126 5269 »

480 5286 807 5359 Equalitas
840 5292 1000 5348 enim
1033 5296 1104 5351 de
1138 5314 1258 5354 una
1282 5317 1536 5370 persona
1568 5319 1689 5359 non
1737 5305 1973 5369 dicitur,
2024 5308 2128 5363 sed

487 5378 559 5433 de
593 5376 823 5435 duabus
852 5386 953 5435 aut
979 5382 1265 5452 pluribus.
1330 5389 1635 5452 Quomodo
1666 5410 1801 5466 ergo
1854 5401 1916 5450 tu
1970 5397 2128 5452 nuda

487 5465 638 5521 dicis
669 5484 795 5523 esse
827 5469 1072 5525 nomina
1102 5472 1294 5527 Patris
1317 5481 1375 5527 et
1393 5476 1523 5531 Filii
1565 5496 1633 5534 ac
1656 5465 1907 5553 Spiritus
1940 5486 2126 5541 sancti

486 5570 618 5624 quae
651 5556 723 5613 de
753 5576 872 5616 una
897 5559 1181 5617 dicuntur
1208 5578 1463 5633 persona
1482 5566 1509 5619 ‘2
1530 5566 1672 5624 Vide
1703 5587 1937 5629 rursum
1966 5574 2126 5630 feriri

483 5642 713 5700 Arium.
736 5650 878 5707 Nam
902 5654 1228 5726 poterimus
1260 5651 1370 5724 ipsi
1395 5651 1590 5709 dicere
1618 5673 1631 5710 :
1659 5658 1806 5723 Quid
1833 5661 1943 5716 sibi
2003 5664 2130 5720 vult

2231 1911 2701 1989 ταπεινοφροσύνῃ
2755 1909 2911 1967 οὐδὲν
2967 1911 3107 1985 ὓμᾶς
3168 1907 3420 1987 βλάπτει,
3476 1905 3604 1963 οὐδὲ
3665 1912 3893 1978 ζημιοῖ,

2233 2004 2360 2063 οὐδὲ
2396 1999 2747 2074 καταϐιϐάζει
2777 2007 2876 2058 τοῦ
2906 2002 3202 2077 προσόντος
3232 1999 3425 2073 ὕψους,
3456 1995 3604 2053 ἀλλὰ
3667 1995 3893 2071 μᾶλλον

2231 2093 2505 2164 ἀπόδειξις
2532 2093 2668 2163 αὐτὴ
2694 2093 2938 2168 vivent;
2987 2090 3092 2148 Τὸν
3158 2089 3410 2165 Χριστὸν,
3459 2087 3649 2166 φησὶν,
3699 2084 3893 2156 ἐννοή-

2233 2198 2379 2242 σατε.
2411 2183 2670 2243 Μάλιστα
2697 2182 2801 2259 γάρ
2859 2179 2912 2237 ἐν
2970 2180 3150 2253 τούτῳ
3210 2176 3483 2234 δείκνυται
3538 2175 3694 2256 φύσει
3762 2177 3896 2237 Θεὸς

2234 2276 2398 2343 εἶναι,
2429 2272 2481 2329 ἐν
2511 2273 2594 2345 τῷ
2624 2271 3024 2340 ταπεινωθῆναι
3052 2269 3142 2324 καὶ
3175 2267 3398 2347 φορέσαι
3438 2267 3531 2322 τὸν
3582 2264 3897 2340 ἄνθρωπον.

2233 2361 2386 2434 ᾞδει
2442 2363 2545 2438 γὰρ
2604 2362 2679 2425 ὡς
2739 2359 2799 2417 ἐκ
2847 2359 3051 2430 ταύτης
3107 2364 3209 2428 τῆς
3242 2428 3243 2431 η
3277 2357 3679 2423 ταπεινώσεως,
3739 2353 3897 2410 οὐδὲν

2237 2454 2653 2527 ζημιωθήσεται
2690 2454 2790 2506 τοῦ
2818 2448 3123 2520 προσόντος
3184 2446 3329 2520 αὐτῷ
3386 2446 3524 2502 κατὰ
3582 2444 3739 2522 φύσιν
3802 2451 3900 2513 τῆς

2233 2543 2492 2613 θεότητος
2516 2542 2706 2615 ὕψους.
2741 2538 2809 2596 Εἴ
2839 2535 2899 2594 δὲ
2962 2538 3165 2610 ταύτην
3207 2536 3497 2606 ἐπίκτητον
3548 2537 3722 2609 εἶχεν,
3770 2531 3893 2588 ἐδε-

2233 2630 2406 2687 δοίκει
2456 2631 2515 2687 ἄν
2579 2629 2769 2685 ἑαυτὸν
2825 2631 3179 2695 ταπεινῶσαι,
3239 2625 3329 2680 ἳνα
3388 2626 3464 2698 μὴ
3526 2623 3725 2698 ἐκπέσῃ
3797 2627 3892 2679 τοῦ

2237 2720 2401 2795 μόλις
2430 2720 2578 2792 αὐτῷ
2609 2718 2992 2787 ὲπικτηθέντος
3048 2716 3377 2790 ἂξιώματος.
3437 2709 3745 2782 Ἀπόδειξις
3796 2713 3888 2766 οὗν

2234 2813 2268 2880 ἡ
2301 2808 2654 2880 ταπείνωσις,
2693 2810 2792 2863 τοῦ
2820 2806 2956 2862 κατὰ
2985 2806 3142 2883 φύσιν
3175 2803 3344 2879 ὕψους
3395 2802 3570 2858 αὐτοῦ
3617 2809 3717 2872 τῆς
3768 2803 3891 2857 0εό-

2231 2920 2420 2970 τητος.
2455 2896 2521 2956 Εἰ
2568 2917 2654 2959 τις
2718 2897 2814 2953 οὖν
2872 2893 3085 2969 ὑψηλὸς
3141 2896 3261 2950 κατ’
3312 2893 3509 2968 ἀρετήν
3572 2892 3657 2946 καὶ
3713 2893 3887 2965 μέγας

2233 2990 2437 3068 ἐφίεται
2501 2987 2660 3056 εἶναι,
2751 2988 3271 3060 ταπεινοφρονεῖτω,
3321 2984 3356 3051 ἡ
3415 2983 3525 3057 γὰρ
3568 2978 3879 3039 ταπείνωσές

2233 3077 2371 3134 ἐστιν
2435 3079 2472 3148 ἡ
2530 3073 2849 3131 δεικνύουσα
2902 3073 2995 3129 καὶ
3056 3075 3404 3148 μαρτυροῦσα
3472 3071 3537 3125 τὸ
3589 3070 3717 3142 ὕψος
3771 3074 3879 3136 τῆς

2235 3168 2448 3243 ἀρετῆς.
2483 3165 2774 3238 Μιμιίσθω
2814 3161 2905 3218 τὸν
2962 3161 3215 3238 Χριστὸν,
3274 3157 3427 3215 σῦδέν
3484 3155 3736 3214 ἀπολέσει
3789 3177 3890 3212 τα-

2234 3256 2612 3331 πεινούμενος,
2644 3249 2953 3328 μᾶλλονδὲ
3013 3248 3228 3328 μεγάλα
3284 3246 3553 3325 κερδανεῖ.
3609 3249 3673 3306 Ὀ
3730 3248 3895 3316 πένης

2233 3347 2333 3416 τήν
2355 3345 2576 3420 ἀρετήν,
2607 3341 2669 3398 οὐ
2715 3339 2936 3397 δύναται
3003 3346 3426 3408 ταπεινωθῆναι·
3490 3332 3739 3416 φοϐεῖται
3792 3336 3892 3414 γάρ

2239 3435 2318 3508 μή
2351 3432 2552 3508 ἐκπέσῃ
2608 3434 2706 3487 τοῦ
2762 3429 3102 3485 ἐπιπλάστου
3159 3428 3250 3484 καὶ
3305 3425 3893 3501 κατεσχηματισμένου

2238 3521 2526 3596 ὕψους.’0
2566 3518 2831 3583 πλούσιος
2859 3517 2949 3574 καὶ
3010 3514 3223 3591 ὑψηλὸς
3275 3518 3372 3585 τὴν
3434 3514 3655 3590 ἆρὶτῆν,
3714 3533 3894 3567 ταπει-

2235 3611 2467 3669 νοῦσθω.
2502 3611 2591 3667 Ἐν
2620 3607 2800 3682 τούτῳ
2846 3608 2952 3683 γὰρ
3012 3603 3231 3680 μᾶλλον
3289 3604 3479 3660 ἑαυτὸν
3537 3600 3772 3658 δείκνυσι
3819 3602 3891 3664 ὡς

2235 3699 2460 3770 ἀληθῶς
2494 3696 2731 3773 ὑψηλὸν,
2786 3696 2870 3753 δτι
2930 3697 2993 3752 οὐ
3055 3692 3266 3751 δέδοικε
3315 3699 3740 3761 ταπεινωθῆναι,
3799 3692 3889 3746 καὶ

2237 3786 2381 3844 οἶδεν
2414 3788 2497 3843 ὅτι
2529 3786 2818 3861 ἤδρασται.
2850 3808 2881 3841 α
2910 3786 2999 3847 Ὠς
3024 3784 3076 3841 ἐν
3111 3788 3297 3863 μορφῇ
3354 3788 3490 3839 Θεοῦ
3540 3782 3829 3857 ὑπάρχων.
3859 3804 3886 3830 η

2234 3880 2376 3955 Ὅρα
2414 3883 2534 3943 πῶς
2563 3877 2623 3933 ἐκ
2649 3881 2757 3933 τῶν
2791 3874 2994 3952 ὀλίγων
3025 3874 3232 3931 τούτων
3266 3875 3528 3950 ῥημάτων
3555 3875 3655 3927 τοῦ
3712 3869 3886 3928 Πνεῦ-

2240 3989 2431 4044 ματος,
2464 3972 2631 4023 πᾶσαι
2677 3965 3036 4022 καταλύονται
3091 3967 3147 4020 αἱ
3203 3963 3457 4038 αἱρέσεις.
3515 3967 3742 4035 Πρῶτον
3799 3964 3890 4034 μὲν

2238 4059 2367 4135 γὰρ,
2395 4057 2683 4133 Ὑπάρχων
2716 4055 2905 4125 εἰπὼν,
2952 4056 3016 4112 τὸ
3074 4050 3341 4108 συναΐδιον
3387 4056 3468 4124 τῷ
3516 4050 3685 4125 Πατρὶ
3729 4048 3889 4121 δεδή-

2238 4144 2404 4212 λωκε,
2437 4145 2526 4199 καὶ
2558 4139 2969 4215 καταϐέϐληκεν
2997 4145 3239 4217 Ἄρειον,
3289 4141 3405 4197 εἶτα
3460 4141 3548 4196 καὶ
3595 4139 3888 4213 Μαρκίωνα

2236 4236 2325 4290 τὸν
2363 4234 2643 4291 Ποντικόν.
2676 4232 2741 4290 Εἰ
2768 4233 2873 4308 γὰρ
2931 4234 3000 4302 ἦν
3060 4231 3112 4286 ἐν
3176 4234 3361 4308 μορφῇ
3428 4232 3582 4297 Θεοῦ,
3643 4233 3763 4290 πῶς
3830 4228 3887 4281 σὺ

2238 4324 2414 4401 λὲγεις
2448 4326 2531 4380 ὅτι
2562 4324 2670 4380 ἀπὸ
2702 4325 2919 4399 Μαρίας
2942 4322 3144 4398 ἤρξατο
3174 4341 3187 4392 ;
3217 4320 3325 4379 Σὺν
3379 4319 3558 4392 τούτῳ
3607 4318 3700 4375 καὶ
3749 4322 3890 4373 Παῦ-

2238 4414 2335 4478 λος
2368 4418 2395 4471 ὁ
2441 4414 2786 4488 Σαμοςατεὺς
2840 4414 3190 4479 καταλύεται,
3249 4410 3308 4474 ὅς
3374 4406 3474 4489 ἔφη
3535 4409 3701 4486 ψιλὸν
3758 4409 3887 4464 εἶναι

2238 4506 2328 4560 τὸν
2358 4504 2561 4581 Κύριον
2610 4505 2919 4580 ἄνθρωπον,
2972 4502 3356 4578 ἐνεργούμενον
3417 4501 3521 4556 ὑπὸ
3576 4502 3732 4558 Θεοῦ.
3793 4499 3887 4554 Καέ

2240 4594 2343 4669 γὰρ
2393 4594 2642 4666 εἴποιμεν
2703 4592 2837 4666 πρὸς
2899 4591 3076 4649 αὐτόν.
3117 4592 3320 4665 Ὠσπερ
3349 4592 3384 4659 ἡ
3420 4590 3604 4665 μορφή
3665 4584 3886 4655 δούλου,

2244 4684 2401 4758 φύσις
2457 4680 2681 4749 δούλου,
2743 4681 2869 4737 ἀλλ’
2927 4680 3028 4736 οὐκ
3120 4678 3357 4754 ἐνέργειά
3410 4681 3547 4745 ἔστι,
3604 4676 3748 4731 οὕτω
3804 4676 3887 4731 καὶ

2244 4771 2428 4848 μοριρή
2487 4774 2621 4826 Θεοῦ
2678 4770 2834 4846 φύσις
2897 4774 3053 4841 Θεοῦ,
3096 4767 3222 4824 ἀλλ’
3304 4766 3404 4822 οὒκ
3453 4765 3690 4842 ἐνέργειά
3755 4764 3885 4821 ἐσσι.

2240 4860 2341 4917 Καὶ
2375 4860 2663 4934 Νεστόριος
2706 4860 2773 4914 τὰ
2803 4858 2939 4915 αὐτὰ
2993 4864 3227 4937 φρονῶν,
3283 4855 3731 4932 συγκαταλόεται.
3789 4855 3887 4910 Σὺν

2238 4951 2454 5013 τούτοις
2486 4948 2576 5005 καὶ
2610 4946 2941 5023 Μάρκελλος
2969 4949 2997 5004 ό
3029 4947 3303 5018 Γαλάτης,
3333 4946 3422 5002 καὶ
3464 4945 3779 5025 Σωφρόνιος
3807 4965 3892 4999 και

2240 5040 2517 5102 Φωτεινὸς
2577 5039 2978 5109 ἀνεοράπησαν.
3028 5039 3169 5111 Ὅρα
3212 5033 3268 5092 δὲ
3313 5036 3404 5091 καὶ
3462 5029 3768 5091 Σαϐἑλλιον
3808 5034 3893 5088 πί-

2238 5149 2460 5184 πτοντα.
2482 5153 2510 5178 ’ί
2546 5128 2673 5203 Οὐχ
2692 5128 3006 5202 ἁρπαγμὸν,
3039 5125 3228 5205 φησὶν,
3259 5126 3503 5201 ἡγήσατο
3533 5123 3597 5179 τὸ
3627 5124 3769 5178 εἶναι
3813 5121 3898 5217 ἴσα

2238 5221 2376 5289 Θεῷ.
2405 5240 2433 5267 ››
2465 5218 2607 5272 Ἴσον
2642 5217 2768 5292 γὰρ,
2801 5215 2890 5271 ἐπὶ
2930 5214 3048 5275 ὶνὸς
3090 5213 3151 5268 οὐ
3183 5212 3403 5290 λέγεται
3431 5212 3753 5287 προσώπου,
3776 5209 3880 5266 ἀλλ

2241 5306 2327 5363 ἐπὶ
2361 5303 2457 5362 δύο
2488 5307 2579 5361 καὶ
2609 5304 2904 5362 πλειόνων.
2936 5308 3060 5366 Πῶς
3093 5303 3188 5358 οὗν
3222 5306 3285 5358 σὺ
3316 5301 3458 5377 ψιλά
3505 5301 3613 5379 ei}:
3660 5300 3897 5375 ὗνοματα

2235 5395 2323 5451 ἐπὶ
2387 5400 2519 5468 μιᾶς
2595 5394 2940 5456 ὑποστάσεως
3022 5391 3299 5468 λεγόμενα
3379 5391 3462 5458 τὸ,
3518 5391 3755 5466 Ματρὸς,
3811 5389 3894 5444 καὶ

2236 5485 2509 5558 Υὶοῦ,καὶ
2542 5484 2704 5560 ἁγίου
2761 5483 3121 5558 Πνεόματος;
3179 5484 3321 5557 "Op:
3378 5479 3439 5537 ἐκ
3497 5478 3752 5555 δευτέρου
3806 5480 3892 5534 τὸν

2235 5574 2457 5646 Ἀρειον
2484 5567 2894 5644 πληττόμενον.
2953 5570 3224 5642 Εἲποιμεν
3269 5568 3373 5644 γὰρ
3421 5564 3589 5639 αὖτῷ-
3641 5565 3710 5623 Τί
3763 5564 3890 5624 ἔστι,

2242 5660 2461 5738 μορφὴν
2491 5656 2693 5718 δούλου
2721 5655 2953 5729 ἔλαϐενς
3002 5654 3255 5728 Εὔδηλον
3313 5656 3395 5711 δτι
3446 5652 3732 5731 at""09‘”7’°‘7
3780 5651 3892 5729 Elé'
