4096 6194
404 277 560 361 1283

1528 264 1935 334 OECUMENII
1977 260 2292 325 TRICCIE
2330 258 2681 328 EPISCOPI

3666 262 3813 320 ιὲει

403 413 561 471 inter
591 426 692 466 eos
723 404 1161 463 celsitudinem.
1194 400 1687 474 Quandoquidem
1718 396 2053 457 communis

2171 390 2441 466 ἆλλήλοις
2472 395 2879 462 ταπεινοῦσθαι,
2919 391 3011 447 καὶ
3057 391 3129 447 τὰ
3173 389 3346 447 οἰκεῖα
3398 392 3809 448 συνεπίπατθαι

405 506 618 557 natura
639 500 730 554 est
757 493 1004 569 aequalis
1034 496 1094 549 et
1154 491 1421 564 ejusdem
1482 489 1725 548 honoris
1783 487 2054 545 omnium

403 587 734 645 hominum.
769 585 826 640 Si
859 599 994 656 ergo
1029 583 1079 638 is
1108 582 1209 654 qui
1231 586 1445 637 natura
1462 581 1614 637 Deus
1644 584 1736 635 est
1764 582 1824 633 et
1842 582 2055 633 natura

404 676 696 746 excelsus,
725 674 991 747 seipsum
1022 675 1264 744 propter
1292 686 1401 726 nos
1430 667 1783 731 humiliavit,
1810 682 1920 722 nos
1951 663 2053 735 qui

404 773 618 823 natura
639 764 900 837 aequales
932 779 1138 821 sumus
1169 766 1229 818 et
1255 759 1566 831 aequaliter
1583 756 1840 815 humiles
1863 760 1921 811 et
1949 754 2054 810 ab-

396 857 565 930 jecti,
599 872 803 912 annon
833 853 1119 911 debemus
1150 850 1400 907 invicem
1432 847 1757 915 humiliari,
1808 851 1868 903 et
1912 860 2051 916 pro-

404 946 549 1018 priae
583 960 878 1001 mensura:
910 941 1133 998 conscii
1151 938 1325 996 esse?
1349 938 1515 1004 Quod
1546 938 1595 994 si
1627 953 1735 994 nos
1766 936 1927 1007 ipsos
1953 934 2054 989 huc

403 1034 854 1100 miliaverimus,
891 1029 1290 1104 superexaltat
1309 1045 1419 1083 nos
1452 1029 1626 1093 Deus,
1658 1026 1913 1098 gratiose
1943 1022 2056 1077 lar-

408 1124 573 1197 giens
597 1140 727 1195 quae
759 1121 969 1177 oculus
1000 1136 1120 1176 non
1150 1118 1314 1185 vidit,
1349 1134 1458 1172 nec
1487 1115 1648 1172 auris
1665 1113 1908 1181 audivit,
1942 1128 2053 1168 nec

404 1213 469 1270 in
528 1230 629 1270 cor
688 1211 948 1267 hominis
997 1207 1396 1267 ascenderunt
1432 1207 1473 1263 θ.
1536 1204 1780 1274 «Beati,
1838 1200 2053 1273 inquit,

406 1317 701 1376 pauperes
731 1299 965 1373 spiritu,
1027 1296 1309 1369 quoniam
1344 1296 1610 1368 ipsorum
1659 1298 1751 1349 est
1803 1306 2053 1364 regnum

410 1390 694 1447 caelorum
725 1388 792 1444 ‘0.
831 1412 850 1437 ι
886 1386 1067 1459 Atqui
1099 1386 1276 1442 etiam
1310 1384 1359 1440 si
1390 1385 1502 1440 hoc
1522 1400 1645 1440 non
1676 1386 1854 1447 esset,
1913 1378 2052 1436 inde

406 1479 699 1537 celsitudo
731 1482 821 1534 est
850 1482 907 1532 et
938 1474 1285 1550 magnitudo
1319 1470 1477 1547 quad
1510 1472 1676 1544 digni
1728 1470 2056 1527 habeamur

403 1576 471 1626 ut
502 1568 717 1626 Christi
768 1567 954 1622 simus
985 1565 1338 1622 imitatores.
1377 1584 1404 1614 ‹‹
1438 1561 1549 1618 Sed
1579 1561 1861 1634 seipsum.
1895 1582 1923 1609 »
1948 1557 2055 1614 Ubi

405 1662 547 1714 sunt
577 1657 678 1730 qui
709 1655 916 1711 dicunt
936 1653 1094 1728 quod
1124 1670 1194 1710 ex
1224 1651 1576 1708 necessitate
1608 1655 1668 1706 et
1702 1648 1893 1705 Patris
1916 1647 2056 1703 sul)-

395 1746 663 1819 jectione
712 1745 928 1800 invitus
989 1748 1077 1801 est
1134 1742 1476 1799 incarnatus
1517 1739 1546 1795 ‘I
1578 1758 1602 1783 κ
1633 1737 1986 1795 Exinanivit.
2019 1754 2051 1790 ω

406 1835 699 1902 Quoniam
731 1834 892 1890 enim
920 1850 1040 1888 non
1079 1849 1149 1888 ex
1179 1831 1389 1905 rapina
1416 1846 1479 1886 se
1532 1828 1751 1885 habere
1800 1826 1963 1883 novit
1992 1831 2058 1882 ut

407 1923 656 1998 aequalis
684 1928 840 1979 esset
866 1924 1006 1990 Deo,
1040 1920 1142 1975 sed
1174 1937 1209 1976 a
1268 1925 1483 1977 natura
1538 1923 1597 1972 et
1654 1916 2056 1973 comternitate

403 2012 1059 2089 dignitatis,propterea
1091 2010 1461 2067 confidenter
1491 2006 1819 2064 exinanivit
1837 2008 2055 2061 semet-

405 2100 625 2175 ipsum,
658 2100 770 2156 hoc
796 2097 1247 2165 est,humiliavit
1278 2102 1335 2153 et
1356 2095 1549 2152 factus
1573 2098 1659 2150 est
1707 2093 1908 2160 homo,
1941 2106 2060 2147 non

402 2188 738 2260 abjiciendo
771 2188 929 2261 quod
960 2189 1112 2244 Deus
1146 2193 1319 2243 esset.
1345 2185 1523 2253 Quasi
1568 2184 1761 2242 dicat:
1789 2184 1849 2238 Si
1871 2181 2061 2239 novis-

402 2282 495 2334 set
523 2294 585 2333 se
618 2294 689 2333 ex
717 2276 929 2347 rapina
948 2275 1168 2332 habere
1212 2275 1371 2349 quod
1402 2277 1521 2331 Deo
1575 2271 1821 2346 aequalis
1882 2276 2060 2340 esset,

402 2381 711 2437 nunquam
749 2364 1091 2420 incarnatus
1113 2364 1349 2431 fuisset,
1382 2363 1605 2419 veritus
1634 2380 1710 2419 ne
1761 2362 2064 2435 deprime-

411 2459 597 2512 retur.
632 2476 660 2505 ‹‹
692 2455 906 2510 Forma
936 2451 1085 2508 servi
1137 2457 1393 2525 sumpta.
1429 2472 1456 2501 »ι
1508 2450 1835 2507 Considera
1890 2449 2060 2506 Pauli

405 2542 692 2617 loquendi
724 2541 988 2598 modum.
1026 2539 1329 2612 Siquidem
1356 2539 1428 2594 de
1456 2539 1763 2596 divinitate
1787 2538 2062 2610 loquens,

408 2634 492 2690 ait
523 2650 536 2688 :
569 2633 715 2690 Cum
735 2636 912 2701 esset,
937 2629 1405 2687 coaeternitatem
1449 2627 1821 2702 significans:
1855 2626 1930 2682 de
1953 2626 2065 2682 hu-

409 2721 699 2778 manitate
756 2735 914 2788 vero,
962 2720 1255 2792 Sumpta:
1320 2724 1379 2774 et
1430 2719 1664 2786 Factus,
1745 2715 2064 2773 ostendens

409 2811 571 2883 quod
600 2810 922 2866 adventitia
949 2814 1107 2864 esset
1154 2808 1489 2864 «Inventus
1519 2812 1584 2864 ut
1641 2807 1841 2865 homo.
1880 2829 1909 2856 ››
1968 2809 2071 2862 Ut-

409 2906 548 2972 pote
569 2901 770 2957 homo.
804 2897 947 2953 Vide
993 2904 1192 2954 autem
1225 2897 1567 2953 inferiorem
1594 2897 2066 2953 annotationem.

411 3010 440 3039 «
476 2986 815 3045 Humiliavit
872 2985 1278 3057 semetipsum.
1318 3005 1345 3035 »
1377 2985 1543 3049 Quod
1584 2983 1630 3040 si
1666 2984 1861 3040 nudus
1892 2985 2069 3039 homo

418 3082 636 3143 erat,ut
665 3074 897 3132 videtur
925 3075 1243 3143 haereticis,
1296 3073 1592 3145 quomodo
1644 3074 2073 3130 humiliabatur

415 3168 608 3225 factus
638 3165 798 3239 quod
828 3165 995 3220 erat?
1019 3180 1255 3220 rursum
1278 3168 1475 3220 autem
1505 3162 1660 3234 quod
1685 3164 1769 3218 ait
1801 3179 1813 3217 :
1843 3164 2071 3220 Semet—

415 3258 636 3331 ipsum,
669 3254 1063 3311 voluntariam
1113 3253 1510 3327 dejectionem
1541 3253 1716 3308 nobis
1748 3253 2062 3325 signiﬁcat.

2164 484 2372 558 μὲτρα;
2404 480 2529 542 Ἐὰν
2569 480 2628 538 δὲ
2683 485 3124 555 ταπεινωθῶμεν,
3190 479 3462 555 ὑπιρυψοῖ
3514 479 3610 536 καὶ
3667 482 3809 553 ἡμᾶς

2160 572 2189 625 6
2220 571 2371 639 Θεὸς,
2405 571 2773 647 χαριζόμενος
2833 572 2970 643 ἡμῖν
2998 569 3031 625 ἃ
3057 567 3338 648 ὀφθαλμὸς
3390 568 3490 624 οὐκ
3541 566 3678 639 εἶδε,
3725 571 3806 624 καὶ

2161 657 2253 723 οὕς
2310 660 2410 716 οὐκ
2465 660 2688 733 ἢκουσε,
2746 660 2838 715 καὶ
2922 657 3011 715 ἐπὶ
3064 656 3285 733 καρδίαν
3368 658 3652 735 ἀνθρώπον
3716 662 3811 714 οὐκ

2159 745 2348 820 ἆνὲϐη.
2385 772 2412 801 ‹‹
2447 748 2746 821 Μακάριοι,
2778 748 2965 824 φησὶν,
3007 748 3059 802 οἱ
3107 747 3327 824 πτωχοὶ
3392 752 3471 820 τῷ
3521 747 3807 823 πνεύματι,

2159 838 2245 893 ὃτι
2276 838 2458 893 αὐτῶν
2489 837 2631 895 ἐστιν
2662 839 2699 907 ἡ
2735 835 2983 913 βασιλεία
3011 837 3123 893 τῶν
3154 835 3418 912 οὐρανῶν.
3478 836 3668 893 Καίτοι
3720 837 3809 891 καὶ

2161 926 2208 981 εἰ
2243 929 2318 999 μὴ
2350 931 2515 982 τοῦτο
2541 929 2630 998 ἦν,
2664 925 2884 993 αὐτόθεν
2940 924 3083 982 ἐστὶν
3141 924 3351 998 ὑψηλὸν
3405 926 3499 982 καὶ
3566 927 3706 1002 μέγα
3753 927 3811 982 τὸ

2158 1016 2457 1087 ἀξιωθῆναι
2509 1015 2756 1091 μιμητὰς
2808 1015 3054 1092 γενέσθαι
3104 1019 3372 1089 Χριστοῦ,
3420 1040 3447 1066 ιι
3487 1013 3647 1072 Ἀλλ’
3694 1014 3815 1070 ἑαυ-

2160 1103 2271 1161 τόν.
2306 1129 2334 1157 ››
2370 1108 2481 1163 11οῦ
2513 1105 2646 1161 εἰσιν
2691 1105 2744 1162 οὶ
2801 1102 3054 1179 λέγοντες
3104 1104 3189 1159 ὅτι
3247 1104 3384 1160 κατᾶ
3437 1105 3677 1179 ἀνάγκην
3725 1104 3815 1160 καὶ

2161 1193 2425 1270 ἐπιταγὴν
2476 1198 2577 1248 τοῦ
2633 1194 2845 1270 Πατρὸς
2897 1192 3033 1250 ἑκὼν
3079 1189 3541 1268 ἐνηνθρώπησενς
3610 1218 3638 1247 ε
3669 1192 3815 1251 Έκέο

2159 1304 2343 1341 νωσεν.
2378 1307 2407 1336 ››
2440 1280 2803 1364 Ἐπειδὴ-γὰρ
2852 1283 2928 1357 μὴ
2988 1282 3125 1339 κατὰ
3182 1281 3437 1357 ἁρπαγὴν
3491 1277 3614 1356 ᾔδει
3669 1276 3812 1362 ἔχων

2158 1373 2222 1429 τὸ
2251 1371 2381 1429 εἶναι
2443 1371 2533 1428 ἴσα
2593 1375 2732 1444 θεῷ,
2791 1368 2918 1428 ἀλλ’
2957 1371 3065 1426 ἀπὸ
3123 1372 3334 1448 φύσεως
3388 1371 3477 1427 καὶ
3536 1368 3814 1429 mutatos

2162 1462 2495 1536 ἀξιώματος,
2530 1459 2620 1517 διὰ
2648 1466 2810 1517 τοῦτο
2844 1459 3058 1539 θαρῥων
3087 1460 3342 1517 ἑκένωσεν
3393 1460 3608 1528 ὶαυτὸν,
3658 1482 3815 1518 τουτ-

2162 1551 2327 1621 ἑστιν,
2384 1548 2709 1607 ἐταπείνωσε
2765 1549 2856 1606 καὶ
2917 1549 3135 1626 γέγονεν
3191 1551 3496 1625 ἄνθρωπος,
3549 1549 3617 1604 τὸ
3682 1550 3813 1606 εἶναι

2162 1640 2292 1704 Θεὸς
2328 1639 2405 1714 μή
2445 1634 2769 1697 ἀποϐαλὼν.
2827 1639 2922 1704 Ὦς
2978 1636 3033 1694 εἷ’
3081 1659 3147 1717 γε
3199 1635 3320 1713 ᾔδει
3372 1638 3507 1696 κατᾶ
3560 1638 3813 1715 ἁρπαγήν

2085 1767 2131 1831 Β
2163 1725 2308 1805 ἔχων
2332 1729 2396 1785 τὸ
2425 1730 2560 1785 εἶναι
2600 1726 2689 1784 ἴσα
2745 1732 2886 1801 Θεῷ,
2943 1726 3048 1783 οὐκ
3108 1726 3167 1784 ἂν
3222 1748 3357 1785 ποτε
3406 1726 3812 1803 ἕνηνθρώπησε,

2314 1818 2326 1831 1
2650 1817 2664 1831 ι
2894 1810 2923 1831 Ω
2955 1809 2985 1831 ο
3060 1818 3115 1831 Α,
3336 1821 3381 1831 ι-
3507 1817 3521 1831 ι
3615 1812 3641 1831 ἢ
3691 1813 3735 1831 οἱ

2159 1818 2519 1890 πτοούμενος,
2599 1817 2674 1891 μὴ
2754 1809 3146 1889 Μταϐιϐασθῇ.

3235 1840 3256 1867 ι
3332 1817 3563 1893 Μορφήν
3611 1812 3811 1872 δούλου

2162 1902 2366 1965 λαϐών.
2400 1908 2601 1981 »Ὅρα
2629 1903 2921 1985 ἆσφίλειαν
2950 1908 3049 1963 τοῦ
3096 1904 3337 1963 Παύλου.
3389 1906 3511 1964 Ἐπὶ
3563 1906 3665 1979 μὶν
3710 1906 3808 1982 γὰρ

2160 2004 2259 2067 τῆς
2289 1994 2571 2066 θεότητος,
2600 1996 2664 2052 τὸ
2696 1996 2960 2072 ὑπάρχων
3004 1993 3228 2066 τέθεικε,
3274 1996 3338 2052 τὸ
3386 1993 3660 2052 συναῒδιον
3709 1994 3808 2067 δη-

2163 2085 2234 2143 λυ
2321 2086 2333 2108 ν
2425 2087 2439 2106 κ
2481 2083 2524 2104 ας
2602 2092 2629 2104 ο
2944 2085 2955 2103 ι
3242 2085 3256 2103 \
3472 2084 3485 2102 ε
3676 2086 3692 2107 \
3764 2086 3779 2101 ι

2203 2107 2296 2144 ων.
2338 2090 2441 2142 Επι
2477 2102 2535 2141 οε
2562 2106 2663 2155 της
2702 2086 3148 2160 ἀνθρωπατητος,
3202 2105 3284 2156 το,
3340 2080 3555 2155 Λαϐων,
3605 2106 3694 2141 και
3725 2106 3807 2157 το,

2162 2172 2477 2249 Γενόμενος,
2535 2171 2746 2239 δεικνὺς
2798 2173 3002 2246 ταύτης
3085 2173 3396 2246 ἐπίκτητον.
3457 2197 3490 2229 ιι
3547 2175 3808 2252 Εὖρηθεὶς

2165 2263 2241 2326 ὠς
2272 2265 2577 2339 ἅνθρωπος,
2607 2286 2634 2318 ε
2677 2264 2781 2324 Οἷα
2836 2263 3147 2339 ἄνθρωπος.
3198 2265 3340 2341 Ὅρα
3397 2261 3454 2319 δὲ
3506 2265 3606 2334 τὴν
3667 2266 3813 2321 κάτω

2166 2356 2553 2433 παραγραφήν.
2615 2378 2644 2405 ί(
2684 2352 3070 2412 Ἐταπεῖνωσεν
3120 2353 3330 2409 δαυτόν.
3365 2377 3394 2408 ››
3453 2353 3521 2412 El
3574 2354 3674 2410 οὗν
3731 2354 3818 2409 Ev-

2169 2456 2387 2520 θρωπος
2418 2445 2483 2512 ἦν
2533 2443 2696 2518 ψιλὸς
2727 2441 2757 2499 6'
2787 2440 2939 2499 δοκεῖ
2992 2449 3108 2506 τοῖς
3158 2443 3480 2519 αἱρετικοῖε,
3520 2447 3641 2506 πῶς
3695 2442 3814 2499 ἆται

2166 2537 2419 2588 πεινοῦτο
2453 2531 2747 2609 γενόμενος
2778 2533 2807 2587 ’ὀ
2836 2532 2942 2603 ἦν;
3005 2530 3177 2589 Πάλιν
3235 2528 3294 2588 δὲ
3322 2533 3408 2605 τὸ,
3463 2533 3712 2603 Ἑαυτὸν,
3764 2534 3823 2588 τὸ

2169 2622 2414 2678 ἑκούσιον
2448 2624 2583 2695 ἡμῖν
2619 2619 2905 2678 δείκνυσιν.
2972 2645 3001 2675 ‹‹
3030 2621 3324 2697 Γενόμενος
3375 2621 3642 2694 ὑπήκοος.
3675 2647 3704 2677 ιι
3737 2624 3822 2687 Ὧς

2170 2715 2318 2783 Υἱὸς,
2351 2716 2460 2794 οὐχ
2491 2714 2567 2777 ὡς
2597 2711 2823 2779 δοῦλος.
2855 2716 2954 2771 Διὰ
2982 2717 3180 2773 τούτου
3207 2717 3310 2792 γὰρ
3347 2713 3587 2789 μάλιστα
3637 2713 3827 2787 ἔδειξεν

2173 2800 2654 2880 δτιέστιγνήσιος
2693 2805 2841 2873 Υἱὸς,
2900 2806 2945 2878 ᾧ
3006 2805 3296 2876 ὑπήκουσε.
3351 2805 3450 2861 Διδ.
3503 2810 3666 2863 τοῦτο
3717 2806 3822 2881 γὰρ

2175 2896 2346 2964 εἶπεν,
2376 2891 2770 2953 Ἐταπείνωσεν
2802 2895 3011 2965 ἑαυτὸν,
3060 2894 3147 2951 ἰνα
3206 2897 3285 2968 μὴ
3345 2892 3704 2969 δουλοπρεπές
3756 2915 3806 2950 τι

2175 2983 2509 3057 ἐνθυμηθῇς.
2544 2984 2639 3039 Διὰ
2667 2988 2829 3040 τοῦτο
2861 2981 2920 3040 δὶ
2949 2983 3190 3054 ὑπήκοος
3222 2983 3393 3051 εἶπεν,
3419 2982 3513 3040 ’ἱνα
3539 2986 3629 3053 τὴν
3671 2983 3801 3056 πρὸς

2178 3074 2269 3131 τὸν
2300 3074 2510 3148 Πατέρα
2557 3073 2632 3138 ὠς
2683 3072 2859 3129 αἶ’τιον
2913 3071 3058 3148 δείξῃ
3110 3076 3304 3148 τιμήν.
3365 3099 3395 3128 ιι
3425 3079 3604 3151 Μέχρι
3657 3074 3813 3139 cavi-

2178 3184 2297 3219 του.
2335 3188 2355 3214 ι
2388 3161 2602 3219 Πολλαὶ
2635 3158 2936 3238 ὑπερϐολαὶ
2973 3164 3372 3236 ταπεινώσεως,
3426 3166 3487 3221 τὸ
3542 3165 3822 3240 ἓνθρωπον

2177 3248 2443 3329 γενέσθαι,
2475 3253 2538 3307 τὸ
2568 3252 2874 3325 ἀποθανεῖν,
2906 3252 2967 3309 τὸ
2993 3250 3082 3308 διὰ
3107 3258 3359 3326 σταυροῦ.

419 3365 445 3398 σι
477 3348 687 3402 Factus
746 3343 1050 3400 obediens.
1111 3364 1139 3393 »
1189 3343 1495 3415 Tanquam
1550 3341 1752 3409 Filius,
1796 3359 1916 3398 non
1976 3349 2258 3415 tmquam
2319 3360 2542 3400 servus.
2594 3345 2705 3398 Per
2762 3344 2874 3399 hoc
2918 3344 3077 3401 enim
3137 3344 3512 3416 potissimum
3561 3345 3828 3403 ostendit

418 3435 577 3507 quod
609 3434 897 3490 naturalis
941 3437 1098 3488 esset
1144 3432 1348 3501 Filius,
1388 3433 1527 3506 quia
1562 3432 1837 3489 obedivit.
1897 3435 2042 3490 Nam
2088 3440 2404 3507 propterea
2459 3433 2641 3490 dixit:
2698 3435 3038 3491 Humiliavit
3095 3436 3501 3509 semetipsum,
3550 3454 3623 3492 ne
3685 3436 3829 3508 quid

420 3522 631 3579 servile
662 3521 916 3593 cogites:
948 3521 1021 3576 ob
1075 3520 1134 3575 id
1192 3522 1359 3577 audit
1414 3522 1532 3580 ait:
1592 3522 1903 3591 Obediens,
1935 3529 2002 3578 ut
2049 3524 2324 3582 ostendat
2360 3524 2652 3580 honorem
2683 3539 2859 3595 quem
2890 3525 3049 3581 Patri
3084 3529 3365 3596 tanquam
3393 3541 3498 3581 suo
3531 3525 3828 3598 principio

412 3609 736 3667 deferebat.
772 3612 870 3668 83
903 3633 930 3661 «
958 3612 1149 3684 Usque
1181 3611 1257 3667 ad
1290 3618 1561 3668 mortem.
1599 3633 1620 3660 ι
1650 3611 1841 3666 Multae
1864 3619 2001 3666 sunt
2035 3613 2467 3669 humiliationis
2490 3612 2854 3669 excellentia;
2889 3628 2903 3670 :
2939 3614 3241 3670 hominem
3277 3615 3428 3684 ﬁeri,
3454 3616 3824 3687 mori,idque

416 3717 524 3775 per
553 3716 808 3757 crucem.

488 3799 624 3867 Il,9-
643 3800 1141 3872 H.«Quapr0pter
1162 3803 1219 3853 et
1244 3800 1393 3853 Deus
1415 3796 1874 3868 superexaltavit
1895 3797 2065 3853 illum

418 3912 445 3940 ‹‹
466 3905 535 3945 ac
548 3887 788 3944 donavit
807 3888 893 3942 illi
921 3904 1138 3943 nomen
1153 3885 1310 3957 quod
1326 3890 1416 3941 est
1436 3901 1613 3956 super
1625 3901 1801 3940 omne
1820 3902 2060 3942 nomen:

419 4000 447 4028 ‹‹
464 3984 529 4033 ut
550 3976 865 4032 innomine
886 3978 1023 4029 Jesu
1045 3990 1220 4029 omne
1234 3990 1388 4047 genu
1401 3990 1463 4029 se
1481 3974 1700 4042 ﬂectat,
1735 3975 2065 4032 cmlestium

421 4088 448 4117 ‹‹
476 4069 533 4121 et
558 4064 929 4120 terrestrium
961 4080 1028 4119 ac
1061 4064 1465 4120 infernorum:
1500 4064 1813 4135 omnisque
1864 4066 2066 4137 lingua

422 4175 449 4204 ‹‹
477 4152 831 4208 confiteatur
860 4150 1016 4224 quod
1052 4150 1334 4208 Dominus
1361 4152 1437 4208 sit
1493 4154 1660 4209 Jesus
1689 4153 1955 4210 Christus
1994 4155 2067 4209 ad

424 4267 445 4295 ι
482 4241 732 4317 gloriam
763 4243 862 4298 Dei
893 4242 1103 4298 Patris.
1137 4262 1161 4293 ι

492 4332 599 4388 Ubi
658 4331 1130 4388 incarnationem
1185 4330 1530 4406 complexus
1587 4339 1673 4388 est
1732 4333 2067 4404 Apostolus,

2247 3799 2340 3855 Διὸ
2397 3800 2487 3854 καὶ
2538 3800 2567 3854 6
2619 3799 2747 3863 Θεός
2825 3799 2984 3856 αὐτὸν
3072 3800 3410 3877 ὕπερύψωσε,
3468 3803 3559 3857 καὶ
3635 3801 3825 3883 ἐχαρῖο

2177 3909 2306 3945 σατο
2337 3889 2476 3963 αὐτῇ
2524 3884 2720 3963 ὄνομα,
2779 3889 2841 3946 τὸ
2898 3889 3030 3964 ὑπὲρ
3084 3895 3186 3945 πᾶν
3236 3888 3430 3963 ὄνομα,
3486 3889 3576 3945 ἳνα
3631 3891 3686 3947 ἐν
3744 3896 3825 3965 τῷ

2176 3977 2406 4052 ὀνόματι
2508 3978 2714 4048 Ἰησοῦ,
2811 3982 2913 4033 πᾶν
2985 3977 3112 4054 γόνυ
3185 3979 3380 4053 κάμψῃ
3482 3978 3822 4053 ἐπουρανίων

2175 4067 2265 4122 καὶ
2324 4065 2573 4143 ἐπιγείων
2630 4067 2723 4121 καὶ
2780 4068 3174 4142 καταχθονίων,
3241 4066 3333 4122 καὶ
3400 4069 3545 4122 πᾶσα
3598 4068 3825 4143 γλῶσσα

2176 4155 2657 4231 ἐξομολογήσηται
2759 4155 2844 4212 ὅτι
2947 4154 3149 4230 Κύριος
3249 4156 3462 4227 Ἰησοῦς
3589 4159 3826 4234 Χριστὸς

2177 4246 2254 4309 εἷς
2285 4242 2442 4316 δόξαν
2470 4248 2604 4300 Θεοῦ
2635 4244 2866 4318 Πατρός.
3567 4284 3571 4287 λ

2246 4335 2408 4391 Ὀταν
2457 4340 2560 4404 τῆς
2643 4332 3093 4408 ἐνανθρωπιςσεως
3167 4329 3498 4404 ἐπιλάϐηται
3555 4338 3586 4391 6
3658 4338 3833 4395 Ἀπό-

421 4422 621 4479 omnia
643 4422 921 4495 deinceps
954 4420 1245 4494 impavide
1286 4422 1678 4493 proloquitur,
1738 4439 1871 4478 cum
1929 4439 2061 4478 caro

2176 4423 2393 4495 στολος,
2425 4424 2602 4481 πάντα
2632 4422 2827 4479 λοιπὸν
2885 4424 2953 4479 τὰ
3007 4424 3235 4480 ταπεινὰ
3289 4421 3463 4489 ἀδεῶς
3519 4426 3828 4503 φθέγγεται,

420 4511 696 4569 admittat
725 4511 994 4578 humilia,
1035 4531 1055 4559 ι
1090 4512 1172 4566 Ac
1202 4510 1442 4567 donavit
1471 4510 1557 4566 illi
1617 4527 1858 4567 nomen.
1895 4535 1923 4563 ››
1982 4514 2065 4569 De

421 4619 595 4659 carne
619 4601 745 4656 haec
767 4598 1423 4672 accipito,nequaquam
1438 4615 1751 4671 personam
1774 4600 2063 4658 dividens.

420 4690 729 4755 Quodnam
755 4694 844 4744 est
874 4692 1073 4744 aut'tm
1106 4704 1325 4743 nomen
1382 4687 1541 4758 quod
1597 4688 1877 4745 donatum
1922 4696 2011 4746 est
2038 4691 2066 4746 ?

421 4776 706 4847 Christus,
740 4778 945 4844 Filius,
978 4779 1152 4834 Deus.
1186 4776 1286 4832 His
1320 4777 1480 4833 enim
1515 4777 1857 4833 nominibus
1887 4778 2063 4835 etiam

421 4881 556 4922 cum
609 4884 785 4924 carne
840 4868 1190 4941 appellatur.
1252 4867 1308 4923 Si
1378 4872 1511 4939 post
1593 4868 2064 4926 incarnationem

420 4958 661 5024 prepter
691 4955 1341 5024 obedientiam,nomen
1375 4956 1532 5028 quod
1553 4962 1679 5013 erat
1697 4974 2064 5030 superomne

420 5056 639 5096 nomen
672 5044 844 5098 Pater
865 5046 1010 5102 Filio
1040 5046 1137 5118 qui
1163 5048 1457 5103 Deuserat
1499 5045 1757 5115 donavit,
1790 5053 1850 5103 et
1869 5048 2064 5104 omnis

420 5129 622 5204 lingua
636 5131 953 5188 Dominum
981 5136 1251 5193 confessa
1274 5143 1391 5192 est:
1418 5142 1555 5192 ante
1589 5137 2083 5193 incarnationem.

420 5238 557 5280 vero
588 5238 781 5294 neque
841 5240 1060 5280 nomen
1112 5228 1272 5298 quod
1306 5236 1395 5286 est
1423 5247 1603 5304 super
1638 5249 1815 5289 omne
1844 5246 2066 5287 nomen

421 5311 899 5385 habebat,neque
924 5314 1355 5374 cbnfessionem
1387 5320 1459 5375 ab
1479 5322 1753 5377 omnibus
1770 5320 1929 5393 quod
1950 5323 2031 5377 Do
2050 5353 2064 5362 -

420 5403 619 5459 minus
650 5408 825 5473 esset,
860 5403 1053 5478 major
1084 5404 1193 5460 fuit
1224 5407 1399 5480 igitur
1419 5418 1552 5483 post
1595 5411 2066 5469 incarnationem

491 5582 512 5617 °
541 5583 565 5636 Ι
595 5583 725 5640 Cor.
750 5602 810 5653 ιι,
842 5589 893 5641 9.
992 5586 1038 5625 ιο
1068 5587 1266 5644 Matth.
1301 5606 1349 5658 ν,
1371 5594 1422 5645 3.

2173 4521 2274 4584 τῆς
2308 4513 2504 4589 σαρκὸς
2534 4513 2602 4568 τὰ
2647 4512 2873 4569 ταπεινᾶ
2930 4510 3262 4589 δεχομένης.
3318 4538 3346 4567 κ
3379 4514 3481 4571 Kal
3528 4514 3830 4593 ἐχαρίσατο

2175 4605 2323 4676 αὐτῳ
2354 4599 2545 4676 ὄνομα.
2570 4624 2595 4655 ι
2630 4603 2754 4678 Περὶ
2789 4605 2891 4666 τῆς
2939 4603 3138 4676 σαρκὸς
3191 4606 3357 4658 ταῦτα
3415 4600 3584 4675 ὃᾶξαι,
3643 4603 3831 4678 μηδα-

2179 4695 2285 4766 μοῦ
2315 4689 2558 4765 διαιρῶν.
2594 4693 2762 4745 Ποῖον
2795 4686 2852 4743 δὲ
2879 4690 2942 4744 τὸ
2983 4689 3243 4764 χαρισθὲν
3301 4687 3517 4763 incepta;
3575 4694 3638 4748 τὸ
3687 4696 3825 4768 Χρε.

2177 4780 2320 4847 στὸς,
2352 4780 2414 4835 τὸ
2438 4778 2584 4847 Υἱὸς,
2614 4776 2679 4832 τὸ
2725 4771 2875 4841 Θεός.
2921 4780 3103 4834 Ταῦτα
3148 4778 3250 4855 γαρ
3307 4777 3397 4833 καὶ
3451 4782 3587 4853 μετὰ
3627 4785 3828 4854 σαρκὸς

2172 4868 2440 4926 καλεῖται.
2490 4900 2555 4910 -
2611 4868 2893 4941 [ΒΑΣΙΛ.]
2945 4866 3010 4925 Εἰ
3071 4868 3208 4940 μετὰ
3260 4869 3361 4939 τὴν
3419 4866 3826 4947 Ξνανθρώπῃσιν

2176 4958 2266 5015 διὰ
2292 4961 2393 5029 τὴν
2426 4958 2671 5026 ὑπακοὴν
2710 4958 2773 5013 τὸ
2829 4955 2962 5032 ὖπὶρ
3014 4962 3115 5014 πᾶν
3173 4956 3349 5036 ὄνομα
3405 4969 3485 5037 τῷ
3543 4966 3653 5037 Υἳῷ
3710 4970 3832 5039 Θεῷ

2176 5046 2288 5105 ὄντι
2318 5049 2348 5103 6
2386 5048 2574 5122 Πατήρ
2612 5044 2929 5122 ἐχαρίσατο,
2988 5048 3093 5102 καῖ’
3136 5052 3279 5105 πᾶσα
3330 5051 3559 5127 γλῶσσα
3614 5052 3836 5127 ἐξωμο-

2175 5135 2455 5212 λογῆσιτο
2552 5133 2771 5209 Κύριον,
2860 5135 2967 5207 πρὸ
3069 5144 3170 5206 τῆς
3228 5137 3684 5217 ἕνανθρωπήσεως
3747 5140 3834 5215 δὶ,

2175 5223 2297 5281 οὔτε
2326 5226 2389 5281 τὸ
2418 5221 2592 5298 ὄνομα
2629 5223 2693 5278 τὸ
2743 5222 2875 5297 ὑπερ
2934 5227 3037 5277 πᾶν
3093 5220 3271 5300 ὄνομα
3327 5229 3503 5308 εἶχεν,
3562 5228 3687 5286 οὔτε
3743 5226 3839 5287 διὰ

2173 5316 2390 5371 πάντων
2447 5314 2548 5384 τὴν
2607 5309 2911 5387 ὁμολογῖαν
2970 5315 3069 5366 τοῦ
3125 5315 3264 5370 εἶναι
3319 5318 3545 5393 Κύριος,
3627 5319 3838 5391 μείζων

2176 5405 2268 5461 οὗν
2300 5402 2506 5481 ἐγενετο
2568 5401 2703 5476 μετᾶ
2763 5400 2867 5470 τήν
2930 5399 3336 5478 ἰνανθρώπησιν
3393 5412 3492 5464 τοῦ
3558 5407 3664 5485 πρὸ
3731 5418 3842 5481 τῆς
