4096 6194
195 286 353 399 ίεεδ

1254 326 1666 390 COMMENT.
1712 324 1789 383 IN
1834 320 2087 383 EPIST.
2135 320 2238 380 AD
2285 322 2563 382 GALAT.

3463 334 3627 394 1286

196 467 694 541 ὲνανθρωπήσεως.
727 465 896 537 Ὅπερ
928 460 1152 517 ἄτοπον.
1188 461 1455 517 Τοιοῦτον
1511 455 1569 512 δέ
1629 455 1743 510 ἐστι
1772 455 1864 509 καί

2002 469 2159 525 [nam
2183 458 2357 510 antea
2380 458 2555 524 esset,
2581 454 2736 526 quod
2761 453 3084 512 absurdum
3111 464 3218 514 est.
3271 461 3624 534 Hujusmodi

201 558 290 626 τὸ,
323 551 586 622 «Ἐδόθη
646 572 740 626 μοι
795 554 941 606 πᾶσα
997 548 1211 622 ἐξουσία
1271 567 1323 603 εν
1379 546 1599 622 οὐρανῷ
1652 544 1745 600 καὶ
1777 541 1867 598 ἰπὶ

205 654 334 723 γῆς.
371 669 402 695 νδ
438 643 534 707 Εἲς
561 646 665 714 τὴν
692 642 1104 716 ιναΑθρώπησιν
1165 639 1281 711 οὖν,
1340 639 1431 694 καὶ
1485 637 1586 694 οὐκ
1636 634 1715 698 εἲς
1768 636 1871 703 τήν

202 738 442 807 θεότητα
470 740 636 791 ταῦτα
671 732 755 790 δεῖ
781 732 1002 790 ἐννοεῖν.
1049 757 1076 785 ι(
1112 737 1228 788 Πᾶν
1270 731 1404 805 γόνυ
1446 730 1658 804 κάμψῃ.
1695 751 1725 780 κ
1779 725 1871 786 Εἰς

202 826 580 900 προσκῦνησιν
614 821 899 894 δηλονότι.
932 847 961 874 ‹‹
995 819 1370 897 Ἑπουρανίων
1402 820 1495 874 καὶ
1537 815 1814 895 ἐπιγείων.
1845 839 1871 866 η

207 913 523 991 Ἀγγὲλων,
576 911 668 968 καί
725 911 1048 987 ἀνθρώπων,
1108 910 1200 965 καὶ
1255 907 1553 982 δαιμόνων.
1610 905 1708 961 Καὶ
1767 904 1870 983 γὰρ

205 1003 299 1059 καὶ
352 1001 609 1076 δαίμονες
677 997 997 1077 ἑπὲγνωσαν.
1063 999 1182 1075 (Διό
1234 1016 1413 1078 φασιν
1480 1020 1500 1048 I
1545 991 1784 1067 Oi’dapiv
1817 1011 1875 1047 σε

201 1092 288 1155 τίς
321 1094 398 1161 εἶ,
433 1115 462 1144 η
514 1092 597 1146 ὅτι
653 1090 682 1145 ὁ
714 1092 870 1167 ἅγιος
898 1090 997 1145 τοῦ
1054 1090 1236 1161 Θεοῦ.)
1294 1088 1398 1145 Καὶ
1456 1083 1873 1161 ἐπι-γνώσονται,

209 1180 340 1237 ὅταν
372 1182 455 1243 ὡς
488 1184 684 1256 κριτὴς
742 1179 963 1255 καθίσῃ.
1019 1181 1084 1235 *Β
1141 1177 1225 1233 ὅτι
1281 1176 1372 1232 καὶ
1430 1174 1481 1229 οἱ
1550 1170 1753 1228 δίκαιοι
1783 1171 1874 1227 καὶ

207 1272 267 1327 ot
294 1269 650 1347 ἁμαρτωλοί.
683 1292 713 1321 ‹‹
745 1268 847 1327 Καὶ
882 1271 1024 1323 πᾶσα
1049 1264 1277 1344 γλῶσσα
1307 1261 1816 1338 ὖξομολογυιςσηται.
1838 1283 1869 1347 ἓν)

210 1360 283 1419 Τί
341 1345 850 1435 ἐξομολογήσεται;
916 1357 1040 1414 Ὅτι
1110 1353 1311 1431 Κύριος
1370 1353 1582 1423 Ἰησοῦς
1641 1345 1877 1435 Χριστός

213 1449 293 1512 είς
325 1433 489 1522 δόξαν
531 1433 666 1504 Θεοῦ
725 1446 959 1527 Πατρός.
1022 1444 1159 1518 Δόξα
1212 1442 1314 1522 γὰρ
1374 1441 1604 1517 Πατρὸς,
1636 1438 1700 1495 τὸ
1729 1433 1877 1527 ἔχειν

216 1543 477 1595 τοιοῦτον
500 1538 653 1607 Υῖὸν,
710 1536 922 1592 πάντων
984 1533 1286 1604 Δεσπότην,
1342 1531 1433 1586 καὶ
1483 1530 1728 1599 Ποιητήν
1787 1526 1876 1582 καὶ

214 1631 386 1699 Θεὸν,
444 1629 534 1687 καὶ
592 1631 639 1703 ᾧ
703 1627 874 1684 κλίνει
933 1631 1037 1682 πᾶν
1092 1623 1266 1702 γόνυ,
1315 1624 1407 1679 καὶ
1463 1626 1608 1678 πᾶσα
1658 1618 1882 1698 γλῶσσα

212 1719 716 1796 ἐξομολογήσεται.

241 1909 246 1914 ”
292 1899 459 1952 ’Ὥστε
492 1940 506 1965 ,
565 1892 835 1972 ἀγαπητοί
895 1913 1001 1967 μου
1031 1936 1045 1964 ,
1106 1890 1285 1953 καθὼς
1350 1888 1576 1946 πάντοτε
1630 1886 1871 1958 ὗπηκοός

214 2006 350 2042 σατε
384 2030 399 2057 ,
466 1986 542 2058 μὴ
601 1985 676 2047 ὥς
737 1984 787 2039 ἐν
840 1984 911 2055 τῇ
958 1980 1226 2057 παρουσίᾳ
1313 2001 1419 2055 μου
1491 1975 1679 2053 μόνον,
1733 1976 1879 2034 ἀλλᾶ

215 2081 318 2133 νῦν
368 2076 567 2149 πολλῷ
657 2073 871 2149 μᾶλλον
956 2071 1009 2129 ἐν
1264 2070 1501 2141 ἀπουσίᾳ
1564 2091 1691 2145 μου,
1746 2069 1879 2142 μετὰ

221 2162 406 2245 φόϐου
464 2164 553 2221 καὶ
610 2163 821 2241 τρόμου
887 2164 987 2233 τήν
1070 2163 1274 2217 ἑαυτῶν
1361 2160 1632 2237 σωτηρίαν
1689 2179 1883 2235 κατερ-

217 2257 483 2332 γάζησθεο
567 2255 595 2309 ὸ
675 2254 804 2315 Θεὸς
869 2252 973 2330 γὰρ
1032 2250 1174 2307 ἐστιν
1233 2251 1261 2306 ὁ
1319 2250 1551 2326 ἐνεργῶν
1613 2248 1664 2304 ὲν
1729 2249 1882 2321 ὑμῖν,

215 2345 312 2401 καὶ
356 2346 421 2400 τὸ
496 2342 671 2400 θέλειν
742 2341 834 2398 καί
906 2342 969 2397 τὸ
1044 2340 1273 2419 ἐνεργεῖν
1348 2340 1480 2415 ὑπὲρ
1553 2340 1651 2410 τῆς
1727 2336 1884 2393 εὐδο-

220 2435 372 2497 κίας.

298 2527 417 2588 Τὰς
475 2526 579 2603 γὰρ
662 2524 778 2598 μετ’
857 2520 1150 2598 ἐγκωμίων
1217 2519 1582 2596 παραινέσεις,
1643 2516 1886 2595 εὐχερῶς

222 2611 457 2677 ἕκαστος
527 2611 767 2689 δὲχεται.
831 2612 1085 2675 «Καθὼς
1144 2610 1372 2665 πάντοτε
1431 2610 1820 2681 ὑπηκούσατε,
1856 2632 1883 2660 ››

222 2704 372 2760 ὠσ-εί
428 2700 633 2779 ἔλεγεν·
692 2700 949 2762 Ἑαυτοὺς
1005 2701 1097 2756 καὶ
1152 2702 1242 2755 νῦν
1305 2700 1637 2774 μιμήσασθε,
1704 2697 1795 2754 καὶ
1854 2698 1885 2754 ἃ

226 2791 498 2864 ἐποιεῖτε,
532 2789 698 2846 πάλιν
755 2792 1044 2862 ποιήσατε.
1106 2813 1134 2843 ιι
1176 2791 1264 2860 Μή
1298 2788 1372 2852 ὡς
1406 2787 1457 2843 ἐν
1488 2791 1556 2862 τῇ
1614 2787 1887 2863 παρουσίᾳ

238 2901 348 2956 μου
382 2881 569 2953 μόνον.
606 2904 635 2931 η
660 2881 793 2937 Τότε
836 2880 931 2955 μὲν
982 2879 1085 2955 γὰρ
1145 2876 1277 2941 ἴσως
1332 2875 1589 2949 ἐδοκεῖτε,
1651 2874 1741 2930 διὰ
1789 2876 1888 2943 τὴν

239 2971 380 3046 πρὸς
420 2969 513 3044 ἐμὲ
570 2966 707 3025 αἰδῶ
764 2968 939 3025 πάντα
993 2970 1273 3044 πράττειν,
1304 2971 1395 3021 νῦν
1453 2964 1510 3019 δὶ
1564 2964 1652 3018 ἐὰν
1685 2962 1889 3017 ἐπιτεί-

237 3080 370 3130 νητε
422 3061 520 3129 την
577 3059 772 3131 ἀρετὴν
831 3056 921 3112 διὰ
995 3056 1089 3110 τὸν
1150 3057 1278 3109 Θεὸν
1335 3052 1513 3122 δόξετε
1575 3052 1644 3107 τὰ
1700 3050 1891 3107 δὲοντα

242 3152 443 3203 ποιεῖν.
492 3170 517 3199 ι
548 3145 695 3202 Μετὰ
722 3140 899 3222 φόϐου
923 3143 1015 3198 καὶ
1057 3143 1290 3218 τρόμου.
1326 3165 1355 3194 ››
1398 3139 1476 3200 Οὐ
1522 3140 1626 3217 γὰρ
1659 3135 1734 3195 ἔνι
1766 3140 1888 3197 ἄνευ

241 3201 671 3297 εὖλαϐείαςκαὶ
735 3201 837 3286 ἰιτοῦ
893 3201 1192 3285 δεδοικέναι
1248 3228 1339 3284 καὶ
1394 3201 1636 3304 τρέμειν,
1690 3201 1963 3307 ἀγαθόνΟ

242 3346 298 3381 τι
350 3323 566 3399 πρᾶξαι.
620 3325 742 3385 Πῶς
784 3317 841 3375 δὲ
890 3319 1002 3375 ἔστι
1047 3318 1110 3374 τὸ
1160 3317 1427 3395 τρὲμειν;
1474 3318 1600 3375 Ἐὰν
1648 3315 1890 3392 ἆνθυμώ·

245 3424 386 3488 μεθα
425 3412 509 3468 ὅτι
563 3413 846 3486 πανταχοῦ
884 3428 1135 3484 πτρεστιν
1164 3409 1193 3464 6
1225 3407 1379 3476 Θεὸς,
1410 3408 1501 3462 καὶ
1557 3408 1735 3463 πάντα
1793 3407 1895 3482 ὁρᾷ

252 3503 345 3560 καὶ
378 3501 582 3569 ἀκούει,
621 3502 712 3556 καὶ
745 3500 828 3556 ὅτι
857 3497 1102 3575 χαλεπαὶ
1132 3498 1187 3553 αῖ
1222 3496 1456 3555 εὐθύναι.
1480 3522 1507 3550 α
1541 3496 1894 3570 Δουλεόσατε,

249 3591 518 3671 φησὶ,τῷ
564 3589 756 3664 Κυρίῳ
807 3588 860 3645 ἐν
919 3582 1075 3666 φόϐῳ
1130 3586 1219 3642 καὶ
1278 3584 1613 3665 ἀγαλλιᾶσθε
1668 3587 1814 3659 αὐτῷ
1842 3582 1895 3641 ἐν

244 3681 460 3756 τρόμῳ.
498 3704 525 3732 ››
557 3679 707 3739 Μετᾶ
739 3673 915 3757 φόϐου
944 3678 1034 3732 καὶ
1060 3676 1295 3752 τρόμου.
1326 3710 1397 3719 --
1427 3677 1637 3749 [ΦΩΤ.]
1677 3673 1895 3741 Καλῶς.

252 3776 345 3827 Δεῖ
400 3770 501 3845 γὰρ
559 3763 842 3849 φοϐεῖσθαι
898 3767 989 3822 καὶ
1066 3765 1283 3841 τρέμειν
1341 3763 1394 3820 ἐν
1449 3768 1530 3839 τῷ
1581 3763 1899 3842 ἐργάζεσθαι

244 3870 349 3933 τήν
383 3860 521 3918 ἰδίαν
546 3860 820 3936 σωτηρίαν
854 3858 1099 3932 ἕκαστον,
1145 3858 1221 3933 μή
1280 3877 1412 3914 ποτε
1468 3855 1899 3929 ὑποσκελισθεῖς,

251 3951 451 4027 ἰκπέσῃ
510 3950 732 4021 ταύτης.
787 3947 1003 4005 Πολλοὶ
1041 3947 1142 4025 γάρ
1195 3948 1326 4004 εἰσιν
1357 3949 1408 4003 ol
1440 3946 1754 4023 πειρασμοί,
1806 3947 1899 4004 καὶ

253 4038 464 4097 πολλοὶ
496 4041 547 4096 οἱ
580 4035 1047 4107 ἐπιϐουλεύοντες,
1098 4036 1298 4113 ὅπουγε
1352 4036 1442 4093 καὶ
1490 4034 1620 4094 αὐτὸ
1646 4039 1747 4108 τὴν
1777 4038 1903 4113 ἀρε-

252 4132 352 4201 τήν
383 4131 618 4200 ἀσκῆσαι
659 4128 820 4193 ἐνίοις
884 4127 962 4191 είς
1016 4126 1326 4184 τούναντίον
1389 4121 1704 4198 ἐκϐέϐηκεν,
1765 4125 1905 4183 ἄπο-

249 4220 401 4282 νοίας
429 4219 519 4274 καὶ
562 4217 931 4296 ὖπερηφανίας
986 4218 1241 4281 ὑπόθεσις
1298 4219 1604 4294 γενόμενοι.
1670 4221 1762 4271 Δεῖ
1810 4216 1903 4270 οὖν

254 4304 344 4363 διὰ
397 4312 565 4363 ταῦτα
621 4305 934 4368 δεδοικότας
1015 4305 1105 4360 καί
1164 4303 1487 4381 τρέμοντας,
1546 4306 1644 4374 τὴν
1700 4305 1904 4360 ἑαυτῶν

254 4394 533 4472 σωτηρίαν
591 4393 1062 4471 κατεργάζεσθαι.
1120 4393 1183 4447 El
1246 4394 1322 4465 μὴ
1375 4393 1479 4468 γὰρ
1537 4394 1566 4449 ὸ
1625 4392 1757 4456 Θεὸς
1810 4394 1904 4449 τὸν

254 4484 435 4561 ἀγῶνα
464 4483 554 4539 καὶ
583 4484 684 4553 τήν
721 4483 855 4557 μετὰ
886 4476 1061 4556 φόϐου
1120 4478 1363 4551 σπουδὴν
1425 4481 1647 4556 βλέπων
1710 4501 1900 4537 συναν-

1976 549 2065 599 est
2086 549 2282 599 autem
2302 549 2361 600 et
2386 544 2534 600 illud
2557 562 2614 599 εκ
2643 547 2787 602 Data
2810 551 2901 602 est
2939 547 3083 603 mihi
3136 549 3331 605 omnis
3362 558 3623 622 potestas

1977 632 2036 688 in
2057 633 2206 689 cmlo
2238 639 2296 690 et
2326 633 2386 691 in
2417 640 2574 690 terra
2606 634 2672 689 ¹¹.
2709 655 2737 684 »
2774 636 2859 690 Ad
2898 635 3373 694 incarnationem
3424 641 3627 713 igitur,

1978 727 2038 777 et
2058 738 2177 780 non
2200 723 2275 778 ad
2296 723 2668 781 divinitatem
2690 725 2815 781 haec
2839 726 3059 782 referre
3082 733 3331 800 oportet.
3361 753 3387 779 «
3441 732 3626 787 Omne

1975 828 2130 885 genu
2162 828 2224 868 se
2249 812 2467 869 ﬂectat.
2496 837 2515 865 ι
2544 814 2623 869 Ad
2652 815 3062 872 adorationem
3086 817 3378 875 videlicet.
3408 842 3436 869 ‹‹
3498 820 3628 875 Coe-

1978 901 2219 956 lestium
2255 906 2313 957 et
2342 903 2729 958 terrestrium.
2770 926 2798 953 ››
2824 904 3184 978 Angelorum
3217 913 3275 963 et
3313 907 3627 964 hominum

1979 1006 2047 1045 ac
2067 990 2426 1046 daamonum.
2455 992 2762 1048 Daemones
2785 992 3082 1065 siquidem
3106 1002 3162 1051 et
3203 1002 3624 1072 cognoverunt,

1982 1078 2202 1135 idcirco
2235 1080 2559 1135 dicebant:
2635 1102 2655 1133 .‹
2712 1083 2989 1139 Novimus
3048 1090 3103 1141 te
3163 1086 3296 1157 quis
3357 1087 3438 1143 sis
3500 1087 3565 1155 “,
3601 1109 3630 1138 ››

1981 1183 2197 1240 nempe
2224 1173 2466 1225 sanctus
2493 1170 2596 1225 ille
2627 1171 2751 1237 Dei,
2786 1176 2845 1227 et
2871 1181 3235 1244 cognoscent
3264 1176 3506 1247 quando
3566 1181 3633 1232 ut

1975 1259 2159 1331 judex
2188 1257 2582 1314 descenderit.
2619 1263 2690 1314 At
2719 1260 2859 1331 quia
2889 1267 2948 1317 et
2969 1261 3118 1335 justi
3151 1269 3209 1318 et
3265 1270 3625 1337 peccatores.

1987 1369 2016 1398 ‹‹
2049 1348 2373 1419 Omnisque
2420 1348 2583 1421 linga
2629 1351 3001 1407 confiteatur.
3066 1374 3094 1401 »
3148 1353 3298 1418 Quid
3323 1354 3632 1411 confitebi-

1986 1436 2127 1493 tur?
2154 1436 2319 1502 Quod
2350 1438 2633 1494 Dominus
2666 1438 2743 1494 sit
2778 1441 2945 1496 Jesus
2976 1439 3244 1497 Christus
3274 1443 3347 1498 ad
3377 1444 3629 1517 gloriam

1986 1526 2089 1581 Dei
2120 1525 2330 1585 Patris.
2363 1528 2467 1582 Est
2495 1528 2654 1583 enim
2684 1528 2875 1585 Patris
2932 1529 3118 1603 gloria
3174 1531 3355 1588 talem
3409 1532 3629 1589 habere

1986 1615 2155 1685 lium,
2188 1616 2455 1672 omnium
2486 1617 2804 1674 Dominum
2835 1623 2892 1674 et
2921 1618 3303 1677 Conditorem
3334 1638 3401 1678 ac
3423 1623 3631 1696 Deum,

1988 1718 2046 1768 et
2076 1713 2170 1769 cui
2204 1729 2267 1769 se
2299 1713 2496 1770 ﬂectat
2526 1730 2702 1771 omne
2732 1733 2911 1789 genu,
2944 1722 3001 1772 et
3030 1719 3225 1775 omnis
3255 1719 3459 1794 lingua
3491 1737 3630 1777 con-

1910 1832 1956 1897 B
1990 1807 2210 1859 teatur.

2062 1893 2131 1961 ΙΙ,
2164 1895 2251 1960 12,
2288 1894 2371 1950 l3.
2411 1916 2430 1941 ι
2468 1892 2954 1960 Proinde,dilecti
2983 1896 3633 1970 mei,quemadmodum

1990 2004 2018 2032 ‹‹
2052 1998 2288 2054 semper
2317 1981 2622 2054 obedistis,
2680 2001 2799 2039 non
2857 1990 3142 2058 tanquam
3200 1988 3262 2044 in
3319 1986 3638 2061 prmsentia

1991 2096 2019 2123 ‹‹
2054 2090 2187 2129 mea
2216 2073 2431 2142 solum,
2465 2074 2568 2130 sed
2600 2079 2741 2131 tunc
2770 2076 2953 2132 multo
3011 2078 3198 2151 magis
3255 2079 3316 2134 in
3369 2078 3640 2136 absentia

1995 2183 2022 2213 ιι
2054 2179 2187 2218 mea
2218 2179 2352 2217 cum
2382 2161 2598 2219 timore
2626 2180 2693 2220 ac
2749 2170 3003 2221 tremore
3060 2172 3318 2223 vestram
3367 2168 3633 2241 ipsorum

1993 2275 2020 2301 ι.
2056 2251 2308 2308 salutem
2341 2253 2691 2325 operemini.
2724 2254 2826 2310 84
2858 2256 3000 2311 Nam
3031 2255 3184 2313 Deus
3209 2261 3299 2313 est
3320 2256 3369 2312 is
3394 2255 3494 2331 qui
3520 2258 3638 2331 agit

1993 2363 2022 2391 «
2056 2340 2118 2397 in
2143 2340 2310 2396 vobis
2343 2347 2402 2396 et
2429 2346 2496 2397 ut
2522 2342 2735 2413 velitis,
2769 2348 2828 2399 et
2857 2351 2920 2399 ut
2971 2344 3244 2402 efﬁciatis
3301 2362 3407 2418 pro
3451 2346 3638 2403 bene-
3734 2364 3737 2369 λ

1999 2452 2020 2480 ι
2056 2429 2295 2502 placito.
2333 2449 2358 2481 ι

2064 2522 2353 2588 Quoniam
2386 2520 2831 2582 exhortationes
2875 2542 3010 2582 cum
3064 2526 3351 2583 encomiis
3405 2526 3638 2582 facilius

1993 2611 2246 2683 quisque
2269 2612 2549 2679 admittit,
2583 2614 2717 2670 ideo
2738 2616 2855 2671 ait:
2880 2638 2908 2664 «
2932 2613 3442 2680 Quemadmodum
3482 2631 3638 2670 sem-

1994 2717 2101 2773 per
2118 2701 2420 2759 rbedistis.
2449 2726 2476 2752 ι»
2499 2707 2580 2757 Ac
2603 2702 2650 2757 si
2675 2702 2933 2757 diceret:
2957 2702 3065 2756 Vos
3091 2701 3252 2773 ipsos
3290 2718 3447 2757 nunc
3497 2719 3640 2775 quo-

1996 2806 2109 2860 que
2132 2791 2473 2856 imitemini,
2500 2795 2557 2844 et
2574 2806 2706 2859 quae
2722 2787 3028 2845 faciebatis
3050 2789 3244 2847 facite.
3272 2813 3300 2841 «
3339 2791 3466 2849 Non
3498 2784 3638 2848 tan-

1997 2893 2176 2947 quam
2208 2878 2268 2931 in
2299 2876 2617 2949 praesentia
2674 2893 2807 2933 mea
2863 2878 3077 2934 solum.
3138 2902 3168 2930 »
3226 2880 3457 2937 Etenim
3497 2887 3637 2939 tunc

1996 2964 2265 3021 fortassis
2292 2965 2651 3022 videbamini
2679 2967 2752 3022 ob
2784 2968 2899 3023 mei
2930 2967 3217 3040 pudorem
3249 2970 3452 3030 omnia
3482 2971 3642 3030 face-

1996 3070 2092 3111 re:
2133 3072 2291 3115 nunc
2320 3072 2455 3112 vero
2513 3057 2561 3113 si
2612 3054 2892 3113 auxeritis
2949 3058 3247 3130 virtutem,
3294 3061 3636 3118 videbimini

2002 3150 2242 3217 propter
2271 3146 2457 3203 Deum
2495 3147 2708 3203 fecisse
2738 3164 2868 3219 quas
2901 3154 3154 3221 oportet.
3188 3174 3216 3201 ‹‹
3247 3153 3390 3206 Cum
3433 3151 3642 3207 timore

2001 3239 2060 3289 et
2090 3238 2365 3292 tremore.
2400 3257 2428 3286 ››
2458 3238 2582 3291 Non
2613 3234 2774 3292 enim
2802 3237 3233 3310 contingitsine
3247 3239 3648 3296 reverentiaet

2002 3323 2217 3379 timore
2248 3341 2316 3381 ac
2347 3329 2605 3381 tremore
2637 3326 2880 3400 aliquod
2904 3326 3127 3383 bonum
3187 3328 3439 3401 Operari.
3492 3331 3647 3395 Quo-

2003 3410 2179 3466 modo
2204 3411 2365 3467 enim
2388 3411 2680 3486 contingit
2705 3419 2958 3471 tremere
2979 3412 3009 3470 ?
3039 3414 3096 3469 Si
3141 3414 3645 3474 consideravimus

2004 3497 2163 3569 quod
2186 3500 2405 3571 ubique
2428 3500 2597 3557 adest
2622 3503 2797 3568 Deus,
2826 3501 3147 3575 omniaque
3169 3503 3333 3561 audit
3354 3510 3411 3562 et
3459 3503 3650 3562 intue—

2004 3592 2102 3642 tur
2128 3603 2142 3641 :
2166 3587 2445 3661 quodque
2466 3606 2669 3662 graves
2693 3591 3009 3665 exiguntur
3030 3593 3293 3650 rationes
3316 3610 3384 3650 ac
3434 3612 3643 3667 poma).

2006 3699 2035 3727 «
2061 3678 2530 3753 Servite,inquit,
2563 3682 2884 3739 Dominoin
2902 3685 3133 3753 timore,
3167 3689 3223 3739 et
3247 3684 3502 3739 exultate
3534 3685 3649 3757 ipsi

2005 3767 2068 3823 in
2090 3773 2345 3825 tremore
2368 3769 2435 3825 υ.
2459 3791 2489 3821 ››
2511 3772 2657 3827 Cum
2673 3774 2883 3829 timore
2910 3789 2977 3828 ac
3008 3780 3285 3827 tremore.
3322 3773 3495 3827 Recte
3520 3788 3533 3825 :
3568 3772 3652 3827 Si-

2008 3857 2248 3927 quidem
2262 3865 2494 3930 oportet
2512 3859 2720 3915 timere
2737 3877 2804 3917 ac
2816 3869 3072 3916 tremere
3087 3860 3227 3915 dum
3242 3860 3496 3932 quisque
3513 3876 3618 3933 pro
3635 3890 3652 3902 -

2006 3947 2199 4017 priam
2232 3954 2512 4019 operatur
2542 3947 3140 4021 salutem,nequando
3172 3949 3377 4005 fraude
3404 3950 3658 4005 circum-

2008 4043 2219 4093 ventus
2248 4037 2321 4091 ab
2350 4038 2459 4093 hac
2492 4037 2738 4094 excidat.
2777 4037 2965 4095 Varias
2997 4045 3136 4095 sunt
3185 4041 3547 4099 tentationes
3598 4045 3658 4096 et

2008 4125 2681 4198 amictiones,multique
2704 4126 3118 4185 insidiatores:
3145 4129 3243 4185 ubi
3266 4145 3405 4185 sane
3437 4130 3498 4185 in
3522 4128 3657 4201 qui-

2009 4214 2259 4270 busdam
2274 4214 2461 4286 ipsam
2477 4232 2711 4288 quoque
2724 4233 2997 4273 exercere
3010 4220 3159 4274 virtu
3170 4220 3658 4285 tem,contrarium

2011 4305 2238 4377 accepit
2256 4310 2530 4361 eventum
2552 4322 2565 4360 :
2590 4307 2730 4362 dum
2754 4306 2971 4363 factum
2998 4315 3091 4364 est
3116 4316 3531 4385 argumentum
3563 4327 3661 4365 ar-

2011 4394 2296 4466 rogantiae
2325 4412 2394 4451 ac
2415 4394 2725 4468 superbiae.
2754 4395 2837 4453 Ob
2863 4397 2989 4453 haec
3023 4405 3255 4471 oportet
3283 4416 3554 4473 quosque
3586 4399 3663 4454 ti-

2012 4487 2246 4539 mentes
2263 4500 2330 4539 ac
2345 4489 2844 4543 trementessuam
2858 4489 3091 4560 operari
3104 4488 3489 4545 salutem.Nisi
3504 4487 3662 4543 enim

256 4567 575 4644 τιλάϐηται,
605 4567 787 4627 καὶτὸ
817 4569 995 4625 θὲλειν
1039 4567 1171 4624 αὐτὸ
1229 4568 1329 4624 οὑκ
1384 4566 1461 4631 εἷς
1519 4568 1719 4643 ἀγαθὸν
1770 4570 1890 4625 ἀποε

2016 4573 2170 4628 Deus
2202 4573 2405 4629 videns
2436 4580 2739 4632 certamen
2792 4576 3174 4648 studiumque
3231 4595 3367 4633 cum
3426 4576 3662 4644 timore,

258 4657 483 4734 ϐήσεται
537 4660 697 4723 τέλος
733 4704 748 4731 ,
835 4658 926 4715 καὶ
1008 4658 1071 4713 τὸ
1136 4656 1368 4735 ἐνεργεῖν
1425 4656 1524 4713 οὐκ
1578 4656 1639 4713 ἃν
1691 4658 1904 4732 κριθείη

259 4754 451 4823 πρᾶξις
509 4751 683 4824 ἀγαθή
718 4792 729 4805 .
794 4747 1060 4818 Ἦθέλησε
1112 4746 1216 4827 γὰρ
1270 4748 1298 4803 ὁ
1352 4749 1486 4804 Κάιν
1546 4747 1729 4812 θυσίαν
1791 4752 1909 4823 Θεῷ

262 4843 645 4915 προσαγαγεῖν,
694 4843 924 4913 πρᾶγμα
989 4837 1225 4907 θελήσας
1280 4837 1404 4892 τότε
1461 4835 1700 4909 μάλιστα
1754 4835 1909 4893 61:11-

259 4926 428 4991 νετὸν,
476 4925 568 4980 καὶ
624 4924 946 5000 ἔνήργησεν.
1010 4927 1209 4988 Ἔθυσε
1260 4924 1384 4998 γάρ’
1443 4922 1572 4979 ἀλλ’
1627 4922 1907 4999 οὖδέτερον

264 5011 542 5089 ἀπεδέχθη
602 5014 750 5089 παρὰ
805 5016 959 5070 Θεοῦ.
1001 5013 1081 5069 Οὐ
1128 5013 1232 5087 γὰρ
1285 5012 1359 5081 ἦν
1400 5014 1535 5084 μετὰ
1590 5009 1764 5095 φόϐου
1819 5015 1909 5069 καὶ

260 5105 493 5181 τρόμου.
558 5104 649 5164 Διὸ
717 5099 846 5161 οὖδὶ
900 5096 1323 5158 συναντελάϐετο
1348 5101 1413 5157 τὸ
1446 5107 1611 5171 θεῖον,
1660 5100 1777 5158 οὐδ’
1833 5104 1912 5165 είς

258 5191 421 5255 τιλος
450 5194 599 5267 αὐτῷ
628 5196 797 5248 ταῦτα
837 5187 992 5266 ἆεέϐη
1044 5190 1312 5273 χρηστὸν.
1375 5189 1542 5254 Αὐτὸς
1582 5189 1640 5248 δὲ
1678 5189 1917 5271 ὸνεργεῖν

260 5302 398 5362 φησι
447 5285 540 5339 τὸν
587 5283 717 5340 Θεὸν
767 5283 1014 5345 εἰκότως.
1073 5282 1171 5337 Καὶ
1249 5282 1353 5357 γὰρ
1413 5276 1912 5354 συναντιλαμϐανόο

267 5393 425 5445 μενος
455 5376 636 5446 ἡμῶν,
678 5369 842 5435 αὐτός
900 5371 1045 5427 ἐστιν
1079 5371 1107 5426 ὸ
1136 5368 1362 5427 τελειῶν
1420 5370 1511 5425 καὶ
1568 5369 1737 5425 οἱονεὶ
1772 5388 1913 5446 μορ.

262 5467 513 5539 ᾳοποιῶν
567 5464 668 5533 τήν
708 5461 982 5536 ἡμετέραν
1041 5460 1131 5516 καὶ
1188 5458 1412 5532 θέλησιν
1467 5458 1558 5515 καὶ
1619 5457 1911 5535 ἐνέργειαν.

2018 4660 2287 4735 adjuvet:
2310 4679 2419 4720 nec
2440 4664 2635 4737 ipsum
2666 4664 2836 4737 velle,
2872 4667 3050 4722 tinem
3084 4666 3307 4723 bonum
3359 4665 3659 4733 sortiatur,

2018 4767 2129 4807 nec
2150 4752 2348 4824 ipsum
2369 4754 2938 4825 Operai-ibonaactio
2983 4754 3240 4828 judicari
3290 4752 3526 4827 poterit.
3560 4753 3667 4809 Vo-

2019 4838 2130 4894 luit
2142 4856 2400 4911 namque
2413 4841 2557 4897 Cain
2576 4843 2933 4898 sacriﬁcium
2951 4844 3066 4900 Deo
3081 4844 3293 4900 offerre
3318 4842 3384 4911 ¹⁴,
3416 4860 3541 4899 rem
3563 4860 3666 4898 vo-

2019 4927 2150 4983 lens
2172 4944 2306 4999 quaa
2326 4935 2469 4986 tunc
2486 4930 2741 4985 maxime
2764 4931 3079 4987 laudabilis
3093 4937 3217 4987 erat
3236 4948 3248 4998 ;
3267 4936 3318 4988 et
3354 4937 3665 4989 exsecutus

2022 5016 2713 5083 est;sacriiicavitenim:
2749 5019 2854 5075 sed
2894 5025 3173 5076 neutrum
3214 5022 3332 5077 Deo
3356 5028 3664 5095 acceptum

2019 5104 2152 5173 fuit,
2187 5106 2483 5178 siquidem
2514 5123 2636 5163 non
2668 5113 2793 5164 erat
2821 5124 2956 5164 cum
3009 5110 3218 5167 timore
3270 5127 3339 5168 ac
3383 5117 3662 5167 tremore.

2022 5194 2159 5251 Ideo
2190 5212 2387 5268 neque
2406 5196 2671 5252 divinum
2702 5199 2931 5270 accepit
2959 5199 3267 5269 auxilium,
3316 5217 3511 5273 neque
3540 5200 3663 5252 haec

2022 5284 2085 5339 in
2116 5287 2542 5343 commundum
2576 5290 2758 5343 ﬁnem
2789 5289 2877 5344 illi
2898 5297 3332 5361 processerunt.
3352 5289 3552 5345 Merito
3566 5299 3667 5337 au-

2022 5378 2141 5429 tem
2174 5374 2359 5431 Deum
2391 5376 2473 5431 ait
2504 5378 2735 5449 operari
2764 5393 2777 5433 :
2816 5379 3110 5450 siquidem
3144 5382 3269 5453 ipse
3303 5384 3389 5433 est
3422 5369 3668 5429 auxilia-

2022 5468 2117 5518 tor
2142 5470 2367 5535 noster,
2392 5466 2520 5539 ipse
2541 5468 2642 5538 qui
2665 5467 2893 5540 perficit
2914 5476 2971 5525 et
3012 5470 3188 5527 veluti
3228 5467 3479 5522 formam
3504 5458 3672 5517 addit

333 5625 380 5666 “
404 5625 610 5687 Matth.
638 5641 833 5697 xmn,
868 5627 954 5689 18.
985 5625 1030 5665 ιι
1059 5624 1262 5685 Matth.
1296 5640 1413 5696 vui,
1438 5623 1529 5683 29.
1564 5624 1611 5662 "
1636 5622 1797 5685 Psal.
1830 5638 1890 5697 ιι,

2002 5666 2011 5679 ι
2044 5624 2089 5665 ¹⁴
2118 5627 2263 5687 Gen.
2295 5643 2372 5696 Iv,
2407 5631 2433 5687 1
2470 5647 2635 5704 seqq.
