4096 6194
505 319 658 382 128⁵1

1623 313 2046 374 CECUMENII
2094 311 2398 374 ΤίιιοοιΕ
2441 313 2794 374 EPISCOPI

3771 320 3796 374 l
3809 317 3930 374 ‘298

505 463 722 512 nostra:
745 461 802 510 et
823 453 1106 510 voluntati
1123 458 1182 508 et
1202 451 1551 524 operationi.
1575 453 1776 506 Potest
1798 465 2032 520 quoque
2067 447 2137 501 il-

2263 445 2576 504 Δύναταιδὲ
2613 450 2696 504 τό.
2757 449 2813 502 '0
2867 445 2996 508 Θεὸς
3057 449 3162 522 γᾶρ
3229 446 3366 501 ἐστιν
3426 447 3454 500 ὁ
3509 447 3772 520 ἐνεργῶν,
3833 449 3926 500 καῖ

503 545 602 600 lud
629 561 641 600 :
673 545 826 600 Deus
859 549 948 598 est
978 543 1028 598 is
1061 543 1160 613 qui
1221 542 1359 614 agit,
1419 547 1554 608 etc,
1609 541 1832 596 dictum
1891 555 2020 594 esse
2079 541 2146 593 ut

499 639 746 704 agantur
768 633 894 688 sine
923 629 1491 686 murmurationibus
1509 645 1576 684 ac
1589 627 2140 698 disceptationibus.

497 723 644 786 Quid
677 723 838 778 enim
871 739 1230 789 murmuras,
1259 721 1472 791 inquit,
1507 721 1676 792 quasi
1717 719 1920 774 labore
1977 735 2146 789 pres-

493 811 640 866 sus?
665 811 816 864 Deus
840 810 1000 866 estis
1021 811 1120 881 qui
1171 815 1386 866 cuncta
1439 814 1735 879 Operatur,
1769 811 1830 862 et
1879 806 2020 876 quid
2050 805 2144 860 id-

497 905 726 970 sceptas
759 900 832 954 de
863 899 1100 954 virtutis
1126 899 1520 954 difﬁcultate?
1551 899 1736 953 Deum
1769 896 1946 951 habet
1975 896 2144 949 auxi-

497 989 790 1044 ]iatorem.
820 1011 848 1038 ‹‹
885 991 1027 1044 Nam
1057 989 1212 1043 Deus
1243 993 1332 1044 est
1361 989 1409 1042 is
1441 988 1540 1058 qui
1601 986 1720 1058 agit
1773 986 1833 1040 in
1893 985 2075 1040 vobis.
2114 1007 2136 1036 ιι

497 1079 784 1144 Quoniam
811 1077 1037 1134 dixerat
1059 1094 1195 1132 cum
1215 1077 1425 1132 timore
1464 1093 1531 1131 ac
1567 1081 1846 1142 tremore,
1885 1074 1982 1130 85
2017 1073 2138 1128 ait:

489 1171 564 1222 At
593 1184 667 1222 ne
701 1167 772 1222 ob
807 1168 916 1222 hoc
945 1167 1274 1222 terramini.
1331 1167 1484 1221 Deus
1545 1165 1706 1220 enim
1753 1169 1843 1219 est
1898 1163 1997 1234 qui
2025 1163 2144 1236 agit

490 1257 552 1312 in
579 1257 745 1312 vobis
776 1261 834 1310 et
863 1261 928 1310 ut
959 1255 1145 1311 velitis
1178 1261 1236 1309 et
1291 1261 1357 1310 ut
1411 1253 1705 1318 efﬁciatis,
1763 1253 1876 1308 hoc
1916 1257 2024 1318 est,
2079 1258 2144 1307 ut

496 1345 824 1418 operemini
851 1344 1324 1414 bonumzitaque
1347 1361 1446 1398 vos
1466 1351 1664 1398 tamen
1707 1347 1940 1414 oportet
1984 1341 2142 1412 piam

498 1436 708 1490 all‘erre
741 1439 1022 1500 mentem,
1057 1439 1115 1488 et
1143 1433 1296 1488 bona
1325 1433 1474 1490 velle
1508 1450 1641 1488 cum
1675 1433 1883 1486 timore
1915 1448 1982 1486 ac
2029 1439 2146 1486 tre-

500 1540 684 1578 more.
719 1525 862 1578 Nam
893 1523 992 1577 ubi
1025 1521 1084 1576 id
1114 1523 1314 1588 fuerit,
1348 1529 1786 1592 consequenter
1833 1527 1891 1576 et
1947 1521 2142 1591 ipsum

497 1611 644 1666 velle
673 1613 819 1667 Deus
842 1611 1172 1682 angebit,ac
1199 1612 1430 1686 efficiet.
1461 1618 1528 1666 ut
1569 1611 1724 1666 bona
1769 1611 1830 1664 in
1869 1627 2020 1682 opus
2049 1611 2145 1666 de-

493 1700 804 1757 ducantur.
831 1703 944 1756 Aut
971 1701 1361 1771 quodl’aulus
1385 1700 1456 1754 ob
1493 1700 1742 1754 multam
1791 1701 1975 1754 animi
2007 1717 2142 1772 gra-

2251 535 2394 606 ὲξῆς,
2452 537 2543 592 καὶ
2596 537 2671 598 ὡς
2721 535 2868 592 αἴτια
2899 537 3146 610 εἰρῆσθαι
3203 541 3298 591 τοῦ
3359 538 3535 612 χωρὶς
3598 543 3914 611 γογγυσμτῇ

2247 625 2336 678 καὶ
2369 622 2770 702 διαλογισμῶν.
2825 625 2884 680 Τί
2917 626 3023 702 γὰρ
3053 631 3360 701 γογγυζεις,
3419 627 3608 706 φησὶν,
3669 626 3756 686 ὡς
3819 645 3922 678 γο-

2249 720 2391 770 πιῶν
2423 735 2436 784 ;
2470 717 2532 773 Ὁ
2561 717 2694 778 Θεός
2717 715 2858 770 ἐστιν
2888 717 2916 770 ὁ
2948 715 3120 771 πάντα
3167 715 3414 791 ἐνεργῶν,
3445 715 3536 770 καὶ
3603 717 3656 770 τί
3725 713 3926 769 διαλο-

2247 802 2370 876 γίζῃ
2393 805 2456 858 τὸ
2487 803 2742 860 ἐπίπονον
2773 811 2875 874 τῆς
2931 805 3150 880 ἀρετῆς,
3213 805 3342 860 Θεὸν
3397 799 3540 880 ἔχων
3603 805 3870 879 συνεργόν
3909 825 3922 864 ;

2254 915 2278 944 α
2311 893 2372 950 '0
2405 895 2534 958 Θεὸς
2577 896 2679 972 γάρ
2729 894 2870 950 ἐστιν
2921 898 2950 950 ὁ
3009 896 3264 972 ἐνεργῶν.
3301 919 3330 948 ν»
3391 893 3616 962 Ἐπειδὴ
3667 899 3832 950 εἶπεν
3865 895 3918 949 ἐν

2249 977 2404 1060 φόϐῳ
2464 985 2550 1038 καὶ
2607 985 2822 1059 τρόμῳ,
2879 984 3064 1063 φησὶν,
3117 983 3264 1039 ἀλλὰ
3325 987 3400 1058 μὴ
3461 991 3754 1054 πτοηθῆτε
3827 982 3918 1038 δια

2247 1075 2432 1128 τοῦτο.
2473 1074 2534 1130 Ὁ
2565 1073 2693 1136 Θεὸς
2744 1074 2846 1150 γάρ
2905 1073 3044 1128 ἐστιν
3099 1074 3128 1127 ὁ
3183 1071 3410 1150 ἐνεργῶν
3461 1073 3514 1128 ἐν
3548 1074 3676 1146 ὑμῖν
3723 1073 3916 1129 καὶτὸ

2250 1159 2422 1224 θὲλειν
2480 1163 2570 1216 καὶ
2622 1163 2684 1218 τὸ
2743 1161 3001 1240 ἐνεργεῖν,
3061 1165 3330 1234 τουτὲστι,
3393 1165 3458 1218 τὸ
3525 1162 3794 1238 πράττειν
3855 1163 3918 1217 τὸ

2249 1249 2466 1325 ἀγαθόν.
2545 1259 2703 1306 Ὧστε
2783 1252 2924 1326 ὑμᾶς
2979 1253 3093 1326 ’χρὴ
3157 1251 3318 1324 μόνον
3386 1253 3614 1328 γνώμην
3689 1249 3916 1318 εὐλαϐῆ

2247 1349 2646 1418 προσενεγκεῖν,
2679 1343 2769 1398 καὶ
2823 1343 2885 1398 τὸ
2941 1342 3114 1398 θέλειν
3178 1343 3244 1398 τὰ
3297 1342 3471 1420 ἀγαθᾶ
3530 1343 3668 1416 μετᾶ
3736 1337 3918 1418 cf.de

2245 1432 2334 1485 καὶ
2363 1431 2594 1504 τρόμου.
2625 1433 2792 1502 Ὃῖαν
2835 1431 2937 1505 γὰρ
2995 1437 3030 1506 ᾖ
3087 1435 3273 1500 τοῦτο,
3333 1430 3530 1486 λοιπὸν
3565 1433 3593 1486 ὁ
3625 1433 3768 1492 Θεὸς
3823 1431 3918 1484 καὶ

2245 1521 2309 1575 τὸ
2363 1519 2536 1583 θέλειν
2623 1519 2754 1576 αὐτὸ
2841 1519 3008 1590 αὔξει,
3097 1521 3187 1576 καὶ
3247 1522 3310 1576 τὸ
3361 1521 3795 1595 κατεργάζεσθαι
3855 1522 3924 1575 τὰ

2249 1608 2420 1682 ἀγαθᾶ
2450 1607 2746 1682 ἐνεργήσει.
2798 1611 2874 1666 ’ἹΙ
2904 1609 2996 1664 ’ὀτε
3051 1607 3140 1664 διὰ
3193 1607 3418 1678 πολλὴν
3473 1608 3918 1682 εὐγνωμοσύνην

2250 1697 2278 1751 ὁ
2331 1695 2546 1760 Παῦλος
2603 1697 2696 1754 καὶ
2753 1697 2884 1753 αὐτὸ
2933 1698 2996 1753 τὸ
3055 1697 3230 1753 θέλειν
3289 1697 3433 1773 λέγει
3504 1703 3562 1752 ἐκ
3611 1703 3714 1753 τοῦ
3773 1697 3924 1754 Θεοῦ

489 1789 805 1846 titudinem
837 1791 1034 1861 ipsum
1071 1807 1308 1861 quoque
1337 1791 1486 1846 velle
1519 1790 1662 1844 dicit
1717 1807 1752 1844 a
1803 1792 1922 1846 Deo
1964 1792 2137 1858 eflici,

2249 1785 2600 1862 ἐνεργεῖσθαι,
2661 1787 2736 1850 ὡς
2789 1788 2916 1842 ἄταν
2969 1790 3038 1842 τὰ
3075 1787 3474 1862 κατορθώματα
3529 1787 3721 1856 αὐτοῦ,
3765 1785 3916 1842 πολ-

497 1881 646 1936 sicut
669 1880 905 1950 quando
928 1898 1034 1936 sua
1057 1881 1566 1953 egregiafacinora
1613 1881 1958 1951 frequenter
1986 1881 2142 1936 dona

493 1970 756 2042 appellat
788 1987 799 2023 :
841 1987 958 2024 non
983 1969 1236 2024 liberum
1271 1970 1486 2024 tollens
1541 1969 1872 2028 arbitrium.
1925 1969 2096 2024 Absit
2127 1969 2138 2023 !

493 2059 606 2114 Sed
639 2060 1020 2116 vehementer
1049 2066 1270 2132 gratus,
1307 2059 1626 2130 omniaque
1659 2059 1718 2112 in
1753 2060 1935 2114 Deum
1989 2059 2141 2114 refe—

491 2165 632 2202 rens
664 2166 676 2202 :
711 2155 776 2203 ut
805 2167 912 2204 nos
945 2150 1122 2204 etiam
1150 2166 1254 2220 pro
1287 2151 1379 2204 his
1443 2166 1572 2220 quas
1632 2165 1969 2220 operamur,
2024 2153 2138 2203 Deo

493 2238 710 2307 gratias
741 2255 1004 2312 agamus.
1039 2261 1066 2289 «
1095 2241 1158 2294 In
1190 2239 1373 2294 vobis.
1409 2261 1437 2288 ››
1469 2244 1530 2294 In
1560 2239 1723 2294 vobis
1755 2238 1854 2309 qui
1887 2243 2140 2294 vestram

493 2325 743 2382 salutem
777 2345 914 2384 cum
941 2329 1152 2384 timore
1188 2335 1245 2384 et
1291 2335 1548 2384 tremore
1611 2329 1940 2402 operamini
1975 2344 1986 2384 :
2041 2345 2141 2384 eos

494 2433 750 2489 namque
779 2419 879 2488 qui
913 2419 1060 2472 tales
1091 2425 1228 2473 sunt
1259 2419 1514 2490 adjuvat.
1556 2443 1574 2467 ι
1626 2423 1737 2476 Pro
1797 2419 2140 2490 beneplaci-

497 2512 572 2561 to.
600 2529 626 2556 ιι
663 2509 736 2562 Ut
766 2507 1134 2580 compleatur
1167 2508 1226 2561 in
1259 2507 1423 2562 vobis
1451 2509 1890 2580 beneplacitum
1938 2525 2004 2564 ac
2049 2526 2143 2564 vo-

497 2595 698 2651 luntas
729 2597 935 2668 ipsius.

565 2687 632 2750 Il,
675 2687 852 2740 14-16.
887 2687 1082 2740 Omnia
1109 2689 1281 2755 facite
1327 2685 1446 2742 sine
1503 2687 2032 2742 murmurationibus
2079 2705 2141 2742 ac

493 2773 1072 2844 diseeptationibus,ut
1093 2777 1328 2830 nemode
1355 2777 1504 2832 vobis
1523 2779 1694 2847 quaeri
1735 2777 1930 2848 possit,
1963 2779 2144 2832 since-

494 2865 653 2934 rique
683 2864 817 2918 Filii
847 2867 965 2932 Dei,
999 2867 1497 2936 irreprehensibiles
1555 2869 1611 2922 in
1670 2869 1852 2923 medio
1901 2871 2142 2924 nationis

485 2968 677 3023 praem
708 2969 772 3006 ac
802 2959 1076 3018 tortuosae,
1111 2954 1256 3009 inter
1285 2973 1416 3025 quos
1450 2958 1635 3012 lucetis
1667 2964 1930 3028 tanquam
1979 2960 2142 3013 Iumi-

495 3043 660 3097 naria
689 3044 746 3096 in
777 3043 979 3098 mundo
1007 3059 1306 3100 sermonem
1337 3048 1461 3100 vita:
1493 3047 1833 3102 continentes
1859 3063 1870 3100 :
1905 3055 1966 3101 ut
2023 3048 2140 3117 glo-

491 3135 632 3190 riari
653 3133 860 3205 possim
891 3137 948 3190 in
979 3136 1123 3190 diem
1153 3135 1376 3204 Chrisu',
1408 3138 1556 3206 quod
1585 3155 1692 3193 non
1725 3142 1782 3193 in
1811 3157 2014 3196 vanum
2043 3157 2142 3196 eu-

492 3225 780 3293 currerim,
813 3241 912 3280 nec
941 3227 1000 3280 in
1032 3243 1236 3282 vanum
1268 3227 1652 3284 laboraverim.

561 3338 589 3365 «
617 3317 754 3372 Sine
787 3317 1380 3373 murmurationibus.
1416 3341 1444 3367 »
1473 3319 1618 3373 Nam
1653 3319 1754 3390 qui
1783 3327 2136 3388 murmurat,

485 3403 604 3458 Deo
637 3405 900 3476 ingratus
932 3411 1022 3458 est
1048 3421 1060 3458 :
1095 3407 1196 3475 qui
1227 3423 1362 3462 vero
1393 3407 1658 3480 ingratus
1682 3415 1789 3474 est,
1815 3409 2136 3466 maledicit.

486 3489 955 3560 Disceptationes
985 3508 1122 3546 vero
1155 3494 1297 3550 dicit
1353 3495 1774 3552 hazsitationes.
1831 3499 2136 3570 Proposito

486 3577 648 3632 enim
681 3579 784 3633 Dei
817 3587 1135 3652 praecepto,
1167 3599 1286 3637 non
1319 3589 1552 3654 oportet
1580 3585 1903 3658 ambigere,
1937 3595 2136 3643 utrum

487 3666 680 3724 facere
711 3673 980 3740 oporteat
1009 3687 1210 3726 annon
1239 3671 1457 3740 facere,
1499 3673 1605 3728 sed
1657 3675 1859 3731 omnia
1915 3677 2133 3732 facere.

488 3777 517 3805 «
553 3757 622 3812 Ut
653 3773 830 3814 nemo
862 3759 932 3814 de
963 3759 1126 3816 vobis
1159 3761 1344 3831 quaeri
1375 3762 1582 3833 possit.
1619 3783 1646 3811 ››
1671 3763 1742 3818 Ut
1759 3763 2130 3837 sitis,inquit,

485 3845 709 3918 absque
737 3846 868 3903 fuco
902 3853 961 3904 et
990 3849 1349 3906 offendicqu
1382 3868 1450 3906 ac
1481 3851 1969 3923 reprehensione.
2009 3875 2032 3906 ι
2065 3855 2132 3910 In

487 3935 683 3990 medio
727 3937 986 3993 nationis
1017 3956 1229 4010 pravae.
1263 3941 1532 3996 Ostendit
1561 3941 1718 4012 quod
1753 3941 1924 3997 multi
1965 3949 2134 3998 erant

483 4023 922 4096 impugnantes.
956 4027 1108 4082 etad
1161 4029 1699 4086 murmurationem
1757 4030 2131 4088 inducentes.

486 4111 598 4168 Sed
620 4111 1336 4186 hoc,inquit,prwclarum
1359 4123 1449 4174 est
1488 4126 1553 4174 ut
1601 4119 1652 4175 is
1697 4121 1796 4190 qui
1828 4121 2136 4178 vellicatur

486 4217 608 4256 non
633 4211 1184 4276 murmuret,neque
1203 4207 1264 4262 in
1283 4207 1529 4262 dubium
1557 4215 1659 4264 aut
1697 4209 2132 4266 haesitationem

487 4291 676 4346 cadat.
705 4313 732 4342 ‹‹
753 4293 915 4348 Inter
931 4311 1080 4366 quos
1101 4295 1335 4352 lucetis.
1365 4319 1394 4348 »
1429 4299 1590 4354 Inter
1631 4315 1778 4370 quos
1827 4317 2038 4370 pravos
2067 4319 2134 4356 ac

485 4385 802 4450 tortuosos,
839 4389 1122 4454 tanquam
1153 4385 1476 4442 luminaria
1531 4387 1763 4443 lucetis.
1827 4390 2132 4461 Siquidem

487 4471 990 4540 quemadmodum
1023 4473 1342 4530 luminaria
1375 4476 1434 4530 in
1467 4477 1728 4532 tenebris
1753 4478 1932 4542 lucet,
1965 4481 2046 4536 ita
2077 4485 2136 4535 et
2167 4495 2210 4559 ι)

486 4576 584 4614 vos
603 4559 663 4615 iu
689 4559 900 4617 mediis
918 4569 1296 4632 peccatorum
1319 4563 1558 4620 illorum
1591 4566 1852 4621 tenebris
1899 4567 2132 4624 lucetis.

487 4669 515 4696 (ι
547 4649 894 4706 Sermonem
919 4651 1049 4706 vitae
1073 4653 1470 4708 continentes.
1499 4676 1525 4703 ››
1553 4655 1668 4710 Hoc
1710 4661 1818 4720 est,
1870 4657 1971 4712 80
2003 4658 2136 4713 sub-

489 4736 639 4792 sidia
669 4755 736 4794 ac
768 4739 998 4796 semina
1055 4741 1185 4796 vita:
1247 4741 1551 4797 habentes.
1614 4750 1694 4798 Ac
1754 4743 1801 4798 si
1861 4745 2132 4801 diceret:

489 4823 924 4900 Scientesquod
943 4847 1044 4886 vos
1067 4849 1137 4886 ex
1161 4831 1280 4886 illis
1331 4832 1471 4888 estis
1500 4833 1598 4904 qui
1645 4833 1760 4888 vita
1809 4832 2134 4891 immortali

488 4909 718 4967 vivent:
753 4933 888 4974 nam
921 4919 1008 4976 illi
1044 4938 1114 4976 ex
1145 4920 1265 4976 illis
1292 4927 1434 4976 sunt
1464 4923 1564 4994 qui
1599 4928 1786 4978 morte
1812 4923 2134 4981 immortali

489 4999 840 5060 morientur.
873 5009 1046 5065 Vides
1080 5012 1258 5068 etiam
1291 5011 1428 5066 hinc
1451 5013 1650 5068 statim
1707 5014 2134 5070 retributiones

489 5095 739 5154 Virtutis.
776 5123 803 5150 ››
837 5107 906 5160 Ut
935 5108 1172 5178 gloriari
1205 5112 1448 5183 possim.
1481 5132 1507 5162 η
1542 5111 1604 5168 ld
1635 5112 1794 5168 enim
1825 5129 1946 5168 non
1969 5114 2134 5170 vobis

491 5193 857 5257 tantum,sed
880 5199 1101 5253 etmihi
1135 5201 1548 5271 gloriationem
1597 5203 1953 5276 aﬂ‘ert,quod
1985 5205 2134 5262 tales

491 5279 817 5336 docuerim.
854 5304 882 5332 ‹‹
916 5283 1080 5348 Quod
1113 5305 1232 5343 non
1273 5291 1334 5348 in
1383 5309 1598 5349 vanum
1645 5293 2066 5349 conrurrerim.
2103 5317 2131 5346 ι)

491 5369 676 5434 Quam
707 5369 889 5428 habes
917 5371 1356 5446 gloriationem,
1388 5397 1421 5434 o
1451 5381 1623 5438 beata
1671 5382 1911 5437 anima?
1967 5383 2133 5448 Quod

491 5477 612 5516 non
643 5461 704 5518 in
735 5479 970 5533 vanum,
1003 5463 1218 5535 inquit,
1252 5473 1656 5528 concurrerim
1677 5489 1869 5544 neque
1897 5472 2130 5530 labora-

489 5549 694 5606 verim.
731 5552 848 5610 Hoc
881 5559 988 5622 est,
1020 5552 1177 5626 quod
1205 5570 1324 5610 non
1357 5571 1570 5615 vanum
1603 5567 1660 5614 et
1711 5561 1921 5618 inutile
1981 5563 2127 5620 mihi

489 5635 666 5694 fuerit
699 5641 858 5712 quod
887 5661 987 5700 vos
1019 5643 1340 5700 docuerim.
1403 5645 1516 5700 Sed
1573 5648 1620 5701 si
1671 5649 1968 5716 immolor,
2019 5653 2129 5709 hoc

2251 1872 2409 1938 λάκις
2462 1875 2780 1950 χαρίσματα
2835 1874 3032 1946 καλεῖ,
3087 1877 3187 1930 οὐκ
3239 1875 3472 1951 ἀναιρῶν
3535 1877 3598 1931 τὸ
3649 1875 3914 1946 «6.15205-

2251 1985 2399 2018 σιον.
2461 1965 2713 2041 ’Δπαγεῐ
2775 1963 2951 2020 Ἀλλὰ
3013 1963 3219 2044 σφόδρα
3275 1963 3350 2018 ὢν
3419 1965 3745 2042 εὐχάριστος
3797 1966 3886 2018 ιιαὲ

2247 2054 2419 2110 πάντα
2465 2054 2730 2117 ἀνατιθεὶς
2777 2060 2858 2127 τῷ
2915 2061 3052 2128 Θεῷ,
3110 2055 3198 2110 ἳνα
3253 2057 3340 2110 καὶ
3407 2056 3541 2128 ὑπὲρ
3599 2057 3676 2110 ὧν
3735 2059 3896 2128 ἡμεῖς

2246 2143 2637 2218 κατορθοῦμεν,
2674 2145 2836 2219 χάριν
2877 2138 3094 2218 ἔχωμεν
3155 2149 3234 2216 τῷ
3290 2149 3427 2216 Θεῷ.
3491 2167 3520 2196 ι(
3551 2146 3636 2202 Ἐν
3689 2145 3843 2216 ὑμῖν.
3879 2170 3906 2196 ››

2250 2235 2336 2289 ’Ev
2379 2233 2505 2305 ὑμῖν
2555 2238 2672 2294 τοῖς
2721 2233 2858 2306 μετᾶ
2913 2233 3090 2312 φόλου
3139 2232 3230 2289 καί
3281 2234 3492 2310 τρόμου
3545 2237 3638 2304 τήν
3689 2236 3908 2289 ἑαυτῶν

2249 2321 2523 2394 σωτηρίαν
2554 2323 3065 2398 κατεργαζομένοις.
3115 2323 3246 2384 Τοῖς
3306 2321 3412 2398 γὰρ
3469 2322 3740 2382 τοιοιῖιτοις
3781 2344 3910 2376 συν-

2251 2415 2417 2486 εργεῖ.
2492 2411 2706 2484 «Ὑπὲρ
2775 2417 2874 2480 σῆς
2931 2407 3204 2478 εὐδοκίας,
3255 2415 3354 2465 τοῦ
3405 2409 3774 2484 πληρωθῆναι
3833 2413 3906 2473 εἰς

2253 2501 2393 2572 ὑμᾶς
2415 2500 2512 2568 τήν
2550 2495 2797 2554 εὐδοκίαν
2827 2498 2916 2554 καὶ
2947 2501 3048 2570 τὴν
3082 2500 3292 2570 βουλήν
3335 2497 3520 2556 αὐτοῦ.

2323 2680 2504 2735 Πάντα
2559 2684 2766 2734 ποιεῖτε
2859 2680 3036 2755 χωρὶς
3121 2686 3453 2757 γογγυσμῶν
3543 2681 3634 2736 καὶ
3717 2679 3912 2736 διαλο·

2248 2773 2480 2843 γισμῶν,
2559 2767 2652 2824 ’ἱνα
2735 2769 2964 2845 γένησθε
3047 2769 3327 2844 ἄμεμπτοι
3401 2771 3490 2824 καὶ
3597 2771 3914 2846 ἆκαὲραιοι,

2248 2857 2406 2912 τὲκνα
2459 2861 2592 2912 Θεοῦ
2669 2857 2972 2930 ἀμώμητοι,
3058 2858 3109 2912 ἐν
3202 2857 3368 2932 μέσῳ.
3433 2866 3616 2934 γενεᾶς
3681 2859 3918 2922 σκολιᾶς

2250 2947 2340 3002 καὶ
2398 2943 2830 3021 διεστραμμένης
2865 2991 2878 3018 ,
2939 2949 2991 3002 ἓν
3078 2949 3158 3010 οἷς
3217 2949 3461 3026 φαίνεσθε
3545 2949 3621 3010 ὡς
3681 2957 3924 3028 φωστῆ-

2203 3067 2206 3070 -
2253 3055 2339 3110 ρες
2371 3033 2422 3090 ἐν
2453 3036 2668 3108 κόσμῳ,
2734 3034 2901 3111 λόγον
2962 3042 3106 3106 ζωῆς
3166 3037 3474 3113 ἑπὲχοντες,
3513 3037 3590 3100 είς
3637 3038 3925 3114 καύχημα

2253 3123 2376 3196 ἐμοὶ
2413 3169 2428 3194 ,
2479 3123 2552 3187 εἷς
2609 3123 2818 3198 ἡμέραν
2905 3127 3135 3201 Χριστοῦ
3172 3169 3188 3196 ,
3237 3127 3320 3182 ὅτι
3407 3127 3506 3182 οὐκ
3587 3125 3666 3188 εἷς

2251 3211 2508 3288 ἔδραμον,
2539 3211 2666 3268 οὐδὲ
2697 3213 2773 3276 εἷς
2805 3215 2952 3270 κενὸν
2987 3215 3270 3272 ἐκοπίασα.

2323 3325 2347 3357 ι
2384 3301 2569 3376 Χωρῖς
2601 3309 2954 3378 γογγυσμῶν.
2993 3331 3014 3359 ι
3071 3306 3132 3362 Ὁ
3189 3305 3292 3380 γὰρ
3357 3307 3641 3382 γογγύζων
3705 3307 3920 3382 ἀχαρι-

2249 3397 2480 3464 στεῖτῷ
2535 3395 2670 3464 Θεῷ.
2732 3393 2792 3450 Ὁ
2851 3390 2910 3448 δὲ
2973 3395 3288 3470 ἀχαριστῶν
3345 3392 3643 3473 δυσφημεῖ.
3709 3395 3920 3451 Διαλο-

2244 3481 2473 3556 γισμοὺς
2529 3477 2606 3550 δὲ,
2697 3483 2854 3560 φησὶ,
2913 3484 3008 3546 τὰς
3055 3479 3413 3563 ἀμφιϐολίας.
3471 3483 3742 3552 Ἐντολῆς
3793 3487 3908 3560 γὰρ

2247 3575 2382 3626 Θεοῦ
2455 3571 2844 3642 προκειμένης,
2931 3571 2993 3626 οὐ
3073 3570 3156 3627 δεῖ
3212 3567 3608 3652 ἀμφισϐητεῖν,
3671 3572 3780 3646 ἆρα
3833 3571 3924 3628 δεῖ

2245 3661 2470 3728 ποιῆσαι
2503 3658 2537 3728 ἢ
2584 3661 2660 3733 μή
2719 3667 2972 3730 ποιῆσαι,
3033 3660 3180 3716 ἀλλὰ
3234 3663 3410 3718 πάντα
3467 3667 3668 3720 ποιεῖν.
3728 3687 3758 3712 «ι
3795 3666 3916 3720 Ἵνα

2244 3750 2470 3823 γένησθε
2525 3747 2828 3822 ἄμεμπτοι.
2864 3774 2891 3801 ››
2939 3753 3057 3806 Ἵνα
3112 3751 3362 3824 γένησθε,
3417 3753 3602 3826 φησὶν,
3663 3751 3910 3826 εἱλικρι-

2244 3843 2350 3898 νεῖς
2395 3837 2484 3894 καὶ
2528 3835 2868 3912 ἀπρόσκοποι
2927 3839 3017 3894 καὶ
3077 3839 3324 3914 ἄψεκτοι,
3384 3865 3413 3892 κ
3467 3842 3554 3897 Ἐν
3609 3839 3762 3913 μέσῳ
3815 3862 3910 3916 γε·

2243 3931 2381 3988 νεᾶς.
2415 3949 2442 3976 »
2483 3925 2757 3982 Δείκνυσιν
2800 3928 2881 3982 ὅτι
2933 3925 3140 3983 πολλοὶ
3201 3929 3337 3998 ἦσαν
3390 3929 3442 3984 οἳ
3501 3927 3910 4002 πολεμοῦντες,

2242 4019 2336 4068 καῖ
2391 4013 2531 4088 πρὸς
2589 4015 2906 4091 γογγυσμὸν
2967 4015 3276 4092 ἐπάγοντες.
3348 4015 3526 4072 Ἀλλὰ
3564 4021 3725 4072 τοῦτο
3777 4015 3908 4071 ἕνα·

2245 4123 2418 4178 ρετον,
2447 4104 2603 4178 φησὶ,
2633 4104 2695 4160 τὸ
2726 4107 3191 4180 παρακνιζόμενον
3243 4109 3386 4180 μήτε
3441 4107 3715 4183 γογγόσαι,
3747 4108 3900 4176 μήτε

2245 4192 2324 4256 εἷς
2385 4188 2723 4272 ἀμφιϐολίαν
2779 4197 2961 4250 πεσεῖν
3019 4197 3053 4266 ἢ
3111 4191 3434 4272 δισταγμόν.
3487 4197 3620 4252 «Ἐν
3647 4195 3726 4252 οἷς
3757 4191 3888 4268 φαί-

2243 4284 2411 4338 νεσθε.
2449 4305 2476 4334 υ
2533 4285 2624 4339 ’Ev
2683 4283 2769 4344 οἷς
2828 4282 3075 4348 σκολιοῖς
3127 4285 3216 4340 καὶ
3285 4281 3746 4358 διεπραμμὲνοις,
3813 4281 3894 4344 ὥς

2242 4387 2526 4460 φωστῆρες
2585 4379 2857 4456 φαίνεσθε.
2933 4383 3036 4438 Καὶ
3095 4383 3198 4456 γὰρ
3253 4380 3438 4458 ὥσπερ
3497 4383 3554 4438 οἱ
3611 4385 3900 4459 φωστῆρες

2241 4467 2292 4524 ἐν
2343 4469 2522 4524 σκότει
2583 4467 2890 4542 λάμπουσι,
2945 4471 3038 4525 καὶ
3099 4471 3251 4544 ὑμεῖς
3291 4470 3343 4526 ἐν
3403 4471 3554 4544 μέσῳ
3609 4474 3690 4542 τῷ
3719 4467 3906 4524 σκότει

2243 4563 2352 4612 τῶν
2387 4558 2668 4633 ἁμαρτιῶν
2719 4557 2894 4613 αὐτῶν
2955 4558 3220 4632 λάμπετε.
3282 4584 3311 4612 «ι
3371 4557 3547 4632 Λόγον
3607 4563 3756 4626 ζωῆς
3816 4557 3908 4612 ἰπὶ

2245 4646 2552 4724 ἔχοντες.»
2634 4645 2915 4714 Τουτέστι,
3006 4649 3290 4721 σπέρματα
3363 4649 3506 4717 ζωῆς
3559 4645 3648 4700 καὶ
3705 4642 3912 4724 ἐῳόδια

2245 4732 2485 4811 ἔχοντες,
2535 4734 2662 4788 ὡσεὶ
2741 4730 2911 4808 ἔλεγε,
2977 4737 3378 4811 Γινωσκόμενοι
3435 4737 3520 4790 ’ὁτι
3571 4734 3732 4808 ὑμεῖς
3791 4740 3910 4790 τῶν

2247 4823 2555 4896 ζησομένων
2617 4821 2737 4878 ἐστὶ
2783 4824 2881 4892 τὴν
2935 4823 3201 4882 ἀθάνατον
3265 4826 3429 4895 ζωὴν.
3481 4825 3707 4881 Ἐκεῖνοι
3771 4825 3908 4899 γὰρ,

2241 4917 2350 4970 τῶν
2381 4910 2789 4985 τεθνηξομένων
2824 4911 2930 4968 είσί
2961 4915 3054 4970 τὸν
3107 4914 3372 4980 ἀθάνατον
3431 4913 3677 4978 θάνατον.
3733 4913 3910 4986 Ὁρᾷς

3759 3149 3854 3182 κεν
3863 3151 3922 3183 ον

2243 5013 2332 5067 καί
2365 5010 2604 5076 ἐντεῦθεν
2639 5011 2790 5073 εὐθὺς
2847 5011 2941 5074 τὰς
2997 5009 3234 5086 ἀμοιϐὰς
3281 5019 3382 5083 τῆς
3440 5013 3679 5088 ἀρετῆς;
3749 5035 3776 5064 ιι
3803 5011 3908 5068 Εἰς

2241 5105 2510 5178 καύχημα
2539 5101 2683 5176 ἐμοί.
2723 5105 2964 5160 »Τοῦτο
3023 5105 3126 5180 γὰρ
3181 5105 3243 5159 οὐ
3314 5103 3480 5177 μόνον
3543 5105 3691 5178 ὑμῖν,
3751 5101 3912 5158 ἀλλᾶ

2241 5193 2330 5248 καὶ
2365 5191 2490 5266 ἐμοὶ
2549 5193 2698 5266 φέρει
2753 5193 3046 5268 καύχημα,
3099 5193 3184 5248 ὅτι
3239 5195 3528 5257 τοιούτους
3593 5189 3910 5250 ἐπαίδευσα.

2251 5303 2272 5332 ι
2309 5281 2431 5338 Ὀτι
2483 5280 2588 5335 οὐκ
2643 5278 2720 5342 είς
2799 5280 2951 5336 κενὸν
3033 5277 3292 5355 ἔδραμον.
3327 5306 3356 5334 ››
3415 5283 3580 5339 Ποῖον
3635 5278 3916 5354 καύχημα

2242 5365 2410 5446 ἔχεις,
2445 5367 2490 5422 ὦ
2523 5367 2762 5444 μακαρία
2805 5371 2956 5445 ψυχή
2995 5389 3009 5437 ;
3042 5371 3160 5424 Ὃτι
3193 5371 3296 5426 οὐκ
3343 5371 3419 5432 εἷς
3468 5371 3649 5438 κενὸν,
3711 5369 3910 5446 φησὶν,

2239 5455 2475 5535 ἔδραμον
2513 5501 2526 5526 ,
2587 5455 2712 5512 οὐδὲ
2771 5457 3052 5516 ἐκοπίασα.
3115 5457 3434 5528 Τουτέστιν,
3481 5459 3564 5514 ὅτι
3597 5459 3658 5514 οὐ
3701 5457 3912 5532 ματαία

2239 5559 2330 5616 καὶ
2391 5553 2680 5634 ἀνωφελὴς
2734 5555 2926 5632 γέγονέ
2987 5577 3082 5631 μοι
3123 5559 3157 5627 ἡ
3215 5557 3292 5622 εἰς
3351 5557 3490 5630 ὑμᾶς
3545 5553 3900 5615 διδασκαλία.

2241 5645 2442 5716 Ἀλλὰ,
2500 5645 2544 5700 εἶ
2605 5642 2936 5719 σπένδομαι,
2993 5644 3290 5718 τουτέστιν,
3341 5647 3392 5702 εἲ
3427 5647 3518 5702 καὶ
3559 5635 3912 5716 ἅποθνηέκω,
