4096 6194
290 338 445 403 1297

1361 308 1778 403 οοΜΜΕΝτ.
1826 340 1908 400 IN
1954 336 2210 397 EPIST.
2256 337 2358 396 AD
2402 336 2697 413 PHlLlP.

3542 333 3703 409 1298

283 468 374 522 τὸν
431 468 555 522 Υιὸν
643 468 986 544 ἀρνούμενοι,
1047 470 1173 528 οὖδὶ
1217 470 1313 527 τὰν
1367 471 1582 549 Πατέρα
1650 470 1920 547 ἵσασιν),⁴ι

2053 474 2215 525 trant
2244 469 2347 541 qui
2368 467 2596 541 aliquid
2628 467 2851 523 tribuit.
2883 468 3047 522 Nunc
3074 473 3273 523 autem
3302 468 3362 523 hl
3397 484 3574 525 canes
3608 469 3703 525 d1-

289 554 472 611 διὰτὸ
514 556 878 636 ἀναίσχυντον
956 561 991 631 ἢ
1050 559 1233 635 ὥσπερ
1291 559 1707 640 ἐπιστρέφοντες
1765 562 1842 624 είς
1879 560 1942 617 τὸ

285 641 425 700 ἴδιον
451 642 738 721 ἐξέρασμα,
767 649 802 717 ἢ
846 645 939 703 διὰ
990 650 1053 704 τὸ
1104 648 1557 727 λαθραιὸδτμτον.
1620 677 1647 703 ‹‹
1681 650 1818 714 Τοὺς
1845 672 1940 706 κα*

284 734 413 795 κοίις
456 732 707 809 ἔργπὶτας.
745 760 773 788 ››
832 737 1181 813 Ἐργαζονται
1243 739 1339 812 μὲν
1397 741 1528 816 γὰρ,
1558 738 1685 795 ἀλλ’
1718 740 1806 794 ἐπὶ
1861 744 1941 813 τῷ

279 827 455 894 κακῷ.
513 824 593 880 Τὰ
649 824 756 901 γαρ
813 824 994 888 καλῶς
1051 826 1380 907 φυτευθέντα
1428 829 1728 885 ἂνασπῶσι.
1765 830 1937 907 «Τὴν

280 914 679 985 κατατομήν.»
740 914 883 976 Τοὺς
967 919 1468 994 περιτεμνομένους
1531 918 1717 997 φησίν.
1778 900 1940 972 Ἀλλ’

282 999 469 1073 ἔπειδή
514 1003 616 1058 οὐκ
671 996 751 1059 ἔτι
809 1004 1067 1078 νομίμως
1123 1005 1330 1081 ἐγίνετο
1386 996 1551 1080 παραγ
1587 1003 1874 1070 Ἰουδαίοις
1906 1007 1935 1061 ὁ

282 1095 556 1166 περιτομή
583 1094 642 1167 (ἡ
676 1094 775 1170 γὰρ
797 1096 1009 1169 νομέμη
1040 1101 1131 1153 νῦν
1168 1095 1278 1153 ἐστι
1335 1101 1415 1170 τῷ
1469 1097 1741 1170 πνεύματι
1781 1118 1935 1172 περι-

281 1186 569 1257 τεμνεσθαι
623 1184 723 1253 τήν
805 1186 1015 1261 ψυχήν)
1098 1187 1413 1260 κατατομήν
1475 1187 1644 1256 αὐτὴν
1690 1186 1929 1257 ἐκάλεσε,

283 1269 472 1343 δηλῶν
500 1273 583 1329 ’ὁτι
616 1270 772 1329 οὐδὲν
830 1273 1011 1350 ’ἐτερόν
1071 1274 1211 1330 ἰστιν
1263 1276 1298 1346 ἡ
1340 1278 1640 1350 περιτομὴ,
1671 1278 1706 1348 ἢ
1740 1278 1931 1351 σώμα-

277 1383 372 1427 τος
410 1365 716 1437 κατατομή.
776 1365 884 1432 Τῆς
938 1365 1044 1439 γὰρ
1091 1363 1355 1436 ἀληθείας
1412 1364 1681 1437 ἐλθούσης
1720 1366 1928 1442 ἀνάγκη

278 1452 412 1514 τοὺς
433 1452 636 1514 τύπους
669 1452 877 1527 ἀργεῖν.
926 1455 998 1511 ’Ἡ
1056 1454 1141 1510 ὅτι
1199 1457 1299 1526 τὴν
1358 1458 1666 1531 περιτομήν
1723 1455 1928 1531 κηρύτ-

274 1564 483 1607 τοντες.
539 1543 891 1617 κατατέμνειν
946 1550 1247 1621 πειρῶνται
1313 1548 1378 1604 τὸ
1435 1552 1596 1622 σῶμα
1645 1551 1746 1613 τῆς
1805 1549 1928 1606 Ἐκ-

273 1632 526 1703 κ).ησίας.
586 1657 616 1685 «
705 1634 774 1691 Ol
853 1656 1133 1709 πνεμματι
1184 1641 1301 1709 Θεῷ
1362 1635 1737 1713 λατρεύοντες.
1770 1662 1799 1691 ››
1858 1638 1924 1696 Οἱ

277 1725 654 1794 πνευματικῶς
703 1728 785 1797 τῷ
824 1729 940 1797 Θεῷ
999 1723 1372 1801 λατρεύοντες,
1401 1727 1491 1782 καὶ
1547 1732 1927 1801 πνευματικῶς

2054 565 2272 614 cuntur
2298 559 2421 630 (qui
2471 559 2631 614 enim
2670 557 2891 615 Filium
2951 562 3170 629 negant
3225 573 3421 629 neque
3463 560 3699 613 Patrem

2053 654 2344 702 noverunt
2379 646 2441 718 ⁸⁷)
2473 652 2576 702 aut
2600 653 2839 719 propter
2870 646 3320 719 impudentiam,
3364 653 3467 702 aut
3500 662 3702 718 quem-

2051 737 2371 792 admodum
2404 736 2463 792 hi
2496 738 2595 808 qui
2628 737 2702 793 ad
2742 736 3047 809 proprium
3105 742 3481 792 revertuntur
3523 737 3703 791 vomi-

2050 830 2196 893 tum,
2235 832 2337 883 aut
2366 844 2435 881 eo
2460 826 2620 897 quod
2653 826 2882 882 occulte
2913 826 3247 882 mordeant.
3280 849 3306 874 ‹‹
3344 826 3524 882 Malos
3564 842 3704 896 Ope-

2048 914 2259 970 rarios.
2293 937 2323 965 ››
2358 916 2590 971 Etenim
2617 924 2946 988 operantur
2969 914 3232 988 quidem,
3253 914 3356 971 sed
3380 916 3453 971 ad
3477 915 3704 971 malum

2046 1005 2189 1059 Nam
2223 1020 2354 1076 quas
2387 1012 2543 1060 recte
2575 1005 2843 1078 plantata
2867 1012 3009 1061 sunt
3039 1004 3312 1061 evellunt.
3352 1026 3381 1057 ι(
3404 1004 3703 1060 Coucisio-

2045 1109 2204 1148 nem.
2235 1115 2263 1141 »
2296 1094 2689 1151 Circumcisos
2718 1094 2881 1151 dicit.
2918 1094 3031 1151 Sed
3091 1094 3374 1165 quoniam
3433 1093 3701 1149 nondum

2042 1181 2203 1237 facta
2234 1190 2363 1238 erat
2382 1183 2541 1256 apud
2561 1184 2794 1240 Iudaeos
2812 1201 2947 1240 vera
2977 1190 3035 1239 et
3057 1183 3323 1256 legitima
3351 1183 3703 1239 circuncisio

2040 1269 2363 1342 (siquidem
2410 1289 2480 1329 ea
2512 1280 2598 1329 est
2630 1290 2788 1330 nunc
2836 1273 3103 1347 legitima
3138 1278 3204 1328 ut
3259 1289 3366 1344 per
3416 1272 3700 1343 Spiritum

2041 1364 2240 1418 anima
2256 1363 2763 1436 circumcidatur),
2786 1364 3193 1420 conrisionem
3214 1363 3402 1434 ipsam
3434 1361 3699 1435 appella-

2038 1451 2119 1506 vit
2137 1468 2151 1506 :
2166 1452 2439 1510 indicans
2453 1455 2603 1510 nihil
2618 1454 2781 1511 aliud
2802 1471 2933 1510 esse
2950 1454 3489 1518 circumcisionem,
3515 1469 3695 1524 quam

2039 1543 2303 1611 corporis
2334 1544 2759 1601 concisionem.
2809 1544 3174 1601 Adveniente
3233 1542 3395 1598 enim
3424 1543 3692 1610 veritate,

2036 1644 2279 1686 necesse
2311 1637 2402 1686 est
2431 1632 2646 1705 ﬁguras
2690 1650 2922 1689 cessare
2982 1650 3050 1689 ac
3098 1633 3317 1688 otiosas
3377 1648 3527 1688 esse.
3577 1635 3694 1687 Aut

2034 1728 2174 1799 quia
2204 1730 2263 1783 hi
2311 1730 2411 1802 qui
2445 1731 2964 1788 circumcisionem
3016 1732 3362 1804 prmdicant.
3396 1736 3691 1786 conantur

279 1812 746 1887 περιτεμνόμενοι.
780 1812 1009 1877 Ἀλλως
1037 1816 1139 1890 γὰρ
1199 1815 1322 1872 οὔτε
1381 1815 1660 1892 λατρεύειν
1702 1814 1920 1872 δύναταί

2043 1820 2316 1877 Ecclesiae
2344 1839 2557 1895 corpus
2589 1824 2924 1880 concidere.
2950 1847 2976 1873 ‹‹
3011 1823 3119 1889 Qui
3140 1824 3354 1894 spiritu
3378 1824 3565 1877 Deum
3596 1839 3692 1877 co-

276 1924 383 1966 τις.
434 1903 538 1962 Καὶ
616 1905 970 1980 καυχώμενοι
1054 1904 1106 1961 ἐν
1190 1911 1408 1982 Χριστῷ
1464 1909 1722 1980 Ἰησοῦ.»
1787 1910 1922 1985 Ὀρα

274 1998 393 2056 πῶς
441 1994 540 2062 τὴν
595 1991 857 2069 διαφορᾶν
915 1992 1097 2066 ἔδειξε.
1159 2002 1321 2052 Ποῖον
1352 1999 1453 2072 γαρ
1484 1996 1729 2070 ἄμεινον,
1786 2001 1922 2075 Χρι-

275 2087 387 2155 στῷ
433 2080 773 2151 πεποιθέναι,
831 2085 867 2155 ἢ
927 2086 1133 2161 σαρκί;
1232 2084 1490 2156 δηλονότι
1540 2092 1621 2160 τῷ
1677 2089 1917 2163 Χριστῷ.

274 2171 485 2230 Ούκοῦν
513 2170 730 2243 ἀληθής
762 2171 902 2229 ἑστιν
941 2176 1103 2247 ἡμῶν
1135 2177 1170 2244 ἡ
1200 2176 1497 2250 περιτομὴ,
1556 2181 1664 2232 τῶν
1695 2176 1745 2232 ἐν
1779 2181 1918 2252 Χρι-

269 2265 382 2332 στῷ
411 2263 815 2340 καυχωμένων,
869 2263 961 2318 καὶ
1016 2263 1078 2319 οὐ
1125 2268 1233 2318 τῶν
1293 2263 1361 2320 in
1419 2266 1595 2340 σαρκί.
1655 2290 1684 2319 ι(
1718 2266 1919 2342 Καίπερ

266 2348 393 2424 ἐγώ.
430 2374 458 2402 ››
518 2351 583 2408 Εἰ
637 2346 953 2425 ἐϐουλόμην
990 2395 1005 2420 ,
1058 2353 1229 2430 φησὶ,
1303 2357 1705 2431 καυχήσασθαι.
1739 2357 1922 2431 ὥσπερ

266 2436 489 2511 ἒκεῖνοι,
521 2434 636 2517 ἔχω
671 2439 888 2512 μᾶλλον
926 2441 1252 2512 πεποίθησιν
1277 2445 1433 2519 κάγὼ
1488 2443 1541 2500 ἐν
1570 2445 1751 2520 σαρκί.
1792 2445 1921 2503 Οἴον

276 2525 562 2603 ἠδυνάμην
595 2530 746 2605 κάγὼ
776 2531 852 2594 ὡς
897 2530 1094 2586 ἐκεῖνοι
1135 2532 1222 2586 ἐπὶ
1278 2537 1346 2598 τῆ
1406 2540 1506 2603 τῆς
1557 2535 1754 2611 σαρκός
1814 2558 1920 2610 μου

268 2621 555 2691 περετομῇ
582 2621 964 2698 καυχήσασθαι
1004 2620 1094 2675 καὶ
1150 2620 1319 2677 πλέον
1378 2622 1619 2680 ἐκείνων.
1683 2650 1703 2675 ι
1739 2626 1921 2700 Ἒχων

270 2705 615 2775 πεποίθησιν.
660 2731 688 2758 ››
733 2706 806 2765 Εἴ
832 2708 899 2777 ἧν
933 2707 982 2779 ἐξ
1017 2708 1185 2765 ἰθνῶν
1218 2712 1246 2766 ὁ
1275 2710 1642 2780 Ἀπόστολος,
1674 2715 1824 2790 εἶχεν
1858 2714 1917 2770 ἃν

267 2815 350 2857 τις
375 2795 541 2851 εἰπεῖν
589 2800 773 2862 τοῦτο,
835 2796 1188 2870 ἐζευτελίζειν
1245 2800 1406 2857 αὐτὸν
1470 2803 1569 2871 τήν
1616 2805 1923 2877 περιτομὴν

273 2885 372 2954 τήν
424 2888 534 2941 τῶν
596 2883 914 2960 Ἰουδαίων,
973 2888 1049 2954 ὡς
1093 2888 1535 2965 ἀπεστερημένον
1588 2898 1688 2959 τῆς
1746 2890 1920 2946 αὐτῶν

269 2974 561 3050 εὐγενείας.
618 2978 728 3034 Νῦν
788 2974 848 3031 δέ
900 2998 1058 3052 φησι-
1122 2979 1332 3052 Καίπερ
1391 2974 1536 3053 ἔχων
1597 2978 1925 3049 πεποίθησιν

266 3065 355 3118 καὶ
387 3064 438 3119 ἒν
468 3066 648 3138 σαρκὶ,
696 3070 864 3120 ταῦτα
922 3066 1088 3140 λέγω,
1151 3066 1250 3121 οὐκ
1304 3064 1493 3136 ἐπειδὴ
1553 3066 1825 3141 καύχησις
1855 3068 1925 3137 ἦν

265 3154 413 3226 αὐτῷ
460 3154 619 3224 αὕτηο
705 3159 896 3227 (Τοῦτο
960 3155 1062 3231 γὰρ
1119 3158 1153 3224 ἡ
1213 3154 1584 3230 πεποίθησις),
1640 3154 1786 3212 ἀλλὰ
1835 3151 1928 3213 δι’

262 3242 497 3306 ἐκείνους
546 3243 719 3305 οὕτως
752 3243 891 3300 εἶπε.
952 3270 980 3297 ι(
1018 3244 1113 3300 Καὶ
1170 3243 1222 3300 ἐν
1273 3245 1451 3320 σαρκί.
1486 3270 1515 3298 ››
1578 3248 1737 3326 Ἔχω
1797 3249 1913 3321 μὶν’

263 3332 452 3413 φησὶν,
482 3332 533 3388 ἐν
588 3332 825 3407 Χριστῷ,
874 3330 1020 3388 ἀλλᾶ
1057 3332 1145 3388 καὶ
1175 3335 1275 3402 τῆν
1334 3330 1599 3390 δοκοῦσαν
1656 3333 1708 3390 ἒν
1756 3334 1912 3409 σαρκῖ

265 3417 402 3498 ἔχω.
460 3423 553 3478 Διὸ
614 3422 674 3478 οὑ
732 3424 885 3500 ψέγω
937 3422 1135 3487 αὐτοὺς
1193 3423 1267 3486 ὠς
1325 3423 1760 3500 ἀπεστερημὲιος
1809 3433 1909 3496 τῆς

264 3511 400 3566 κατᾶ
431 3532 599 3586 σαριια
629 3510 914 3587 εὐγενείας.

2039 1909 2238 1967 limus.
2274 1933 2303 1961 »
2335 1912 2732 1984 Spiritualiter
2761 1915 2878 1969 Deo
2910 1913 3197 1969 servimus
3219 1918 3279 1966 et
3308 1912 3695 1983 spiritualiter

2030 2000 2529 2057 circumcidimur.
2549 2002 2693 2057 Nam
2720 2002 2836 2057 alio
2854 2003 3027 2058 modo
3041 2018 3160 2057 non
3177 2006 3371 2073 potest
3389 2000 3691 2071 quispiam

2031 2106 2166 2146 eum
2180 2090 2396 2146 colere.
2420 2092 2531 2146 «Et
2550 2092 2877 2163 gloriamur
2901 2093 2960 2147 in
2976 2091 3206 2146 Christo
3237 2093 3393 2146 lesu.
3422 2112 3451 2139 ››
3485 2090 3691 2144 Anim-

2029 2179 2263 2235 adverte
2296 2181 2588 2251 qurmodo
2635 2181 3051 2237 excellentiam
3094 2179 3445 2235 ostenderit.
3481 2179 3689 2234 Utrum

2029 2268 2191 2323 enim
2222 2268 2436 2324 melius
2467 2276 2556 2325 est
2582 2270 2643 2324 in
2670 2270 2900 2324 Christo
2927 2268 3226 2325 conﬁdere
3256 2284 3331 2322 an
3363 2268 3424 2322 in
3456 2281 3633 2322 carne
3662 2265 3691 2320 ‘2

2032 2357 2415 2414 manifestum
2449 2365 2540 2414 est
2578 2360 2735 2431 quod
2787 2359 2850 2414 in
2879 2360 3150 2414 Christo:
3203 2373 3341 2412 vera
3388 2357 3568 2429 igitur
3598 2359 3689 2411 est

2030 2456 2627 2513 nostracircumcisio
2660 2457 2760 2528 qui
2819 2456 2882 2511 in
2942 2456 3173 2512 Christo
3233 2455 3595 2511 conﬁdimus
3621 2457 3680 2506 et

2030 2544 2369 2618 gloriamur.
2405 2551 2463 2600 et
2485 2563 2605 2601 non
2621 2562 2827 2601 eorum
2858 2546 2958 2617 qui
2976 2547 3039 2600 in
3058 2559 3256 2599 carne.
3278 2567 3303 2591 η
3329 2544 3679 2611 Quanquam

2032 2640 2090 2689 et
2120 2649 2246 2706 ego.
2269 2655 2295 2682 υ
2328 2633 2384 2688 Si
2421 2635 2616 2701 velim,
2650 2634 2868 2703 inquit.
2901 2630 3407 2703 quemadmodum
3438 2629 3522 2681 illi
3555 2627 3682 2699 glo-

2030 2721 2194 2787 riari,
2223 2722 2411 2791 magis
2432 2721 2620 2777 habeo
2643 2728 2701 2776 et
2721 2737 2826 2791 ego
2848 2736 2959 2789 quo
2988 2720 3047 2772 in
3074 2734 3252 2772 carne
3276 2715 3639 2772 conﬁderem
3665 2732 3680 2771 :

2033 2810 2145 2867 hoc
2175 2813 2285 2867 est.
2318 2824 2552 2879 possem
2585 2814 2643 2862 et
2674 2824 2780 2879 ego
2812 2807 2966 2861 sicut
2995 2806 3083 2860 illi
3116 2805 3177 2860 in
3230 2804 3684 2861 circumcisione

2034 2896 2230 2952 carnis
2263 2912 2410 2950 mea:
2434 2896 2697 2968 gloriari,
2731 2900 2789 2950 et
2818 2894 3265 2966 ampliusquam
3297 2894 3408 2948 illi.
3437 2916 3464 2943 υ
3488 2894 3686 2948 Habeo

2036 3000 2153 3056 quo
2184 2984 2502 3040 conﬁdam.
2531 3007 2558 3033 ››
2579 2986 2635 3039 Si
2668 2984 2987 3056 Apostolus
3010 3000 3079 3039 ex
3104 2983 3378 3057 gentibus
3400 2983 3690 3037 oriundus

2036 3074 2267 3137 fuisset,
2287 3081 2490 3147 posset
2507 3075 2802 3148 quispiam
2826 3074 2938 3131 hoc
2957 3075 3152 3131 dicere
3167 3074 3324 3146 quod
3344 3073 3682 3130 Judazorum

2040 3163 2558 3221 circumcisionem
2590 3165 2845 3221 elevaret
2874 3181 2978 3220 seu
3031 3170 3368 3220 attenuaret
3395 3169 3683 3234 tanquam

2031 3268 2239 3308 carens
2292 3254 2689 3325 generositate
2747 3254 3035 3325 ipsorum.
3091 3254 3255 3308 Nunc
3304 3257 3500 3308 autern
3549 3250 3678 3305 ait:

2022 3341 2371 3412 Quanquam
2412 3342 2663 3398 habeam
2695 3359 2811 3414 quo
2838 3344 3016 3398 etiam
3048 3342 3107 3397 in
3141 3358 3318 3397 carne
3350 3340 3673 3409 conﬁdam,

2019 3430 2144 3485 haec
2175 3430 2326 3496 dico;
2355 3448 2472 3487 non
2495 3432 2653 3504 quod
2695 3432 2822 3488 haec
2844 3432 3022 3488 fuerit
3049 3432 3158 3503 ipsi
3182 3430 3455 3504 gloriatio
3505 3430 3667 3501 (nam

2019 3518 2131 3574 hoc
2163 3519 2387 3576 indicat
2434 3520 2777 3590 πεποίθησις,
2810 3523 2921 3577 hoc
2952 3525 3062 3589 est,
3096 3520 3361 3592 ﬁducia),
3393 3519 3498 3575 sed
3530 3536 3664 3590 pro-

261 3620 394 3687 pter
418 3614 552 3670 illos
584 3615 667 3670 ita
697 3614 926 3670 locutus
966 3620 1075 3672 est.
1108 3616 1209 3672 93
1242 3640 1268 3667 ιε
1300 3617 1491 3673 Etiam
1526 3617 1588 3672 in
1646 3633 1845 3673 carne.
1885 3639 1915 3668 »
1947 3618 2145 3674 Habeo
2178 3619 2240 3675 in
2270 3621 2528 3683 Christo.
2563 3622 2779 3693 inquit,
2813 3621 2917 3678 sed
2947 3627 3006 3678 et
3064 3638 3195 3677 eam
3255 3638 3388 3692 qua:
3446 3619 3677 3675 videtur

266 3720 398 3760 esse
428 3703 490 3759 in
521 3719 698 3759 carne
729 3703 940 3762 habeo.
973 3707 1099 3761 Non
1131 3722 1267 3780 ergo
1299 3708 1460 3779 ipsos
1491 3707 1756 3779 vitupero
1788 3707 1948 3779 quod
1978 3725 2212 3766 caream
2242 3713 2640 3780 generositate
2665 3730 2798 3783 qum
2829 3711 3156 3767 secundum
3185 3726 3424 3765 carnem
3459 3715 3566 3763 est.

343 3789 404 3849 Εἴ
455 3813 538 3854 τις
620 3788 770 3847 δοκεῖ
838 3790 1013 3855 ἄλλος
1094 3794 1404 3849 πεποιθέναι
1463 3794 1517 3849 ἐν
1568 3794 1749 3869 σαρκὶ,
1804 3793 1916 3871 ἐγὼ

272 3880 506 3955 μᾶλλον,
569 3885 845 3958 περιτομῇ
904 3881 1251 3959 ἆκτατξμερος
1310 3883 1368 3941 ὲκ
1419 3885 1609 3960 γένους
1669 3882 1914 3958 Ἰσραήλ,

267 3979 446 4059 φυλῆς
503 3984 803 4055 Βενιαμὶν,
870 3978 1125 4060 Ἐϐραῖος
1181 3982 1234 4055 ἐξ
1289 3979 1581 4060 Ἐϐραίων,
1639 3985 1775 4041 κατᾶ
1825 3985 1913 4040 νό-

268 4092 368 4146 μον
434 4078 776 4148 Φαρισαῖος,
832 4073 970 4130 κατᾶ
1017 4074 1187 4144 ζῆλον
1246 4071 1462 4130 διώκων
1516 4078 1617 4146 τὴν
1676 4074 1918 4143 Ἐκκλη-

261 4162 379 4218 σίαν
423 4206 439 4232 ,
494 4163 631 4218 κατᾶ
712 4160 1060 4235 δικαιοσύνην
1132 4165 1232 4233 τήν
1285 4164 1336 4220 ἐν
1389 4164 1569 4238 νόμῳ,
1627 4165 1915 4239 γενόμενος

268 4249 579 4324 ἄμεμπτος.

334 4344 529 4406 Καλῶς
593 4344 680 4409 τὸ,
734 4352 910 4402 Δοκεῖ·
983 4350 1019 4416 ἢ
1079 4348 1153 4409 ὡς
1211 4347 1310 4402 οὐκ
1357 4347 1593 4421 ἑχόντων
1648 4348 1916 4417 τοσαύτην

2098 3800 2192 3859 Ill.
2228 3802 2344 3856 ινδ.
2377 3802 2439 3859 Si
2467 3804 2760 3871 quisquam
2813 3801 2956 3855 alius
3013 3799 3229 3853 videtur
3278 3797 3541 3867 ﬁduciam
3573 3795 3676 3851 ha-

2027 3890 2149 3944 bere
2176 3890 2231 3943 in
2262 3906 2448 3954 carne,
2508 3906 2604 3958 ego
2659 3891 2877 3957 magis:
2935 3886 3288 3941 circumcisus
3345 3891 3535 3939 octavo
3565 3884 3677 3952 die,

2024 3997 2094 4035 ea:
2121 3995 2318 4048 genere
2346 3979 2538 4044 Israel,
2596 3979 2663 4032 de
2720 3977 2870 4031 tribu
2927 3977 3221 4047 Benjamin
3245 3993 3263 4030 :
3318 3974 3577 4030 Hebraeus
3606 3990 3677 4029 ea:

2022 4068 2283 4124 Hebreis.
2310 4068 2483 4136 juxta
2509 4066 2678 4135 legem
2726 4065 3075 4121 Pharisaeus:
3098 4067 3273 4136 juxta
3327 4063 3501 4119 zelum
3545 4080 3674 4134 per-

2025 4170 2251 4224 sequens
2279 4154 2599 4221 Ecclesium,
2619 4155 2794 4224 juxta
2839 4155 3131 4224 justitiam
3178 4170 3300 4226 quae
3338 4156 3398 4209 in
3429 4154 3545 4223 lege
3576 4159 3673 4222 est,

2025 4247 2209 4313 factus
2228 4245 2747 4315 irreprenensibilis.

2100 4344 2256 4399 Bene
2287 4343 2450 4409 dicit,
2486 4342 2747 4404 Videtur.
2780 4348 2883 4399 aut
2911 4343 3072 4414 quod
3115 4359 3237 4398 non
3284 4342 3532 4398 haberet
3586 4341 3675 4397 illi

263 4433 583 4500 πεποίθησιν
637 4431 872 4503 ἐκείνων,
932 4434 1065 4504 ὅσην
1122 4432 1287 4495 αὐτὸς
1334 4429 1474 4508 ἔχει,
1518 4433 1554 4503 ἢ
1613 4434 1687 4496 ὡς
1721 4440 1823 4503 τῆς
1853 4434 1906 4490 ἰν

2034 4439 2253 4490 tantam
2302 4432 2526 4489 ﬁdendi
2576 4449 2815 4488 causam
2865 4438 3149 4503 quantam
3180 4432 3326 4503 ipse,
3359 4438 3463 4488 aut
3517 4429 3677 4503 quod

264 4522 422 4600 σαρκὶ
470 4525 850 4595 πεποιθήσεως
886 4568 900 4593 ,
946 4521 1088 4597 μηδὲ
1148 4520 1315 4594 οὔσης
1370 4524 1576 4598 κυρίως
1634 4525 1913 4594 πεποιθή-

262 4634 417 4677 σεως.
448 4614 583 4670 Εἶπε
606 4610 683 4669 δὲ’
717 4611 953 4683 Ἄλλος,
987 4609 1198 4675 δεικνὺς
1250 4612 1326 4676 ὡς
1376 4612 1476 4668 οὐκ
1530 4610 1592 4668 ἂν
1650 4600 1784 4669 ποτε
1836 4613 1916 4678 εἰς

260 4704 393 4764 τοὺς
425 4701 623 4777 λόγους
654 4703 881 4765 τούτους
913 4701 1205 4773 ἐλήλυθεν,
1247 4701 1293 4757 εί
1328 4704 1403 4776 μή
1449 4700 1617 4758 ἄλλοι
1675 4703 1751 4766 εἷς
1808 4705 1909 4773 τὴν

265 4789 435 4863 σάρκα
473 4791 813 4858 πεποιθότες,
845 4790 921 4852 εἷς
967 4795 1129 4846 τοῦτο
1182 4789 1342 4845 αὐτὸν
1401 4787 1634 4867 ἤγαγον.
1684 4793 1822 4867 *Ορα
1854 4789 1911 4847 δὲ

265 4892 382 4952 πῶς
437 4887 735 4961 ἂνωνύμως
793 4889 971 4944 αὐτῶν
1028 4891 1377 4953 καθάπτεται,
1438 4885 1780 4968 φοϐούμενος
1833 4893 1907 4964 μὴ

265 4977 792 5051 ἀναισχυντοτέρόυς
822 4980 1052 5052 ποιήσῃ.
1095 5004 1122 5028 «ι
1158 4979 1443 5052 Περιτομῇ
1483 4979 1845 5054 ὀκταήμερος.
1885 5004 1911 5030 η

262 5068 341 5123 Τὸ
370 5068 554 5140 τίμιον
621 5069 749 5142 παρ’
810 5065 995 5127 αὐτοῖς
1040 5068 1248 5129 τέθεικε
1303 5071 1544 5141 πρῶτον,
1603 5069 1701 5137 τήν
1756 5089 1912 5144 περι-

260 5157 456 5227 τομήν.
488 5158 628 5231 ’Ὀρα
685 5153 743 5211 δὲ
798 5155 973 5227 πόσην
1034 5158 1353 5229 σωματικὴν
1409 5155 1676 5230 εὐγένειαν
1735 5155 1907 5232 λέγει,

256 5244 344 5299 ἳνα
380 5246 455 5318 μὴ
508 5244 805 5317 νομίσωσιν
859 5244 911 5299 oi
943 5242 1218 5308 Ἰουδαῖοι,
1254 5244 1328 5304 ὡς
1363 5244 1575 5301 τούτων
1614 5246 1777 5301 αὐτὸν
1808 5247 1909 5302 ἀπ-

261 5336 640 5409 εστερημένον,
672 5333 847 5409 λέγειν
908 5334 1041 5409 ἅπερ
1101 5332 1330 5411 ε’ίρῃκεν.
1390 5334 1614 5398 Ἀλλως
1645 5337 1746 5409 γαρ
1779 5357 1907 5392 κατ-

265 5423 573 5503 ῃσχύνοντο
601 5468 616 5494 ,
672 5423 879 5480 ἐκείνου
934 5426 1194 5499 ψέγοντος
1250 5425 1319 5480 τὰ
1354 5426 1483 5502 παρ’
1557 5425 1765 5497 αὐτοῖς,
1812 5432 1910 5483 τοῦ

270 5514 507 5589 μάλιστα
534 5515 708 5570 πάντα
736 5508 985 5591 ἔχοντος,
1043 5513 1134 5570 καί
1164 5534 1320 5593 φησι,
1378 5518 1653 5591 περιτυμῇ
1710 5514 1907 5587 ὁκτοή-

341 5643 386 5681 ¹⁷
419 5647 441 5702 ι
468 5646 633 5702 Joan.
669 5661 732 5712 ιι,
762 5645 852 5699 23.

2025 4523 2245 4580 ﬁducia
2273 4541 2405 4595 qum
2435 4523 2496 4577 in
2527 4539 2704 4579 carne
2760 4527 2850 4577 est
2898 4538 3019 4577 non
3069 4520 3147 4577 sit
3169 4520 3406 4592 proprie
3436 4520 3674 4576 ﬁducia.

2023 4614 2180 4669 Dixit
2209 4619 2408 4669 autem
2433 4629 2446 4669 ε
2476 4612 2660 4677 Alius,
2695 4611 3018 4669 ostendens
3048 4610 3208 4681 quod
3236 4626 3545 4680 nunquam
3598 4610 3675 4665 ad

2024 4713 2131 4769 hos
2162 4729 2468 4769 sermones
2490 4710 2845 4774 devenisset,
2877 4708 2993 4764 nisi
3025 4709 3127 4763 alii
3160 4708 3261 4779 qui
3294 4707 3357 4763 in
3389 4724 3567 4763 carne
3601 4709 3671 4763 ﬁo

2021 4803 2256 4858 duciam
2280 4801 2595 4865 habebant,
2620 4801 2817 4871 ipsum
2846 4798 2922 4854 ad
2954 4799 3065 4853 hoc
3096 4797 3499 4869 impulissent.
3524 4799 3671 4853 Ani-

2021 4892 2321 4947 madverte
2355 4907 2487 4945 vero
2519 4888 2817 4960 quomodo
2852 4887 3045 4943 tacitis
3076 4903 3280 4942 eorum
3321 4888 3670 4943 nominibus

2020 4980 2539 5052 objurget.verutus
2562 4995 2634 5033 ne
2658 4977 2922 5031 nemium
2948 4976 3170 5047 pudore
3192 4976 3354 5048 ipsos
3380 4977 3667 5033 afﬁceret.

2023 5092 2051 5119 ‹‹
2074 5069 2470 5125 Circumcisus
2504 5074 2705 5122 octavo
2766 5066 2881 5120 die.
2918 5088 2944 5113 ››
3004 5065 3169 5131 Quod
3207 5065 3363 5138 apud
3421 5066 3583 5139 ipsos
3613 5067 3674 5120 in

2020 5161 2209 5231 pretio
2231 5158 2649 5230 eral,primum
2669 5156 2882 5228 posuit.
2905 5172 3118 5227 nempe
3130 5155 3671 5212 circumcisionem.

2020 5248 2347 5304 Considera
2371 5254 2569 5303 autem
2594 5253 2877 5317 quantam
2910 5251 3093 5316 ponat
3115 5246 3478 5317 corporalem
3512 5242 3676 5297 nobi~

2004 5338 2272 5405 'litatcm,
2305 5353 2380 5392 ne
2399 5334 2942 5392 existimentludmi
2972 5335 3165 5405 ipsum
3196 5335 3414 5389 dixisse
3443 5346 3510 5384 ea
3540 5345 3669 5398 qua)

2022 5428 2196 5495 dixit,
2229 5443 2295 5481 eo
2328 5426 2487 5497 quod
2520 5424 2614 5480 his
2642 5429 2889 5481 careret.
2948 5423 3197 5479 Maxime
3228 5421 3385 5475 enim
3443 5416 3669 5487 pudore

2020 5514 2520 5573 suﬁ’undebantur
2538 5514 2678 5571 dum
2704 5530 2772 5570 ea
2793 5530 2925 5587 quae
2940 5511 3099 5584 apud
3130 5511 3291 5581 ipsos
3320 5512 3490 5564 erant
3517 5508 3671 5567 vitu-
