4096 6194
418 353 576 414 1299

1495 349 1924 412 (ECUMENII
1969 351 2279 412 TRICC/‘E
2325 353 2678 416 EPISCOPI

3665 357 3824 418 i300

416 486 660 561 perabat
689 484 790 538 ille
825 483 922 554 qui
957 488 1171 538 cuncta
1193 483 1554 538 excellenter
1573 483 1829 540 habebat
1855 491 1945 540 :et
1961 486 2062 553 ait,

2197 505 2368 559 ιερος.
2404 487 2552 548 Τέως
2583 484 2846 542 δείκνυσιν
2875 489 2958 542 ὅτι
2989 487 3089 543 οὐκ
3119 491 3185 557 ἦν
3241 485 3607 563 προσήλυτος.
3672 511 3700 542 ι
3731 493 3822 545 Ἐκ

420 573 815 631 Circumcisus
875 579 1074 627 octavo
1131 571 1248 628 die.
1284 573 1604 628 ostendens
1633 573 1872 628 interim
1903 573 2060 646 quod

417 681 536 720 non
570 663 645 718 sit
677 662 1008 733 proselytus
1033 662 1153 716 sive
1172 661 1414 717 advena.
1443 664 1522 716 Ex
1555 679 1770 734 genere
1805 663 2003 718 lsrael.
2031 683 2060 712 »

418 751 688 808 Ostendit
709 751 865 822 quod
893 767 1084 821 neque
1107 769 1172 804 ex
1205 751 1516 822 proselytis
1542 751 1902 821 parentibus.
1930 773 1958 800 «
1988 757 2061 804 De

417 841 578 898 tribu
605 841 932 908 Beniamin.
967 863 994 888 ››
1026 841 1164 904 Qum
1204 841 1362 895 clara
1395 840 1722 895 habebatur
1777 841 1933 912 apud
1965 841 2064 896 Ju-

420 931 600 986 daeos.
627 954 652 980 ‹‹
681 929 961 984 Hebraeus
984 945 1053 982 ex
1077 929 1356 984 Hebraeis.
1383 951 1411 978 ››
1430 932 1472 983 Α
1499 928 1845 999 majoribus,
1871 929 2067 999 inquit

422 1037 492 1075 ex
523 1019 788 1091 probatis
811 1035 942 1072 sum
963 1018 1180 1073 Judmis
1210 1018 1532 1089 (Contingit
1561 1019 1720 1072 enim
1753 1035 1820 1072 ex
1851 1034 2065 1088 genere

417 1109 600 1164 Israel
631 1125 759 1164 esse
784 1113 839 1162 et
863 1125 982 1162 non
997 1123 1126 1162 esse
1157 1107 1464 1178 Judmum).
1492 1105 1870 1162 «Hebrmus.»
1891 1105 2066 1172 Quasi

420 1199 750 1270 dicatquod
775 1196 849 1252 ad
877 1197 1276 1268 cognitionem
1311 1197 1608 1252 Hebraicaa
1641 1197 1854 1268 linguai
1886 1195 2069 1267 perti-

419 1287 588 1360 gerit.
625 1289 766 1341 Nam
797 1293 1110 1357 postquam
1135 1286 1292 1340 inter
1309 1293 1515 1358 gentes
1534 1285 1784 1356 dispersi
1808 1285 2066 1350 fuerunt,

421 1376 496 1432 ob
515 1375 760 1431 multam
779 1381 1038 1446 paternae
1057 1375 1271 1446 lingum
1289 1375 1705 1445 ignorantiam.
1723 1391 1843 1429 non
1871 1379 2070 1428 exacte

423 1473 710 1522 noverant
739 1467 1066 1538 scripturas
1091 1483 1220 1536 qum
1249 1467 1402 1536 apud
1422 1467 1654 1521 Judmos
1685 1473 1855 1520 erant
1879 1480 2070 1534 neque

427 1557 616 1627 legem
647 1555 858 1625 ipsam.
878 1579 902 1602 (ι
929 1555 1100 1610 Juxta
1115 1555 1302 1628 legem
1321 1555 1675 1610 Pbarisarns.
1695 1577 1723 1604 »
1757 1555 1888 1609 Haec
1913 1558 2074 1608 secta

429 1647 583 1719 apud
615 1647 846 1702 Judazos
868 1647 1028 1703 clara
1053 1655 1195 1702 erat.
1231 1649 1676 1718 Consequenter
1699 1647 1876 1701 etiam
1899 1646 2074 1700 virtu-

431 1741 550 1791 tem
581 1737 762 1790 refert
792 1754 922 1806 qum
955 1755 1024 1792 ex
1057 1737 1358 1791 voluntate
1390 1743 1512 1792 est:
1547 1737 1746 1806 priora
1779 1735 2074 1806 siquidem

2179 574 2370 648 γένους
2413 574 2656 651 Ἰσραήλ.
2687 597 2714 628 ι
2781 577 3048 632 Δείκνυσιν
3105 575 3189 632 ὅτι
3247 575 3374 632 οὐδὶ
3423 575 3484 633 ἐκ
3538 577 3822 652 προσηλῦο

2173 683 2280 716 των
2315 664 2541 738 γονέων.
2576 691 2600 716 ιι
2639 664 2830 734 Φυλῆς
2875 666 3143 740 Βενιαμίν,
3181 691 3207 718 n
3241 670 3354 736 Τῆς
3395 665 3821 740 εὐδοκιμοῦσης,

2173 751 2330 828 φησί,
2389 753 2534 828 παρᾶ
2589 752 2896 816 Ἰουδαίοις.
2959 781 2986 807 ιι
3043 750 3294 830 Ἐϐραῖος
3353 754 3406 826 ἐξ
3463 751 3757 828 Ἰοζϐραίων.
3793 781 3820 808 ιι

2173 845 2432 911 νΑνιυθεν,
2491 842 2647 916 φησί,
2697 849 2804 898 τῶν
2843 841 3145 916 εὐδοκίμων
3194 841 3472 902 Ἰουδαίων
3523 844 3660 918 εἰμί,
3719 841 3820 918 (ἔνι

2173 929 2275 1002 γὰρ
2316 929 2443 984 εἶναι
2503 930 2563 986 ἐκ
2601 928 2787 1006 γένους
2835 931 3078 1010 Ἰσραήλ,
3128 933 3218 988 καὶ
3271 936 3346 1006 μὴ
3409 929 3706 1010 Ἐὅραῖον),
3737 937 3824 1004 τὸ,

2177 1043 2204 1070 α
2239 1015 2512 1094 Ἐϐραῖον,
2549 1044 2578 1073 ››
2654 1023 2728 1085 ὡς
2761 1025 2896 1098 πρὸς
2955 1026 3060 1094 τήν
3120 1021 3325 1094 ε’ίδησιν
3381 1030 3481 1093 τῆς
3541 1019 3826 1097 Ἐϐραῒδος

2175 1106 2430 1184 γλώσσης
2489 1107 2794 1185 δεξάμενος.
2847 1113 2999 1170 Μετᾶ
3053 1113 3157 1188 γὰρ
3214 1114 3275 1168 τὸ
3329 1116 3740 1184 κατασπαρῆναι
3775 1113 3824 1167 ἐν

2177 1201 2296 1258 τοῖς
2342 1195 2535 1270 ἔθνεσι,
2576 1199 2764 1274 πολλῇ
2799 1204 2868 1274 τῇ
2899 1203 3088 1275 ἀγνοίᾳ
3114 1208 3214 1270 τῆς
3265 1201 3497 1276 πατρίου
3545 1200 3826 1276 γλώσσης,

2178 1287 2278 1342 οὐκ
2307 1284 2620 1363 ἠκριϐὦντο
2648 1291 2743 1352 τὰς
2785 1293 2929 1364 παρὰ
2989 1291 3276 1354 Ἰουδαίοις
3303 1293 3512 1372 γραφὰς
3573 1291 3698 1347 οῦδὲ
3731 1293 3824 1347 τὸν

2177 1378 2344 1450 νόμον
2400 1379 2587 1436 αὐτόν.
2643 1403 2668 1434 ι
2713 1381 2856 1436 Κατᾶ
2917 1381 3084 1454 νόμον
3145 1387 3465 1457 Φαρισαῖος.
3500 1407 3528 1434 ι»
3576 1383 3642 1438 Ἦ
3675 1380 3834 1436 εὖδὸ-

2180 1485 2343 1536 κιμος
2375 1466 2521 1541 παρὰ
2578 1465 2861 1530 Ἰουδαίοις
2887 1465 3096 1543 α’ίρεσις
3125 1469 3284 1539 αὕτη.
3337 1469 3545 1525 Λοιπὸν
3587 1471 3690 1544 γὰρ
3745 1469 3834 1523 καὶ

2179 1555 2278 1621 τήν
2311 1553 2370 1609 ἐκ
2427 1555 2794 1630 προα-ρέσεως
2851 1557 3048 1632 ἀρετὴν
3108 1557 3278 1634 λέγει·
3340 1560 3406 1615 τα
3463 1559 3566 1635 γὰρ
3619 1563 3834 1628 πρῶτα,

2182 1644 2513 1720 ἀπροαίρετα
2541 1647 2628 1714 ἦν.
2667 1647 2764 1704 Ἐκ
2792 1649 3166 1720 προαιρέσεως
3205 1649 3233 1702 ὁ
3267 1647 3455 1718 ζῆλος,
3497 1648 3836 1722 ἀπροαίρετα

2185 1731 2241 1789 δὲ
2271 1736 2305 1804 ἡ
2337 1737 2634 1810 περιτομὴ,
2675 1735 2735 1792 έκ
2771 1737 2962 1812 γένους
3014 1737 3265 1810 Ἰσραήλ,
3324 1737 3502 1810 φυλῆς
3551 1739 3835 1810 Βενιαμέν,

431 1843 552 1881 non
579 1833 747 1882 erant
774 1828 1126 1882 voluntaria.
1171 1828 1339 1882 Zelus
1371 1827 1489 1882 sive
1547 1827 1845 1881 aamulatio
1875 1843 1946 1880 ex
1975 1842 2074 1879 vo-

2197 1823 2276 1878 ιαὶ
2313 1824 2381 1878 τὰ
2409 1822 2552 1894 ἑξῆς,
2613 1849 2642 1876 (ι
2675 1826 2819 1880 Καεὰ
2873 1826 3061 1896 ζῆλον.
3098 1851 3126 1878 ι»
3157 1829 3310 1884 Ἐστι
3371 1828 3475 1902 γὰρ
3535 1829 3678 1882 εἶναι
3736 1848 3832 1900 μεν

429 1916 658 1972 luntate
680 1923 788 1985 est,
819 1934 992 1988 porro
1015 1917 1348 1972 voluntaria
1371 1934 1490 1972 non
1513 1925 1652 1972 sunt
1679 1915 2074 1982 circumcisio,

436 2019 564 2060 esse
594 2023 663 2060 ex
721 2023 935 2078 genere
991 2007 1192 2072 Israel,
1255 2007 1325 2061 de
1385 2007 1542 2061 tribu
1579 2005 1908 2076 Benjamin,
1967 2011 2080 2060 etc.

439 2117 467 2146 «
497 2097 666 2152 Juxta
692 2097 902 2151 zelum.
933 2117 960 2145 »
995 2098 1137 2150 Nam
1169 2096 1457 2168 contingit
1487 2113 1612 2150 esse
1637 2096 1998 2150 Phariswum
2027 2099 2085 2148 et

437 2201 560 2240 non
592 2185 1020 2241 temulatorem.
1053 2187 1153 2240 94
1185 2186 1355 2240 Juxta
1379 2185 1674 2257 justitiam
1701 2201 1832 2255 qum
1865 2185 1926 2238 in
1959 2183 2084 2254 lege

437 2280 545 2330 est.
579 2275 867 2339 Quoniam
901 2291 1044 2329 sane
1075 2273 1258 2330 Judaei
1293 2291 1528 2346 quoque
1575 2273 2088 2346 persequebantur

433 2364 780 2430 Ecclesiam,
813 2381 934 2418 non
959 2372 1201 2434 pr0pter
1217 2363 1406 2418 zelum
1437 2365 1557 2430 Dei,
1579 2363 1682 2418 sed
1706 2369 1947 2434 propter
1970 2378 2090 2416 am-

2188 1917 2510 1986 Φαρισαῖον,
2542 1913 2606 1967 οὐ
2651 1915 2759 1986 μὴν
2809 1912 3088 1986 ζηλωτήν.
3143 1917 3288 1970 Κατὰ
3341 1913 3685 1986 δικαιοσύνην
3731 1919 3826 1984 τήν

2189 1997 2242 2053 έν
2281 1998 2458 2071 νόμῳ.
2493 1998 2712 2069 Ἐπειδὴ
2747 2001 2838 2055 καὶ
2875 2000 3130 2058 Ἰουδαῖοι
3161 2001 3386 2058 ἐδίωκον
3443 2006 3544 2073 τήν
3601 2003 3840 2075 Ἐκκλη-

2192 2088 2332 2157 σίαν,
2367 2089 2432 2143 οὐ
2466 2086 2554 2144 διὰ
2603 2090 2768 2159 ζῆλον
2833 2095 2989 2160 Θεοῦ,
3050 2091 3196 2148 ἀλλὰ
3247 2091 3336 2148 διὰ
3393 2093 3718 2170 φιλαρχίαν,
3752 2095 3844 2149 καὶ

2192 2184 2352 2234 τοῦτο
2387 2179 2760 2255 ἀσραλίζεται.
2792 2183 2849 2235 Ὁ
2879 2183 2985 2256 γὰρ
3011 2185 3147 2238 κατᾶ
3175 2184 3272 2252 τὴν
3335 2183 3388 2239 έν
3417 2184 3570 2257 νόμῳ
3625 2181 3845 2239 δικαιο-

2195 2268 2360 2337 σΰνην
2395 2267 2680 2342 ἄμεμπτος
2710 2267 2808 2339 ὢν,
2847 2275 2966 2331 πῶς
3024 2269 3084 2325 ἂν
3147 2269 3236 2326 διὰ
3285 2270 3584 2351 φιλαρχίαν
3641 2268 3850 2346 ἔμελλε

2197 2355 2434 2426 διώκειν,
2465 2360 2554 2414 καὶ
2593 2358 2656 2412 οὐ
2685 2359 2821 2414 κατά
2845 2358 3016 2429 ζῆλον
3049 2365 3182 2416 Θεοῦ
3217 2379 3230 2429 ;

431 2461 708 2516 bitiosam
739 2461 1106 2533 principatus
1137 2461 1776 2529 atl‘ectationem,etiam
1811 2461 1919 2516 hac
1950 2465 2114 2532 parte
2137 2475 2197 2512 se
2229 2458 2441 2514 munit.
2465 2459 2574 2524 Qui
2606 2460 2765 2513 enim
2789 2460 2962 2532 juxta
2989 2461 3284 2531 justitiam
3317 2477 3449 2532 quas
3479 2462 3542 2516 in
3591 2461 3719 2534 lege
3749 2470 3837 2516 est

433 2549 976 2623 irreprehensibilis
1033 2557 1174 2617 erat,
1209 2549 1508 2620 quomodo
1569 2549 1696 2604 fieri
1753 2549 2062 2621 potuisset,
2093 2552 2160 2603 ut
2215 2548 2582 2619 principatus
2642 2565 2842 2604 amore
2883 2557 3342 2621 persequeretur
3396 2557 3609 2606 etnon
3641 2567 3714 2606 ex
3745 2551 3848 2606 Dei

439 2640 558 2697 zelo
587 2641 615 2696 ‘I

509 2731 605 2796 lli,
640 2732 756 2784 7-9.
793 2729 900 2784 Sed
928 2745 1049 2800 qua:
1076 2729 1220 2783 mihi
1241 2735 1398 2784 erant
1430 2728 1607 2792 lucra,
1639 2728 1944 2782 arbitratus
1967 2743 2084 2782 sum

429 2827 664 2890 propter
695 2821 968 2877 Christum
1003 2820 1268 2876 damnum
1301 2836 1428 2876 esse.
1482 2821 1800 2890 Quinetiam
1847 2817 2088 2872 arbitror

438 2911 625 2963 omnia
653 2909 915 2964 damnum
947 2925 1076 2978 esse,
1112 2917 1348 2980 propter
1403 2909 1784 2964 emcettentiam
1813 2907 2085 2978 cognitio-

436 3001 522 3054 nis
554 2999 754 3056 Christi
781 3001 909 3054 Jesu
959 3001 1178 3054 Domini
1221 3001 1347 3068 mei,
1391 3006 1624 3068 propter
1655 3014 1812 3068 quem
1843 2998 2090 3051 omnium

438 3091 552 3157 feci
590 3091 876 3159 jacturam
924 3089 1202 3159 habeoque
1224 3105 1330 3158 pro
1359 3089 1788 3158 rejectamentis,
1836 3092 1898 3139 ut
1928 3085 2089 3139 Chri-

440 3186 585 3234 stum
613 3180 979 3248 tucrifaciam,
1013 3187 1180 3248 utque
1227 3181 1475 3248 reperiar
1505 3180 1564 3232 in
1613 3177 1712 3231 illo
1741 3192 1850 3230 non
1889 3175 2090 3228 habens

443 3285 618 3324 meam
653 3269 986 3338 justititiam
1034 3283 1162 3337 qua:
1191 3283 1260 3322 ea:
1291 3268 1405 3336 lege
1434 3273 1532 3334 est,
1565 3266 1656 3322 sed
1693 3281 1810 3319 eam
1868 3280 1988 3334 qua
2017 3267 2092 3316 est

434 3375 542 3428 per
572 3359 731 3426 fidem
764 3357 988 3413 Christi.

517 3448 770 3500 Lucrum
793 3445 937 3499 dicit
968 3462 1098 3515 qua;
1132 3445 1242 3499 sibi
1275 3463 1308 3500 a
1340 3445 1464 3517 lege
1496 3444 1746 3500 collecta
1777 3448 1963 3498 erant.
1985 3442 2093 3495 Ita-

449 3551 564 3606 que
595 3552 714 3588 non
745 3534 1006 3588 detrahit
1051 3533 1192 3604 legi,
1243 3534 1415 3589 veluti
1465 3534 1722 3588 delirant
1769 3540 1828 3588 et
1859 3531 2096 3588 Marcio-

451 3625 642 3680 nistw.
678 3625 858 3678 Porro
881 3638 1220 3693 quanquam
1247 3623 1372 3692 ipsa
1403 3628 1646 3692 propter
1673 3623 1968 3676 Christum
1991 3621 2100 3675 du-

2269 2721 2423 2780 Ἀλλ’
2465 2726 2498 2778 ἃ
2551 2723 2676 2779 τινᾶ
2735 2746 2828 2798 μοι
2881 2727 2947 2795 ἦν
3006 2724 3194 2802 κέρδη,
3251 2731 3418 2783 ταῦτα
3475 2727 3702 2806 ἥγημαι
3759 2728 3848 2786 διὰ

2195 2812 2286 2867 τὸν
2347 2813 2579 2887 Χριστὸν
2640 2813 2860 2887 ζημίαν.
2927 2813 3098 2871 Ἀλλὰ
3158 2815 3252 2888 μέν
3309 2813 3400 2870 οὖν
3459 2817 3552 2872 καὶ
3603 2822 3844 2892 ἠγοῦμαι

2197 2903 2368 2956 πάντα
2401 2902 2600 2974 ζημίαν
2637 2904 2798 2971 εἶναι,
2855 2901 2945 2958 διὰ
3001 2906 3064 2959 τὸ
3124 2905 3393 2980 ὑπερέχον
3451 2913 3552 2976 τῆς
3589 2907 3836 2980 γνώσεως

2199 2993 2436 3065 Χριστοῦ
2467 2994 2648 3058 Ἰησοῦ
2695 2997 2792 3047 τοῦ
2849 2995 3047 3067 Κυρίου
3110 3011 3254 3066 μου,
3298 2992 3370 3048 δι’
3439 2995 3498 3050 ὃν
3549 2995 3612 3049 τα
3659 2995 3832 3048 πάντα

2199 3079 2559 3152 ἐζημιώθην,
2607 3081 2698 3135 καὶ
2759 3084 3005 3157 ἡγοῦμαι
3089 3079 3336 3138 σκύϐαλα
3387 3084 3526 3138 εἶναι
3579 3085 3672 3138 ’ἱνα
3717 3085 3848 3158 Χρι-

2201 3169 2322 3224 στὸν
2381 3168 2634 3241 κερδήσω
2671 3215 2684 3241 ,
2741 3170 2829 3226 καὶ
2915 3172 3118 3248 εὗρεθῶ
3202 3170 3252 3226 ἐν
3339 3171 3487 3245 αὖτῷ
3570 3175 3650 3247 μή
3705 3169 3852 3252 ἔχων

2201 3258 2338 3332 ἐμήν
2401 3257 2748 3330 δικαιοσύνην
2830 3263 2930 3330 τήν
3013 3261 3072 3317 ἐκ
3143 3263 3336 3336 νόμου,
3405 3261 3554 3318 ἀλλὰ
3611 3264 3713 3332 τήν
3771 3261 3861 3318 διιὶ

2201 3349 2434 3410 πίστεως
2456 3351 2720 3424 Χριστοῦ.

2281 3441 2496 3511 [ΦΘἸ“.]
2525 3435 2729 3514 Κέρδος
2763 3441 2934 3514 λέγει,
2965 3441 3032 3494 τὰ
3059 3441 3282 3496 ἀπὸτοῦ
3311 3442 3486 3515 νόμου
3513 3441 3858 3518 συλλεγέντα

2209 3527 2374 3599 αὐτῷ.
2404 3535 2560 3583 Ὣστε
2591 3527 2656 3582 οὐ
2687 3527 2893 3599 κακίζει
2949 3529 3043 3583 τὸν
3097 3531 3291 3603 νόμον,
3325 3532 3400 3594 ὡς
3457 3533 3507 3587 οἱ
3565 3532 3675 3588 ἀπὸ
3703 3539 3862 3608 Μαρ-

2209 3616 2406 3678 κίωνος
2439 3616 2726 3691 ληροῦσιν.
2760 3617 2821 3674 Εἰ
2863 3615 2920 3672 δὲ
2957 3617 3048 3672 καὶ
3079 3620 3294 3693 ἡγεῖται
3326 3621 3464 3674 αὐτὰ
3493 3621 3718 3692 ζημίαν,
3753 3622 3862 3700 οὐχ

453 3723 667 3772 cantur
697 3731 824 3770 esse
858 3713 1162 3776 damnum,
1213 3729 1332 3766 non
1390 3712 1740 3782 Simpliciter
1797 3713 1905 3766 hoc
1935 3711 2098 3778 dicit,

458 3807 616 3878 quod
649 3821 776 3861 esse
805 3811 1008 3876 ppsset
1027 3801 1417 3874 improbantis
1444 3801 1632 3873 legem
1657 3817 1670 3856 :
1697 3800 1799 3855 sed
1814 3799 2100 3855 damnum

457 3895 588 3965 ipsa
618 3899 783 3947 vocat
807 3892 1126 3947 collatione
1169 3907 1273 3946 seu
1332 3889 1776 3962 comparatione
1828 3887 1902 3942 ad
1933 3887 2100 3940 Chri-

459 3989 636 4047 stum,
671 3981 828 4050 quod
861 3980 1046 4050 magis
1077 3979 1150 4032 ad
1177 3979 1415 4033 laudem
1449 3977 1593 4049 legis
1647 3977 1856 4042 tendit,
1889 3991 2103 4046 nempe

455 4069 613 4138 quod
645 4069 759 4121 alio
785 4067 961 4121 modo
1015 4083 1134 4120 non
1173 4067 1388 4122 audeat
1418 4083 1548 4121 eam
1582 4082 1788 4121 vocare
1819 4065 2102 4120 damnum

453 4157 570 4212 nisi
609 4156 926 4212 collatione
1001 4171 1106 4210 seu
1164 4157 1608 4227 comparatione
1664 4156 1738 4210 ad
1783 4157 2102 4212 Christum.

455 4270 482 4298 «ι
507 4248 640 4302 Haec
677 4246 995 4301 arbitratus
1027 4261 1179 4300 sum.
1215 4268 1243 4294 »
1289 4245 1350 4298 Si
1389 4245 1590 4300 omnia
1639 4245 1923 4300 damnum
1976 4263 2104 4302 esse

460 4339 648 4404 ducis,
671 4355 704 4394 ο
735 4337 938 4402 Paule,
961 4336 1140 4392 etiam
1161 4336 1288 4408 ipsa
1308 4353 1439 4408 qum
1471 4337 1858 4408 corporaliter
1889 4338 1948 4391 in
1981 4338 2106 4408 lege

461 4437 769 4488 servantur
791 4433 1032 4500 propter
1052 4426 1462 4482 excellentiam
1485 4427 1838 4497 cognitionis
1858 4426 2103 4480 Christi:

2212 3706 2401 3767 ἁπλῶς
2443 3703 2590 3781 λέγει
2632 3711 2818 3774 νοῦτο,
2851 3705 2983 3781 ὅπερ
3017 3706 3076 3762 ἂν
3105 3709 3172 3776 ἦν
3203 3710 3522 3780 κακίζοντος
3545 3713 3636 3766 τὸν
3669 3712 3866 3784 νόμον³

2211 3794 2357 3852 ἀλλὰ
2393 3796 2596 3869 ζημίαν
2646 3795 2784 3850 αὐτὰ
2837 3796 3018 3864 καλεῖ,
3059 3801 3127 3872 τῇ
3159 3798 3296 3873 πρὸς
3325 3800 3552 3874 λριστὸν
3583 3803 3866 3877 συγκρίσει

2211 3884 2300 3938 καὶ
2332 3887 2641 3959 παραθέσει,
2676 3885 2806 3957 ὅπερ
2855 3885 3068 3958 μᾶλλον
3104 3887 3178 3951 εἷς
3209 3888 3482 3965 ἐγκώμιον
3529 3894 3630 3946 τοῦ
3686 3893 3868 3964 νόμου

2211 3972 2379 4041 τελεῖ,
2427 3974 2490 4027 τὸ
2552 3975 2629 4047 μὴ
2663 3973 2850 4038 ἁλλως
2885 3974 3096 4049 τολμᾷν
3133 3979 3335 4049 ζημίαν
3375 3977 3540 4033 αὑτὸν
3569 3978 3778 4048 καλεῖν,
3819 3982 3866 4036 εἰ

2219 4071 2294 4136 μὴ
2351 4065 2420 4135 τῇ
2477 4064 2612 4137 πρὸς
2717 4065 2954 4138 Χριστὸν
3039 4067 3332 4140 παραθέσει
3389 4068 3480 4122 καί
3563 4069 3850 4141 συγκρίσει.

2213 4187 2284 4194 -
2319 4175 2344 4206 ι
2373 4155 2554 4208 Ταῦτα
2583 4148 2825 4227 ἥγημαι.
2861 4177 2890 4205 ››
2947 4155 3102 4227 [ΤοΥ
3157 4157 3434 4231 ΑΥΤΟΥ.]
3467 4157 3523 4214 Ei
3577 4159 3682 4232 ἡγῇ
3709 4155 3856 4210 παν-

2213 4263 2280 4298 τα
2323 4240 2543 4314 ζημίαν,
2573 4241 2617 4294 ὧ
2643 4239 2843 4310 Παῦλε,
2875 4242 2965 4297 καὶ
2999 4241 3131 4297 αὖτᾶ
3178 4242 3246 4298 τὰ
3300 4250 3610 4318 σοματικῶς
3649 4242 3866 4322 φυλατ-

2215 4332 2420 4404 τόμενα
2455 4335 2552 4386 τοῦ
2605 4331 2801 4404 νόμου,
2861 4327 2948 4386 διὰ
3004 4333 3065 4386 τὸ
3099 4328 3448 4409 ὑπερϐάλλον
3479 4339 3580 4400 τῆς
3607 4337 3862 4412 γνώσεως

2217 4423 2482 4496 Χριστοῦ,
2524 4425 2639 4483 πῶς
2699 4419 2874 4498 λέγεις
2927 4421 3108 4491 εὐθὺς,
3163 4419 3237 4477 δι’
3287 4423 3346 4478 ὃν
3397 4425 3570 4480 πάντα
3625 4425 3876 4498 ἐζημιώ-

463 4518 760 4594 quomodo
775 4517 974 4572 statim
997 4516 1164 4579 dicis,
1183 4517 1431 4586 Propter
1450 4531 1626 4586 quem
1651 4515 2083 4587 omniumjactu

2220 4516 2318 4583 θην
2350 4531 2363 4570 :
2399 4512 2460 4567 τὸ
2498 4512 2598 4586 γὰρ
2658 4511 2856 4588 λέγειν,
2919 4513 3294 4585 Ἐζημιώθην,
3359 4514 3459 4570 οὐκ
3496 4513 3610 4570 ἔστι
3671 4516 3876 4590 ζημίαν

459 4627 586 4666 ram
605 4608 738 4665 feci.
755 4609 898 4663 Nam
916 4607 1113 4661 dicere
1129 4606 1422 4660 Jacturam
1441 4605 1697 4672 feci,non
1721 4607 2083 4662 estdamnun

2221 4597 2563 4673 ἀποϐαλεῖν,
2619 4604 2800 4673 (τοῦτο
2866 4601 2972 4676 γὰρ
3032 4602 3246 4674 μᾶλλον
3301 4602 3560 4680 κερδῆσαί
3613 4603 3758 4676 ἐστι,
3817 4609 3880 4662 τὸ

460 4701 718 4771 abjicere
741 4697 874 4770 (hoc
900 4695 1060 4752 enim
1091 4693 1289 4766 potius
1315 4700 1405 4748 est
1422 4693 1650 4750 lucrum
1673 4694 2083 4765 facere,nempt

2221 4690 2645 4764 ἐλευθεριυθῆναι
2729 4689 2977 4763 ζημίας,)
3061 4691 3210 4748 ἀλλὰ
3269 4692 3480 4767 μᾶλλον
3536 4695 3882 4770 πραγμάτων

463 4789 723 4844 adamno
741 4785 1025 4856 liberari);
1044 4783 1146 4840 sed
1163 4783 1357 4855 potius
1375 4783 1766 4854 quarumdam
1797 4783 2002 4838 vilium
2026 4800 2083 4839 re

2223 4779 2522 4836 λυσιτελῶν
2581 4799 2740 4834 τινων
2810 4779 3064 4853 σημαίνει
3115 4777 3402 4855 ἀποϐολήν
3435 4827 3450 4840 .
3503 4788 3626 4846 Πῶς
3679 4783 3779 4838 οὖν
3839 4783 3872 4838 ἃ

467 4893 600 4931 rum
633 4877 1030 4948 abjectionem
1049 4873 1363 4946 significat.
1387 4873 1691 4938 Quomodo
1715 4890 1851 4946 ergo
1882 4889 2018 4928 cum
2048 4890 2078 4929 e

2226 4870 2431 4946 ἥγησαι
2473 4867 2695 4944 ζημίαν,
2724 4873 2891 4926 ταῦτα
2922 4870 3314 4946 ἀποτιθέμενος
3357 4872 3556 4950 λέγεις,
3583 4877 3703 4930 ’Ὁτι
3747 4875 3884 4944 ἐζη-

475 4963 683 5033 abjicis
717 4983 848 5034 quas
877 4966 1044 5020 ducis
1102 4979 1231 5018 esse
1292 4961 1596 5030 damnum,
1646 4964 1772 5018 ais:
1822 4965 2083 5019 Jacturar

2233 4959 2427 5033 μιόθην
2465 4979 2478 5030 ;
2513 4959 2616 5016 Καὶ
2658 4981 2852 5038 φαμεν,
2915 4962 2996 5015 ὅτι
3049 4961 3161 5036 οὐχ
3217 4961 3408 5024 ἁπλῶς
3461 4967 3630 5020 ταῦτα
3688 4965 3888 5040 ἡγεῖτο

475 5051 633 5106 feci?
649 5054 714 5104 Et
732 5053 982 5107 dicimus
999 5053 1154 5124 quod
1177 5068 1296 5106 non
1321 5045 1675 5122 simpliciter
1697 5053 2083 5108 luecdamnut

2233 5047 2456 5122 ζημίαν,
2489 5047 2793 5122 ἀλλὰπρὸς
2852 5050 3134 5126 σύγκρισιν
3192 5049 3536 5126 τελειοτέρας
3590 5059 3692 5122 τῆς
3751 5052 3896 5108 κατα

479 5157 609 5196 e-se
641 5139 911 5196 d.cebat.
944 5143 1046 5196 sed
1079 5141 1152 5195 ad
1190 5141 1696 5213 comparationem
1755 5140 2083 5213 perfectiori

2235 5137 2473 5211 Χριστὸν
2529 5139 2779 5212 γνώσεως
2815 5181 2830 5207 ,
2889 5137 3004 5194 ἐπεὶ
3097 5140 3213 5193 καθ’
3281 5141 3436 5208 αὐτὸ,
3495 5138 3687 5217 κέρδος
3755 5141 3896 5196 αὐτὶ

479 5229 804 5290 secundum
831 5230 1014 5283 Deum
1039 5231 1392 5300 cognitionis
1420 5248 1433 5286 :
1458 5232 1938 5304 quandoquidem
1973 5231 2035 5284 in
2064 5247 2083 5284 ε

2235 5227 2502 5301 ένόμιζεν.
2557 5227 2652 5282 Διὸ
2711 5231 2775 5284 τὸ
2831 5229 2945 5301 μὲν,
3000 5230 3242 5304 ἡγοῦμαι
3296 5230 3499 5303 ζημίαν
3559 5231 3696 5306 πρὸς
3757 5231 3900 5304 σύγ-

481 5325 710 5379 lucrum
742 5336 810 5374 ea
832 5333 960 5372 esse
991 5319 1382 5374 existimabat.
1407 5322 1543 5376 ldeo
1575 5322 1856 5378 damnum
1888 5321 2083 5392 quidet

2235 5339 2410 5393 κρισιν
2441 5323 2546 5374 τῶν
2619 5317 2935 5395 βελτιόνων,
2981 5321 3043 5374 τὸ
3076 5318 3154 5388 δὲ,
3187 5315 3534 5394 ἔζημιώθην,
3577 5325 3698 5386 καθ’
3761 5321 3902 5377 αὖτό

486 5430 612 5468 esse
643 5408 900 5468 arbitror
929 5407 1369 5475 comparatione
1402 5411 1756 5466 meliorum:
1791 5411 1900 5468 feci
1933 5417 2083 5466 aute:

2239 5409 2376 5484 πρὸς
2406 5409 2504 5477 τῆν
2558 5411 2714 5486 φύσιν
2743 5415 2840 5464 τοῦ
2869 5408 3064 5482 νόμου.
3125 5411 3194 5466 Ἤ
3241 5412 3332 5466 καὶ
3369 5417 3532 5468 τοῦτο
3577 5410 3660 5467 δεῖ
3702 5410 3912 5484 ε’πεῖν,

477 5504 774 5575 jacturam
799 5501 860 5553 in
891 5513 954 5552 se
993 5501 1053 5550 et
1083 5495 1277 5565 quoad
1305 5496 1449 5567 legis
1483 5507 1775 5555 naturam.
1809 5507 1923 5556 Aut
1955 5501 2083 5554 etial

2242 5499 2316 5560 ὡς
2349 5497 2409 5554 οὐ
2445 5497 2598 5572 μέλει
2624 5504 2703 5571 τῷ
2745 5499 3010 5572 θεσπεσίῳ
3063 5498 3267 5574 Παύλῳ
3317 5502 3442 5576 περὶ
3499 5499 3734 5576 ἔκλογῆς
3773 5500 3914 5560 Ἐλ-

488 5593 600 5647 hoc
630 5592 825 5648 dicere
851 5591 1076 5661 oportet
1102 5585 1256 5657 quod
1291 5585 1418 5640 divo
1451 5588 1630 5640 Paulo
1670 5607 1808 5644 cura
1857 5607 1978 5645 non
2009 5607 2083 5644 er:

2245 5589 2486 5659 ληνικῶν
2524 5592 2825 5664 ὀνομάτων.
2887 5591 3068 5646 Μόνον
3126 5595 3187 5645 τὸ
3246 5591 3606 5664 ὑποκείμενον
3643 5590 3912 5662 δηλῶσαι

490 5681 562 5736 de
595 5681 886 5754 elegantia
918 5685 974 5734 ct
1017 5675 1376 5750 proprietate
1412 5676 1742 5730 Grmcorum
1803 5679 2083 5734 nominum

2247 5683 2458 5739 σκοπεῖ.
2501 5687 2700 5750 ’Ὠσπερ
2731 5677 2832 5754 γὰρ
2889 5673 3150 5750 ἀλλαχοῦ
3203 5677 3302 5746 τὴν
3351 5675 3595 5750 ἐξουσίαν
3653 5683 3751 5733 τοῦ
3809 5681 3912 5734 θα-
