4096 6194
268 344 433 407 1801
1326 346 1741 408 GOMMENT.
1790 345 1882 405 IN

2042 344 2172 405 [ΞΤ.
2220 346 2324 404 AD
2383 343 2665 406 PHlLlP.
3434 390 3439 397 ι
3546 338 3704 400 1302

262 480 441 535 νάτου
493 480 594 549 τὴν
649 480 813 551 ἡμῶν
868 476 1120 550 δηλῶσαι
1187 477 1383 549 θέλων,
1443 476 1602 535 οὖδὶν
1657 478 1782 553 περὶ
1837 479 1931 547 τήν

2058 479 2159 535 sed
2185 479 2375 535 solum
2410 477 2667 535 intendit
2696 476 3027 549 signiﬁcare
3049 474 3208 545 quod
3248 473 3599 545 proponitur
3630 474 3697 530 ¹⁶.

262 567 425 640 λὲξιν
460 563 841 643 ἠκριϐὠσατο,
874 565 1003 625 ἀλλ’
1032 569 1148 624 ἀντὶ
1207 573 1305 625 τοῦ
1356 569 1552 639 εἶπεῖν,
1604 569 1931 645 ἐτυράννησε

2060 570 2568 636 Quemadmodum
2602 568 2762 625 enim
2793 566 2929 623 alibi
2962 569 3313 637 potestatem
3353 563 3564 619 mortis
3593 580 3701 619 no-

262 658 301 728 ἥ
363 655 655 725 ἐϐιάσατο,
715 658 887 725 εἶπεν,
948 653 1292 715 ἐϐασίλευσεν
1331 704 1345 728 ,
1405 659 1632 732 ὀνόματι
1708 657 1944 736 εὐφήμῳ

258 749 372 818 τήν
400 746 701 829 δῦσφημον
730 746 902 819 αὐτῆς
931 745 1214 823 τυραννίδα
1282 751 1599 822 σημαίνων,
1659 748 1803 804 οὕτω
1860 732 1950 801 καἰ

258 860 393 898 νυν,
428 840 532 909 τὴν
584 832 873 907 ἀποϐολὴν
932 842 1041 894 τῶν
1090 836 1400 911 ἐπιζημίων
1463 838 1708 918 εὔφημον
1764 836 1953 908 οὖσαν,

268 924 428 998 λέξει
462 923 859 1003 παρεδήλωσεν
913 927 1013 983 οὐκ
1070 927 1325 1007 εὐφήμῳ,
1387 927 1550 983 εῐπὼν
1609 926 1948 999 ἐζημιώθην,

264 1042 295 1070 κ
333 1018 577 1091 Ζημίαν.
607 1037 635 1069 ι
692 1016 837 1071 Φασί
857 1037 1000 1079 τινες
1028 1022 1136 1072 τῶν
1185 1018 1493 1091 αἱρετικῶν,
1548 1013 1691 1072 Ἰδοὺ
1722 1016 1750 1071 6
1779 1016 1948 1088 νόμος

269 1107 457 1181 ζημία
488 1106 601 1162 ἐστὶ
640 1104 736 1161 καί
787 1100 1067 1164 σκύϐαλα.
1130 1109 1251 1167 ΙῙῶς
1318 1104 1413 1160 οὖν
1470 1126 1601 1183 φατε
1656 1106 1759 1160 ὑπὸ
1814 1110 1948 1161 Θεοῦ

273 1196 450 1251 αὐτὸν
485 1193 737 1251 δεδόσθαι
768 1216 784 1265 ;
820 1192 981 1252 Ἀλλ’
1013 1195 1132 1269 δρα,
1189 1192 1288 1249 οὐκ
1344 1194 1482 1263 εἶπε,
1541 1192 1723 1268 Ζημία
1778 1194 1947 1266 ἐστιν,

270 1285 433 1357 ἀλλ’,
466 1289 717 1360 *Ηγημαι
751 1284 913 1341 αὐτὸν
944 1282 1165 1356 ζημίαν.
1216 1283 1317 1338 Καὶ
1362 1284 1464 1362 γὰρ
1496 1289 1613 1347 τοῖς
1666 1288 1747 1357 τῷ
1775 1283 1949 1359 γράμ-

274 1398 418 1449 ματι
491 1372 968 1451 παρακαθημένοις
1026 1375 1118 1429 καὶ
1200 1374 1585 1454 ἀφισταμένοις
1673 1378 1945 1449 Χριστοῦν

272 1467 490 1540 ζημίας
520 1466 730 1538 γίνεται
759 1462 1039 1535 πρόξενος,
1076 1461 1136 1518 οὐ
1168 1464 1315 1537 παρα
1364 1464 1462 1532 τὴν
1507 1462 1709 1518 οἲκείαν
1755 1462 1942 1543 φύσιν,

267 1554 429 1610 ἀλλὰ
461 1555 605 1629 παρᾶ
635 1554 737 1623 τὴν
766 1552 1015 1626 ἀπειρίαν
1043 1558 1152 1609 τῶν
1198 1557 1380 1616 κακῶς
1432 1551 1577 1623 αὐτῴ
1607 1553 1939 1631 χρωμένων.

265 1644 378 1700 Καὶ
408 1643 514 1719 γάρ
542 1640 632 1699 καί
664 1646 883 1717 χρυσοῦ
940 1644 1028 1698 καὶ
1094 1637 1368 1715 μολίϐδου
1416 1640 1813 1717 προκειμένων,
1847 1641 1931 1697 καί

2049 1647 2149 1717 qui
2204 1647 2418 1704 litterm
2476 1646 2786 1703 adhwrent
2842 1651 2900 1700 et
2962 1659 2996 1699 a
3072 1642 3303 1698 Christo
3363 1638 3698 1703 discedunt,

263 1731 518 1807 ἀνάγκης
544 1729 711 1802 οὔσης
743 1725 796 1786 ἔν
830 1735 941 1787 τῶν
973 1729 1072 1787 δύο
1129 1726 1340 1801 λαϐεῖν,
1402 1731 1449 1786 εἰ
1500 1728 1803 1801 ἐπιλέεεταί
1855 1752 1931 1794 τις

2048 1736 2323 1792 damnum
2354 1736 2818 1792 conciliat:non
2876 1751 2947 1790 ex
3002 1732 3242 1805 prOpria
3299 1735 3514 1786 natura
3594 1726 3699 1784 sed

264 1823 370 1877 τὸν
421 1817 718 1897 μόλιϐδον,
783 1823 986 1896 ζημίαν
1044 1822 1332 1892 πέπονθεν,
1392 1824 1457 1877 οὐ
1509 1825 1608 1879 τοῦ
1670 1818 1931 1894 μολίϐδου

2048 1832 2288 1898 propter
2320 1826 2560 1881 illorum
2620 1825 2918 1881 inscitiam
2977 1823 3077 1894 qui
3136 1822 3264 1893 ipsa
3310 1819 3460 1876 male
3518 1825 3700 1873 utun-

2060 666 2196 714 stras
2246 660 2580 733 signiﬁcare
2631 658 2834 713 volens
2892 655 3041 709 nihil
3115 657 3386 709 accurate
3470 651 3701 708 locutus

2058 749 2156 803 95
2191 755 2279 803 est
2314 767 2327 804 :
2362 748 2467 803 sed
2498 764 2631 803 cum
2683 744 2999 801 dicendum
3049 742 3277 798 fuisset.
3312 740 3706 812 'l‘yrannidem

2059 839 2345 902 exercuit,
2377 844 2479 894 aut
2510 838 2629 893 vim
2670 836 2882 892 intulit
2929 835 3047 890 ait:
3083 833 3367 906 Regnavit
3396 832 3457 899 η,
3488 829 3712 902 plausi-

2056 927 2159 983 bili
2194 930 2437 985 nomine
2468 928 2789 984 infaustam
2832 925 2991 980 illius
3039 922 3383 996 signiﬁcans
3442 917 3709 991 tyranni-

2056 1018 2305 1075 dem.lta
2326 1024 2387 1075 et
2415 1035 2574 1074 nunc
2591 1017 2988 1087 abjectionem
3019 1014 3360 1069 nocivorum
3393 1027 3526 1083 qua;
3547 1009 3704 1066 favo-

2054 1108 2262 1164 rabilis
2275 1108 2653 1173 est,dictione
2666 1124 2786 1162 non
2802 1103 3109 1161 favorabili
3123 1099 3703 1175 designavit,dicens:

2054 1198 2185 1253 Feci
2209 1199 2526 1269 jacturam.
2566 1221 2586 1246 σ
2632 1194 3229 1253 Damnum.»Dicunt
3256 1191 3499 1263 quidam
3518 1191 3705 1245 haere-

2052 1287 2152 1341 tici
2188 1305 2200 1342 :
2228 1289 2374 1343 Ecce
2399 1287 2494 1342 lex
2512 1287 2798 1343 damnum
2823 1291 2912 1340 est
2932 1289 2991 1340 et
3040 1285 3470 1357 rejectamenta
3503 1296 3516 1334 :
3551 1296 3701 1351 quo-

2055 1375 2229 1431 modo
2259 1393 2396 1448 ergo
2427 1376 2625 1432 dicitis
2672 1377 2862 1447 ipsam
2893 1392 2927 1431 a
2973 1374 3091 1429 Dco
3145 1372 3343 1428 datam
3374 1386 3502 1426 esse
3532 1369 3559 1425 ?
3589 1368 3703 1424 Sed

2052 1468 2453 1523 animadverte
2514 1468 2672 1539 quod
2730 1483 2851 1522 non
2909 1465 3146 1531 dixerit,
3220 1465 3513 1519 Damnum
3590 1466 3699 1526 est,

2050 1557 2174 1624 sed,
2207 1557 2543 1613 Arbitratus
2602 1572 2733 1612 sum
2767 1555 3052 1611 damnum
3114 1569 3263 1608 esse.
3323 1553 3556 1607 Etenim
3607 1548 3700 1604 his

173 4542 178 4546 .
272 4500 578 4554 πιστεῦσαι.

268 1911 437 1989 φύσει
471 1912 677 1984 ζημίας
708 1908 899 1982 οὔσης,
930 1908 1077 1967 ἆλλά
1105 1915 1174 1986 τῇ
1205 1915 1303 1967 τοῦ
1364 1911 1646 1988 βελτίονος
1696 1911 1936 1967 ἀποστε-

273 2003 462 2077 ρήσει.

2046 1921 2156 1970 tur.
2194 1916 2496 1987 Siquidem
2527 1916 2703 1970 etiam
2736 1930 2881 1970 auro
2912 1919 2970 1968 et
3001 1910 3244 1984 plumbo
3286 1916 3420 1981 post
3462 1908 3694 1980 positis,

2044 2003 2145 2058 ubi
2175 2020 2419 2060 necesse
2448 2005 2527 2060 sit
2549 2003 2747 2075 lunum
2788 2020 2818 2059 e
2867 2000 3098 2058 duobus
3154 2000 3389 2071 eligere,
3451 1998 3500 2052 si
3559 1998 3693 2069 quis

271 2090 596 2164 plumbum
628 2091 895 2164 elegerit,
928 2091 1213 2147 damnum
1243 2108 1452 2164 passus
1483 2098 1572 2148 est
1603 2108 1761 2149 :non
1794 2092 1953 2165 quod
1983 2091 2268 2148 damnum
2301 2094 2377 2149 sit
2397 2110 2467 2149 ex
2496 2099 2708 2149 natura
2738 2091 3012 2165 plumbit,
3045 2088 3148 2145 sed
3179 2088 3252 2144 ob
3305 2087 3692 2158 privationem

271 2181 415 2253 ejus
446 2180 605 2253 quod
635 2182 852 2236 melius
883 2186 992 2237 est.

339 2270 545 2328 Τοίνυν
568 2271 657 2325 οιαὶ
688 2271 716 2325 6
745 2269 943 2344 νόμος,
975 2270 1021 2325 εὶ
1056 2272 1151 2344 μὲν
1179 2290 1262 2333 τις
1314 2268 1463 2343 αἶ)τῷ
1516 2273 1797 2346 χρήσαιτο
1855 2272 1932 2334 ὡς

263 2358 384 2429 δεῖ,
415 2356 609 2433 κέρδος
660 2357 792 2415 ἐστί.
851 2360 1071 2433 Χριστῷ
1123 2357 1225 2435 γάρ
1283 2357 1659 2434 παραπέμπει.
1716 2360 1779 2418 Ὀ
1829 2359 1933 2437 γάρ

262 2447 588 2520 νομοθέτης
619 2450 831 2516 Μωσῆς
860 2447 984 2521 περὶ
1014 2451 1118 2503 τοῦ
1172 2451 1418 2521 Χριστοῦ
1475 2447 1641 2504 εἰπὼν
1672 2448 1757 2503 ’ὀτι
1786 2469 1932 2520 προ-

266 2541 459 2615 φήτην
494 2537 623 2609 ὑμῖν
654 2536 940 2607 ἀγαπήσει
998 2536 1074 2599 ὡς
1127 2535 1246 2610 ἐμὲ,
1305 2537 1380 2598 ὡς
1438 2536 1536 2611 ἰμὶ
1588 2534 1667 2607 δὲ,
1731 2534 1823 2592 διά
1876 2557 1934 2593 τε

266 2628 379 2695 τήν
441 2626 611 2700 σάρκα
666 2627 757 2681 καὶ
806 2627 907 2696 τήν
982 2624 1272 2699 μεσιτείαν,
1331 2628 1478 2681 εἶπεν
1564 2625 1728 2682 αὐτοῦ
1821 2623 1931 2681 δεῖν

272 2714 516 2773 ἀκούειν.
576 2715 642 2772 Εἰ
693 2712 751 2771 δὶ
808 2720 887 2789 τῷ
942 2716 1230 2791 γράμματι
1286 2715 1666 2793 παρακαθίσει,
1726 2715 1929 2788 ζημίας

268 2803 702 2885 ἐστὶπρόιρασις.
736 2808 919 2861 Ταῦτα
972 2804 1064 2861 καὶ
1122 2804 1247 2880 περὶ
1302 2809 1420 2878 τοῦ,
1474 2806 1744 2882 Ἠγοῦμαι
1800 2805 1929 2859 σκό-

271 2888 422 2948 ϐσλα
453 2896 612 2964 εἶναι,
642 2900 785 2950 νοεῖν
809 2891 978 2971 ἔχεις.
1032 2895 1136 2952 Καὶ
1187 2900 1406 2966 πρῶτον
1470 2896 1567 2967 μὲν
1626 2893 1794 2948 εἰπεῖν
1827 2889 1929 2958 ἔνι,

2113 2274 2318 2344 Itaque
2349 2278 2408 2328 et
2450 2273 2568 2336 lex.
2612 2272 2661 2328 si
2692 2272 2827 2343 quis
2872 2288 2942 2327 ea
2971 2277 3177 2325 utatur
3213 2274 3280 2324 ut
3303 2270 3559 2339 oportet,
3602 2265 3691 2320 lu-

2046 2378 2213 2418 crum
2239 2368 2329 2418 est
2362 2379 2375 2417 :
2410 2379 2549 2418 nam
2579 2361 2654 2418 ad
2684 2360 2983 2416 Christum
3032 2358 3404 2415 transmittit.
3439 2356 3696 2429 Legisla-

2044 2457 2138 2507 tor
2160 2453 2321 2508 enim
2353 2453 2545 2509 Moses
2574 2451 2645 2506 de
2703 2451 2935 2506 Christo
2976 2450 3214 2505 dicens:
3242 2448 3287 2520 ξι(
3340 2447 3696 2518 Prophetam

2044 2541 2356 2598 suscitabit
2385 2541 2546 2597 vobis
2580 2542 2732 2596 Deus
2762 2545 3046 2611 tanquam
3077 2556 3173 2594 me
3206 2537 3254 2573 ²⁰
3303 2559 3332 2587 ››
3390 2538 3694 2606 (tanquam

2042 2647 2136 2685 me
2166 2615 2410 2703 propter
2462 2646 2701 2687 carnem
2760 2634 2817 2682 et
2872 2626 3218 2681 mediatoris
3276 2623 3582 2689 ofﬁcium),
3609 2623 3693 2675 ait

2041 2726 2313 2791 Oportere
2341 2721 2538 2789 ipsum
2569 2717 2807 2771 audire:
2830 2715 2889 2769 Si
2919 2730 3055 2768 vero
3110 2713 3321 2767 litteras
3378 2712 3689 2775 inhazreat,

2041 2808 2243 2862 damui
2274 2806 2505 2860 occasio
2518 2804 2769 2858 est.Hazc
2792 2818 3030 2872 quoque
3053 2799 3126 2854 de
3140 2816 3209 2855 eo
3222 2800 3380 2871 quod
3403 2800 3693 2871 sequitur,

2043 2895 2239 2948 Habeo
2297 2909 2403 2963 pro
2454 2890 2920 2961 rejectamentis,
2979 2888 3307 2962 intelligere
3348 2889 3587 2961 poteris.
3622 2890 3693 2943 Et

266 2981 353 3039 ὅτι
388 2984 453 3039 οὐ
484 2984 728 3060 περὶτοῦ
772 2985 944 3057 νόμου
973 2986 1057 3052 τὸ,
1092 2979 1373 3051 Σκύϐαλα,
1407 2984 1580 3050 εἶπεν,
1637 2978 1783 3035 ἆλλᾶ
1839 2977 1930 3033 καὶ

380 3072 395 3084 .
457 3075 483 3084 -
768 3076 796 3084 -
1082 3070 1093 3084 .
1288 3071 1353 3084 ...
1419 3067 1461 3084 κ.
1602 3068 1617 3084 ι
1781 3066 1795 3084 ς
1896 3071 1923 3082 -

2045 2982 2305 3052 primum
2328 2978 2569 3051 quidem
2592 2979 2706 3035 dici
2727 2984 2922 3050 potest
2948 2977 3106 3049 quod
3130 2994 3247 3033 non
3279 2978 3350 3033 de
3370 2977 3495 3045 lege
3537 2977 3695 3033 dixe-

270 3072 398 3142 περὶ
420 3075 526 3124 τῶν
558 3076 839 3143 κοσμικῶν
871 3070 1228 3144 πραγμάτων.
1288 3071 1357 3126 Ei
1415 3067 1473 3124 δὲ
1528 3068 1618 3123 καὶ
1672 3066 1799 3141 περὶ
1827 3071 1927 3121 τοῦ

272 3161 469 3233 νόμου,
526 3161 663 3216 κατᾶ
712 3162 812 3228 τήν
856 3167 957 3228 τῆς
1012 3160 1212 3232 ζημίας
1265 3158 1507 3215 διάνοιαν
1565 3161 1780 3230 νοήσεις
1836 3144 1927 3214 καὶ

269 3252 437 3305 τοῦτο
482 3246 669 3305 καλόν.
721 3244 984 3305 Σκῦϐαλα
1036 3249 1138 3325 γαρ
1197 3248 1409 3323 εἲρηται
1457 3251 1493 3319 ἡ
1548 3248 1775 3321 καλάμη
1828 3253 1926 3304 τοῦ

273 3339 446 3393 σίτου.
480 3335 640 3395 Ἀλλ’
670 3336 802 3413 ἃχρι
838 3338 932 3410 μὶν
961 3340 1035 3410 μή
1069 3358 1158 3393 πω
1207 3339 1347 3417 φανῇ
1378 3338 1406 3392 6
1466 3343 1638 3408 σῖτος,
1668 3338 1928 3413 ἀναγκαῖα

267 3429 302 3497 ὴ
335 3425 561 3501 καλάμη
598 3427 675 3489 ὡς
708 3429 1081 3501 συντηρητική
1116 3427 1270 3497 οὖσα,
1299 3431 1401 3483 τοῦ
1449 3425 1711 3499 ἐσομένου
1742 3428 1923 3499 σίτου,

265 3517 528 3595 φανέντος
560 3513 639 3585 δὲ,
668 3517 947 3591 ἄχρηστος
1004 3517 1309 3590 ἀνθρώποις
1346 3518 1382 3586 ἡ
1449 3515 1702 3589 καλάμη.
1761 3516 1926 3574 Οῧτω

265 3603 357 3659 καὶ
386 3606 414 3660 ὁ
447 3605 638 3678 νόμος.
671 3611 843 3680 Ἄχρι
880 3604 976 3679 μὶν
1025 3606 1101 3679 μὴ
1130 3607 1547 3679 ἑνηνθρωπήκει
1587 3606 1617 3660 ὁ
1672 3605 1924 3680 Χριστὸς.

270 3692 553 3774 χρειώδης
582 3696 671 3765 ἦν·
726 3693 878 3767 αὖτῷ
942 3694 1047 3770 γὰρ
1105 3695 1452 3769 παρέπεμπε.
1512 3696 1785 3758 Φανὲντος
1844 3692 1925 3765 δὲ,

272 3784 526 3856 περιττὸς
559 3786 684 3838 ὅσον
740 3784 879 3858 πρὸς
933 3783 997 3839 τὸ
1054 3790 1385 3857 σωματικῶς
1446 3783 1804 3864 φυλάττεσθαι
1860 3784 1928 3839 τὰ

274 3870 326 3925 ἓν
364 3871 531 3944 αὐτῷ.
565 3875 665 3929 Ἢν
695 3869 753 3927 δὲ
778 3872 869 3927 καὶ
902 3870 1061 3946 ἃλλῳ
1114 3872 1306 3948 τρόπῳ
1361 3872 1641 3953 χρειώδης
1672 3874 1701 3929 ὁ
1756 3872 1925 3948 νόμος

273 3961 381 4035 πρὸ
421 3962 681 4036 Χριστοῦ.
716 3960 1176 4040 Φιλοσοφώτερος
1236 3964 1332 4036 μὲν
1366 3964 1468 4038 γαρ
1523 3966 1590 4033 ἧν
1641 3969 1751 4019 τῶν
1799 3962 1923 4021 Ἐλ-

274 4048 514 4122 ληνικῶν
598 4048 913 4127 δογμάτων,
971 4051 1285 4128 παχύτερος
1335 4049 1393 4107 δὲ
1451 4056 1552 4118 τῆς
1608 4052 1659 4108 ἐν
1709 4055 1926 4128 Χριστῷ

268 4137 615 4220 ιοιλοσοιρίας.
652 4141 831 4203 Μέσος
892 4139 987 4196 οῦν
1045 4148 1146 4212 τῆς
1184 4139 1616 4217 εἰδωλολατρεία
1670 4142 1761 4197 καὶ
1824 4144 1924 4204 τῆς

270 4230 512 4302 Χριστοῦ
547 4231 783 4291 πίστεως
823 4231 1168 4301 παρεντεθεὶς
1219 4231 1497 4308 ὠφέλησε,
1557 4232 1695 4285 κατὰ
1730 4228 1923 4302 μικρὸν

274 4317 630 4393 ὑπεξαγαγὼν
697 4326 799 4389 τῆς
854 4317 1353 4395 εἷδωλολατρείας,
1413 4321 1504 4374 καὶ
1561 4323 1659 4376 τοῦ
1724 4319 1924 4383 ἐκεῖθεν

273 4406 513 4482 πάχους,
545 4408 634 4461 καὶ
675 4405 1146 4484 ἐπιτηδειοτέρους
1179 4414 1374 4475 ποιῶν,
1429 4412 1649 4483 Χριστῷ
1707 4409 1924 4485 φανέντι

666 4494 815 4554 Ἐπεὶ
876 4497 970 4552 οὗν
1033 4497 1095 4552 τὸ
1155 4497 1354 4552 οἰκεῖον
1439 4497 1773 4571 πεπλήρωκε
1835 4498 1927 4553 καὶ

273 4590 499 4661 Χριστῷ
526 4587 871 4661 παρέπεμψε,
921 4586 1173 4662 περιττὸς
1224 4587 1419 4642 Λοιπὸν
1475 4586 1551 4650 είς
1617 4588 1680 4643 τὸ
1737 4608 1927 4660 σωμα-

266 4680 437 4739 τικῶς
504 4675 895 4753 φυλάττεσθαι,
964 4676 1147 4750 ὥσπερ
1212 4678 1301 4732 καὶ
1387 4673 1540 4732 παιδὲ
1601 4676 1678 4739 είς
1732 4672 1927 4750 ἄνδρας

267 4761 548 4819 τελὲσαντι
576 4767 612 4834 ἡ
655 4762 883 4835 παιδικὴ
938 4764 1102 4836 ἐσθὴς
1159 4766 1248 4821 καὶ
1316 4764 1530 4841 ἀγωγή.
1564 4799 1633 4808 -
1662 4766 1925 4839 ίΟίΚΟΥ-

271 4850 587 4923 ΜΕΝΙΟΥ,]
621 4852 759 4927 Δύνῃ
826 4850 882 4908 δὲ
938 4854 1030 4908 καὶ
1089 4856 1206 4909 κατ’
1238 4853 1383 4911 ἄλλο
1427 4850 1677 4910 σκύϐαλα
1731 4858 1927 4921 νοῆσαι

269 4939 364 4994 τὸν
394 4939 584 5013 νόμον.
639 4940 718 4997 T6
776 4941 880 5018 γὰρ
936 4936 1236 5008 σκύϐαλον,
1292 4940 1578 5013 κτηνώδης
1632 4941 1742 4997 ἐστὶ
1799 4961 1929 5016 τρο-

271 5029 370 5103 φή.
404 5028 507 5085 Καὶ
539 5029 569 5084 6
624 5027 796 5103 νόμος
851 5029 1031 5085 τοίνυν
1093 5030 1229 5103 μετᾶ
1283 5032 1383 5100 τήν
1441 5031 1646 5102 πίστιν,
1705 5028 1925 5107 ἀλογω-

212 5106 215 5109 ’
271 5116 455 5192 τὲροις
535 5117 849 5193 ἀνθρώποις
903 5117 1045 5176 ἐστὶν
1100 5118 1153 5175 ἐν
1213 5117 1606 5197 παραφυλακῇ.
1661 5120 1813 5176 Διατί
1870 5117 1928 5176 δὶ

270 5206 422 5266 ὅλως
452 5206 656 5280 ἥγησαι
686 5206 847 5263 αὐτὸν
913 5209 1115 5283 ζημίαν
1167 5209 1259 5265 καὶ
1305 5203 1572 5277 σκύϐαλα,
1606 5210 1651 5264 ὦ
1696 5209 1877 5266 Παῦλε
1910 5230 1924 5279 ;

272 5295 355 5350 ὅτι
388 5295 479 5351 ἐπὶ
508 5295 683 5352 πολὺν
716 5297 920 5376 χρόνον
948 5297 1041 5368 ὶζη
1054 5298 1226 5370 μιωσέ
1249 5318 1317 5370 με
1345 5302 1609 5369 Χριστοῦ.
1640 5303 1721 5371 τῷ
1747 5298 1927 5373 γράμ-

274 5405 405 5457 ματι
436 5386 912 5459 παρακαθήμενον,
964 5386 1072 5466 οὐχ
1128 5388 1210 5443 ὃτι
1267 5391 1359 5442 νῦν
1420 5386 1716 5462 ἆζημιοῦτο
1748 5387 1797 5458 ἐξ
1828 5388 1928 5442 αὐ-

268 5477 388 5531 τοῦ.
423 5470 574 5546 ᾜδει
624 5473 728 5552 γὰρ
785 5474 933 5549 αὐτῷ
983 5480 1364 5549 πνευματικῶς
1416 5477 1749 5556 χρήσασθαι,
1779 5474 1928 5532 ἀλλὰ

340 5686 390 5722 ⁸⁸
420 5688 440 5743 l
465 5687 596 5743 Cor.
621 5686 667 5757 Ι,
698 5688 791 5756 22,
819 5685 909 5741 23.
1021 5684 1064 5723 ιθ
1096 5687 1261 5753 Rom,
1294 5700 1347 5753 ν,
1383 5687 1468 5741 it.

2040 3072 2120 3126 rit
2151 3088 2165 3126 :
2191 3071 2654 3143 Rejectamenta,
2687 3070 2791 3125 sed
2813 3069 2884 3125 de
2906 3068 3083 3124 rebus
3102 3068 3421 3124 mundanis
3456 3085 3469 3123 :
3527 3068 3689 3140 quod

2036 3161 2084 3215 si
2115 3160 2292 3216 etiam
2325 3161 2398 3215 de
2425 3160 2744 3232 lege,juxta
2763 3174 3004 3215 sensum
3027 3159 3127 3230 qui
3149 3158 3222 3214 de
3269 3158 3487 3214 damno
3507 3158 3682 3213 datus

2036 3256 2145 3309 est.
2176 3249 2510 3323 intelliges:
2546 3256 2603 3304 et
2634 3250 2743 3304 hoc
2776 3247 3091 3320 pulchrum
3121 3252 3230 3303 est.
3262 3249 3407 3303 Nam
3438 3249 3681 3318 rejecta-

2035 3346 2239 3395 menta
2267 3339 2425 3395 dicta
2455 3344 2592 3394 sunt
2616 3338 2792 3394 tritici
2807 3337 3041 3394 culmus
3064 3337 3198 3393 :sed
3238 3337 3379 3393 dum
3410 3338 3679 3393 nondum

2035 3436 2281 3501 apparet
2313 3429 2597 3487 triticum.
2628 3428 3003 3483 necessarius
3024 3433 3114 3482 est
3134 3427 3679 3499 culmustanquam

2033 3521 2214 3577 futuri
2244 3520 2423 3577 tritici
2468 3520 2908 3576 conservativus
2942 3536 2955 3574 :
2986 3520 3087 3575 ubi
3143 3536 3278 3575 vero
3317 3521 3678 3593 apparuerit,

2034 3611 2265 3668 inutilis
2286 3618 2376 3668 est
2414 3611 2646 3667 culmus
2676 3611 3040 3667 hominibus.
3074 3612 3160 3666 Ita
3188 3612 3241 3666 ei
3300 3611 3434 3667 lex:
3492 3612 3679 3668 donec

2034 3702 2446 3758 incarnaretur
2486 3702 2753 3758 Christus
2812 3707 2938 3757 erat
2968 3701 3153 3769 utilis,
3186 3718 3327 3756 nam
3357 3702 3431 3757 ad
3480 3703 3679 3773 ipsum

2033 3792 2474 3848 transmittebat
2520 3810 2533 3847 :
2586 3808 2721 3847 cum
2782 3797 2982 3845 autem
3042 3790 3167 3860 jam
3225 3790 3519 3861 apparuit,
3570 3808 3676 3846 su-

2033 3882 2263 3955 perflua
2294 3889 2383 3937 est
2412 3887 2702 3952 quantum
2729 3880 2804 3934 ad
2835 3880 2946 3933 hoc
2977 3878 3135 3949 quod
3166 3884 3256 3933 est
3294 3879 3681 3951 corporaliter

2033 3970 2332 4026 observari
2355 3985 2487 4039 quae
2518 3969 2581 4022 in
2603 3984 2673 4022 ea
2698 3972 2856 4022 sunt.
2883 3970 3015 4020 Erat
3043 3972 3241 4022 autem
3271 3973 3329 4022 et
3359 3967 3472 4023 alio
3502 3969 3677 4025 modo

2033 4058 2195 4112 utilis
2218 4057 2313 4110 lex
2343 4060 2479 4109 ante
2516 4054 2836 4109 Christum.
2869 4054 3101 4109 Etenim
3128 4054 3261 4126 plus
3291 4055 3532 4126 quidem
3585 4073 3678 4113 sa-

2034 4144 2273 4215 pientiae
2303 4142 2560 4199 habebat
2601 4160 2780 4214 quam
2825 4144 3161 4198 Graecorum
3193 4144 3487 4217 dogmata.
3519 4163 3677 4202 cras-

2035 4233 2156 4287 sior
2184 4237 2382 4287 autem
2415 4237 2541 4287 erat
2571 4248 2747 4304 quam
2778 4231 3179 4303 philosophia.
3202 4250 3333 4304 qua;
3366 4234 3428 4289 in
3446 4234 3677 4290 Christo

2035 4326 2141 4376 est.
2176 4320 2365 4376 Media
2415 4320 2613 4391 itaque
2664 4321 2819 4376 inter
2865 4319 3263 4377 idololatriam
3293 4327 3352 4377 et
3389 4322 3563 4378 ﬁdem
3616 4324 3678 4378 in

1957 4394 2001 4455 ί)
2033 4410 2331 4465 Christum
2353 4410 2698 4481 interposita
2711 4409 3206 4480 juvabat,sensim
3246 4411 3318 4466 ab
3342 4410 3681 4468 idololatria

2036 4499 2396 4561 subducens.
2448 4505 2506 4554 et
2551 4516 2587 4555 a
2641 4500 2912 4555 crassitie
2977 4517 3109 4571 qum
3168 4501 3306 4557 inde
3373 4508 3553 4557 erat:
3622 4508 3681 4557 et

2033 4589 2292 4661 aptiores
2321 4587 2576 4645 reddens
2605 4596 2668 4645 ut
2711 4590 3021 4661 apparenti
3074 4590 3304 4646 Christo
3344 4591 3675 4648 crederent.

2035 4678 2137 4733 96
2167 4678 2456 4743 Quoniam
2489 4694 2626 4750 ergo
2659 4677 2817 4749 quod
2851 4694 3026 4733 suum
3084 4684 3212 4735 erat
3249 4679 3586 4750 complevit,
3618 4686 3680 4736 et

2035 4766 2109 4822 ad
2139 4768 2436 4823 Christum
2468 4767 3108 4838 transmisit,deinceps
3132 4768 3360 4824 inutilis
3381 4775 3440 4824 et
3468 4786 3677 4842 super-

2035 4856 2155 4911 ﬂua
2184 4862 2277 4912 est
2294 4857 2366 4912 ad
2392 4857 2504 4912 hoc
2525 4864 2590 4912 ut
2604 4856 2993 4928 corporaliter
3013 4857 3385 4914 observetur:
3403 4861 3681 4931 quemad-

2036 4943 2280 4999 modum
2306 4950 2366 4999 et
2394 4962 2599 5017 puero,
2630 4946 2732 5002 ubi
2763 4945 2837 5000 ad
2868 4945 3100 5002 virilem
3151 4949 3482 5018 pervenerit
3537 4956 3677 5008 mla-

2038 5038 2177 5100 tem,
2210 5033 2437 5105 puerile
2481 5034 2902 5091 vestimentum
2933 5041 3035 5090 aut
3091 5035 3381 5094 educatio.
3413 5068 3481 5079 —
3503 5040 3679 5098 Potes

2036 5128 2235 5178 autem
2267 5129 2325 5178 et
2347 5123 2519 5189 juxta
2547 5123 2710 5178 aliud
2739 5123 3091 5196 intelligere,
3123 5124 3313 5198 legem
3356 5144 3487 5184 esse
3525 5129 3678 5199 reje-

2036 5217 2353 5267 ctamenta.
2385 5212 2529 5267 Nam
2556 5211 3047 5283 rejectamentum
3078 5221 3178 5271 aut
3203 5215 3373 5288 palea
3394 5217 3559 5273 cibus
3589 5219 3680 5270 est

2028 5303 2462 5374 jumentorum.
2495 5303 2563 5358 Et
2586 5302 2673 5358 lex
2710 5303 2908 5374 itaque
2940 5311 3074 5376 post
3102 5306 3281 5363 ﬁdem
3313 5302 3681 5362 irrationabi-

2036 5391 2195 5446 libus
2226 5390 2569 5446 hominibus
2600 5391 2660 5448 in
2690 5391 3060 5452 observantia
3089 5402 3199 5452 est.
3234 5397 3443 5449 Verum
3493 5408 3676 5462 quare

2034 5480 2282 5535 omnino
2307 5480 2525 5536 duxisti
2548 5496 2679 5538 eam
2692 5498 2821 5539 esse
2837 5482 3122 5542 damnum
3143 5482 3337 5554 autrej
3348 5485 3681 5541 ectamenta

1570 5684 1616 5719 ³ο
1646 5686 1810 5742 Deut.
1839 5702 1990 5757 xvm,
2027 5688 2111 5743 15.
