  <div class='ocr_page' id='page_1' title='image "/cluster/home/n/w/nwhite01/storage/ocr_20150623/118/hvd.32044073502247/657.png"; bbox 0 0 4096 6194; ppageno 0'>
   <div class='ocr_carea' id='block_1_1' title="bbox 447 332 613 393">
    <p class='ocr_par' dir='ltr' id='par_1_1' title="bbox 447 332 613 393">
     <span class='ocr_line' id='line_1_1' title="bbox 447 332 613 393; baseline 0.012 -2"><span class='ocrx_word' id='word_1_1' title='bbox 447 332 613 393; x_wconf 72' lang='grc'>1303</span> 
     </span>
    </p>
   </div>
   <div class='ocr_carea' id='block_1_2' title="bbox 1542 332 2725 399">
    <p class='ocr_par' dir='ltr' id='par_1_2' title="bbox 1542 332 2725 399">
     <span class='ocr_line' id='line_1_2' title="bbox 1542 332 2725 399; baseline -0.001 -3"><span class='ocrx_word' id='word_1_2' title='bbox 1542 333 1969 399; x_wconf 63' lang='grc' dir='ltr'>ΈΠῸΜΕΝΙΙ</span> <span class='ocrx_word' id='word_1_3' title='bbox 2019 332 2329 396; x_wconf 67' lang='grc' dir='ltr'>ΤΒΙιΣΟιΕ</span> <span class='ocrx_word' id='word_1_4' title='bbox 2375 333 2725 395; x_wconf 80' lang='lat' dir='ltr'><strong>EPISCOPI</strong></span> 
     </span>
    </p>
   </div>
   <div class='ocr_carea' id='block_1_3' title="bbox 3722 340 3871 401">
    <p class='ocr_par' dir='ltr' id='par_1_3' title="bbox 3722 340 3871 401">
     <span class='ocr_line' id='line_1_3' title="bbox 3722 340 3871 401; baseline 0.007 -1"><span class='ocrx_word' id='word_1_5' title='bbox 3722 340 3871 401; x_wconf 61' lang='grc' dir='ltr'>μοι</span> 
     </span>
    </p>
   </div>
   <div class='ocr_carea' id='block_1_4' title="bbox 451 461 2112 541">
    <p class='ocr_par' dir='ltr' id='par_1_4' title="bbox 451 461 2112 539">
     <span class='ocr_line' id='line_1_4' title="bbox 451 461 2112 539; baseline 0 -18"><span class='ocrx_word' id='word_1_6' title='bbox 451 483 484 521; x_wconf 93' lang='lat' dir='ltr'>o</span> <span class='ocrx_word' id='word_1_7' title='bbox 520 463 702 518; x_wconf 84' lang='lat' dir='ltr'>Paule</span> <span class='ocrx_word' id='word_1_8' title='bbox 731 461 931 528; x_wconf 84' lang='lat' dir='ltr'><strong>?Quia</strong></span> <span class='ocrx_word' id='word_1_9' title='bbox 989 463 1065 518; x_wconf 88' lang='lat' dir='ltr'>ad</span> <span class='ocrx_word' id='word_1_10' title='bbox 1117 464 1374 520; x_wconf 89' lang='lat' dir='ltr'><strong>multum</strong></span> <span class='ocrx_word' id='word_1_11' title='bbox 1416 470 1653 539; x_wconf 85' lang='lat' dir='ltr'>tempus</span> <span class='ocrx_word' id='word_1_12' title='bbox 1698 485 1834 525; x_wconf 90' lang='lat' dir='ltr'>cum</span> <span class='ocrx_word' id='word_1_13' title='bbox 1893 469 2112 525; x_wconf 84' lang='lat' dir='ltr'><strong>damno</strong></span> 
     </span>
    </p>
   </div>
   <div class='ocr_carea' id='block_1_5' title="bbox 2223 461 3868 541">
    <p class='ocr_par' dir='ltr' id='par_1_5' title="bbox 2223 461 3868 541">
     <span class='ocr_line' id='line_1_5' title="bbox 2223 461 3868 541; baseline 0.003 -22"><span class='ocrx_word' id='word_1_14' title='bbox 2223 464 2344 536; x_wconf 82' lang='grc' dir='ltr'>περὶ</span> <span class='ocrx_word' id='word_1_15' title='bbox 2374 470 2474 533; x_wconf 82' lang='grc' dir='ltr'>τῆς</span> <span class='ocrx_word' id='word_1_16' title='bbox 2508 464 2709 539; x_wconf 79' lang='grc' dir='ltr'>ζημίας</span> <span class='ocrx_word' id='word_1_17' title='bbox 2739 462 2948 533; x_wconf 77' lang='grc' dir='ltr'>ἐκείνης</span> <span class='ocrx_word' id='word_1_18' title='bbox 3010 461 3167 540; x_wconf 72' lang='grc' dir='ltr'>φησὶ,</span> <span class='ocrx_word' id='word_1_19' title='bbox 3222 471 3324 535; x_wconf 82' lang='grc' dir='ltr'>τῆς</span> <span class='ocrx_word' id='word_1_20' title='bbox 3369 468 3477 541; x_wconf 84' lang='grc' dir='ltr'>πρὸ</span> <span class='ocrx_word' id='word_1_21' title='bbox 3504 474 3610 537; x_wconf 79' lang='grc' dir='ltr'>τῆς</span> <span class='ocrx_word' id='word_1_22' title='bbox 3637 468 3868 534; x_wconf 74' lang='grc' dir='ltr'>πίστεως</span> 
     </span>
    </p>
   </div>
   <div class='ocr_carea' id='block_1_6' title="bbox 450 550 2113 627">
    <p class='ocr_par' dir='ltr' id='par_1_6' title="bbox 450 550 2113 627">
     <span class='ocr_line' id='line_1_6' title="bbox 450 550 2113 627; baseline 0.001 -20"><span class='ocrx_word' id='word_1_23' title='bbox 450 551 698 624; x_wconf 77' lang='lat' dir='ltr'>privavit</span> <span class='ocrx_word' id='word_1_24' title='bbox 718 566 811 607; x_wconf 89' lang='lat' dir='ltr'>me</span> <span class='ocrx_word' id='word_1_25' title='bbox 836 550 1312 609; x_wconf 70' lang='lat' dir='ltr'><strong>ChristoJitteraa</strong></span> <span class='ocrx_word' id='word_1_26' title='bbox 1334 555 1737 613; x_wconf 70' lang='lat' dir='ltr'><strong>adhaerentem</strong></span> <span class='ocrx_word' id='word_1_27' title='bbox 1764 575 1777 613; x_wconf 90' lang='lat'>:</span> <span class='ocrx_word' id='word_1_28' title='bbox 1811 574 1931 613; x_wconf 89' lang='lat' dir='ltr'><strong>non</strong></span> <span class='ocrx_word' id='word_1_29' title='bbox 1954 555 2113 627; x_wconf 92' lang='lat' dir='ltr'><strong>quod</strong></span> 
     </span>
    </p>
   </div>
   <div class='ocr_carea' id='block_1_7' title="bbox 457 639 2113 711">
    <p class='ocr_par' dir='ltr' id='par_1_7' title="bbox 457 639 2113 711">
     <span class='ocr_line' id='line_1_7' title="bbox 457 639 2113 711; baseline 0.002 -16"><span class='ocrx_word' id='word_1_30' title='bbox 457 657 616 695; x_wconf 90' lang='lat' dir='ltr'><strong>nunc</strong></span> <span class='ocrx_word' id='word_1_31' title='bbox 634 639 854 694; x_wconf 89' lang='lat' dir='ltr'><strong>damno</strong></span> <span class='ocrx_word' id='word_1_32' title='bbox 879 656 947 694; x_wconf 84' lang='lat' dir='ltr'><strong>ex</strong></span> <span class='ocrx_word' id='word_1_33' title='bbox 996 641 1121 711; x_wconf 87' lang='lat' dir='ltr'><strong>ipsa</strong></span> <span class='ocrx_word' id='word_1_34' title='bbox 1145 642 1517 700; x_wconf 85' lang='lat' dir='ltr'><strong>afﬁceretur:</strong></span> <span class='ocrx_word' id='word_1_35' title='bbox 1548 652 1794 702; x_wconf 77' lang='lat' dir='ltr'>noverat</span> <span class='ocrx_word' id='word_1_36' title='bbox 1823 646 1983 701; x_wconf 86' lang='lat' dir='ltr'><strong>enim</strong></span> <span class='ocrx_word' id='word_1_37' title='bbox 2043 661 2113 700; x_wconf 87' lang='lat' dir='ltr'><strong>ca</strong></span> 
     </span>
    </p>
   </div>
   <div class='ocr_carea' id='block_1_8' title="bbox 451 728 2111 807">
    <p class='ocr_par' dir='ltr' id='par_1_8' title="bbox 451 728 2111 807">
     <span class='ocr_line' id='line_1_8' title="bbox 451 728 2111 807; baseline 0.002 -22"><span class='ocrx_word' id='word_1_38' title='bbox 451 728 845 800; x_wconf 82' lang='lat' dir='ltr'><strong>Spiritualiter</strong></span> <span class='ocrx_word' id='word_1_39' title='bbox 874 730 996 786; x_wconf 90' lang='lat' dir='ltr'><strong>uti:</strong></span> <span class='ocrx_word' id='word_1_40' title='bbox 1032 731 1135 785; x_wconf 83' lang='lat' dir='ltr'>sed</span> <span class='ocrx_word' id='word_1_41' title='bbox 1158 732 1231 786; x_wconf 87' lang='lat' dir='ltr'><strong>de</strong></span> <span class='ocrx_word' id='word_1_42' title='bbox 1264 732 1481 790; x_wconf 88' lang='lat' dir='ltr'><strong>damno</strong></span> <span class='ocrx_word' id='word_1_43' title='bbox 1523 735 1627 791; x_wconf 94' lang='lat' dir='ltr'><strong>illo</strong></span> <span class='ocrx_word' id='word_1_44' title='bbox 1654 736 1920 807; x_wconf 89' lang='lat' dir='ltr'><strong>loquitur</strong></span> <span class='ocrx_word' id='word_1_45' title='bbox 1949 732 2111 806; x_wconf 90' lang='lat' dir='ltr'><strong>quod</strong></span> 
     </span>
    </p>
   </div>
   <div class='ocr_carea' id='block_1_9' title="bbox 450 818 2109 897">
    <p class='ocr_par' dir='ltr' id='par_1_9' title="bbox 450 818 2109 897">
     <span class='ocr_line' id='line_1_9' title="bbox 450 818 2109 897; baseline 0.003 -24"><span class='ocrx_word' id='word_1_46' title='bbox 450 820 793 873; x_wconf 83' lang='lat' dir='ltr'><strong>fueratante</strong></span> <span class='ocrx_word' id='word_1_47' title='bbox 818 818 994 874; x_wconf 83' lang='lat' dir='ltr'><strong>ﬁdem</strong></span> <span class='ocrx_word' id='word_1_48' title='bbox 1014 823 1440 878; x_wconf 82' lang='lat' dir='ltr'><strong>suam.Eteuim</strong></span> <span class='ocrx_word' id='word_1_49' title='bbox 1466 833 1779 897; x_wconf 75' lang='lat' dir='ltr'>postquam</span> <span class='ocrx_word' id='word_1_50' title='bbox 1803 831 2109 896; x_wconf 81' lang='lat' dir='ltr'><strong>pertrans-</strong></span> 
     </span>
    </p>
   </div>
   <div class='ocr_carea' id='block_1_10' title="bbox 454 898 2111 985">
    <p class='ocr_par' dir='ltr' id='par_1_10' title="bbox 454 898 2111 985">
     <span class='ocr_line' id='line_1_10' title="bbox 454 898 2111 985; baseline 0.004 -24"><span class='ocrx_word' id='word_1_51' title='bbox 454 906 525 961; x_wconf 92' lang='lat' dir='ltr'><strong>iit</strong></span> <span class='ocrx_word' id='word_1_52' title='bbox 547 907 831 962; x_wconf 83' lang='lat' dir='ltr'>damnum</span> <span class='ocrx_word' id='word_1_53' title='bbox 858 909 1017 979; x_wconf 89' lang='lat' dir='ltr'><strong>quod</strong></span> <span class='ocrx_word' id='word_1_54' title='bbox 1039 898 1417 982; x_wconf 49' lang='lat' dir='ltr'><strong>accepimus,</strong></span> <span class='ocrx_word' id='word_1_55' title='bbox 1444 914 1901 970; x_wconf 83' lang='lat' dir='ltr'>reminiscentes</span> <span class='ocrx_word' id='word_1_56' title='bbox 1921 912 2111 985; x_wconf 86' lang='lat' dir='ltr'>ipsius</span> 
     </span>
    </p>
   </div>
   <div class='ocr_carea' id='block_1_11' title="bbox 456 996 2108 1059">
    <p class='ocr_par' dir='ltr' id='par_1_11' title="bbox 456 996 2108 1059">
     <span class='ocr_line' id='line_1_11' title="bbox 456 996 2108 1059; baseline 0.004 -10"><span class='ocrx_word' id='word_1_57' title='bbox 456 1012 737 1051; x_wconf 81' lang='lat' dir='ltr'><strong>vocamus</strong></span> <span class='ocrx_word' id='word_1_58' title='bbox 804 996 953 1051; x_wconf 92' lang='lat' dir='ltr'><strong>illud</strong></span> <span class='ocrx_word' id='word_1_59' title='bbox 1014 999 1207 1054; x_wconf 90' lang='lat' dir='ltr'><strong>adhuc</strong></span> <span class='ocrx_word' id='word_1_60' title='bbox 1239 1000 1547 1058; x_wconf 83' lang='lat' dir='ltr'>damnum.</span> <span class='ocrx_word' id='word_1_61' title='bbox 1598 1002 1920 1059; x_wconf 84' lang='lat' dir='ltr'>Considera</span> <span class='ocrx_word' id='word_1_62' title='bbox 1950 1002 2108 1056; x_wconf 88' lang='lat' dir='ltr'><strong>enim</strong></span> 
     </span>
    </p>
   </div>
   <div class='ocr_carea' id='block_1_12' title="bbox 457 1085 2106 1164">
    <p class='ocr_par' dir='ltr' id='par_1_12' title="bbox 457 1085 2106 1164">
     <span class='ocr_line' id='line_1_12' title="bbox 457 1085 2106 1164; baseline 0.003 -24"><span class='ocrx_word' id='word_1_63' title='bbox 457 1085 753 1157; x_wconf 86' lang='lat' dir='ltr'><strong>quomodo</strong></span> <span class='ocrx_word' id='word_1_64' title='bbox 787 1103 993 1142; x_wconf 90' lang='lat' dir='ltr'><strong>secure</strong></span> <span class='ocrx_word' id='word_1_65' title='bbox 1016 1086 1267 1143; x_wconf 83' lang='lat' dir='ltr'>dixerit:</span> <span class='ocrx_word' id='word_1_66' title='bbox 1303 1091 1571 1147; x_wconf 76' lang='lat' dir='ltr'>Arbitror</span> <span class='ocrx_word' id='word_1_67' title='bbox 1602 1092 1791 1164; x_wconf 87' lang='lat' dir='ltr'>ipsam</span> <span class='ocrx_word' id='word_1_68' title='bbox 1824 1091 2106 1147; x_wconf 85' lang='lat' dir='ltr'><strong>damnum</strong></span> 
     </span>
    </p>
   </div>
   <div class='ocr_carea' id='block_1_13' title="bbox 461 1176 2108 1252">
    <p class='ocr_par' dir='ltr' id='par_1_13' title="bbox 461 1176 2108 1252">
     <span class='ocr_line' id='line_1_13' title="bbox 461 1176 2108 1252; baseline 0.003 -23"><span class='ocrx_word' id='word_1_69' title='bbox 461 1192 589 1230; x_wconf 89' lang='lat' dir='ltr'><strong>esse</strong></span> <span class='ocrx_word' id='word_1_70' title='bbox 609 1181 852 1247; x_wconf 77' lang='lat' dir='ltr'>propter</span> <span class='ocrx_word' id='word_1_71' title='bbox 878 1176 1292 1234; x_wconf 77' lang='lat' dir='ltr'>excellentiam</span> <span class='ocrx_word' id='word_1_72' title='bbox 1324 1182 1681 1252; x_wconf 77' lang='lat' dir='ltr'>cognitionis</span> <span class='ocrx_word' id='word_1_73' title='bbox 1712 1180 1952 1248; x_wconf 86' lang='lat' dir='ltr'><strong>Christi,</strong></span> <span class='ocrx_word' id='word_1_74' title='bbox 1978 1185 2108 1235; x_wconf 84' lang='lat' dir='ltr'><strong>tan-</strong></span> 
     </span>
    </p>
   </div>
   <div class='ocr_carea' id='block_1_14' title="bbox 458 1264 2106 1339">
    <p class='ocr_par' dir='ltr' id='par_1_14' title="bbox 458 1264 2106 1339">
     <span class='ocr_line' id='line_1_14' title="bbox 458 1264 2106 1339; baseline 0.002 -19"><span class='ocrx_word' id='word_1_75' title='bbox 458 1282 636 1336; x_wconf 88' lang='lat' dir='ltr'><strong>quam</strong></span> <span class='ocrx_word' id='word_1_76' title='bbox 671 1264 930 1320; x_wconf 87' lang='lat' dir='ltr'>diceret:</span> <span class='ocrx_word' id='word_1_77' title='bbox 960 1271 1176 1323; x_wconf 87' lang='lat' dir='ltr'><strong>Natura</strong></span> <span class='ocrx_word' id='word_1_78' title='bbox 1206 1269 1449 1339; x_wconf 89' lang='lat' dir='ltr'><strong>quidem</strong></span> <span class='ocrx_word' id='word_1_79' title='bbox 1480 1271 1768 1327; x_wconf 85' lang='lat' dir='ltr'><strong>damnum</strong></span> <span class='ocrx_word' id='word_1_80' title='bbox 1816 1286 1936 1326; x_wconf 91' lang='lat' dir='ltr'><strong>non</strong></span> <span class='ocrx_word' id='word_1_81' title='bbox 1996 1274 2106 1338; x_wconf 88' lang='lat' dir='ltr'><strong>est,</strong></span> 
     </span>
    </p>
   </div>
   <div class='ocr_carea' id='block_1_15' title="bbox 454 1355 2106 1435">
    <p class='ocr_par' dir='ltr' id='par_1_15' title="bbox 454 1355 2106 1435">
     <span class='ocr_line' id='line_1_15' title="bbox 454 1355 2106 1435; baseline 0.002 -24"><span class='ocrx_word' id='word_1_82' title='bbox 454 1355 558 1411; x_wconf 90' lang='lat' dir='ltr'><strong>sed</strong></span> <span class='ocrx_word' id='word_1_83' title='bbox 592 1373 660 1411; x_wconf 89' lang='lat' dir='ltr'><strong>eo</strong></span> <span class='ocrx_word' id='word_1_84' title='bbox 693 1361 851 1412; x_wconf 86' lang='lat' dir='ltr'><strong>certe</strong></span> <span class='ocrx_word' id='word_1_85' title='bbox 884 1359 1040 1428; x_wconf 90' lang='lat' dir='ltr'><strong>quod</strong></span> <span class='ocrx_word' id='word_1_86' title='bbox 1066 1358 1257 1430; x_wconf 84' lang='lat' dir='ltr'>ipsam</span> <span class='ocrx_word' id='word_1_87' title='bbox 1280 1377 1518 1418; x_wconf 87' lang='lat' dir='ltr'><strong>servans</strong></span> <span class='ocrx_word' id='word_1_88' title='bbox 1532 1380 1652 1418; x_wconf 91' lang='lat' dir='ltr'><strong>non</strong></span> <span class='ocrx_word' id='word_1_89' title='bbox 1679 1360 2106 1435; x_wconf 81' lang='lat' dir='ltr'>cognoscebam</span> 
     </span>
    </p>
   </div>
   <div class='ocr_carea' id='block_1_16' title="bbox 454 1449 2105 1519">
    <p class='ocr_par' dir='ltr' id='par_1_16' title="bbox 454 1449 2105 1519">
     <span class='ocr_line' id='line_1_16' title="bbox 454 1449 2105 1519; baseline 0.002 -16"><span class='ocrx_word' id='word_1_90' title='bbox 454 1449 841 1512; x_wconf 86' lang='lat' dir='ltr'><strong>Christum,in</strong></span> <span class='ocrx_word' id='word_1_91' title='bbox 874 1449 1160 1505; x_wconf 81' lang='lat' dir='ltr'><strong>damnum</strong></span> <span class='ocrx_word' id='word_1_92' title='bbox 1192 1452 1338 1508; x_wconf 90' lang='lat' dir='ltr'><strong>mihi</strong></span> <span class='ocrx_word' id='word_1_93' title='bbox 1370 1454 1524 1509; x_wconf 82' lang='lat' dir='ltr'><strong>facta</strong></span> <span class='ocrx_word' id='word_1_94' title='bbox 1546 1461 1665 1511; x_wconf 85' lang='lat' dir='ltr'><strong>est.‘</strong></span> <span class='ocrx_word' id='word_1_95' title='bbox 1686 1479 1706 1503; x_wconf 77' lang='grc' dir='ltr'>ι</span> <span class='ocrx_word' id='word_1_96' title='bbox 1743 1454 1894 1519; x_wconf 87' lang='lat' dir='ltr'><strong>Quin</strong></span> <span class='ocrx_word' id='word_1_97' title='bbox 1927 1452 2105 1507; x_wconf 88' lang='lat' dir='ltr'><strong>etiam</strong></span> 
     </span>
    </p>
   </div>
   <div class='ocr_carea' id='block_1_17' title="bbox 456 1539 2107 1614">
    <p class='ocr_par' dir='ltr' id='par_1_17' title="bbox 456 1539 2107 1614">
     <span class='ocr_line' id='line_1_17' title="bbox 456 1539 2107 1614; baseline 0.002 -21"><span class='ocrx_word' id='word_1_98' title='bbox 456 1539 728 1594; x_wconf 83' lang='lat' dir='ltr'><strong>arbitror.</strong></span> <span class='ocrx_word' id='word_1_99' title='bbox 768 1561 795 1587; x_wconf 70' lang='grc' dir='ltr'><strong>η</strong></span> <span class='ocrx_word' id='word_1_100' title='bbox 828 1540 1118 1603; x_wconf 84' lang='lat' dir='ltr'><strong>Quoniam</strong></span> <span class='ocrx_word' id='word_1_101' title='bbox 1151 1543 1757 1600; x_wconf 76' lang='lat' dir='ltr'><strong>verbum.Arbitratus</strong></span> <span class='ocrx_word' id='word_1_102' title='bbox 1785 1559 2107 1614; x_wconf 73' lang='lat' dir='ltr'><strong>sum,praa-</strong></span> 
     </span>
    </p>
   </div>
   <div class='ocr_carea' id='block_1_18' title="bbox 457 1628 2108 1703">
    <p class='ocr_par' dir='ltr' id='par_1_18' title="bbox 457 1628 2108 1703">
     <span class='ocr_line' id='line_1_18' title="bbox 457 1628 2108 1703; baseline 0.002 -21"><span class='ocrx_word' id='word_1_103' title='bbox 457 1628 615 1683; x_wconf 89' lang='lat' dir='ltr'><strong>teriti</strong></span> <span class='ocrx_word' id='word_1_104' title='bbox 676 1628 963 1699; x_wconf 89' lang='lat' dir='ltr'><strong>temporis</strong></span> <span class='ocrx_word' id='word_1_105' title='bbox 1019 1631 1135 1685; x_wconf 88' lang='lat' dir='ltr'><strong>vim</strong></span> <span class='ocrx_word' id='word_1_106' title='bbox 1196 1630 1473 1699; x_wconf 87' lang='lat' dir='ltr'>habebat,</span> <span class='ocrx_word' id='word_1_107' title='bbox 1505 1634 1630 1689; x_wconf 90' lang='lat' dir='ltr'><strong>ait:</strong></span> <span class='ocrx_word' id='word_1_108' title='bbox 1677 1634 1840 1701; x_wconf 86' lang='lat' dir='ltr'><strong>Nunc</strong></span> <span class='ocrx_word' id='word_1_109' title='bbox 1871 1647 2108 1703; x_wconf 88' lang='lat' dir='ltr'><strong>quoque</strong></span> 
     </span>
    </p>
   </div>
   <div class='ocr_carea' id='block_1_19' title="bbox 455 1718 2106 1793">
    <p class='ocr_par' dir='ltr' id='par_1_19' title="bbox 455 1718 2106 1793">
     <span class='ocr_line' id='line_1_19' title="bbox 455 1718 2106 1793; baseline 0.001 -20"><span class='ocrx_word' id='word_1_110' title='bbox 455 1718 737 1773; x_wconf 86' lang='lat' dir='ltr'><strong>arbitror.</strong></span> <span class='ocrx_word' id='word_1_111' title='bbox 757 1718 984 1772; x_wconf 87' lang='lat' dir='ltr'><strong>Etenim</strong></span> <span class='ocrx_word' id='word_1_112' title='bbox 1011 1720 1717 1793; x_wconf 73' lang='lat' dir='ltr'><strong>multo,inquit,tempore</strong></span> <span class='ocrx_word' id='word_1_113' title='bbox 1748 1738 1844 1777; x_wconf 91' lang='lat' dir='ltr'>me</span> <span class='ocrx_word' id='word_1_114' title='bbox 1874 1720 2106 1776; x_wconf 78' lang='lat' dir='ltr'><strong>Christo</strong></span> 
     </span>
    </p>
   </div>
   <div class='ocr_carea' id='block_1_20' title="bbox 454 1806 2182 1902">
    <p class='ocr_par' dir='ltr' id='par_1_20' title="bbox 454 1806 2182 1902">
     <span class='ocr_line' id='line_1_20' title="bbox 454 1806 2182 1902; baseline 0.002 -41"><span class='ocrx_word' id='word_1_115' title='bbox 454 1806 853 1879; x_wconf 81' lang='lat' dir='ltr'><strong>privavit,non</strong></span> <span class='ocrx_word' id='word_1_116' title='bbox 884 1809 1123 1879; x_wconf 89' lang='lat' dir='ltr'><strong>propria</strong></span> <span class='ocrx_word' id='word_1_117' title='bbox 1165 1810 1520 1879; x_wconf 88' lang='lat' dir='ltr'><strong>intentione,</strong></span> <span class='ocrx_word' id='word_1_118' title='bbox 1554 1819 1621 1866; x_wconf 91' lang='lat' dir='ltr'>ut</span> <span class='ocrx_word' id='word_1_119' title='bbox 1650 1812 1783 1883; x_wconf 89' lang='lat' dir='ltr'><strong>quis</strong></span> <span class='ocrx_word' id='word_1_120' title='bbox 1815 1810 2102 1882; x_wconf 87' lang='lat' dir='ltr'><strong>suspicari</strong></span> <span class='ocrx_word' id='word_1_121' title='bbox 2138 1837 2182 1902; x_wconf 78' lang='grc' dir='ltr'><strong>Β</strong></span> 
     </span>
    </p>
   </div>
   <div class='ocr_carea' id='block_1_21' title="bbox 454 1895 2101 1969">
    <p class='ocr_par' dir='ltr' id='par_1_21' title="bbox 454 1895 2101 1969">
     <span class='ocr_line' id='line_1_21' title="bbox 454 1895 2101 1969; baseline 0.002 -18"><span class='ocrx_word' id='word_1_122' title='bbox 454 1895 785 1969; x_wconf 89' lang='lat' dir='ltr'><strong>posset,sed</strong></span> <span class='ocrx_word' id='word_1_123' title='bbox 813 1896 886 1951; x_wconf 90' lang='lat' dir='ltr'>ob</span> <span class='ocrx_word' id='word_1_124' title='bbox 910 1914 1106 1952; x_wconf 90' lang='lat' dir='ltr'><strong>meum</strong></span> <span class='ocrx_word' id='word_1_125' title='bbox 1130 1899 1204 1954; x_wconf 88' lang='lat' dir='ltr'>ad</span> <span class='ocrx_word' id='word_1_126' title='bbox 1244 1899 1409 1955; x_wconf 89' lang='lat' dir='ltr'><strong>illam</strong></span> <span class='ocrx_word' id='word_1_127' title='bbox 1439 1902 1716 1957; x_wconf 72' lang='lat' dir='ltr'><strong>affectum</strong></span> <span class='ocrx_word' id='word_1_128' title='bbox 1744 1918 1864 1957; x_wconf 90' lang='lat' dir='ltr'><strong>non</strong></span> <span class='ocrx_word' id='word_1_129' title='bbox 1889 1916 2101 1955; x_wconf 46' lang='lat' dir='ltr'><strong>secun-</strong></span> 
     </span>
    </p>
   </div>
   <div class='ocr_carea' id='block_1_22' title="bbox 455 1986 2103 2047">
    <p class='ocr_par' dir='ltr' id='par_1_22' title="bbox 455 1986 2103 2047">
     <span class='ocr_line' id='line_1_22' title="bbox 455 1986 2103 2047; baseline 0.001 -5"><span class='ocrx_word' id='word_1_130' title='bbox 455 1987 597 2042; x_wconf 89' lang='lat' dir='ltr'>dum</span> <span class='ocrx_word' id='word_1_131' title='bbox 631 1986 965 2041; x_wconf 87' lang='lat' dir='ltr'><strong>scientiam.</strong></span> <span class='ocrx_word' id='word_1_132' title='bbox 1000 2009 1027 2037; x_wconf 85' lang='grc'>‹‹</span> <span class='ocrx_word' id='word_1_133' title='bbox 1075 1989 1287 2044; x_wconf 90' lang='lat' dir='ltr'><strong>Omnia</strong></span> <span class='ocrx_word' id='word_1_134' title='bbox 1317 1990 1602 2046; x_wconf 86' lang='lat' dir='ltr'><strong>damnum</strong></span> <span class='ocrx_word' id='word_1_135' title='bbox 1634 2008 1784 2047; x_wconf 88' lang='lat' dir='ltr'><strong>esse.</strong></span> <span class='ocrx_word' id='word_1_136' title='bbox 1820 2013 1848 2040; x_wconf 85' lang='lat'>»</span> <span class='ocrx_word' id='word_1_137' title='bbox 1880 1991 2024 2046; x_wconf 90' lang='lat' dir='ltr'>Nam</span> <span class='ocrx_word' id='word_1_138' title='bbox 2053 1989 2103 2044; x_wconf 89' lang='lat' dir='ltr'><strong>si</strong></span> 
     </span>
    </p>
   </div>
   <div class='ocr_carea' id='block_1_23' title="bbox 456 2076 2103 2155">
    <p class='ocr_par' dir='ltr' id='par_1_23' title="bbox 456 2076 2103 2155">
     <span class='ocr_line' id='line_1_23' title="bbox 456 2076 2103 2155; baseline 0.002 -25"><span class='ocrx_word' id='word_1_139' title='bbox 456 2077 611 2148; x_wconf 84' lang='lat' dir='ltr'><strong>quis,</strong></span> <span class='ocrx_word' id='word_1_140' title='bbox 646 2076 1129 2148; x_wconf 86' lang='lat' dir='ltr'><strong>inquit.opponat</strong></span> <span class='ocrx_word' id='word_1_141' title='bbox 1158 2081 1526 2152; x_wconf 80' lang='lat' dir='ltr'><strong>corporalem</strong></span> <span class='ocrx_word' id='word_1_142' title='bbox 1555 2082 1704 2155; x_wconf 78' lang='lat' dir='ltr'><strong>legis</strong></span> <span class='ocrx_word' id='word_1_143' title='bbox 1742 2080 2103 2136; x_wconf 88' lang='lat' dir='ltr'><strong>observatio-</strong></span> 
     </span>
    </p>
   </div>
   <div class='ocr_carea' id='block_1_24' title="bbox 459 2165 2107 2239">
    <p class='ocr_par' dir='ltr' id='par_1_24' title="bbox 459 2165 2107 2239">
     <span class='ocr_line' id='line_1_24' title="bbox 459 2165 2107 2239; baseline 0.002 -21"><span class='ocrx_word' id='word_1_144' title='bbox 459 2182 595 2220; x_wconf 88' lang='lat' dir='ltr'><strong>nem</strong></span> <span class='ocrx_word' id='word_1_145' title='bbox 627 2165 699 2220; x_wconf 88' lang='lat' dir='ltr'>ad</span> <span class='ocrx_word' id='word_1_146' title='bbox 733 2165 949 2220; x_wconf 84' lang='lat' dir='ltr'><strong>Christi</strong></span> <span class='ocrx_word' id='word_1_147' title='bbox 1009 2169 1430 2239; x_wconf 75' lang='lat' dir='ltr'><strong>cognitionem.</strong></span> <span class='ocrx_word' id='word_1_148' title='bbox 1462 2170 1654 2238; x_wconf 69' lang='lat' dir='ltr'><strong>legem</strong></span> <span class='ocrx_word' id='word_1_149' title='bbox 1687 2170 1949 2225; x_wconf 84' lang='lat' dir='ltr'><strong>inveniet</strong></span> <span class='ocrx_word' id='word_1_150' title='bbox 1977 2184 2107 2223; x_wconf 86' lang='lat' dir='ltr'><strong>esse</strong></span> 
     </span>
    </p>
   </div>
   <div class='ocr_carea' id='block_1_25' title="bbox 459 2255 2104 2329">
    <p class='ocr_par' dir='ltr' id='par_1_25' title="bbox 459 2255 2104 2329">
     <span class='ocr_line' id='line_1_25' title="bbox 459 2255 2104 2329; baseline 0.002 -20"><span class='ocrx_word' id='word_1_151' title='bbox 459 2255 747 2309; x_wconf 88' lang='lat' dir='ltr'><strong>damnum</strong></span> <span class='ocrx_word' id='word_1_152' title='bbox 773 2271 786 2308; x_wconf 90' lang='lat'>:</span> <span class='ocrx_word' id='word_1_153' title='bbox 816 2260 982 2311; x_wconf 86' lang='lat' dir='ltr'><strong>tanta</strong></span> <span class='ocrx_word' id='word_1_154' title='bbox 1006 2262 1094 2311; x_wconf 83' lang='lat' dir='ltr'><strong>est</strong></span> <span class='ocrx_word' id='word_1_155' title='bbox 1115 2259 1472 2329; x_wconf 69' lang='lat' dir='ltr'><strong>cognitionis</strong></span> <span class='ocrx_word' id='word_1_156' title='bbox 1492 2260 1706 2316; x_wconf 87' lang='lat' dir='ltr'><strong>Christi</strong></span> <span class='ocrx_word' id='word_1_157' title='bbox 1732 2257 2104 2315; x_wconf 82' lang='lat' dir='ltr'>excellentia.</span> 
     </span>
    </p>
   </div>
   <div class='ocr_carea' id='block_1_26' title="bbox 459 2344 2104 2419">
    <p class='ocr_par' dir='ltr' id='par_1_26' title="bbox 459 2344 2104 2419">
     <span class='ocr_line' id='line_1_26' title="bbox 459 2344 2104 2419; baseline 0.002 -22"><span class='ocrx_word' id='word_1_158' title='bbox 459 2366 485 2392; x_wconf 90' lang='grc'>‹‹</span> <span class='ocrx_word' id='word_1_159' title='bbox 519 2344 769 2414; x_wconf 88' lang='lat' dir='ltr'><strong>Propter</strong></span> <span class='ocrx_word' id='word_1_160' title='bbox 800 2359 979 2413; x_wconf 88' lang='lat' dir='ltr'><strong>quem</strong></span> <span class='ocrx_word' id='word_1_161' title='bbox 1011 2346 1285 2401; x_wconf 89' lang='lat' dir='ltr'><strong>omnium</strong></span> <span class='ocrx_word' id='word_1_162' title='bbox 1312 2347 1760 2419; x_wconf 82' lang='lat' dir='ltr'><strong>fecijacturam.</strong></span> <span class='ocrx_word' id='word_1_163' title='bbox 1797 2375 1824 2396; x_wconf 79' lang='grc' dir='ltr'><em>η</em></span> <span class='ocrx_word' id='word_1_164' title='bbox 1857 2350 1982 2404; x_wconf 88' lang='lat' dir='ltr'>Non</span> <span class='ocrx_word' id='word_1_165' title='bbox 2011 2363 2104 2401; x_wconf 84' lang='lat' dir='ltr'>so-</span> 
     </span>
    </p>
   </div>
   <div class='ocr_carea' id='block_1_27' title="bbox 454 2431 2102 2508">
    <p class='ocr_par' dir='ltr' id='par_1_27' title="bbox 454 2431 2102 2508">
     <span class='ocr_line' id='line_1_27' title="bbox 454 2431 2102 2508; baseline 0.002 -20"><span class='ocrx_word' id='word_1_166' title='bbox 454 2432 575 2488; x_wconf 88' lang='lat' dir='ltr'>lum</span> <span class='ocrx_word' id='word_1_167' title='bbox 606 2432 814 2487; x_wconf 87' lang='lat' dir='ltr'><strong>relicta</strong></span> <span class='ocrx_word' id='word_1_168' title='bbox 846 2431 972 2503; x_wconf 72' lang='lat' dir='ltr'><strong>lege</strong></span> <span class='ocrx_word' id='word_1_169' title='bbox 997 2439 1054 2487; x_wconf 90' lang='lat' dir='ltr'><strong>et</strong></span> <span class='ocrx_word' id='word_1_170' title='bbox 1085 2435 1362 2490; x_wconf 91' lang='lat' dir='ltr'><strong>omnibus</strong></span> <span class='ocrx_word' id='word_1_171' title='bbox 1393 2454 1525 2506; x_wconf 78' lang='lat' dir='ltr'>qum</span> <span class='ocrx_word' id='word_1_172' title='bbox 1556 2438 1617 2493; x_wconf 93' lang='lat' dir='ltr'><strong>in</strong></span> <span class='ocrx_word' id='word_1_173' title='bbox 1649 2456 1720 2494; x_wconf 87' lang='lat' dir='ltr'><strong>ea</strong></span> <span class='ocrx_word' id='word_1_174' title='bbox 1750 2444 1889 2493; x_wconf 88' lang='lat' dir='ltr'><strong>sunt</strong></span> <span class='ocrx_word' id='word_1_175' title='bbox 1918 2454 2102 2508; x_wconf 84' lang='lat' dir='ltr'><strong>quan-</strong></span> 
     </span>
    </p>
   </div>
   <div class='ocr_carea' id='block_1_28' title="bbox 455 2529 2101 2606">
    <p class='ocr_par' dir='ltr' id='par_1_28' title="bbox 455 2529 2101 2606">
     <span class='ocr_line' id='line_1_28' title="bbox 455 2529 2101 2606; baseline 0.002 -22"><span class='ocrx_word' id='word_1_176' title='bbox 455 2535 581 2585; x_wconf 88' lang='lat' dir='ltr'>tum</span> <span class='ocrx_word' id='word_1_177' title='bbox 612 2529 685 2585; x_wconf 92' lang='lat' dir='ltr'>ad</span> <span class='ocrx_word' id='word_1_178' title='bbox 711 2530 822 2585; x_wconf 90' lang='lat' dir='ltr'>hoc</span> <span class='ocrx_word' id='word_1_179' title='bbox 847 2530 1004 2601; x_wconf 88' lang='lat' dir='ltr'><strong>quod</strong></span> <span class='ocrx_word' id='word_1_180' title='bbox 1036 2538 1127 2587; x_wconf 91' lang='lat' dir='ltr'><strong>est</strong></span> <span class='ocrx_word' id='word_1_181' title='bbox 1157 2533 1348 2604; x_wconf 88' lang='lat' dir='ltr'><strong>ipsam</strong></span> <span class='ocrx_word' id='word_1_182' title='bbox 1380 2540 1439 2589; x_wconf 86' lang='lat' dir='ltr'>et</span> <span class='ocrx_word' id='word_1_183' title='bbox 1467 2552 1600 2606; x_wconf 68' lang='lat' dir='ltr'><strong>qua:</strong></span> <span class='ocrx_word' id='word_1_184' title='bbox 1631 2535 1692 2590; x_wconf 92' lang='lat' dir='ltr'><strong>in</strong></span> <span class='ocrx_word' id='word_1_185' title='bbox 1723 2552 1794 2591; x_wconf 91' lang='lat' dir='ltr'><strong>ea</strong></span> <span class='ocrx_word' id='word_1_186' title='bbox 1814 2540 1952 2590; x_wconf 91' lang='lat' dir='ltr'><strong>sunt</strong></span> <span class='ocrx_word' id='word_1_187' title='bbox 1972 2552 2101 2589; x_wconf 79' lang='lat' dir='ltr'><strong>cor-</strong></span> 
     </span>
    </p>
   </div>
   <div class='ocr_carea' id='block_1_29' title="bbox 453 2619 2103 2694">
    <p class='ocr_par' dir='ltr' id='par_1_29' title="bbox 453 2619 2103 2694">
     <span class='ocr_line' id='line_1_29' title="bbox 453 2619 2103 2694; baseline 0.002 -21"><span class='ocrx_word' id='word_1_188' title='bbox 453 2619 739 2692; x_wconf 83' lang='lat' dir='ltr'><strong>poraliter</strong></span> <span class='ocrx_word' id='word_1_189' title='bbox 768 2619 1091 2686; x_wconf 82' lang='lat' dir='ltr'><strong>observari,</strong></span> <span class='ocrx_word' id='word_1_190' title='bbox 1125 2638 1327 2677; x_wconf 73' lang='lat' dir='ltr'><strong>verum</strong></span> <span class='ocrx_word' id='word_1_191' title='bbox 1361 2623 1539 2679; x_wconf 88' lang='lat' dir='ltr'><strong>etiam</strong></span> <span class='ocrx_word' id='word_1_192' title='bbox 1570 2624 1846 2679; x_wconf 90' lang='lat' dir='ltr'><strong>omnibus</strong></span> <span class='ocrx_word' id='word_1_193' title='bbox 1878 2640 2010 2694; x_wconf 57' lang='lat' dir='ltr'><strong>qua“:</strong></span> <span class='ocrx_word' id='word_1_194' title='bbox 2039 2622 2103 2676; x_wconf 93' lang='lat' dir='ltr'><strong>in</strong></span> 
     </span>
    </p>
   </div>
   <div class='ocr_carea' id='block_1_30' title="bbox 456 2709 2101 2778">
    <p class='ocr_par' dir='ltr' id='par_1_30' title="bbox 456 2709 2101 2778">
     <span class='ocr_line' id='line_1_30' title="bbox 456 2709 2101 2778; baseline 0.001 -15"><span class='ocrx_word' id='word_1_195' title='bbox 456 2709 676 2764; x_wconf 89' lang='lat' dir='ltr'><strong>mundo</strong></span> <span class='ocrx_word' id='word_1_196' title='bbox 723 2715 881 2775; x_wconf 88' lang='lat' dir='ltr'><strong>sunt,</strong></span> <span class='ocrx_word' id='word_1_197' title='bbox 918 2711 1060 2765; x_wconf 83' lang='lat' dir='ltr'><strong>Nam</strong></span> <span class='ocrx_word' id='word_1_198' title='bbox 1115 2711 1311 2767; x_wconf 88' lang='lat' dir='ltr'><strong>dicere</strong></span> <span class='ocrx_word' id='word_1_199' title='bbox 1358 2714 1652 2768; x_wconf 71' lang='lat' dir='ltr'><strong>Iacturam</strong></span> <span class='ocrx_word' id='word_1_200' title='bbox 1685 2714 1818 2774; x_wconf 85' lang='lat' dir='ltr'><strong>feci.</strong></span> <span class='ocrx_word' id='word_1_201' title='bbox 1851 2712 1963 2767; x_wconf 87' lang='lat' dir='ltr'>hoc</span> <span class='ocrx_word' id='word_1_202' title='bbox 1991 2717 2101 2778; x_wconf 89' lang='lat' dir='ltr'><strong>est,</strong></span> 
     </span>
    </p>
   </div>
   <div class='ocr_carea' id='block_1_31' title="bbox 455 2797 2104 2869">
    <p class='ocr_par' dir='ltr' id='par_1_31' title="bbox 455 2797 2104 2869">
     <span class='ocr_line' id='line_1_31' title="bbox 455 2797 2104 2869; baseline 0.001 -17"><span class='ocrx_word' id='word_1_203' title='bbox 455 2798 662 2852; x_wconf 87' lang='lat' dir='ltr'><strong>Dimisi</strong></span> <span class='ocrx_word' id='word_1_204' title='bbox 694 2803 751 2851; x_wconf 91' lang='lat' dir='ltr'>et</span> <span class='ocrx_word' id='word_1_205' title='bbox 782 2797 928 2869; x_wconf 88' lang='lat' dir='ltr'><strong>ipsis</strong></span> <span class='ocrx_word' id='word_1_206' title='bbox 958 2799 1221 2869; x_wconf 65' lang='lat' dir='ltr'><strong>prisatus</strong></span> <span class='ocrx_word' id='word_1_207' title='bbox 1268 2818 1419 2857; x_wconf 90' lang='lat' dir='ltr'><strong>sum.</strong></span> <span class='ocrx_word' id='word_1_208' title='bbox 1441 2823 1469 2851; x_wconf 84' lang='grc'>‹‹</span> <span class='ocrx_word' id='word_1_209' title='bbox 1508 2804 1633 2858; x_wconf 84' lang='lat' dir='ltr'><strong>Non</strong></span> <span class='ocrx_word' id='word_1_210' title='bbox 1658 2802 1881 2856; x_wconf 85' lang='lat' dir='ltr'><strong>habens</strong></span> <span class='ocrx_word' id='word_1_211' title='bbox 1912 2815 2104 2855; x_wconf 89' lang='lat' dir='ltr'><strong>meam</strong></span> 
     </span>
    </p>
   </div>
   <div class='ocr_carea' id='block_1_32' title="bbox 446 2887 2109 2963">
    <p class='ocr_par' dir='ltr' id='par_1_32' title="bbox 446 2887 2109 2963">
     <span class='ocr_line' id='line_1_32' title="bbox 446 2887 2109 2963; baseline 0.001 -22"><span class='ocrx_word' id='word_1_212' title='bbox 446 2887 764 2959; x_wconf 85' lang='lat' dir='ltr'><strong>justitiam.</strong></span> <span class='ocrx_word' id='word_1_213' title='bbox 804 2910 829 2936; x_wconf 74' lang='grc' dir='ltr'><strong>υ</strong></span> <span class='ocrx_word' id='word_1_214' title='bbox 857 2888 1156 2955; x_wconf 82' lang='lat' dir='ltr'><strong>Meam,ait</strong></span> <span class='ocrx_word' id='word_1_215' title='bbox 1184 2889 1243 2944; x_wconf 91' lang='lat' dir='ltr'>id</span> <span class='ocrx_word' id='word_1_216' title='bbox 1275 2898 1524 2963; x_wconf 71' lang='lat' dir='ltr'><strong>est.quaa</strong></span> <span class='ocrx_word' id='word_1_217' title='bbox 1548 2897 1638 2947; x_wconf 90' lang='lat' dir='ltr'>est</span> <span class='ocrx_word' id='word_1_218' title='bbox 1687 2909 1755 2948; x_wconf 84' lang='lat' dir='ltr'><strong>ex</strong></span> <span class='ocrx_word' id='word_1_219' title='bbox 1788 2892 1936 2947; x_wconf 86' lang='lat' dir='ltr'><strong>meis</strong></span> <span class='ocrx_word' id='word_1_220' title='bbox 1965 2905 2109 2960; x_wconf 85' lang='lat' dir='ltr'><strong>ope-</strong></span> 
     </span>
    </p>
   </div>
   <div class='ocr_carea' id='block_1_33' title="bbox 2215 551 3862 630">
    <p class='ocr_par' dir='ltr' id='par_1_33' title="bbox 2215 551 3862 630">
     <span class='ocr_line' id='line_1_33' title="bbox 2215 551 3862 630; baseline 0.003 -21"><span class='ocrx_word' id='word_1_221' title='bbox 2215 551 2400 610; x_wconf 71' lang='grc' dir='ltr'>αὺτοῦ.</span> <span class='ocrx_word' id='word_1_222' title='bbox 2436 554 2532 609; x_wconf 78' lang='grc' dir='ltr'>Καὶ</span> <span class='ocrx_word' id='word_1_223' title='bbox 2564 554 2668 628; x_wconf 74' lang='grc' dir='ltr'>γὰρ</span> <span class='ocrx_word' id='word_1_224' title='bbox 2717 554 2851 627; x_wconf 81' lang='grc' dir='ltr'>μετᾶ</span> <span class='ocrx_word' id='word_1_225' title='bbox 2904 554 2967 610; x_wconf 88' lang='grc' dir='ltr'>τὸ</span> <span class='ocrx_word' id='word_1_226' title='bbox 3021 553 3313 629; x_wconf 90' lang='grc' dir='ltr'>παρελθεῖν</span> <span class='ocrx_word' id='word_1_227' title='bbox 3371 557 3470 625; x_wconf 74' lang='grc' dir='ltr'>τήν</span> <span class='ocrx_word' id='word_1_228' title='bbox 3506 558 3714 630; x_wconf 80' lang='grc' dir='ltr'>ζημίαν</span> <span class='ocrx_word' id='word_1_229' title='bbox 3780 566 3862 630; x_wconf 75' lang='grc' dir='ltr'>ζη-</span> 
     </span>
    </p>
   </div>
   <div class='ocr_carea' id='block_1_34' title="bbox 2218 638 3871 721">
    <p class='ocr_par' dir='ltr' id='par_1_34' title="bbox 2218 638 3871 721">
     <span class='ocr_line' id='line_1_34' title="bbox 2218 638 3871 721; baseline 0.004 -24"><span class='ocrx_word' id='word_1_230' title='bbox 2218 642 2494 715; x_wconf 77' lang='grc' dir='ltr'>μιώσασαν</span> <span class='ocrx_word' id='word_1_231' title='bbox 2528 645 2697 715; x_wconf 73' lang='grc' dir='ltr'>ἡμᾶς,</span> <span class='ocrx_word' id='word_1_232' title='bbox 2729 638 2805 698; x_wconf 77' lang='grc' dir='ltr'>ἔτι</span> <span class='ocrx_word' id='word_1_233' title='bbox 2840 643 3008 712; x_wconf 77' lang='grc' dir='ltr'>αὐτῆς</span> <span class='ocrx_word' id='word_1_234' title='bbox 3071 645 3439 719; x_wconf 66' lang='grc' dir='ltr'>μεμνημένοι,</span> <span class='ocrx_word' id='word_1_235' title='bbox 3496 649 3712 721; x_wconf 82' lang='grc' dir='ltr'>ζημίαν</span> <span class='ocrx_word' id='word_1_236' title='bbox 3776 652 3871 705; x_wconf 57' lang='lat' dir='ltr'><strong>ad-</strong></span> 
     </span>
    </p>
   </div>
   <div class='ocr_carea' id='block_1_35' title="bbox 2211 729 3872 812">
    <p class='ocr_par' dir='ltr' id='par_1_35' title="bbox 2211 729 3872 812">
     <span class='ocr_line' id='line_1_35' title="bbox 2211 729 3872 812; baseline 0.004 -25"><span class='ocrx_word' id='word_1_237' title='bbox 2211 732 2310 801; x_wconf 76' lang='grc' dir='ltr'>την</span> <span class='ocrx_word' id='word_1_238' title='bbox 2347 729 2646 805; x_wconf 82' lang='grc' dir='ltr'>καλοῦμεν.</span> <span class='ocrx_word' id='word_1_239' title='bbox 2678 734 2819 808; x_wconf 87' lang='grc' dir='ltr'>Ὅρα</span> <span class='ocrx_word' id='word_1_240' title='bbox 2846 732 2946 808; x_wconf 81' lang='grc' dir='ltr'>γὰρ</span> <span class='ocrx_word' id='word_1_241' title='bbox 3006 737 3124 797; x_wconf 81' lang='grc' dir='ltr'>πῶς</span> <span class='ocrx_word' id='word_1_242' title='bbox 3168 732 3428 811; x_wconf 67' lang='grc' dir='ltr'>ἀσφαλῶς</span> <span class='ocrx_word' id='word_1_243' title='bbox 3458 736 3633 804; x_wconf 75' lang='grc' dir='ltr'>εἶπεν,</span> <span class='ocrx_word' id='word_1_244' title='bbox 3665 739 3872 812; x_wconf 73' lang='grc' dir='ltr'>’Πγοῦο</span> 
     </span>
    </p>
   </div>
   <div class='ocr_carea' id='block_1_36' title="bbox 2215 817 3868 903">
    <p class='ocr_par' dir='ltr' id='par_1_36' title="bbox 2215 817 3868 903">
     <span class='ocr_line' id='line_1_36' title="bbox 2215 817 3868 903; baseline 0.004 -27"><span class='ocrx_word' id='word_1_245' title='bbox 2215 842 2312 894; x_wconf 87' lang='grc' dir='ltr'>μαι</span> <span class='ocrx_word' id='word_1_246' title='bbox 2343 820 2504 876; x_wconf 79' lang='grc' dir='ltr'>αὐτὸν</span> <span class='ocrx_word' id='word_1_247' title='bbox 2531 818 2753 894; x_wconf 78' lang='grc' dir='ltr'>ζημίαν,</span> <span class='ocrx_word' id='word_1_248' title='bbox 2790 818 2878 877; x_wconf 71' lang='grc' dir='ltr'>διὰ</span> <span class='ocrx_word' id='word_1_249' title='bbox 2922 822 2987 876; x_wconf 85' lang='grc' dir='ltr'>τὸ</span> <span class='ocrx_word' id='word_1_250' title='bbox 3044 817 3391 897; x_wconf 73' lang='grc' dir='ltr'>ὑπερϐάλλον</span> <span class='ocrx_word' id='word_1_251' title='bbox 3431 832 3550 897; x_wconf 23' lang='grc' dir='ltr'>,τῆς</span> <span class='ocrx_word' id='word_1_252' title='bbox 3610 828 3868 903; x_wconf 81' lang='grc' dir='ltr'>γνώσεως</span> 
     </span>
    </p>
   </div>
   <div class='ocr_carea' id='block_1_37' title="bbox 2210 909 3873 990">
    <p class='ocr_par' dir='ltr' id='par_1_37' title="bbox 2210 909 3873 990">
     <span class='ocr_line' id='line_1_37' title="bbox 2210 909 3873 990; baseline 0.004 -25"><span class='ocrx_word' id='word_1_253' title='bbox 2210 915 2307 965; x_wconf 92' lang='grc' dir='ltr'>τοῦ</span> <span class='ocrx_word' id='word_1_254' title='bbox 2338 911 2597 986; x_wconf 81' lang='grc' dir='ltr'>Χριστοῦ,</span> <span class='ocrx_word' id='word_1_255' title='bbox 2640 911 2769 966; x_wconf 82' lang='grc' dir='ltr'>ὡσεὶ</span> <span class='ocrx_word' id='word_1_256' title='bbox 2799 910 2939 980; x_wconf 71' lang='grc' dir='ltr'>εἶπε,</span> <span class='ocrx_word' id='word_1_257' title='bbox 2975 911 3139 968; x_wconf 78' lang='grc' dir='ltr'>Φύσει</span> <span class='ocrx_word' id='word_1_258' title='bbox 3201 913 3297 986; x_wconf 72' lang='grc' dir='ltr'>μὲν</span> <span class='ocrx_word' id='word_1_259' title='bbox 3356 912 3457 969; x_wconf 73' lang='grc' dir='ltr'>οὐκ</span> <span class='ocrx_word' id='word_1_260' title='bbox 3513 909 3631 970; x_wconf 79' lang='grc' dir='ltr'>ἔστι</span> <span class='ocrx_word' id='word_1_261' title='bbox 3677 917 3873 990; x_wconf 72' lang='grc' dir='ltr'>ζημία,</span> 
     </span>
    </p>
   </div>
   <div class='ocr_carea' id='block_1_38' title="bbox 2213 996 3872 1079">
    <p class='ocr_par' dir='ltr' id='par_1_38' title="bbox 2213 996 3872 1079">
     <span class='ocr_line' id='line_1_38' title="bbox 2213 996 3872 1079; baseline 0.002 -25"><span class='ocrx_word' id='word_1_262' title='bbox 2213 996 2340 1057; x_wconf 89' lang='grc' dir='ltr'>ἀλλ’</span> <span class='ocrx_word' id='word_1_263' title='bbox 2369 996 2560 1068; x_wconf 75' lang='grc' dir='ltr'>ἐπειδὴ</span> <span class='ocrx_word' id='word_1_264' title='bbox 2595 997 2755 1069; x_wconf 74' lang='grc' dir='ltr'>δῆθεν</span> <span class='ocrx_word' id='word_1_265' title='bbox 2786 998 3073 1077; x_wconf 74' lang='grc' dir='ltr'>φυλάττων</span> <span class='ocrx_word' id='word_1_266' title='bbox 3131 999 3289 1057; x_wconf 80' lang='grc' dir='ltr'>αὐτὸν</span> <span class='ocrx_word' id='word_1_267' title='bbox 3346 1000 3445 1058; x_wconf 77' lang='grc' dir='ltr'>οὐκ</span> <span class='ocrx_word' id='word_1_268' title='bbox 3499 1001 3872 1079; x_wconf 71' lang='grc' dir='ltr'>ἱπεγίνωσκον</span> 
     </span>
    </p>
   </div>
   <div class='ocr_carea' id='block_1_39' title="bbox 2209 1088 3876 1166">
    <p class='ocr_par' dir='ltr' id='par_1_39' title="bbox 2209 1088 3876 1166">
     <span class='ocr_line' id='line_1_39' title="bbox 2209 1088 3876 1166; baseline 0.003 -24"><span class='ocrx_word' id='word_1_269' title='bbox 2209 1088 2301 1143; x_wconf 86' lang='grc' dir='ltr'>τὸν</span> <span class='ocrx_word' id='word_1_270' title='bbox 2333 1089 2586 1163; x_wconf 80' lang='grc' dir='ltr'>Χριστὸν,</span> <span class='ocrx_word' id='word_1_271' title='bbox 2628 1088 2703 1152; x_wconf 85' lang='grc' dir='ltr'>εἰς</span> <span class='ocrx_word' id='word_1_272' title='bbox 2746 1088 2947 1163; x_wconf 81' lang='grc' dir='ltr'>ζημίαν</span> <span class='ocrx_word' id='word_1_273' title='bbox 3005 1110 3100 1163; x_wconf 91' lang='grc' dir='ltr'>μοι</span> <span class='ocrx_word' id='word_1_274' title='bbox 3154 1089 3386 1165; x_wconf 66' lang='grc' dir='ltr'>ἐγένετο,</span> <span class='ocrx_word' id='word_1_275' title='bbox 3447 1115 3475 1145; x_wconf 75' lang='grc' dir='ltr'>α</span> <span class='ocrx_word' id='word_1_276' title='bbox 3534 1092 3723 1151; x_wconf 74' lang='grc' dir='ltr'>’Δλλα</span> <span class='ocrx_word' id='word_1_277' title='bbox 3789 1097 3876 1166; x_wconf 64' lang='grc' dir='ltr'>μὲν</span> 
     </span>
    </p>
   </div>
   <div class='ocr_carea' id='block_1_40' title="bbox 2212 1175 3877 1257">
    <p class='ocr_par' dir='ltr' id='par_1_40' title="bbox 2212 1175 3877 1257">
     <span class='ocr_line' id='line_1_40' title="bbox 2212 1175 3877 1257; baseline 0.004 -25"><span class='ocrx_word' id='word_1_278' title='bbox 2212 1177 2305 1232; x_wconf 82' lang='grc' dir='ltr'>οὗν</span> <span class='ocrx_word' id='word_1_279' title='bbox 2341 1176 2430 1232; x_wconf 86' lang='grc' dir='ltr'>καὶ</span> <span class='ocrx_word' id='word_1_280' title='bbox 2487 1179 2756 1255; x_wconf 77' lang='grc' dir='ltr'>ἡγοῦμαι.</span> <span class='ocrx_word' id='word_1_281' title='bbox 2811 1202 2839 1230; x_wconf 85' lang='grc'>››</span> <span class='ocrx_word' id='word_1_282' title='bbox 2896 1175 3118 1249; x_wconf 83' lang='grc' dir='ltr'>Ἐπειδή</span> <span class='ocrx_word' id='word_1_283' title='bbox 3168 1181 3252 1249; x_wconf 86' lang='grc' dir='ltr'>τὸ,</span> <span class='ocrx_word' id='word_1_284' title='bbox 3303 1183 3577 1256; x_wconf 79' lang='grc' dir='ltr'>⁹¹Ηγημαι,</span> <span class='ocrx_word' id='word_1_285' title='bbox 3623 1182 3877 1257; x_wconf 74' lang='grc' dir='ltr'>παρελη,</span> 
     </span>
    </p>
   </div>
   <div class='ocr_carea' id='block_1_41' title="bbox 2213 1263 3881 1347">
    <p class='ocr_par' dir='ltr' id='par_1_41' title="bbox 2213 1263 3881 1347">
     <span class='ocr_line' id='line_1_41' title="bbox 2213 1263 3881 1347; baseline 0.002 -26"><span class='ocrx_word' id='word_1_286' title='bbox 2213 1265 2444 1329; x_wconf 78' lang='grc' dir='ltr'>λυθὸτος</span> <span class='ocrx_word' id='word_1_287' title='bbox 2504 1265 2710 1345; x_wconf 81' lang='grc' dir='ltr'>χρόνου</span> <span class='ocrx_word' id='word_1_288' title='bbox 2767 1263 3001 1345; x_wconf 70' lang='grc' dir='ltr'>ἔμφασιν</span> <span class='ocrx_word' id='word_1_289' title='bbox 3054 1267 3191 1343; x_wconf 76' lang='grc' dir='ltr'>εἶχε,</span> <span class='ocrx_word' id='word_1_290' title='bbox 3247 1270 3381 1347; x_wconf 75' lang='grc' dir='ltr'>φησί</span> <span class='ocrx_word' id='word_1_291' title='bbox 3436 1272 3562 1328; x_wconf 88' lang='grc' dir='ltr'>Ὅτι</span> <span class='ocrx_word' id='word_1_292' title='bbox 3618 1273 3710 1327; x_wconf 79' lang='grc' dir='ltr'>καὶ</span> <span class='ocrx_word' id='word_1_293' title='bbox 3792 1277 3881 1327; x_wconf 81' lang='grc' dir='ltr'>νῦν</span> 
     </span>
    </p>
   </div>
   <div class='ocr_carea' id='block_1_42' title="bbox 2213 1354 3883 1435">
    <p class='ocr_par' dir='ltr' id='par_1_42' title="bbox 2213 1354 3883 1435">
     <span class='ocr_line' id='line_1_42' title="bbox 2213 1354 3883 1435; baseline 0.005 -26"><span class='ocrx_word' id='word_1_294' title='bbox 2213 1357 2477 1428; x_wconf 70' lang='grc' dir='ltr'>ἡγοῦμαι.</span> <span class='ocrx_word' id='word_1_295' title='bbox 2514 1355 2611 1410; x_wconf 77' lang='grc' dir='ltr'>Καὶ</span> <span class='ocrx_word' id='word_1_296' title='bbox 2639 1355 2763 1431; x_wconf 71' lang='grc' dir='ltr'>γὰρ,</span> <span class='ocrx_word' id='word_1_297' title='bbox 2786 1357 2942 1435; x_wconf 70' lang='grc' dir='ltr'>φησὶ,</span> <span class='ocrx_word' id='word_1_298' title='bbox 3003 1354 3177 1412; x_wconf 85' lang='grc' dir='ltr'>πολύν</span> <span class='ocrx_word' id='word_1_299' title='bbox 3236 1378 3304 1431; x_wconf 90' lang='grc' dir='ltr'>με</span> <span class='ocrx_word' id='word_1_300' title='bbox 3356 1360 3558 1434; x_wconf 85' lang='grc' dir='ltr'>χρόνον</span> <span class='ocrx_word' id='word_1_301' title='bbox 3591 1359 3883 1434; x_wconf 63' lang='grc' dir='ltr'>ἐζημίωσε</span> 
     </span>
    </p>
   </div>
   <div class='ocr_carea' id='block_1_43' title="bbox 2209 1445 3883 1521">
    <p class='ocr_par' dir='ltr' id='par_1_43' title="bbox 2209 1445 3883 1521">
     <span class='ocr_line' id='line_1_43' title="bbox 2209 1445 3883 1521; baseline 0.002 -21"><span class='ocrx_word' id='word_1_302' title='bbox 2209 1448 2307 1500; x_wconf 85' lang='grc' dir='ltr'>τοῦ</span> <span class='ocrx_word' id='word_1_303' title='bbox 2336 1447 2593 1519; x_wconf 82' lang='grc' dir='ltr'>Χριστοῦ,</span> <span class='ocrx_word' id='word_1_304' title='bbox 2626 1445 2688 1500; x_wconf 78' lang='grc' dir='ltr'>οὗ</span> <span class='ocrx_word' id='word_1_305' title='bbox 2719 1445 2865 1521; x_wconf 75' lang='grc' dir='ltr'>παρὰ</span> <span class='ocrx_word' id='word_1_306' title='bbox 2907 1447 3005 1516; x_wconf 75' lang='grc' dir='ltr'>τὴν</span> <span class='ocrx_word' id='word_1_307' title='bbox 3042 1445 3265 1519; x_wconf 72' lang='grc' dir='ltr'>οἶκείαν,</span> <span class='ocrx_word' id='word_1_308' title='bbox 3323 1448 3398 1511; x_wconf 86' lang='grc' dir='ltr'>ὡς</span> <span class='ocrx_word' id='word_1_309' title='bbox 3457 1446 3518 1502; x_wconf 78' lang='grc' dir='ltr'>ἄν</span> <span class='ocrx_word' id='word_1_310' title='bbox 3583 1470 3671 1511; x_wconf 88' lang='grc' dir='ltr'>τις</span> <span class='ocrx_word' id='word_1_311' title='bbox 3704 1450 3883 1513; x_wconf 70' lang='grc' dir='ltr'>εἲποι,</span> 
     </span>
    </p>
   </div>
   <div class='ocr_carea' id='block_1_44' title="bbox 2213 1529 3884 1611">
    <p class='ocr_par' dir='ltr' id='par_1_44' title="bbox 2213 1529 3884 1611">
     <span class='ocr_line' id='line_1_44' title="bbox 2213 1529 3884 1611; baseline 0.004 -22"><span class='ocrx_word' id='word_1_312' title='bbox 2213 1534 2459 1605; x_wconf 72' lang='grc' dir='ltr'>θέλησιν,</span> <span class='ocrx_word' id='word_1_313' title='bbox 2482 1532 2629 1591; x_wconf 83' lang='grc' dir='ltr'>ἀλλά</span> <span class='ocrx_word' id='word_1_314' title='bbox 2675 1534 2824 1611; x_wconf 84' lang='grc' dir='ltr'>παρά</span> <span class='ocrx_word' id='word_1_315' title='bbox 2870 1536 2971 1604; x_wconf 69' lang='grc' dir='ltr'>την</span> <span class='ocrx_word' id='word_1_316' title='bbox 3026 1533 3166 1609; x_wconf 74' lang='grc' dir='ltr'>ἐμὴν</span> <span class='ocrx_word' id='word_1_317' title='bbox 3217 1537 3351 1611; x_wconf 87' lang='grc' dir='ltr'>πρὸς</span> <span class='ocrx_word' id='word_1_318' title='bbox 3408 1538 3570 1593; x_wconf 81' lang='grc' dir='ltr'>αὐτὸν</span> <span class='ocrx_word' id='word_1_319' title='bbox 3630 1538 3696 1594; x_wconf 79' lang='grc' dir='ltr'>ού</span> <span class='ocrx_word' id='word_1_320' title='bbox 3766 1529 3884 1595; x_wconf 75' lang='grc' dir='ltr'>κατ’</span> 
     </span>
    </p>
   </div>
   <div class='ocr_carea' id='block_1_45' title="bbox 2212 1621 3884 1705">
    <p class='ocr_par' dir='ltr' id='par_1_45' title="bbox 2212 1621 3884 1705">
     <span class='ocr_line' id='line_1_45' title="bbox 2212 1621 3884 1705; baseline 0.003 -28"><span class='ocrx_word' id='word_1_321' title='bbox 2212 1621 2503 1698; x_wconf 70' lang='grc' dir='ltr'>ἐπίγνωσιν</span> <span class='ocrx_word' id='word_1_322' title='bbox 2535 1625 2740 1699; x_wconf 72' lang='grc' dir='ltr'>σχέσιν.</span> <span class='ocrx_word' id='word_1_323' title='bbox 2780 1646 2802 1676; x_wconf 73' lang='grc' dir='ltr'>ι</span> <span class='ocrx_word' id='word_1_324' title='bbox 2865 1625 3045 1681; x_wconf 84' lang='grc' dir='ltr'>Πάντα</span> <span class='ocrx_word' id='word_1_325' title='bbox 3103 1625 3303 1699; x_wconf 78' lang='grc' dir='ltr'>ζημίαν</span> <span class='ocrx_word' id='word_1_326' title='bbox 3360 1628 3521 1684; x_wconf 83' lang='grc' dir='ltr'>εῖναι.</span> <span class='ocrx_word' id='word_1_327' title='bbox 3556 1652 3584 1680; x_wconf 70' lang='grc' dir='ltr'>ι»</span> <span class='ocrx_word' id='word_1_328' title='bbox 3644 1628 3711 1686; x_wconf 81' lang='grc' dir='ltr'>Εἰ</span> <span class='ocrx_word' id='word_1_329' title='bbox 3748 1632 3884 1705; x_wconf 69' lang='grc' dir='ltr'>γᾶρ,</span> 
     </span>
    </p>
   </div>
   <div class='ocr_carea' id='block_1_46' title="bbox 2213 1712 3888 1791">
    <p class='ocr_par' dir='ltr' id='par_1_46' title="bbox 2213 1712 3888 1791">
     <span class='ocr_line' id='line_1_46' title="bbox 2213 1712 3888 1791; baseline 0.002 -24"><span class='ocrx_word' id='word_1_330' title='bbox 2213 1712 2397 1787; x_wconf 77' lang='grc' dir='ltr'>φησὶν,</span> <span class='ocrx_word' id='word_1_331' title='bbox 2439 1713 2827 1788; x_wconf 81' lang='grc' dir='ltr'>ἀντιπαραθείη</span> <span class='ocrx_word' id='word_1_332' title='bbox 2886 1735 2971 1778; x_wconf 90' lang='grc' dir='ltr'>τις</span> <span class='ocrx_word' id='word_1_333' title='bbox 3010 1715 3112 1785; x_wconf 76' lang='grc' dir='ltr'>τήν</span> <span class='ocrx_word' id='word_1_334' title='bbox 3159 1719 3256 1771; x_wconf 86' lang='grc' dir='ltr'>τοῦ</span> <span class='ocrx_word' id='word_1_335' title='bbox 3313 1715 3488 1789; x_wconf 81' lang='grc' dir='ltr'>νόμου</span> <span class='ocrx_word' id='word_1_336' title='bbox 3546 1722 3888 1791; x_wconf 61' lang='grc' dir='ltr'>σωματικήν</span> 
     </span>
    </p>
   </div>
   <div class='ocr_carea' id='block_1_47' title="bbox 2212 1800 3883 1883">
    <p class='ocr_par' dir='ltr' id='par_1_47' title="bbox 2212 1800 3883 1883">
     <span class='ocr_line' id='line_1_47' title="bbox 2212 1800 3883 1883; baseline 0.002 -24"><span class='ocrx_word' id='word_1_337' title='bbox 2212 1800 2611 1883; x_wconf 68' lang='grc' dir='ltr'>παραφυλακήν</span> <span class='ocrx_word' id='word_1_338' title='bbox 2642 1804 2776 1878; x_wconf 79' lang='grc' dir='ltr'>πρὸς</span> <span class='ocrx_word' id='word_1_339' title='bbox 2815 1805 2915 1873; x_wconf 73' lang='grc' dir='ltr'>τήν</span> <span class='ocrx_word' id='word_1_340' title='bbox 2954 1809 3052 1860; x_wconf 85' lang='grc' dir='ltr'>τοῦ</span> <span class='ocrx_word' id='word_1_341' title='bbox 3106 1806 3339 1880; x_wconf 77' lang='grc' dir='ltr'>Χριστοῦ</span> <span class='ocrx_word' id='word_1_342' title='bbox 3405 1812 3628 1882; x_wconf 80' lang='grc' dir='ltr'>γνῶσιν,</span> <span class='ocrx_word' id='word_1_343' title='bbox 3668 1809 3883 1880; x_wconf 78' lang='grc' dir='ltr'>ζημίαν</span> 
     </span>
    </p>
   </div>
   <div class='ocr_carea' id='block_1_48' title="bbox 2214 1892 3880 1974">
    <p class='ocr_par' dir='ltr' id='par_1_48' title="bbox 2214 1892 3880 1974">
     <span class='ocr_line' id='line_1_48' title="bbox 2214 1892 3880 1974; baseline 0.002 -27"><span class='ocrx_word' id='word_1_344' title='bbox 2214 1893 2431 1967; x_wconf 68' lang='grc' dir='ltr'>εὑρήσει</span> <span class='ocrx_word' id='word_1_345' title='bbox 2464 1894 2554 1949; x_wconf 86' lang='grc' dir='ltr'>τὸν</span> <span class='ocrx_word' id='word_1_346' title='bbox 2601 1893 2794 1967; x_wconf 88' lang='grc' dir='ltr'>νόμον.</span> <span class='ocrx_word' id='word_1_347' title='bbox 2853 1894 3099 1965; x_wconf 87' lang='grc' dir='ltr'>Τοσαύτη</span> <span class='ocrx_word' id='word_1_348' title='bbox 3159 1892 3393 1972; x_wconf 74' lang='grc' dir='ltr'>διαιρορά</span> <span class='ocrx_word' id='word_1_349' title='bbox 3444 1902 3547 1965; x_wconf 81' lang='grc' dir='ltr'>τῆς</span> <span class='ocrx_word' id='word_1_350' title='bbox 3601 1898 3880 1974; x_wconf 76' lang='grc' dir='ltr'>Χριστοῦ,</span> 
     </span>
    </p>
   </div>
   <div class='ocr_carea' id='block_1_49' title="bbox 2214 1981 3880 2061">
    <p class='ocr_par' dir='ltr' id='par_1_49' title="bbox 2214 1981 3880 2061">
     <span class='ocr_line' id='line_1_49' title="bbox 2214 1981 3880 2061; baseline 0.001 -25"><span class='ocrx_word' id='word_1_351' title='bbox 2214 1981 2368 2061; x_wconf 79' lang='grc' dir='ltr'>ιρησὶ,</span> <span class='ocrx_word' id='word_1_352' title='bbox 2396 1983 2667 2057; x_wconf 89' lang='grc' dir='ltr'>γνώσεως.</span> <span class='ocrx_word' id='word_1_353' title='bbox 2702 2006 2731 2035; x_wconf 79' lang='grc' dir='ltr'>ιι</span> <span class='ocrx_word' id='word_1_354' title='bbox 2756 1982 2837 2038; x_wconf 84' lang='grc' dir='ltr'>Δι’</span> <span class='ocrx_word' id='word_1_355' title='bbox 2867 1982 2925 2036; x_wconf 82' lang='grc' dir='ltr'>ὅν</span> <span class='ocrx_word' id='word_1_356' title='bbox 2982 1982 3050 2036; x_wconf 77' lang='grc' dir='ltr'>τὰ</span> <span class='ocrx_word' id='word_1_357' title='bbox 3105 1983 3275 2038; x_wconf 79' lang='grc' dir='ltr'>πάντα</span> <span class='ocrx_word' id='word_1_358' title='bbox 3320 1983 3665 2058; x_wconf 79' lang='grc' dir='ltr'>ἐζημιώθην.</span> <span class='ocrx_word' id='word_1_359' title='bbox 3700 2010 3730 2038; x_wconf 80' lang='grc'>››</span> <span class='ocrx_word' id='word_1_360' title='bbox 3801 1986 3880 2044; x_wconf 70' lang='lat'>05</span> 
     </span>
    </p>
   </div>
   <div class='ocr_carea' id='block_1_50' title="bbox 2219 2071 3881 2147">
    <p class='ocr_par' dir='ltr' id='par_1_50' title="bbox 2219 2071 3881 2147">
     <span class='ocr_line' id='line_1_50' title="bbox 2219 2071 3881 2147; baseline 0.001 -20"><span class='ocrx_word' id='word_1_361' title='bbox 2219 2072 2384 2145; x_wconf 84' lang='grc' dir='ltr'>μόνον</span> <span class='ocrx_word' id='word_1_362' title='bbox 2416 2074 2584 2145; x_wconf 87' lang='grc' dir='ltr'>νόμον</span> <span class='ocrx_word' id='word_1_363' title='bbox 2619 2072 2791 2136; x_wconf 76' lang='grc' dir='ltr'>ὲακὼς</span> <span class='ocrx_word' id='word_1_364' title='bbox 2823 2071 2899 2134; x_wconf 80' lang='grc' dir='ltr'>εἷς</span> <span class='ocrx_word' id='word_1_365' title='bbox 2927 2074 2990 2128; x_wconf 84' lang='grc' dir='ltr'>τὸ</span> <span class='ocrx_word' id='word_1_366' title='bbox 3025 2073 3101 2145; x_wconf 83' lang='grc' dir='ltr'>μή</span> <span class='ocrx_word' id='word_1_367' title='bbox 3134 2079 3465 2147; x_wconf 74' lang='grc' dir='ltr'>σωματικῶς</span> <span class='ocrx_word' id='word_1_368' title='bbox 3487 2073 3649 2129; x_wconf 70' lang='grc' dir='ltr'>αὐτὸν</span> <span class='ocrx_word' id='word_1_369' title='bbox 3684 2076 3786 2130; x_wconf 79' lang='grc' dir='ltr'>καῖ</span> <span class='ocrx_word' id='word_1_370' title='bbox 3815 2076 3881 2130; x_wconf 71' lang='grc' dir='ltr'>τὰ</span> 
     </span>
    </p>
   </div>
   <div class='ocr_carea' id='block_1_51' title="bbox 2216 2160 3880 2237">
    <p class='ocr_par' dir='ltr' id='par_1_51' title="bbox 2216 2160 3880 2237">
     <span class='ocr_line' id='line_1_51' title="bbox 2216 2160 3880 2237; baseline 0.001 -19"><span class='ocrx_word' id='word_1_371' title='bbox 2216 2162 2269 2218; x_wconf 79' lang='grc' dir='ltr'>ἐν</span> <span class='ocrx_word' id='word_1_372' title='bbox 2305 2162 2452 2234; x_wconf 84' lang='grc' dir='ltr'>αὐτῷ</span> <span class='ocrx_word' id='word_1_373' title='bbox 2483 2168 2693 2235; x_wconf 77' lang='grc' dir='ltr'>τηρεῖν,</span> <span class='ocrx_word' id='word_1_374' title='bbox 2731 2160 2879 2218; x_wconf 82' lang='grc' dir='ltr'>ἀλλὰ</span> <span class='ocrx_word' id='word_1_375' title='bbox 2910 2162 3001 2216; x_wconf 83' lang='grc' dir='ltr'>καὶ</span> <span class='ocrx_word' id='word_1_376' title='bbox 3023 2161 3199 2217; x_wconf 86' lang='grc' dir='ltr'>πάντα</span> <span class='ocrx_word' id='word_1_377' title='bbox 3229 2162 3296 2218; x_wconf 80' lang='grc' dir='ltr'>τὰ</span> <span class='ocrx_word' id='word_1_378' title='bbox 3325 2161 3379 2217; x_wconf 73' lang='grc' dir='ltr'>ἐν</span> <span class='ocrx_word' id='word_1_379' title='bbox 3409 2168 3489 2236; x_wconf 79' lang='grc' dir='ltr'>τῷ</span> <span class='ocrx_word' id='word_1_380' title='bbox 3518 2164 3734 2237; x_wconf 79' lang='grc' dir='ltr'>κόσμῳ.</span> <span class='ocrx_word' id='word_1_381' title='bbox 3800 2166 3880 2222; x_wconf 79' lang='grc' dir='ltr'>Τὸ</span> 
     </span>
    </p>
   </div>
   <div class='ocr_carea' id='block_1_52' title="bbox 2214 2248 3880 2329">
    <p class='ocr_par' dir='ltr' id='par_1_52' title="bbox 2214 2248 3880 2329">
     <span class='ocr_line' id='line_1_52' title="bbox 2214 2248 3880 2329; baseline 0.001 -23"><span class='ocrx_word' id='word_1_382' title='bbox 2214 2252 2313 2329; x_wconf 74' lang='grc' dir='ltr'>γαρ</span> <span class='ocrx_word' id='word_1_383' title='bbox 2348 2251 2720 2325; x_wconf 80' lang='grc' dir='ltr'>Ἐζημιώθην,</span> <span class='ocrx_word' id='word_1_384' title='bbox 2751 2252 2868 2306; x_wconf 83' lang='grc' dir='ltr'>οἷον</span> <span class='ocrx_word' id='word_1_385' title='bbox 2899 2248 3051 2307; x_wconf 75' lang='grc' dir='ltr'>εἶάσα</span> <span class='ocrx_word' id='word_1_386' title='bbox 3097 2251 3187 2306; x_wconf 83' lang='grc' dir='ltr'>καὶ</span> <span class='ocrx_word' id='word_1_387' title='bbox 3247 2251 3620 2327; x_wconf 70' lang='grc' dir='ltr'>ἀπεστερήθην</span> <span class='ocrx_word' id='word_1_388' title='bbox 3658 2253 3880 2323; x_wconf 70' lang='grc' dir='ltr'>αὐτῶν,</span> 
     </span>
    </p>
   </div>
   <div class='ocr_carea' id='block_1_53' title="bbox 2219 2337 3875 2419">
    <p class='ocr_par' dir='ltr' id='par_1_53' title="bbox 2219 2337 3875 2419">
     <span class='ocr_line' id='line_1_53' title="bbox 2219 2337 3875 2419; baseline 0.002 -26"><span class='ocrx_word' id='word_1_389' title='bbox 2219 2368 2244 2394; x_wconf 78' lang='grc' dir='ltr'>(ι</span> <span class='ocrx_word' id='word_1_390' title='bbox 2280 2343 2371 2410; x_wconf 78' lang='grc' dir='ltr'>Μὴ</span> <span class='ocrx_word' id='word_1_391' title='bbox 2407 2340 2550 2416; x_wconf 78' lang='grc' dir='ltr'>ἔχων</span> <span class='ocrx_word' id='word_1_392' title='bbox 2581 2339 2719 2415; x_wconf 78' lang='grc' dir='ltr'>ἐμὴν</span> <span class='ocrx_word' id='word_1_393' title='bbox 2782 2337 3157 2411; x_wconf 85' lang='grc' dir='ltr'>δικαιοσύνην.</span> <span class='ocrx_word' id='word_1_394' title='bbox 3213 2364 3241 2392; x_wconf 78' lang='lat'><strong>»</strong></span> <span class='ocrx_word' id='word_1_395' title='bbox 3299 2341 3497 2414; x_wconf 77' lang='grc' dir='ltr'>Ἐμὴν,</span> <span class='ocrx_word' id='word_1_396' title='bbox 3557 2343 3715 2419; x_wconf 70' lang='grc' dir='ltr'>φησὶ,</span> <span class='ocrx_word' id='word_1_397' title='bbox 3771 2346 3875 2412; x_wconf 64' lang='grc' dir='ltr'>τήν</span> 
     </span>
    </p>
   </div>
   <div class='ocr_carea' id='block_1_54' title="bbox 2218 2426 3859 2507">
    <p class='ocr_par' dir='ltr' id='par_1_54' title="bbox 2218 2426 3859 2507">
     <span class='ocr_line' id='line_1_54' title="bbox 2218 2426 3859 2507; baseline 0.001 -20"><span class='ocrx_word' id='word_1_398' title='bbox 2218 2436 2333 2488; x_wconf 82' lang='grc' dir='ltr'>οἷον</span> <span class='ocrx_word' id='word_1_399' title='bbox 2366 2429 2414 2502; x_wconf 76' lang='grc' dir='ltr'>ἐξ</span> <span class='ocrx_word' id='word_1_400' title='bbox 2447 2426 2622 2507; x_wconf 76' lang='grc' dir='ltr'>ἔργων</span> <span class='ocrx_word' id='word_1_401' title='bbox 2655 2428 2802 2504; x_wconf 72' lang='grc' dir='ltr'>ἒμῶν</span> <span class='ocrx_word' id='word_1_402' title='bbox 2835 2430 2925 2485; x_wconf 83' lang='grc' dir='ltr'>καὶ</span> <span class='ocrx_word' id='word_1_403' title='bbox 2957 2430 3137 2485; x_wconf 81' lang='grc' dir='ltr'>πόνων</span> <span class='ocrx_word' id='word_1_404' title='bbox 3163 2434 3273 2486; x_wconf 80' lang='grc' dir='ltr'>τῶν</span> <span class='ocrx_word' id='word_1_405' title='bbox 3302 2432 3439 2486; x_wconf 82' lang='grc' dir='ltr'>κατά</span> <span class='ocrx_word' id='word_1_406' title='bbox 3453 2432 3646 2505; x_wconf 82' lang='grc' dir='ltr'>νόμον.</span> <span class='ocrx_word' id='word_1_407' title='bbox 3679 2433 3741 2487; x_wconf 78' lang='grc' dir='ltr'>Ἢ</span> <span class='ocrx_word' id='word_1_408' title='bbox 3764 2434 3859 2506; x_wconf 69' lang='grc' dir='ltr'>γὰρ</span> 
     </span>
    </p>
   </div>
   <div class='ocr_carea' id='block_1_55' title="bbox 2214 2516 3856 2597">
    <p class='ocr_par' dir='ltr' id='par_1_55' title="bbox 2214 2516 3856 2597">
     <span class='ocr_line' id='line_1_55' title="bbox 2214 2516 3856 2597; baseline -0.004 -18"><span class='ocrx_word' id='word_1_409' title='bbox 2214 2522 2463 2591; x_wconf 79' lang='grc' dir='ltr'>τοιαύτη,</span> <span class='ocrx_word' id='word_1_410' title='bbox 2497 2521 2684 2597; x_wconf 74' lang='grc' dir='ltr'>φησὶν,</span> <span class='ocrx_word' id='word_1_411' title='bbox 2720 2517 2843 2575; x_wconf 73' lang='grc' dir='ltr'>ούδὶ</span> <span class='ocrx_word' id='word_1_412' title='bbox 2881 2516 2994 2575; x_wconf 78' lang='grc' dir='ltr'>ἔστι</span> <span class='ocrx_word' id='word_1_413' title='bbox 3025 2521 3230 2595; x_wconf 79' lang='grc' dir='ltr'>κυρίως</span> <span class='ocrx_word' id='word_1_414' title='bbox 3279 2517 3621 2591; x_wconf 71' lang='grc' dir='ltr'>δικαιοσύνη.</span> <span class='ocrx_word' id='word_1_415' title='bbox 3658 2520 3856 2595; x_wconf 54' lang='lat' dir='ltr'>(TiTi;</span> 
     </span>
    </p>
   </div>
   <div class='ocr_carea' id='block_1_56' title="bbox 2216 2605 3865 2686">
    <p class='ocr_par' dir='ltr' id='par_1_56' title="bbox 2216 2605 3865 2686">
     <span class='ocr_line' id='line_1_56' title="bbox 2216 2605 3865 2686; baseline -0.001 -21"><span class='ocrx_word' id='word_1_416' title='bbox 2216 2612 2306 2666; x_wconf 82' lang='grc' dir='ltr'>καὶ</span> <span class='ocrx_word' id='word_1_417' title='bbox 2338 2614 2556 2681; x_wconf 72' lang='grc' dir='ltr'>ποιήσει</span> <span class='ocrx_word' id='word_1_418' title='bbox 2587 2605 2869 2686; x_wconf 75' lang='grc' dir='ltr'>ἄνθρωπος</span> <span class='ocrx_word' id='word_1_419' title='bbox 2892 2612 2933 2683; x_wconf 73' lang='grc' dir='ltr'>ς)</span> <span class='ocrx_word' id='word_1_420' title='bbox 2980 2607 3110 2664; x_wconf 78' lang='grc' dir='ltr'>ἀλλ’</span> <span class='ocrx_word' id='word_1_421' title='bbox 3140 2612 3175 2679; x_wconf 81' lang='grc' dir='ltr'><strong>ἡ</strong></span> <span class='ocrx_word' id='word_1_422' title='bbox 3234 2606 3324 2665; x_wconf 77' lang='grc' dir='ltr'>δια</span> <span class='ocrx_word' id='word_1_423' title='bbox 3385 2608 3613 2684; x_wconf 86' lang='grc' dir='ltr'>χάριτος</span> <span class='ocrx_word' id='word_1_424' title='bbox 3657 2610 3744 2663; x_wconf 75' lang='grc' dir='ltr'>καὶ</span> <span class='ocrx_word' id='word_1_425' title='bbox 3772 2611 3865 2663; x_wconf 71' lang='grc' dir='ltr'>πί-</span> 
     </span>
    </p>
   </div>
   <div class='ocr_carea' id='block_1_57' title="bbox 2217 2694 3863 2777">
    <p class='ocr_par' dir='ltr' id='par_1_57' title="bbox 2217 2694 3863 2777">
     <span class='ocr_line' id='line_1_57' title="bbox 2217 2694 3863 2777; baseline -0.002 -21"><span class='ocrx_word' id='word_1_426' title='bbox 2217 2722 2382 2763; x_wconf 84' lang='grc' dir='ltr'>στεως</span> <span class='ocrx_word' id='word_1_427' title='bbox 2414 2703 2671 2773; x_wconf 77' lang='grc' dir='ltr'>Χριστοῦ,</span> <span class='ocrx_word' id='word_1_428' title='bbox 2703 2696 2814 2756; x_wconf 80' lang='grc' dir='ltr'>ἔστι</span> <span class='ocrx_word' id='word_1_429' title='bbox 2840 2699 3044 2773; x_wconf 81' lang='grc' dir='ltr'>κυρίως</span> <span class='ocrx_word' id='word_1_430' title='bbox 3076 2695 3410 2768; x_wconf 81' lang='grc' dir='ltr'>δικαιοσύνη.</span> <span class='ocrx_word' id='word_1_431' title='bbox 3441 2699 3507 2755; x_wconf 89' lang='grc' dir='ltr'>Εἰ</span> <span class='ocrx_word' id='word_1_432' title='bbox 3539 2699 3633 2753; x_wconf 81' lang='grc' dir='ltr'>οῦν</span> <span class='ocrx_word' id='word_1_433' title='bbox 3663 2701 3691 2753; x_wconf 82' lang='grc' dir='ltr'><strong>ὁ</strong></span> <span class='ocrx_word' id='word_1_434' title='bbox 3720 2694 3863 2777; x_wconf 78' lang='grc' dir='ltr'>ἔχων</span> 
     </span>
    </p>
   </div>
   <div class='ocr_carea' id='block_1_58' title="bbox 2215 2784 3863 2865">
    <p class='ocr_par' dir='ltr' id='par_1_58' title="bbox 2215 2784 3863 2865">
     <span class='ocr_line' id='line_1_58' title="bbox 2215 2784 3863 2865; baseline -0.003 -20"><span class='ocrx_word' id='word_1_435' title='bbox 2215 2790 2265 2861; x_wconf 81' lang='grc' dir='ltr'>ἐξ</span> <span class='ocrx_word' id='word_1_436' title='bbox 2305 2784 2478 2865; x_wconf 79' lang='grc' dir='ltr'>ἔργων</span> <span class='ocrx_word' id='word_1_437' title='bbox 2512 2787 2884 2858; x_wconf 69' lang='grc' dir='ltr'>δικαιοσύνην,</span> <span class='ocrx_word' id='word_1_438' title='bbox 2916 2785 3264 2863; x_wconf 67' lang='grc' dir='ltr'>προσέδραμε</span> <span class='ocrx_word' id='word_1_439' title='bbox 3291 2792 3361 2860; x_wconf 74' lang='grc' dir='ltr'>τῇ</span> <span class='ocrx_word' id='word_1_440' title='bbox 3410 2786 3473 2842; x_wconf 71' lang='grc' dir='ltr'>ἐκ</span> <span class='ocrx_word' id='word_1_441' title='bbox 3512 2787 3745 2849; x_wconf 86' lang='grc' dir='ltr'>πίστεως</span> <span class='ocrx_word' id='word_1_442' title='bbox 3767 2786 3863 2841; x_wconf 74' lang='grc' dir='ltr'>’ἶνα</span> 
     </span>
    </p>
   </div>
   <div class='ocr_carea' id='block_1_59' title="bbox 2217 2872 3862 2952">
    <p class='ocr_par' dir='ltr' id='par_1_59' title="bbox 2217 2872 3862 2952">
     <span class='ocr_line' id='line_1_59' title="bbox 2217 2872 3862 2952; baseline -0.005 -15"><span class='ocrx_word' id='word_1_443' title='bbox 2217 2884 2387 2952; x_wconf 78' lang='grc' dir='ltr'>σωθῇ,</span> <span class='ocrx_word' id='word_1_444' title='bbox 2422 2881 2451 2937; x_wconf 85' lang='grc' dir='ltr'>ὁ</span> <span class='ocrx_word' id='word_1_445' title='bbox 2484 2875 2626 2951; x_wconf 77' lang='grc' dir='ltr'>μηδὶ</span> <span class='ocrx_word' id='word_1_446' title='bbox 2654 2872 2797 2952; x_wconf 73' lang='grc' dir='ltr'>ἔχων</span> <span class='ocrx_word' id='word_1_447' title='bbox 2829 2879 2918 2933; x_wconf 80' lang='grc' dir='ltr'>καὶ</span> <span class='ocrx_word' id='word_1_448' title='bbox 2954 2877 3032 2950; x_wconf 85' lang='grc' dir='ltr'>μή</span> <span class='ocrx_word' id='word_1_449' title='bbox 3066 2873 3448 2951; x_wconf 67' lang='grc' dir='ltr'>προστρέχων,</span> <span class='ocrx_word' id='word_1_450' title='bbox 3490 2875 3543 2931; x_wconf 88' lang='grc' dir='ltr'>τί</span> <span class='ocrx_word' id='word_1_451' title='bbox 3572 2877 3807 2931; x_wconf 74' lang='grc' dir='ltr'>πείσεται</span> <span class='ocrx_word' id='word_1_452' title='bbox 3844 2896 3862 2943; x_wconf 86' lang='grc'>;</span> 
     </span>
    </p>
   </div>
   <div class='ocr_carea' id='block_1_60' title="bbox 452 2965 3851 3052">
    <p class='ocr_par' dir='ltr' id='par_1_60' title="bbox 452 2965 3851 3052">
     <span class='ocr_line' id='line_1_60' title="bbox 452 2965 3851 3052; baseline -0.003 -23"><span class='ocrx_word' id='word_1_453' title='bbox 452 2974 617 3030; x_wconf 90' lang='lat' dir='ltr'><strong>ribus</strong></span> <span class='ocrx_word' id='word_1_454' title='bbox 648 2982 703 3031; x_wconf 89' lang='lat' dir='ltr'>et</span> <span class='ocrx_word' id='word_1_455' title='bbox 735 2975 1370 3048; x_wconf 70' lang='lat' dir='ltr'><strong>laboribus.Siquidem</strong></span> <span class='ocrx_word' id='word_1_456' title='bbox 1398 2981 1534 3035; x_wconf 90' lang='lat' dir='ltr'><strong>talis</strong></span> <span class='ocrx_word' id='word_1_457' title='bbox 1551 2997 1747 3052; x_wconf 91' lang='lat' dir='ltr'><strong>neque</strong></span> <span class='ocrx_word' id='word_1_458' title='bbox 1776 2974 2264 3052; x_wconf 86' lang='lat' dir='ltr'><strong>propriejustitia</strong></span> <span class='ocrx_word' id='word_1_459' title='bbox 2294 2976 2403 3033; x_wconf 81' lang='lat' dir='ltr'><strong>est.</strong></span> <span class='ocrx_word' id='word_1_460' title='bbox 2434 2968 2630 3041; x_wconf 86' lang='lat' dir='ltr'><strong>inquit</strong></span> <span class='ocrx_word' id='word_1_461' title='bbox 2685 2970 2848 3039; x_wconf 90' lang='lat' dir='ltr'><strong>(nam</strong></span> <span class='ocrx_word' id='word_1_462' title='bbox 2907 2966 3049 3039; x_wconf 91' lang='lat' dir='ltr'><strong>quid</strong></span> <span class='ocrx_word' id='word_1_463' title='bbox 3078 2972 3274 3039; x_wconf 89' lang='lat' dir='ltr'><strong>potest</strong></span> <span class='ocrx_word' id='word_1_464' title='bbox 3306 2967 3487 3022; x_wconf 91' lang='lat' dir='ltr'><strong>homo</strong></span> <span class='ocrx_word' id='word_1_465' title='bbox 3530 2967 3748 3022; x_wconf 81' lang='lat' dir='ltr'><strong>efﬁcere</strong></span> <span class='ocrx_word' id='word_1_466' title='bbox 3776 2965 3851 3035; x_wconf 69' lang='grc' dir='ltr'>ξ’).</span> 
     </span>
    </p>
   </div>
   <div class='ocr_carea' id='block_1_61' title="bbox 454 3054 3848 3141">
    <p class='ocr_par' dir='ltr' id='par_1_61' title="bbox 454 3054 3848 3141">
     <span class='ocr_line' id='line_1_61' title="bbox 454 3054 3848 3141; baseline -0.004 -20"><span class='ocrx_word' id='word_1_467' title='bbox 454 3065 557 3122; x_wconf 86' lang='lat' dir='ltr'><strong>sed</strong></span> <span class='ocrx_word' id='word_1_468' title='bbox 581 3083 686 3137; x_wconf 89' lang='lat' dir='ltr'><strong>per</strong></span> <span class='ocrx_word' id='word_1_469' title='bbox 730 3066 977 3137; x_wconf 77' lang='lat' dir='ltr'><strong>gratiam</strong></span> <span class='ocrx_word' id='word_1_470' title='bbox 1038 3072 1093 3120; x_wconf 87' lang='lat' dir='ltr'><strong>et</strong></span> <span class='ocrx_word' id='word_1_471' title='bbox 1152 3066 1331 3122; x_wconf 90' lang='lat' dir='ltr'><strong>ﬁdem</strong></span> <span class='ocrx_word' id='word_1_472' title='bbox 1389 3069 1603 3123; x_wconf 88' lang='lat' dir='ltr'><strong>Christi</strong></span> <span class='ocrx_word' id='word_1_473' title='bbox 1647 3075 1737 3124; x_wconf 90' lang='lat' dir='ltr'>est</span> <span class='ocrx_word' id='word_1_474' title='bbox 1788 3069 2026 3141; x_wconf 88' lang='lat' dir='ltr'><strong>proprie</strong></span> <span class='ocrx_word' id='word_1_475' title='bbox 2066 3063 2319 3138; x_wconf 36' lang='lat' dir='ltr'><strong>justitia.</strong></span> <span class='ocrx_word' id='word_1_476' title='bbox 2385 3060 2441 3114; x_wconf 91' lang='lat' dir='ltr'><strong>Si</strong></span> <span class='ocrx_word' id='word_1_477' title='bbox 2501 3075 2638 3128; x_wconf 75' lang='lat' dir='ltr'><strong>ergo</strong></span> <span class='ocrx_word' id='word_1_478' title='bbox 2687 3057 2789 3128; x_wconf 87' lang='lat' dir='ltr'>qui</span> <span class='ocrx_word' id='word_1_479' title='bbox 2844 3056 3026 3113; x_wconf 87' lang='lat' dir='ltr'><strong>habet</strong></span> <span class='ocrx_word' id='word_1_480' title='bbox 3079 3072 3151 3111; x_wconf 81' lang='lat' dir='ltr'><strong>ex</strong></span> <span class='ocrx_word' id='word_1_481' title='bbox 3203 3056 3486 3128; x_wconf 87' lang='lat' dir='ltr'><strong>operibus</strong></span> <span class='ocrx_word' id='word_1_482' title='bbox 3535 3054 3848 3128; x_wconf 70' lang='lat' dir='ltr'><strong>justitiam,</strong></span> 
     </span>
    </p>
   </div>
   <div class='ocr_carea' id='block_1_62' title="bbox 454 3144 3353 3226">
    <p class='ocr_par' dir='ltr' id='par_1_62' title="bbox 454 3144 3353 3226">
     <span class='ocr_line' id='line_1_62' title="bbox 454 3144 3353 3226; baseline -0.004 -14"><span class='ocrx_word' id='word_1_483' title='bbox 454 3154 529 3212; x_wconf 88' lang='lat' dir='ltr'>ad</span> <span class='ocrx_word' id='word_1_484' title='bbox 561 3172 628 3209; x_wconf 91' lang='lat' dir='ltr'><strong>ea</strong></span> <span class='ocrx_word' id='word_1_485' title='bbox 653 3172 784 3226; x_wconf 69' lang='lat' dir='ltr'>qum</span> <span class='ocrx_word' id='word_1_486' title='bbox 816 3172 885 3210; x_wconf 80' lang='lat' dir='ltr'><strong>ex</strong></span> <span class='ocrx_word' id='word_1_487' title='bbox 910 3154 1022 3209; x_wconf 86' lang='lat' dir='ltr'><strong>ﬁde</strong></span> <span class='ocrx_word' id='word_1_488' title='bbox 1045 3161 1136 3210; x_wconf 91' lang='lat' dir='ltr'>est</span> <span class='ocrx_word' id='word_1_489' title='bbox 1159 3156 1507 3211; x_wconf 88' lang='lat' dir='ltr'><strong>accurrebat</strong></span> <span class='ocrx_word' id='word_1_490' title='bbox 1537 3164 1602 3212; x_wconf 88' lang='lat' dir='ltr'>ut</span> <span class='ocrx_word' id='word_1_491' title='bbox 1641 3158 1837 3213; x_wconf 84' lang='lat' dir='ltr'><strong>salvus</strong></span> <span class='ocrx_word' id='word_1_492' title='bbox 1867 3158 2054 3223; x_wconf 83' lang='lat' dir='ltr'><strong>fieret,</strong></span> <span class='ocrx_word' id='word_1_493' title='bbox 2088 3153 2189 3225; x_wconf 90' lang='lat' dir='ltr'><strong>qui</strong></span> <span class='ocrx_word' id='word_1_494' title='bbox 2219 3166 2414 3220; x_wconf 85' lang='lat' dir='ltr'><strong>neque</strong></span> <span class='ocrx_word' id='word_1_495' title='bbox 2445 3147 2701 3205; x_wconf 86' lang='lat' dir='ltr'><strong>accurrit</strong></span> <span class='ocrx_word' id='word_1_496' title='bbox 2730 3146 3015 3217; x_wconf 89' lang='lat' dir='ltr'><strong>quidnam</strong></span> <span class='ocrx_word' id='word_1_497' title='bbox 3043 3146 3299 3217; x_wconf 89' lang='lat' dir='ltr'><strong>patietur</strong></span> <span class='ocrx_word' id='word_1_498' title='bbox 3324 3144 3353 3200; x_wconf 84' lang='lat'><strong>?</strong></span> 
     </span>
    </p>
   </div>
   <div class='ocr_carea' id='block_1_63' title="bbox 528 3244 2188 3316">
    <p class='ocr_par' dir='ltr' id='par_1_63' title="bbox 528 3244 2188 3316">
     <span class='ocr_line' id='line_1_63' title="bbox 528 3244 2188 3316; baseline -0.001 -16"><span class='ocrx_word' id='word_1_499' title='bbox 528 3247 623 3300; x_wconf 72' lang='lat'><strong>97</strong></span> <span class='ocrx_word' id='word_1_500' title='bbox 682 3246 779 3306; x_wconf 83' lang='grc' dir='ltr'>ΙΙΙ,</span> <span class='ocrx_word' id='word_1_501' title='bbox 817 3246 962 3298; x_wconf 79' lang='grc'>9-14.</span> <span class='ocrx_word' id='word_1_502' title='bbox 996 3246 1125 3309; x_wconf 70' lang='lat' dir='ltr'><strong>Quae</strong></span> <span class='ocrx_word' id='word_1_503' title='bbox 1147 3251 1226 3298; x_wconf 86' lang='lat' dir='ltr'>est</span> <span class='ocrx_word' id='word_1_504' title='bbox 1266 3262 1337 3299; x_wconf 76' lang='lat' dir='ltr'><strong>ea:</strong></span> <span class='ocrx_word' id='word_1_505' title='bbox 1360 3246 1711 3315; x_wconf 80' lang='lat' dir='ltr'><strong>Deojustitia</strong></span> <span class='ocrx_word' id='word_1_506' title='bbox 1731 3249 1797 3302; x_wconf 85' lang='lat' dir='ltr'><strong>ob</strong></span> <span class='ocrx_word' id='word_1_507' title='bbox 1825 3248 1987 3316; x_wconf 81' lang='lat' dir='ltr'><strong>ﬁdem</strong></span> <span class='ocrx_word' id='word_1_508' title='bbox 2018 3260 2111 3300; x_wconf 84' lang='lat' dir='ltr'>co-</span> <span class='ocrx_word' id='word_1_509' title='bbox 2145 3244 2188 3309; x_wconf 72' lang='grc' dir='ltr'><strong>Ο</strong></span> 
     </span>
    </p>
   </div>
   <div class='ocr_carea' id='block_1_64' title="bbox 458 3334 2112 3404">
    <p class='ocr_par' dir='ltr' id='par_1_64' title="bbox 458 3334 2112 3404">
     <span class='ocr_line' id='line_1_64' title="bbox 458 3334 2112 3404; baseline 0.002 -18"><span class='ocrx_word' id='word_1_510' title='bbox 458 3336 738 3404; x_wconf 80' lang='lat' dir='ltr'><strong>gnoscenti</strong></span> <span class='ocrx_word' id='word_1_511' title='bbox 768 3335 1036 3403; x_wconf 81' lang='lat' dir='ltr'><strong>ipsum,et</strong></span> <span class='ocrx_word' id='word_1_512' title='bbox 1061 3334 1370 3403; x_wconf 76' lang='lat' dir='ltr'><strong>potentiam</strong></span> <span class='ocrx_word' id='word_1_513' title='bbox 1401 3339 1820 3392; x_wconf 81' lang='lat' dir='ltr'><strong>resurrectionis</strong></span> <span class='ocrx_word' id='word_1_514' title='bbox 1848 3336 2021 3404; x_wconf 79' lang='lat' dir='ltr'><strong>illius,</strong></span> <span class='ocrx_word' id='word_1_515' title='bbox 2061 3341 2112 3390; x_wconf 84' lang='lat' dir='ltr'><strong>et</strong></span> 
     </span>
    </p>
   </div>
   <div class='ocr_carea' id='block_1_65' title="bbox 463 3426 2112 3498">
    <p class='ocr_par' dir='ltr' id='par_1_65' title="bbox 463 3426 2112 3498">
     <span class='ocr_line' id='line_1_65' title="bbox 463 3426 2112 3498; baseline 0.002 -19"><span class='ocrx_word' id='word_1_516' title='bbox 463 3426 899 3479; x_wconf 87' lang='lat' dir='ltr'><strong>communionem</strong></span> <span class='ocrx_word' id='word_1_517' title='bbox 956 3428 1329 3494; x_wconf 83' lang='lat' dir='ltr'><strong>afﬂictionum</strong></span> <span class='ocrx_word' id='word_1_518' title='bbox 1382 3429 1600 3498; x_wconf 74' lang='lat' dir='ltr'><strong>ipsius:</strong></span> <span class='ocrx_word' id='word_1_519' title='bbox 1632 3430 1763 3484; x_wconf 89' lang='lat' dir='ltr'>dum</span> <span class='ocrx_word' id='word_1_520' title='bbox 1811 3429 2112 3497; x_wconf 72' lang='lat' dir='ltr'><strong>conformis</strong></span> 
     </span>
    </p>
   </div>
   <div class='ocr_carea' id='block_1_66' title="bbox 457 3512 2113 3587">
    <p class='ocr_par' dir='ltr' id='par_1_66' title="bbox 457 3512 2113 3587">
     <span class='ocr_line' id='line_1_66' title="bbox 457 3512 2113 3587; baseline 0.005 -24"><span class='ocrx_word' id='word_1_521' title='bbox 457 3514 529 3580; x_wconf 84' lang='lat' dir='ltr'>ﬁo</span> <span class='ocrx_word' id='word_1_522' title='bbox 557 3512 724 3564; x_wconf 83' lang='lat' dir='ltr'><strong>morti</strong></span> <span class='ocrx_word' id='word_1_523' title='bbox 770 3513 890 3580; x_wconf 86' lang='lat' dir='ltr'><strong>ejus</strong></span> <span class='ocrx_word' id='word_1_524' title='bbox 943 3514 991 3566; x_wconf 82' lang='lat' dir='ltr'>si</span> <span class='ocrx_word' id='word_1_525' title='bbox 1020 3528 1129 3582; x_wconf 87' lang='lat' dir='ltr'>quo</span> <span class='ocrx_word' id='word_1_526' title='bbox 1175 3516 1335 3569; x_wconf 82' lang='lat' dir='ltr'><strong>modo</strong></span> <span class='ocrx_word' id='word_1_527' title='bbox 1373 3519 1688 3587; x_wconf 83' lang='lat' dir='ltr'><strong>pertingam</strong></span> <span class='ocrx_word' id='word_1_528' title='bbox 1735 3517 1811 3572; x_wconf 90' lang='lat' dir='ltr'>ad</span> <span class='ocrx_word' id='word_1_529' title='bbox 1837 3533 2113 3572; x_wconf 78' lang='lat' dir='ltr'><strong>resurrec-</strong></span> 
     </span>
    </p>
   </div>
   <div class='ocr_carea' id='block_1_67' title="bbox 465 3600 2112 3676">
    <p class='ocr_par' dir='ltr' id='par_1_67' title="bbox 465 3600 2112 3676">
     <span class='ocr_line' id='line_1_67' title="bbox 465 3600 2112 3676; baseline 0.004 -21"><span class='ocrx_word' id='word_1_530' title='bbox 465 3600 698 3655; x_wconf 82' lang='lat' dir='ltr'><strong>ctionem</strong></span> <span class='ocrx_word' id='word_1_531' title='bbox 724 3605 1085 3655; x_wconf 80' lang='lat' dir='ltr'><strong>mortuorum.</strong></span> <span class='ocrx_word' id='word_1_532' title='bbox 1115 3604 1229 3656; x_wconf 88' lang='lat' dir='ltr'><strong>Non</strong></span> <span class='ocrx_word' id='word_1_533' title='bbox 1247 3605 1397 3672; x_wconf 88' lang='lat' dir='ltr'><strong>quod</strong></span> <span class='ocrx_word' id='word_1_534' title='bbox 1430 3605 1551 3674; x_wconf 88' lang='lat' dir='ltr'><strong>jam</strong></span> <span class='ocrx_word' id='word_1_535' title='bbox 1566 3608 1691 3675; x_wconf 87' lang='lat' dir='ltr'><strong>jam</strong></span> <span class='ocrx_word' id='word_1_536' title='bbox 1737 3606 2112 3676; x_wconf 78' lang='lat' dir='ltr'><strong>apprehende-</strong></span> 
     </span>
    </p>
   </div>
   <div class='ocr_carea' id='block_1_68' title="bbox 464 3689 2115 3766">
    <p class='ocr_par' dir='ltr' id='par_1_68' title="bbox 464 3689 2115 3766">
     <span class='ocr_line' id='line_1_68' title="bbox 464 3689 2115 3766; baseline 0.004 -23"><span class='ocrx_word' id='word_1_537' title='bbox 464 3693 575 3747; x_wconf 63' lang='lat' dir='ltr'>rz‘m</span> <span class='ocrx_word' id='word_1_538' title='bbox 606 3695 703 3745; x_wconf 87' lang='lat' dir='ltr'>aut</span> <span class='ocrx_word' id='word_1_539' title='bbox 746 3689 870 3760; x_wconf 85' lang='lat' dir='ltr'><strong>jam</strong></span> <span class='ocrx_word' id='word_1_540' title='bbox 914 3697 1163 3746; x_wconf 86' lang='lat' dir='ltr'><strong>mortuus</strong></span> <span class='ocrx_word' id='word_1_541' title='bbox 1192 3691 1294 3746; x_wconf 84' lang='lat' dir='ltr'><strong>sim</strong></span> <span class='ocrx_word' id='word_1_542' title='bbox 1327 3709 1340 3747; x_wconf 92' lang='lat'>:</span> <span class='ocrx_word' id='word_1_543' title='bbox 1401 3694 1496 3748; x_wconf 89' lang='lat' dir='ltr'>sed</span> <span class='ocrx_word' id='word_1_544' title='bbox 1522 3700 1715 3757; x_wconf 79' lang='lat' dir='ltr'><strong>sector.</strong></span> <span class='ocrx_word' id='word_1_545' title='bbox 1736 3696 1785 3749; x_wconf 80' lang='lat' dir='ltr'>si</span> <span class='ocrx_word' id='word_1_546' title='bbox 1814 3695 1986 3749; x_wconf 74' lang='lat' dir='ltr'><strong>etiam</strong></span> <span class='ocrx_word' id='word_1_547' title='bbox 2010 3712 2115 3766; x_wconf 86' lang='lat' dir='ltr'><strong>ap-</strong></span> 
     </span>
    </p>
   </div>
   <div class='ocr_carea' id='block_1_69' title="bbox 458 3780 2117 3855">
    <p class='ocr_par' dir='ltr' id='par_1_69' title="bbox 458 3780 2117 3855">
     <span class='ocr_line' id='line_1_69' title="bbox 458 3780 2117 3855; baseline 0.002 -19"><span class='ocrx_word' id='word_1_548' title='bbox 458 3780 801 3852; x_wconf 78' lang='lat' dir='ltr'><strong>prehendam</strong></span> <span class='ocrx_word' id='word_1_549' title='bbox 860 3784 920 3837; x_wconf 76' lang='lat' dir='ltr'>in</span> <span class='ocrx_word' id='word_1_550' title='bbox 980 3782 1064 3837; x_wconf 81' lang='lat' dir='ltr'>his</span> <span class='ocrx_word' id='word_1_551' title='bbox 1116 3784 1181 3837; x_wconf 90' lang='lat' dir='ltr'>ob</span> <span class='ocrx_word' id='word_1_552' title='bbox 1229 3800 1351 3853; x_wconf 81' lang='lat' dir='ltr'><strong>quae</strong></span> <span class='ocrx_word' id='word_1_553' title='bbox 1398 3791 1450 3840; x_wconf 82' lang='lat' dir='ltr'>et</span> <span class='ocrx_word' id='word_1_554' title='bbox 1503 3784 1871 3855; x_wconf 82' lang='lat' dir='ltr'><strong>apprehensus</strong></span> <span class='ocrx_word' id='word_1_555' title='bbox 1925 3802 2045 3840; x_wconf 88' lang='lat' dir='ltr'>sum</span> <span class='ocrx_word' id='word_1_556' title='bbox 2081 3803 2117 3840; x_wconf 90' lang='lat' dir='ltr'>a</span> 
     </span>
    </p>
   </div>
   <div class='ocr_carea' id='block_1_70' title="bbox 469 3870 2117 3944">
    <p class='ocr_par' dir='ltr' id='par_1_70' title="bbox 469 3870 2117 3944">
     <span class='ocr_line' id='line_1_70' title="bbox 469 3870 2117 3944; baseline 0.003 -20"><span class='ocrx_word' id='word_1_557' title='bbox 469 3870 685 3925; x_wconf 80' lang='lat' dir='ltr'><strong>Christo</strong></span> <span class='ocrx_word' id='word_1_558' title='bbox 714 3873 861 3927; x_wconf 84' lang='lat' dir='ltr'><strong>Jesu.</strong></span> <span class='ocrx_word' id='word_1_559' title='bbox 894 3872 1138 3937; x_wconf 82' lang='lat' dir='ltr'><strong>Fratres,</strong></span> <span class='ocrx_word' id='word_1_560' title='bbox 1173 3888 1272 3942; x_wconf 87' lang='lat' dir='ltr'><strong>ego</strong></span> <span class='ocrx_word' id='word_1_561' title='bbox 1302 3877 1565 3944; x_wconf 79' lang='lat' dir='ltr'><strong>meipsum</strong></span> <span class='ocrx_word' id='word_1_562' title='bbox 1603 3874 1846 3929; x_wconf 87' lang='lat' dir='ltr'><strong>nondum</strong></span> <span class='ocrx_word' id='word_1_563' title='bbox 1874 3875 2117 3930; x_wconf 79' lang='lat' dir='ltr'><strong>arbitror</strong></span> 
     </span>
    </p>
   </div>
   <div class='ocr_carea' id='block_1_71' title="bbox 468 3962 2118 4035">
    <p class='ocr_par' dir='ltr' id='par_1_71' title="bbox 468 3962 2118 4035">
     <span class='ocr_line' id='line_1_71' title="bbox 468 3962 2118 4035; baseline 0.004 -22"><span class='ocrx_word' id='word_1_564' title='bbox 468 3967 773 4014; x_wconf 77' lang='lat' dir='ltr'><strong>assecutum</strong></span> <span class='ocrx_word' id='word_1_565' title='bbox 831 3976 957 4015; x_wconf 88' lang='lat' dir='ltr'><strong>esse.</strong></span> <span class='ocrx_word' id='word_1_566' title='bbox 1016 3962 1191 4017; x_wconf 87' lang='lat' dir='ltr'><strong>Unum</strong></span> <span class='ocrx_word' id='word_1_567' title='bbox 1246 3969 1446 4032; x_wconf 87' lang='lat' dir='ltr'><strong>autem,</strong></span> <span class='ocrx_word' id='word_1_568' title='bbox 1510 3980 1574 4019; x_wconf 89' lang='lat' dir='ltr'>ea</span> <span class='ocrx_word' id='word_1_569' title='bbox 1623 3965 1844 4034; x_wconf 83' lang='lat' dir='ltr'><strong>quidem</strong></span> <span class='ocrx_word' id='word_1_570' title='bbox 1910 3980 2032 4035; x_wconf 65' lang='lat' dir='ltr'>qua</span> <span class='ocrx_word' id='word_1_571' title='bbox 2083 3982 2118 4019; x_wconf 92' lang='lat' dir='ltr'>a</span> 
     </span>
    </p>
   </div>
   <div class='ocr_carea' id='block_1_72' title="bbox 471 4048 2119 4123">
    <p class='ocr_par' dir='ltr' id='par_1_72' title="bbox 471 4048 2119 4123">
     <span class='ocr_line' id='line_1_72' title="bbox 471 4048 2119 4123; baseline 0.004 -21"><span class='ocrx_word' id='word_1_572' title='bbox 471 4054 621 4115; x_wconf 82' lang='lat' dir='ltr'><strong>tergo</strong></span> <span class='ocrx_word' id='word_1_573' title='bbox 678 4055 803 4102; x_wconf 83' lang='lat' dir='ltr'><strong>sunt</strong></span> <span class='ocrx_word' id='word_1_574' title='bbox 835 4048 1177 4120; x_wconf 79' lang='lat' dir='ltr'><strong>obliviscens,</strong></span> <span class='ocrx_word' id='word_1_575' title='bbox 1227 4051 1301 4105; x_wconf 84' lang='lat' dir='ltr'>ad</span> <span class='ocrx_word' id='word_1_576' title='bbox 1356 4069 1419 4107; x_wconf 84' lang='lat' dir='ltr'>ea</span> <span class='ocrx_word' id='word_1_577' title='bbox 1444 4068 1574 4123; x_wconf 69' lang='lat' dir='ltr'><strong>quae</strong></span> <span class='ocrx_word' id='word_1_578' title='bbox 1601 4070 1635 4107; x_wconf 92' lang='lat' dir='ltr'>a</span> <span class='ocrx_word' id='word_1_579' title='bbox 1662 4056 1847 4122; x_wconf 83' lang='lat' dir='ltr'><strong>fronte</strong></span> <span class='ocrx_word' id='word_1_580' title='bbox 1874 4059 1999 4109; x_wconf 86' lang='lat' dir='ltr'><strong>sunt</strong></span> <span class='ocrx_word' id='word_1_581' title='bbox 2027 4069 2119 4109; x_wconf 72' lang='lat' dir='ltr'>e1:-</span> 
     </span>
    </p>
   </div>
   <div class='ocr_carea' id='block_1_73' title="bbox 472 4140 2117 4216">
    <p class='ocr_par' dir='ltr' id='par_1_73' title="bbox 472 4140 2117 4216">
     <span class='ocr_line' id='line_1_73' title="bbox 472 4140 2117 4216; baseline 0.004 -23"><span class='ocrx_word' id='word_1_582' title='bbox 472 4140 687 4201; x_wconf 74' lang='lat' dir='ltr'><strong>teudor,</strong></span> <span class='ocrx_word' id='word_1_583' title='bbox 732 4140 906 4208; x_wconf 65' lang='lat' dir='ltr'><strong>juxta</strong></span> <span class='ocrx_word' id='word_1_584' title='bbox 959 4144 1255 4211; x_wconf 56' lang='lat' dir='ltr'><strong>praﬁrum</strong></span> <span class='ocrx_word' id='word_1_585' title='bbox 1305 4142 1525 4212; x_wconf 80' lang='lat' dir='ltr'><strong>signum</strong></span> <span class='ocrx_word' id='word_1_586' title='bbox 1590 4145 1867 4215; x_wconf 80' lang='lat' dir='ltr'><strong>insequor,</strong></span> <span class='ocrx_word' id='word_1_587' title='bbox 1900 4146 1973 4200; x_wconf 83' lang='lat' dir='ltr'>ad</span> <span class='ocrx_word' id='word_1_588' title='bbox 1991 4145 2117 4216; x_wconf 83' lang='lat' dir='ltr'><strong>pal-</strong></span> 
     </span>
    </p>
   </div>
   <div class='ocr_carea' id='block_1_74' title="bbox 471 4234 2044 4303">
    <p class='ocr_par' dir='ltr' id='par_1_74' title="bbox 471 4234 2044 4303">
     <span class='ocr_line' id='line_1_74' title="bbox 471 4234 2044 4303; baseline 0.006 -20"><span class='ocrx_word' id='word_1_589' title='bbox 471 4245 617 4283; x_wconf 89' lang='lat' dir='ltr'>mam</span> <span class='ocrx_word' id='word_1_590' title='bbox 648 4246 799 4299; x_wconf 69' lang='lat' dir='ltr'><strong>supei</strong></span> <span class='ocrx_word' id='word_1_591' title='bbox 814 4246 897 4285; x_wconf 78' lang='lat' dir='ltr'><strong>nae</strong></span> <span class='ocrx_word' id='word_1_592' title='bbox 926 4234 1230 4287; x_wconf 73' lang='lat' dir='ltr'><strong>vocationis</strong></span> <span class='ocrx_word' id='word_1_593' title='bbox 1259 4234 1359 4287; x_wconf 83' lang='lat' dir='ltr'><strong>Dei</strong></span> <span class='ocrx_word' id='word_1_594' title='bbox 1393 4250 1499 4303; x_wconf 82' lang='lat' dir='ltr'><strong>per</strong></span> <span class='ocrx_word' id='word_1_595' title='bbox 1535 4235 1813 4291; x_wconf 85' lang='lat' dir='ltr'><strong>Christum</strong></span> <span class='ocrx_word' id='word_1_596' title='bbox 1841 4237 2044 4293; x_wconf 75' lang='lat' dir='ltr'><strong>Iesum.</strong></span> 
     </span>
    </p>
   </div>
   <div class='ocr_carea' id='block_1_75' title="bbox 544 4319 2118 4394">
    <p class='ocr_par' dir='ltr' id='par_1_75' title="bbox 544 4319 2118 4394">
     <span class='ocr_line' id='line_1_75' title="bbox 544 4319 2118 4394; baseline 0.004 -22"><span class='ocrx_word' id='word_1_597' title='bbox 544 4319 717 4384; x_wconf 66' lang='lat' dir='ltr'>«Qua:</span> <span class='ocrx_word' id='word_1_598' title='bbox 739 4326 831 4374; x_wconf 90' lang='lat' dir='ltr'>est</span> <span class='ocrx_word' id='word_1_599' title='bbox 845 4336 913 4374; x_wconf 89' lang='lat' dir='ltr'><strong>ex</strong></span> <span class='ocrx_word' id='word_1_600' title='bbox 928 4321 1046 4375; x_wconf 87' lang='lat' dir='ltr'><strong>Deo</strong></span> <span class='ocrx_word' id='word_1_601' title='bbox 1062 4321 1318 4392; x_wconf 82' lang='lat' dir='ltr'><strong>justitia.</strong></span> <span class='ocrx_word' id='word_1_602' title='bbox 1333 4324 1504 4377; x_wconf 72' lang='lat' dir='ltr'><strong>oNam</strong></span> <span class='ocrx_word' id='word_1_603' title='bbox 1522 4341 1653 4394; x_wconf 68' lang='lat' dir='ltr'><strong>qua:</strong></span> <span class='ocrx_word' id='word_1_604' title='bbox 1669 4330 1838 4381; x_wconf 80' lang='lat' dir='ltr'><strong>estex</strong></span> <span class='ocrx_word' id='word_1_605' title='bbox 1856 4325 1969 4381; x_wconf 87' lang='lat' dir='ltr'>ﬁde</span> <span class='ocrx_word' id='word_1_606' title='bbox 1983 4325 2118 4380; x_wconf 90' lang='lat' dir='ltr'><strong>Chri</strong></span> 
     </span>
    </p>
   </div>
   <div class='ocr_carea' id='block_1_76' title="bbox 471 4407 2120 4481">
    <p class='ocr_par' dir='ltr' id='par_1_76' title="bbox 471 4407 2120 4481">
     <span class='ocr_line' id='line_1_76' title="bbox 471 4407 2120 4481; baseline 0.005 -20"><span class='ocrx_word' id='word_1_607' title='bbox 471 4407 644 4469; x_wconf 81' lang='lat' dir='ltr'><strong>sti,ex</strong></span> <span class='ocrx_word' id='word_1_608' title='bbox 662 4409 776 4462; x_wconf 94' lang='lat' dir='ltr'><strong>Deo</strong></span> <span class='ocrx_word' id='word_1_609' title='bbox 791 4414 900 4473; x_wconf 84' lang='lat' dir='ltr'><strong>est,</strong></span> <span class='ocrx_word' id='word_1_610' title='bbox 930 4425 1049 4463; x_wconf 91' lang='lat' dir='ltr'><strong>non</strong></span> <span class='ocrx_word' id='word_1_611' title='bbox 1083 4426 1149 4464; x_wconf 80' lang='lat' dir='ltr'><strong>ex</strong></span> <span class='ocrx_word' id='word_1_612' title='bbox 1172 4410 1355 4481; x_wconf 59' lang='lat' dir='ltr'><strong>legem</strong></span> <span class='ocrx_word' id='word_1_613' title='bbox 1382 4411 1465 4466; x_wconf 92' lang='lat' dir='ltr'>Ob</span> <span class='ocrx_word' id='word_1_614' title='bbox 1488 4411 2000 4479; x_wconf 72' lang='lat' dir='ltr'><strong>ﬁdem,»Justitia,</strong></span> <span class='ocrx_word' id='word_1_615' title='bbox 2026 4415 2120 4469; x_wconf 85' lang='lat' dir='ltr'><strong>in-</strong></span> 
     </span>
    </p>
   </div>
   <div class='ocr_carea' id='block_1_77' title="bbox 470 4497 2124 4573">
    <p class='ocr_par' dir='ltr' id='par_1_77' title="bbox 470 4497 2124 4573">
     <span class='ocr_line' id='line_1_77' title="bbox 470 4497 2124 4573; baseline 0.005 -23"><span class='ocrx_word' id='word_1_616' title='bbox 470 4497 569 4569; x_wconf 92' lang='lat' dir='ltr'>qui</span> <span class='ocrx_word' id='word_1_617' title='bbox 582 4502 757 4569; x_wconf 73' lang='lat' dir='ltr'><strong>t,qua3</strong></span> <span class='ocrx_word' id='word_1_618' title='bbox 770 4503 858 4553; x_wconf 91' lang='lat' dir='ltr'>est</span> <span class='ocrx_word' id='word_1_619' title='bbox 870 4498 1161 4563; x_wconf 84' lang='lat' dir='ltr'><strong>exDeo,oh</strong></span> <span class='ocrx_word' id='word_1_620' title='bbox 1178 4499 1350 4554; x_wconf 88' lang='lat' dir='ltr'><strong>ﬁdem</strong></span> <span class='ocrx_word' id='word_1_621' title='bbox 1365 4506 1532 4555; x_wconf 84' lang='lat' dir='ltr'><strong>estex</strong></span> <span class='ocrx_word' id='word_1_622' title='bbox 1550 4502 1905 4573; x_wconf 67' lang='lat' dir='ltr'><strong>praecedenti</strong></span> <span class='ocrx_word' id='word_1_623' title='bbox 1922 4503 2124 4559; x_wconf 86' lang='lat' dir='ltr'><strong>volun-</strong></span> 
     </span>
    </p>
   </div>
   <div class='ocr_carea' id='block_1_78' title="bbox 2298 3229 3868 3307">
    <p class='ocr_par' dir='ltr' id='par_1_78' title="bbox 2298 3229 3868 3307">
     <span class='ocr_line' id='line_1_78' title="bbox 2298 3229 3868 3307; baseline -0.006 -13"><span class='ocrx_word' id='word_1_624' title='bbox 2298 3239 2413 3307; x_wconf 71' lang='grc' dir='ltr'>Τὴν</span> <span class='ocrx_word' id='word_1_625' title='bbox 2447 3234 2507 3291; x_wconf 80' lang='grc' dir='ltr'>ἑκ</span> <span class='ocrx_word' id='word_1_626' title='bbox 2536 3237 2671 3289; x_wconf 89' lang='grc' dir='ltr'>Θεοῦ</span> <span class='ocrx_word' id='word_1_627' title='bbox 2701 3231 3053 3301; x_wconf 72' lang='grc' dir='ltr'>δικαιοσύνην</span> <span class='ocrx_word' id='word_1_628' title='bbox 3110 3229 3198 3286; x_wconf 80' lang='grc' dir='ltr'>ἐπὶ</span> <span class='ocrx_word' id='word_1_629' title='bbox 3249 3235 3318 3305; x_wconf 76' lang='grc' dir='ltr'>τῇ</span> <span class='ocrx_word' id='word_1_630' title='bbox 3373 3231 3551 3287; x_wconf 77' lang='grc' dir='ltr'>πίστει</span> <span class='ocrx_word' id='word_1_631' title='bbox 3603 3234 3701 3286; x_wconf 86' lang='grc' dir='ltr'>τοῦ</span> <span class='ocrx_word' id='word_1_632' title='bbox 3725 3234 3868 3305; x_wconf 80' lang='grc' dir='ltr'>γνῶ-</span> 
     </span>
    </p>
   </div>
   <div class='ocr_carea' id='block_1_79' title="bbox 2223 3317 3877 3395">
    <p class='ocr_par' dir='ltr' id='par_1_79' title="bbox 2223 3317 3877 3395">
     <span class='ocr_line' id='line_1_79' title="bbox 2223 3317 3877 3395; baseline -0.004 -14"><span class='ocrx_word' id='word_1_633' title='bbox 2223 3348 2308 3381; x_wconf 87' lang='grc' dir='ltr'>ναι</span> <span class='ocrx_word' id='word_1_634' title='bbox 2412 3323 2610 3391; x_wconf 80' lang='grc' dir='ltr'>αὐτὸν,</span> <span class='ocrx_word' id='word_1_635' title='bbox 2684 3321 2777 3377; x_wconf 87' lang='grc' dir='ltr'>καὶ</span> <span class='ocrx_word' id='word_1_636' title='bbox 2850 3323 2950 3391; x_wconf 79' lang='grc' dir='ltr'>τήν</span> <span class='ocrx_word' id='word_1_637' title='bbox 3047 3317 3272 3395; x_wconf 76' lang='grc' dir='ltr'>δύναμιν</span> <span class='ocrx_word' id='word_1_638' title='bbox 3361 3326 3462 3389; x_wconf 77' lang='grc' dir='ltr'>τῆς</span> <span class='ocrx_word' id='word_1_639' title='bbox 3536 3319 3877 3380; x_wconf 73' lang='grc' dir='ltr'>ἀναστάσεως</span> 
     </span>
    </p>
   </div>
   <div class='ocr_carea' id='block_1_80' title="bbox 2221 3409 3878 3484">
    <p class='ocr_par' dir='ltr' id='par_1_80' title="bbox 2221 3409 3878 3484">
     <span class='ocr_line' id='line_1_80' title="bbox 2221 3409 3878 3484; baseline -0.005 -12"><span class='ocrx_word' id='word_1_640' title='bbox 2221 3416 2411 3483; x_wconf 68' lang='grc' dir='ltr'>αὐτοῦ,</span> <span class='ocrx_word' id='word_1_641' title='bbox 2471 3412 2564 3470; x_wconf 85' lang='grc' dir='ltr'>καὶ</span> <span class='ocrx_word' id='word_1_642' title='bbox 2619 3415 2718 3484; x_wconf 81' lang='grc' dir='ltr'>τήν</span> <span class='ocrx_word' id='word_1_643' title='bbox 2775 3411 3062 3469; x_wconf 78' lang='grc' dir='ltr'>κοινωνίαν</span> <span class='ocrx_word' id='word_1_644' title='bbox 3124 3416 3230 3466; x_wconf 81' lang='grc' dir='ltr'>τῶν</span> <span class='ocrx_word' id='word_1_645' title='bbox 3288 3410 3628 3483; x_wconf 78' lang='grc' dir='ltr'>παθημάτων</span> <span class='ocrx_word' id='word_1_646' title='bbox 3684 3409 3878 3480; x_wconf 76' lang='grc' dir='ltr'>αὐτοῦ,</span> 
     </span>
    </p>
   </div>
   <div class='ocr_carea' id='block_1_81' title="bbox 2221 3498 3873 3583">
    <p class='ocr_par' dir='ltr' id='par_1_81' title="bbox 2221 3498 3873 3583">
     <span class='ocr_line' id='line_1_81' title="bbox 2221 3498 3873 3583; baseline -0.005 -21"><span class='ocrx_word' id='word_1_647' title='bbox 2221 3504 2721 3583; x_wconf 61' lang='grc' dir='ltr'>συμμορφούμενος</span> <span class='ocrx_word' id='word_1_648' title='bbox 2787 3506 2868 3575; x_wconf 78' lang='grc' dir='ltr'>τῷ</span> <span class='ocrx_word' id='word_1_649' title='bbox 2941 3502 3156 3574; x_wconf 82' lang='grc' dir='ltr'>θανάτῳ</span> <span class='ocrx_word' id='word_1_650' title='bbox 3210 3501 3403 3570; x_wconf 80' lang='grc' dir='ltr'>αὐτοῦ,</span> <span class='ocrx_word' id='word_1_651' title='bbox 3461 3498 3517 3554; x_wconf 76' lang='grc' dir='ltr'>εἴ</span> <span class='ocrx_word' id='word_1_652' title='bbox 3561 3520 3679 3563; x_wconf 87' lang='grc' dir='ltr'>πως</span> <span class='ocrx_word' id='word_1_653' title='bbox 3745 3520 3873 3554; x_wconf 85' lang='grc' dir='ltr'>κατ-</span> 
     </span>
    </p>
   </div>
   <div class='ocr_carea' id='block_1_82' title="bbox 2221 3589 3881 3666">
    <p class='ocr_par' dir='ltr' id='par_1_82' title="bbox 2221 3589 3881 3666">
     <span class='ocr_line' id='line_1_82' title="bbox 2221 3589 3881 3666; baseline -0.014 -5"><span class='ocrx_word' id='word_1_654' title='bbox 2221 3598 2439 3666; x_wconf 69' lang='grc' dir='ltr'>αντήσω</span> <span class='ocrx_word' id='word_1_655' title='bbox 2500 3592 2576 3656; x_wconf 77' lang='grc' dir='ltr'>εἷς</span> <span class='ocrx_word' id='word_1_656' title='bbox 2653 3593 2753 3659; x_wconf 72' lang='grc' dir='ltr'>τῆν</span> <span class='ocrx_word' id='word_1_657' title='bbox 2840 3590 3178 3661; x_wconf 72' lang='grc' dir='ltr'>ἐξανάστασιν</span> <span class='ocrx_word' id='word_1_658' title='bbox 3235 3594 3346 3646; x_wconf 80' lang='grc' dir='ltr'>τῶν</span> <span class='ocrx_word' id='word_1_659' title='bbox 3420 3593 3622 3664; x_wconf 79' lang='grc' dir='ltr'>νεκρῶν</span> <span class='ocrx_word' id='word_1_660' title='bbox 3656 3609 3673 3624; x_wconf 75' lang='grc' dir='ltr'><strong><em>ο</em></strong></span> <span class='ocrx_word' id='word_1_661' title='bbox 3746 3589 3881 3664; x_wconf 70' lang='grc' dir='ltr'>Οὐχ</span> 
     </span>
    </p>
   </div>
   <div class='ocr_carea' id='block_1_83' title="bbox 2223 3675 3878 3754">
    <p class='ocr_par' dir='ltr' id='par_1_83' title="bbox 2223 3675 3878 3754">
     <span class='ocr_line' id='line_1_83' title="bbox 2223 3675 3878 3754; baseline -0.005 -14"><span class='ocrx_word' id='word_1_662' title='bbox 2223 3682 2435 3754; x_wconf 80' lang='grc' dir='ltr'>δτιῆδη</span> <span class='ocrx_word' id='word_1_663' title='bbox 2485 3676 2681 3740; x_wconf 74' lang='grc' dir='ltr'>ἔλαϐον</span> <span class='ocrx_word' id='word_1_664' title='bbox 2712 3681 2748 3749; x_wconf 78' lang='grc' dir='ltr'>ἦ</span> <span class='ocrx_word' id='word_1_665' title='bbox 2801 3676 2910 3750; x_wconf 77' lang='grc' dir='ltr'>ἢδη</span> <span class='ocrx_word' id='word_1_666' title='bbox 2949 3679 3269 3752; x_wconf 85' lang='grc' dir='ltr'>τελείωμαι.</span> <span class='ocrx_word' id='word_1_667' title='bbox 3327 3679 3522 3734; x_wconf 89' lang='grc' dir='ltr'>Διώκω</span> <span class='ocrx_word' id='word_1_668' title='bbox 3578 3675 3636 3733; x_wconf 76' lang='grc' dir='ltr'>δὲ</span> <span class='ocrx_word' id='word_1_669' title='bbox 3691 3676 3737 3732; x_wconf 78' lang='grc' dir='ltr'>εἰ</span> <span class='ocrx_word' id='word_1_670' title='bbox 3781 3679 3878 3731; x_wconf 71' lang='grc' dir='ltr'>καὶ</span> 
     </span>
    </p>
   </div>
   <div class='ocr_carea' id='block_1_84' title="bbox 2222 3766 3874 3849">
    <p class='ocr_par' dir='ltr' id='par_1_84' title="bbox 2222 3766 3874 3849">
     <span class='ocr_line' id='line_1_84' title="bbox 2222 3766 3874 3849; baseline -0.008 -18"><span class='ocrx_word' id='word_1_671' title='bbox 2222 3768 2543 3842; x_wconf 72' lang='grc' dir='ltr'>καταλάϐω,</span> <span class='ocrx_word' id='word_1_672' title='bbox 2584 3770 2663 3849; x_wconf 80' lang='grc' dir='ltr'>ἐφ’</span> <span class='ocrx_word' id='word_1_673' title='bbox 2692 3770 2739 3842; x_wconf 81' lang='grc' dir='ltr'>ᾧ</span> <span class='ocrx_word' id='word_1_674' title='bbox 2793 3769 2885 3825; x_wconf 84' lang='grc' dir='ltr'>καὶ</span> <span class='ocrx_word' id='word_1_675' title='bbox 2943 3766 3295 3846; x_wconf 65' lang='grc' dir='ltr'>κατελήφθην</span> <span class='ocrx_word' id='word_1_676' title='bbox 3349 3768 3450 3822; x_wconf 81' lang='grc' dir='ltr'>ὑπὸ</span> <span class='ocrx_word' id='word_1_677' title='bbox 3482 3770 3579 3822; x_wconf 88' lang='grc' dir='ltr'>τοῦ</span> <span class='ocrx_word' id='word_1_678' title='bbox 3636 3767 3874 3841; x_wconf 81' lang='grc' dir='ltr'>Χριστοῦ</span> 
     </span>
    </p>
   </div>
   <div class='ocr_carea' id='block_1_85' title="bbox 2224 3855 3873 3935">
    <p class='ocr_par' dir='ltr' id='par_1_85' title="bbox 2224 3855 3873 3935">
     <span class='ocr_line' id='line_1_85' title="bbox 2224 3855 3873 3935; baseline -0.007 -16"><span class='ocrx_word' id='word_1_679' title='bbox 2224 3863 2426 3934; x_wconf 81' lang='grc' dir='ltr'>Ἰησοῦ.</span> <span class='ocrx_word' id='word_1_680' title='bbox 2465 3859 2752 3933; x_wconf 80' lang='grc' dir='ltr'>Ἀδελφοὶ,</span> <span class='ocrx_word' id='word_1_681' title='bbox 2782 3858 2886 3935; x_wconf 76' lang='grc' dir='ltr'>ἐγὼ</span> <span class='ocrx_word' id='word_1_682' title='bbox 2916 3856 3151 3931; x_wconf 83' lang='grc' dir='ltr'>ἐμαυτὸν</span> <span class='ocrx_word' id='word_1_683' title='bbox 3173 3855 3325 3913; x_wconf 68' lang='grc' dir='ltr'>οὔπω</span> <span class='ocrx_word' id='word_1_684' title='bbox 3359 3855 3659 3931; x_wconf 78' lang='grc' dir='ltr'>λογίζομαι</span> <span class='ocrx_word' id='word_1_685' title='bbox 3685 3875 3873 3910; x_wconf 69' lang='grc' dir='ltr'>κατειυ</span> 
     </span>
    </p>
   </div>
   <div class='ocr_carea' id='block_1_86' title="bbox 2226 3944 3877 4030">
    <p class='ocr_par' dir='ltr' id='par_1_86' title="bbox 2226 3944 3877 4030">
     <span class='ocr_line' id='line_1_86' title="bbox 2226 3944 3877 4030; baseline -0.007 -21"><span class='ocrx_word' id='word_1_686' title='bbox 2226 3952 2480 4030; x_wconf 69' lang='grc' dir='ltr'>ληφέναι.</span> <span class='ocrx_word' id='word_1_687' title='bbox 2510 3952 2607 4008; x_wconf 79' lang='grc' dir='ltr'>’Ἑν</span> <span class='ocrx_word' id='word_1_688' title='bbox 2643 3946 2723 4018; x_wconf 70' lang='grc' dir='ltr'>δὲ,</span> <span class='ocrx_word' id='word_1_689' title='bbox 2753 3949 2820 4003; x_wconf 80' lang='grc' dir='ltr'>τὰ</span> <span class='ocrx_word' id='word_1_690' title='bbox 2852 3950 2948 4023; x_wconf 74' lang='grc' dir='ltr'>μὲν</span> <span class='ocrx_word' id='word_1_691' title='bbox 2991 3946 3170 4004; x_wconf 79' lang='grc' dir='ltr'>ὀπίσω</span> <span class='ocrx_word' id='word_1_692' title='bbox 3196 3944 3710 4019; x_wconf 79' lang='grc' dir='ltr'>ἐπιλανθανόμενος,</span> <span class='ocrx_word' id='word_1_693' title='bbox 3749 3949 3877 4005; x_wconf 81' lang='grc' dir='ltr'>τοῖς</span> 
     </span>
    </p>
   </div>
   <div class='ocr_carea' id='block_1_87' title="bbox 2227 4031 3873 4115">
    <p class='ocr_par' dir='ltr' id='par_1_87' title="bbox 2227 4031 3873 4115">
     <span class='ocr_line' id='line_1_87' title="bbox 2227 4031 3873 4115; baseline -0.008 -16"><span class='ocrx_word' id='word_1_694' title='bbox 2227 4041 2284 4099; x_wconf 74' lang='grc' dir='ltr'>δὲ</span> <span class='ocrx_word' id='word_1_695' title='bbox 2314 4042 2615 4115; x_wconf 80' lang='grc' dir='ltr'>ἔμπροσθεν</span> <span class='ocrx_word' id='word_1_696' title='bbox 2648 4037 3114 4112; x_wconf 75' lang='grc' dir='ltr'>ἐπεκτεινόμενος,</span> <span class='ocrx_word' id='word_1_697' title='bbox 3145 4036 3280 4092; x_wconf 83' lang='grc' dir='ltr'>κατὰ</span> <span class='ocrx_word' id='word_1_698' title='bbox 3312 4036 3515 4092; x_wconf 86' lang='grc' dir='ltr'>σκοπὸν</span> <span class='ocrx_word' id='word_1_699' title='bbox 3543 4032 3722 4089; x_wconf 82' lang='grc' dir='ltr'>διώκω</span> <span class='ocrx_word' id='word_1_700' title='bbox 3774 4031 3873 4088; x_wconf 77' lang='grc' dir='ltr'>ἐπὶ</span> 
     </span>
    </p>
   </div>
   <div class='ocr_carea' id='block_1_88' title="bbox 2224 4122 3865 4207">
    <p class='ocr_par' dir='ltr' id='par_1_88' title="bbox 2224 4122 3865 4207">
     <span class='ocr_line' id='line_1_88' title="bbox 2224 4122 3865 4207; baseline -0.01 -19"><span class='ocrx_word' id='word_1_701' title='bbox 2224 4133 2287 4188; x_wconf 88' lang='grc' dir='ltr'>τὸ</span> <span class='ocrx_word' id='word_1_702' title='bbox 2322 4125 2575 4207; x_wconf 77' lang='grc' dir='ltr'>βραϐεῖον</span> <span class='ocrx_word' id='word_1_703' title='bbox 2603 4134 2701 4200; x_wconf 81' lang='grc' dir='ltr'>τῆς</span> <span class='ocrx_word' id='word_1_704' title='bbox 2733 4125 2846 4184; x_wconf 75' lang='grc' dir='ltr'>ἂνω</span> <span class='ocrx_word' id='word_1_705' title='bbox 2894 4127 3144 4200; x_wconf 74' lang='grc' dir='ltr'>κλήσεως</span> <span class='ocrx_word' id='word_1_706' title='bbox 3202 4130 3302 4181; x_wconf 89' lang='grc' dir='ltr'>τοῦ</span> <span class='ocrx_word' id='word_1_707' title='bbox 3361 4128 3494 4181; x_wconf 84' lang='grc' dir='ltr'>Θεοῦ</span> <span class='ocrx_word' id='word_1_708' title='bbox 3548 4122 3600 4177; x_wconf 75' lang='grc' dir='ltr'>ἓν</span> <span class='ocrx_word' id='word_1_709' title='bbox 3641 4122 3865 4194; x_wconf 79' lang='grc' dir='ltr'>Χριστῷ</span> 
     </span>
    </p>
   </div>
   <div class='ocr_carea' id='block_1_89' title="bbox 2229 4225 2430 4294">
    <p class='ocr_par' dir='ltr' id='par_1_89' title="bbox 2229 4225 2430 4294">
     <span class='ocr_line' id='line_1_89' title="bbox 2229 4225 2430 4294; baseline -0.01 -14"><span class='ocrx_word' id='word_1_710' title='bbox 2229 4225 2430 4294; x_wconf 86' lang='grc' dir='ltr'>Ἰησοῦ.</span> 
     </span>
    </p>
   </div>
   <div class='ocr_carea' id='block_1_90' title="bbox 2303 4318 3880 4399">
    <p class='ocr_par' dir='ltr' id='par_1_90' title="bbox 2303 4318 3880 4399">
     <span class='ocr_line' id='line_1_90' title="bbox 2303 4318 3880 4399; baseline -0.006 -18"><span class='ocrx_word' id='word_1_711' title='bbox 2303 4355 2330 4381; x_wconf 78' lang='grc' dir='ltr'>ι(</span> <span class='ocrx_word' id='word_1_712' title='bbox 2363 4331 2481 4399; x_wconf 76' lang='grc' dir='ltr'>Τὴν</span> <span class='ocrx_word' id='word_1_713' title='bbox 2512 4328 2571 4384; x_wconf 83' lang='grc' dir='ltr'>ἐκ</span> <span class='ocrx_word' id='word_1_714' title='bbox 2626 4332 2763 4384; x_wconf 87' lang='grc' dir='ltr'>Θεοῦ</span> <span class='ocrx_word' id='word_1_715' title='bbox 2795 4324 3168 4395; x_wconf 85' lang='grc' dir='ltr'>δικαιοσύνην.</span> <span class='ocrx_word' id='word_1_716' title='bbox 3207 4351 3228 4376; x_wconf 76' lang='grc' dir='ltr'><strong>ι</strong></span> <span class='ocrx_word' id='word_1_717' title='bbox 3262 4326 3322 4382; x_wconf 83' lang='grc' dir='ltr'>Ἡ</span> <span class='ocrx_word' id='word_1_718' title='bbox 3367 4324 3470 4399; x_wconf 79' lang='grc' dir='ltr'>γὰρ</span> <span class='ocrx_word' id='word_1_719' title='bbox 3510 4318 3600 4376; x_wconf 72' lang='grc' dir='ltr'>διὰ</span> <span class='ocrx_word' id='word_1_720' title='bbox 3639 4319 3880 4379; x_wconf 86' lang='grc' dir='ltr'>πίστεως</span> 
     </span>
    </p>
   </div>
   <div class='ocr_carea' id='block_1_91' title="bbox 2230 4408 3882 4493">
    <p class='ocr_par' dir='ltr' id='par_1_91' title="bbox 2230 4408 3882 4493">
     <span class='ocr_line' id='line_1_91' title="bbox 2230 4408 3882 4493; baseline -0.01 -16"><span class='ocrx_word' id='word_1_721' title='bbox 2230 4422 2490 4493; x_wconf 83' lang='grc' dir='ltr'>Χριστοῦ,</span> <span class='ocrx_word' id='word_1_722' title='bbox 2523 4417 2583 4473; x_wconf 83' lang='grc' dir='ltr'>ἐκ</span> <span class='ocrx_word' id='word_1_723' title='bbox 2627 4420 2763 4473; x_wconf 86' lang='grc' dir='ltr'>Θεοῦ</span> <span class='ocrx_word' id='word_1_724' title='bbox 2821 4416 2982 4483; x_wconf 73' lang='grc' dir='ltr'>ἐστιν,</span> <span class='ocrx_word' id='word_1_725' title='bbox 3033 4413 3134 4470; x_wconf 80' lang='grc' dir='ltr'>οὐκ</span> <span class='ocrx_word' id='word_1_726' title='bbox 3189 4410 3252 4469; x_wconf 75' lang='grc' dir='ltr'>ὲκ</span> <span class='ocrx_word' id='word_1_727' title='bbox 3306 4412 3505 4485; x_wconf 82' lang='grc' dir='ltr'>νόμου.</span> <span class='ocrx_word' id='word_1_728' title='bbox 3558 4434 3588 4463; x_wconf 76' lang='grc' dir='ltr'>α</span> <span class='ocrx_word' id='word_1_729' title='bbox 3635 4408 3758 4466; x_wconf 82' lang='grc' dir='ltr'>Ἐπὶ</span> <span class='ocrx_word' id='word_1_730' title='bbox 3807 4408 3882 4478; x_wconf 70' lang='grc' dir='ltr'>τῇ</span> 
     </span>
    </p>
   </div>
   <div class='ocr_carea' id='block_1_92' title="bbox 2230 4494 3884 4574">
    <p class='ocr_par' dir='ltr' id='par_1_92' title="bbox 2230 4494 3884 4574">
     <span class='ocr_line' id='line_1_92' title="bbox 2230 4494 3884 4574; baseline -0.01 -10"><span class='ocrx_word' id='word_1_731' title='bbox 2230 4508 2483 4564; x_wconf 80' lang='grc' dir='ltr'>πίστει.»</span> <span class='ocrx_word' id='word_1_732' title='bbox 2541 4508 2701 4569; x_wconf 81' lang='grc' dir='ltr'>’Ἡτις</span> <span class='ocrx_word' id='word_1_733' title='bbox 2760 4504 2820 4561; x_wconf 77' lang='grc' dir='ltr'>ἐκ</span> <span class='ocrx_word' id='word_1_734' title='bbox 2876 4508 3031 4570; x_wconf 83' lang='grc' dir='ltr'>Θεοῦ,</span> <span class='ocrx_word' id='word_1_735' title='bbox 3063 4501 3218 4574; x_wconf 84' lang='grc' dir='ltr'>ιοησὶ,</span> <span class='ocrx_word' id='word_1_736' title='bbox 3270 4497 3616 4569; x_wconf 85' lang='grc' dir='ltr'>δικαιοσύνη,</span> <span class='ocrx_word' id='word_1_737' title='bbox 3790 4494 3884 4550; x_wconf 71' lang='grc' dir='ltr'>ἐπὶ</span> 
     </span>
    </p>
   </div>
   <div class='ocr_carea' id='block_1_93' title="bbox 473 4584 2112 4672">
    <p class='ocr_par' dir='ltr' id='par_1_93' title="bbox 473 4587 2112 4666">
     <span class='ocr_line' id='line_1_93' title="bbox 473 4587 2112 4666; baseline 0.004 -26"><span class='ocrx_word' id='word_1_738' title='bbox 473 4591 591 4641; x_wconf 88' lang='lat' dir='ltr'><strong>tate</strong></span> <span class='ocrx_word' id='word_1_739' title='bbox 606 4587 999 4659; x_wconf 78' lang='lat' dir='ltr'><strong>cognoscendi</strong></span> <span class='ocrx_word' id='word_1_740' title='bbox 1017 4588 1233 4660; x_wconf 80' lang='lat' dir='ltr'><strong>ipsum,</strong></span> <span class='ocrx_word' id='word_1_741' title='bbox 1253 4612 1278 4638; x_wconf 82' lang='grc' dir='ltr'>ι(</span> <span class='ocrx_word' id='word_1_742' title='bbox 1302 4591 1441 4644; x_wconf 84' lang='lat' dir='ltr'>Nam</span> <span class='ocrx_word' id='word_1_743' title='bbox 1457 4592 1556 4661; x_wconf 88' lang='lat' dir='ltr'>qui</span> <span class='ocrx_word' id='word_1_744' title='bbox 1569 4592 1783 4647; x_wconf 90' lang='lat' dir='ltr'><strong>Filium</strong></span> <span class='ocrx_word' id='word_1_745' title='bbox 1797 4593 2112 4666; x_wconf 77' lang='lat' dir='ltr'><strong>cognoscit,</strong></span> 
     </span>
    </p>
   </div>
   <div class='ocr_carea' id='block_1_94' title="bbox 2223 4584 3886 4672">
    <p class='ocr_par' dir='ltr' id='par_1_94' title="bbox 2225 4584 3886 4670">
     <span class='ocr_line' id='line_1_94' title="bbox 2225 4584 3886 4670; baseline -0.01 -15"><span class='ocrx_word' id='word_1_746' title='bbox 2225 4599 2402 4655; x_wconf 83' lang='grc' dir='ltr'>πίστει</span> <span class='ocrx_word' id='word_1_747' title='bbox 2460 4594 2572 4653; x_wconf 74' lang='grc' dir='ltr'>ἐστὶ</span> <span class='ocrx_word' id='word_1_748' title='bbox 2624 4595 2716 4651; x_wconf 81' lang='grc' dir='ltr'>καὶ</span> <span class='ocrx_word' id='word_1_749' title='bbox 2773 4593 3084 4670; x_wconf 75' lang='grc' dir='ltr'>ἐρήρεισται</span> <span class='ocrx_word' id='word_1_750' title='bbox 3142 4595 3240 4648; x_wconf 89' lang='grc' dir='ltr'>τοῦ</span> <span class='ocrx_word' id='word_1_751' title='bbox 3293 4593 3493 4665; x_wconf 81' lang='grc' dir='ltr'>γνῶναι</span> <span class='ocrx_word' id='word_1_752' title='bbox 3542 4586 3729 4642; x_wconf 77' lang='grc' dir='ltr'>αὐτόν.</span> <span class='ocrx_word' id='word_1_753' title='bbox 3761 4608 3789 4636; x_wconf 79' lang='grc' dir='ltr'>ιι</span> <span class='ocrx_word' id='word_1_754' title='bbox 3825 4584 3886 4639; x_wconf 89' lang='lat'><strong>&#39;0</strong></span> 
     </span>
    </p>
   </div>
   <div class='ocr_carea' id='block_1_95' title="bbox 475 4676 2119 4754">
    <p class='ocr_par' dir='ltr' id='par_1_95' title="bbox 475 4676 2119 4754">
     <span class='ocr_line' id='line_1_95' title="bbox 475 4676 2119 4754; baseline 0.006 -25"><span class='ocrx_word' id='word_1_755' title='bbox 475 4676 652 4731; x_wconf 89' lang='lat' dir='ltr'><strong>etiam</strong></span> <span class='ocrx_word' id='word_1_756' title='bbox 671 4677 906 4732; x_wconf 87' lang='lat' dir='ltr'><strong>Patrem</strong></span> <span class='ocrx_word' id='word_1_757' title='bbox 929 4678 1314 4749; x_wconf 80' lang='lat' dir='ltr'><strong>cognoscit,et</strong></span> <span class='ocrx_word' id='word_1_758' title='bbox 1338 4695 1368 4732; x_wconf 92' lang='lat' dir='ltr'><strong>e</strong></span> <span class='ocrx_word' id='word_1_759' title='bbox 1387 4678 1736 4734; x_wconf 74' lang='lat' dir='ltr'><strong>diverso&quot;.»</strong></span> <span class='ocrx_word' id='word_1_760' title='bbox 1758 4712 1826 4721; x_wconf 91' lang='grc'><strong>--</strong></span> <span class='ocrx_word' id='word_1_761' title='bbox 1851 4703 1878 4731; x_wconf 89' lang='grc'>‹‹</span> <span class='ocrx_word' id='word_1_762' title='bbox 1906 4685 1986 4737; x_wconf 83' lang='lat' dir='ltr'>Ac</span> <span class='ocrx_word' id='word_1_763' title='bbox 2015 4699 2119 4754; x_wconf 88' lang='lat' dir='ltr'>po-</span> 
     </span>
    </p>
   </div>
   <div class='ocr_carea' id='block_1_96' title="bbox 474 4766 2122 4825">
    <p class='ocr_par' dir='ltr' id='par_1_96' title="bbox 474 4766 2122 4825">
     <span class='ocr_line' id='line_1_96' title="bbox 474 4766 2122 4825; baseline 0.004 -7"><span class='ocrx_word' id='word_1_764' title='bbox 474 4766 719 4821; x_wconf 86' lang='lat' dir='ltr'><strong>tentiam</strong></span> <span class='ocrx_word' id='word_1_765' title='bbox 736 4767 1190 4822; x_wconf 89' lang='lat' dir='ltr'><strong>resurrectionis</strong></span> <span class='ocrx_word' id='word_1_766' title='bbox 1211 4766 1431 4822; x_wconf 84' lang='lat' dir='ltr'><strong>illius.»</strong></span> <span class='ocrx_word' id='word_1_767' title='bbox 1454 4768 1572 4822; x_wconf 86' lang='lat' dir='ltr'><strong>Nisi</strong></span> <span class='ocrx_word' id='word_1_768' title='bbox 1587 4771 1744 4824; x_wconf 91' lang='lat' dir='ltr'><strong>enim</strong></span> <span class='ocrx_word' id='word_1_769' title='bbox 1769 4769 1917 4824; x_wconf 89' lang='lat' dir='ltr'><strong>ﬁdes</strong></span> <span class='ocrx_word' id='word_1_770' title='bbox 1937 4770 2122 4825; x_wconf 84' lang='lat' dir='ltr'><strong>mani-</strong></span> 
     </span>
    </p>
   </div>
   <div class='ocr_carea' id='block_1_97' title="bbox 473 4851 2122 4930">
    <p class='ocr_par' dir='ltr' id='par_1_97' title="bbox 473 4851 2122 4930">
     <span class='ocr_line' id='line_1_97' title="bbox 473 4851 2122 4930; baseline 0.007 -27"><span class='ocrx_word' id='word_1_771' title='bbox 473 4851 777 4910; x_wconf 86' lang='lat' dir='ltr'><strong>festaverit</strong></span> <span class='ocrx_word' id='word_1_772' title='bbox 805 4856 1134 4928; x_wconf 89' lang='lat' dir='ltr'><strong>potentiam</strong></span> <span class='ocrx_word' id='word_1_773' title='bbox 1165 4858 1641 4923; x_wconf 85' lang='lat' dir='ltr'><strong>resurrectionis,</strong></span> <span class='ocrx_word' id='word_1_774' title='bbox 1671 4859 1804 4930; x_wconf 85' lang='lat' dir='ltr'><strong>quis</strong></span> <span class='ocrx_word' id='word_1_775' title='bbox 1836 4875 2031 4915; x_wconf 92' lang='lat' dir='ltr'><strong>sermo</strong></span> <span class='ocrx_word' id='word_1_776' title='bbox 2061 4858 2122 4914; x_wconf 89' lang='lat' dir='ltr'><strong>id</strong></span> 
     </span>
    </p>
   </div>
   <div class='ocr_carea' id='block_1_98' title="bbox 474 4943 2123 5020">
    <p class='ocr_par' dir='ltr' id='par_1_98' title="bbox 474 4943 2123 5020">
     <span class='ocr_line' id='line_1_98' title="bbox 474 4943 2123 5020; baseline 0.008 -30"><span class='ocrx_word' id='word_1_777' title='bbox 474 4943 827 5008; x_wconf 69' lang='lat' dir='ltr'><strong>praestabit?</strong></span> <span class='ocrx_word' id='word_1_778' title='bbox 851 4968 879 4995; x_wconf 75' lang='grc' dir='ltr'>ιε</span> <span class='ocrx_word' id='word_1_779' title='bbox 904 4948 975 5000; x_wconf 88' lang='lat' dir='ltr'><strong>Et</strong></span> <span class='ocrx_word' id='word_1_780' title='bbox 1004 4946 1488 5003; x_wconf 89' lang='lat' dir='ltr'><strong>communionem</strong></span> <span class='ocrx_word' id='word_1_781' title='bbox 1518 4947 1857 5003; x_wconf 82' lang='lat' dir='ltr'><strong>afflictionis</strong></span> <span class='ocrx_word' id='word_1_782' title='bbox 1877 4949 2123 5020; x_wconf 82' lang='lat' dir='ltr'><strong>ipsius.»</strong></span> 
     </span>
    </p>
   </div>
   <div class='ocr_carea' id='block_1_99' title="bbox 476 5027 2126 5108">
    <p class='ocr_par' dir='ltr' id='par_1_99' title="bbox 476 5027 2126 5108">
     <span class='ocr_line' id='line_1_99' title="bbox 476 5027 2126 5108; baseline -0.003 -10"><span class='ocrx_word' id='word_1_783' title='bbox 476 5027 779 5097; x_wconf 80' lang='lat' dir='ltr'>Sicluidem</span> <span class='ocrx_word' id='word_1_784' title='bbox 799 5036 956 5103; x_wconf 87' lang='lat' dir='ltr'><strong>quod</strong></span> <span class='ocrx_word' id='word_1_785' title='bbox 988 5043 1258 5108; x_wconf 78' lang='lat' dir='ltr'><strong>oporteat</strong></span> <span class='ocrx_word' id='word_1_786' title='bbox 1289 5039 1466 5093; x_wconf 88' lang='lat' dir='ltr'><strong>etiam</strong></span> <span class='ocrx_word' id='word_1_787' title='bbox 1499 5041 1939 5095; x_wconf 87' lang='lat' dir='ltr'><strong>communicare</strong></span> <span class='ocrx_word' id='word_1_788' title='bbox 1969 5039 2126 5095; x_wconf 86' lang='lat' dir='ltr'><strong>afﬂi-</strong></span> 
     </span>
    </p>
   </div>
   <div class='ocr_carea' id='block_1_100' title="bbox 475 5116 2125 5201">
    <p class='ocr_par' dir='ltr' id='par_1_100' title="bbox 475 5116 2125 5201">
     <span class='ocr_line' id='line_1_100' title="bbox 475 5116 2125 5201; baseline 0.007 -28"><span class='ocrx_word' id='word_1_789' title='bbox 475 5116 772 5173; x_wconf 87' lang='lat' dir='ltr'><strong>ctionibus</strong></span> <span class='ocrx_word' id='word_1_790' title='bbox 804 5123 1016 5177; x_wconf 81' lang='lat' dir='ltr'><strong>Christi</strong></span> <span class='ocrx_word' id='word_1_791' title='bbox 1050 5145 1153 5197; x_wconf 83' lang='lat' dir='ltr'><strong>per</strong></span> <span class='ocrx_word' id='word_1_792' title='bbox 1186 5127 1359 5183; x_wconf 82' lang='lat' dir='ltr'><strong>ﬁdem</strong></span> <span class='ocrx_word' id='word_1_793' title='bbox 1385 5133 1443 5183; x_wconf 91' lang='lat' dir='ltr'><strong>et</strong></span> <span class='ocrx_word' id='word_1_794' title='bbox 1473 5129 1856 5201; x_wconf 80' lang='lat' dir='ltr'><strong>cognovimus</strong></span> <span class='ocrx_word' id='word_1_795' title='bbox 1888 5136 1947 5184; x_wconf 92' lang='lat' dir='ltr'><strong>et</strong></span> <span class='ocrx_word' id='word_1_796' title='bbox 1977 5147 2125 5201; x_wconf 66' lang='lat' dir='ltr'><strong>pras-</strong></span> 
     </span>
    </p>
   </div>
   <div class='ocr_carea' id='block_1_101' title="bbox 475 5210 2125 5291">
    <p class='ocr_par' dir='ltr' id='par_1_101' title="bbox 475 5210 2125 5291">
     <span class='ocr_line' id='line_1_101' title="bbox 475 5210 2125 5291; baseline 0.007 -29"><span class='ocrx_word' id='word_1_797' title='bbox 475 5214 721 5263; x_wconf 87' lang='lat' dir='ltr'><strong>stamus.</strong></span> <span class='ocrx_word' id='word_1_798' title='bbox 748 5210 853 5273; x_wconf 86' lang='lat' dir='ltr'>Qui</span> <span class='ocrx_word' id='word_1_799' title='bbox 880 5213 1038 5266; x_wconf 86' lang='lat' dir='ltr'><strong>enim</strong></span> <span class='ocrx_word' id='word_1_800' title='bbox 1063 5233 1176 5271; x_wconf 80' lang='lat' dir='ltr'>non</span> <span class='ocrx_word' id='word_1_801' title='bbox 1200 5218 1390 5272; x_wconf 65' lang='lat' dir='ltr'><strong>credit</strong></span> <span class='ocrx_word' id='word_1_802' title='bbox 1425 5219 1583 5290; x_wconf 84' lang='lat' dir='ltr'><strong>quod</strong></span> <span class='ocrx_word' id='word_1_803' title='bbox 1616 5220 1664 5275; x_wconf 88' lang='lat' dir='ltr'>is</span> <span class='ocrx_word' id='word_1_804' title='bbox 1695 5220 1795 5290; x_wconf 91' lang='lat' dir='ltr'>qui</span> <span class='ocrx_word' id='word_1_805' title='bbox 1841 5220 2125 5291; x_wconf 80' lang='lat' dir='ltr'><strong>compati-</strong></span> 
     </span>
    </p>
   </div>
   <div class='ocr_carea' id='block_1_102' title="bbox 473 5298 2126 5382">
    <p class='ocr_par' dir='ltr' id='par_1_102' title="bbox 473 5298 2126 5382">
     <span class='ocr_line' id='line_1_102' title="bbox 473 5298 2126 5382; baseline 0.009 -29"><span class='ocrx_word' id='word_1_806' title='bbox 473 5304 571 5353; x_wconf 89' lang='lat' dir='ltr'>tur</span> <span class='ocrx_word' id='word_1_807' title='bbox 604 5298 781 5354; x_wconf 84' lang='lat' dir='ltr'><strong>etiam</strong></span> <span class='ocrx_word' id='word_1_808' title='bbox 803 5316 923 5354; x_wconf 77' lang='lat' dir='ltr'>una</span> <span class='ocrx_word' id='word_1_809' title='bbox 954 5306 1240 5373; x_wconf 68' lang='lat' dir='ltr'><strong>regnabit.</strong></span> <span class='ocrx_word' id='word_1_810' title='bbox 1278 5326 1583 5380; x_wconf 89' lang='lat' dir='ltr'><strong>nunquam</strong></span> <span class='ocrx_word' id='word_1_811' title='bbox 1604 5311 1858 5382; x_wconf 88' lang='lat' dir='ltr'><strong>compali</strong></span> <span class='ocrx_word' id='word_1_812' title='bbox 1892 5311 2126 5382; x_wconf 85' lang='lat' dir='ltr'><strong>poterit.</strong></span> 
     </span>
    </p>
   </div>
   <div class='ocr_carea' id='block_1_103' title="bbox 471 5389 2133 5466">
    <p class='ocr_par' dir='ltr' id='par_1_103' title="bbox 471 5389 2133 5466">
     <span class='ocr_line' id='line_1_103' title="bbox 471 5389 2133 5466; baseline 0.012 -29"><span class='ocrx_word' id='word_1_813' title='bbox 471 5411 500 5438; x_wconf 80' lang='grc' dir='ltr'>α</span> <span class='ocrx_word' id='word_1_814' title='bbox 533 5389 686 5444; x_wconf 87' lang='lat' dir='ltr'><strong>Dum</strong></span> <span class='ocrx_word' id='word_1_815' title='bbox 719 5389 1045 5445; x_wconf 83' lang='lat' dir='ltr'><strong>conformis</strong></span> <span class='ocrx_word' id='word_1_816' title='bbox 1079 5393 1173 5451; x_wconf 87' lang='lat' dir='ltr'>ﬁo.</span> <span class='ocrx_word' id='word_1_817' title='bbox 1195 5415 1223 5443; x_wconf 86' lang='grc'><strong>››</strong></span> <span class='ocrx_word' id='word_1_818' title='bbox 1257 5396 1368 5451; x_wconf 91' lang='lat' dir='ltr'>hoc</span> <span class='ocrx_word' id='word_1_819' title='bbox 1401 5404 1491 5453; x_wconf 90' lang='lat' dir='ltr'>est</span> <span class='ocrx_word' id='word_1_820' title='bbox 1518 5400 2133 5466; x_wconf 85' lang='lat' dir='ltr'><strong>assimilor.Quemad-</strong></span> 
     </span>
    </p>
   </div>
   <div class='ocr_carea' id='block_1_104' title="bbox 470 5482 2130 5567">
    <p class='ocr_par' dir='ltr' id='par_1_104' title="bbox 470 5482 2130 5567">
     <span class='ocr_line' id='line_1_104' title="bbox 470 5482 2130 5567; baseline 0.007 -30"><span class='ocrx_word' id='word_1_821' title='bbox 470 5482 717 5540; x_wconf 88' lang='lat' dir='ltr'><strong>modum</strong></span> <span class='ocrx_word' id='word_1_822' title='bbox 751 5483 913 5540; x_wconf 88' lang='lat' dir='ltr'><strong>enim</strong></span> <span class='ocrx_word' id='word_1_823' title='bbox 943 5483 1069 5557; x_wconf 86' lang='lat' dir='ltr'><strong>ipse</strong></span> <span class='ocrx_word' id='word_1_824' title='bbox 1119 5500 1224 5557; x_wconf 90' lang='lat' dir='ltr'><strong>pro</strong></span> <span class='ocrx_word' id='word_1_825' title='bbox 1257 5490 1516 5559; x_wconf 86' lang='lat' dir='ltr'><strong>peccatis</strong></span> <span class='ocrx_word' id='word_1_826' title='bbox 1547 5492 1879 5563; x_wconf 89' lang='lat' dir='ltr'><strong>hominum,</strong></span> <span class='ocrx_word' id='word_1_827' title='bbox 1912 5493 2130 5567; x_wconf 89' lang='lat' dir='ltr'><strong>inquit,</strong></span> 
     </span>
    </p>
   </div>
   <div class='ocr_carea' id='block_1_105' title="bbox 541 5658 1013 5733">
    <p class='ocr_par' dir='ltr' id='par_1_105' title="bbox 541 5658 1013 5733">
     <span class='ocr_line' id='line_1_105' title="bbox 541 5658 1013 5733; baseline 0.013 -16"><span class='ocrx_word' id='word_1_828' title='bbox 541 5658 583 5697; x_wconf 81' lang='grc'>²¹</span> <span class='ocrx_word' id='word_1_829' title='bbox 610 5661 778 5719; x_wconf 86' lang='lat' dir='ltr'><strong>Joan.</strong></span> <span class='ocrx_word' id='word_1_830' title='bbox 814 5680 927 5733; x_wconf 79' lang='lat' dir='ltr'>xw,</span> <span class='ocrx_word' id='word_1_831' title='bbox 961 5663 1013 5724; x_wconf 85' lang='lat'><strong>9.</strong></span> 
     </span>
    </p>
   </div>
   <div class='ocr_carea' id='block_1_106' title="bbox 2231 4673 3885 4766">
    <p class='ocr_par' dir='ltr' id='par_1_106' title="bbox 2231 4673 3885 4766">
     <span class='ocr_line' id='line_1_106' title="bbox 2231 4673 3885 4766; baseline -0.01 -22"><span class='ocrx_word' id='word_1_832' title='bbox 2231 4689 2334 4766; x_wconf 72' lang='grc' dir='ltr'>γὰρ</span> <span class='ocrx_word' id='word_1_833' title='bbox 2366 4688 2456 4742; x_wconf 87' lang='grc' dir='ltr'>τὸν</span> <span class='ocrx_word' id='word_1_834' title='bbox 2489 4686 2611 4741; x_wconf 58' lang='lat' dir='ltr'><strong>rte»</strong></span> <span class='ocrx_word' id='word_1_835' title='bbox 2658 4685 2965 4758; x_wconf 81' lang='grc' dir='ltr'>γινώσκων,</span> <span class='ocrx_word' id='word_1_836' title='bbox 3024 4682 3280 4757; x_wconf 84' lang='grc' dir='ltr'>γινώσκει</span> <span class='ocrx_word' id='word_1_837' title='bbox 3336 4679 3427 4736; x_wconf 76' lang='grc' dir='ltr'>τὸν</span> <span class='ocrx_word' id='word_1_838' title='bbox 3485 4674 3725 4750; x_wconf 71' lang='grc' dir='ltr'>Πατέρα,</span> <span class='ocrx_word' id='word_1_839' title='bbox 3787 4673 3885 4729; x_wconf 82' lang='grc' dir='ltr'>καὶ</span> 
     </span>
    </p>
   </div>
   <div class='ocr_carea' id='block_1_107' title="bbox 2230 4764 3885 4849">
    <p class='ocr_par' dir='ltr' id='par_1_107' title="bbox 2230 4764 3885 4849">
     <span class='ocr_line' id='line_1_107' title="bbox 2230 4764 3885 4849; baseline -0.009 -17"><span class='ocrx_word' id='word_1_840' title='bbox 2230 4764 2488 4849; x_wconf 67' lang='grc' dir='ltr'>ἔμπαλιν,</span> <span class='ocrx_word' id='word_1_841' title='bbox 2527 4800 2547 4827; x_wconf 81' lang='grc' dir='ltr'>ι</span> <span class='ocrx_word' id='word_1_842' title='bbox 2594 4804 2662 4823; x_wconf 64' lang='grc' dir='ltr'>ρ-</span> <span class='ocrx_word' id='word_1_843' title='bbox 2696 4794 2724 4825; x_wconf 73' lang='grc' dir='ltr'>ο</span> <span class='ocrx_word' id='word_1_844' title='bbox 2781 4771 2882 4828; x_wconf 86' lang='grc' dir='ltr'>Καὶ</span> <span class='ocrx_word' id='word_1_845' title='bbox 2942 4771 3044 4839; x_wconf 69' lang='grc' dir='ltr'>τὴν</span> <span class='ocrx_word' id='word_1_846' title='bbox 3102 4766 3328 4843; x_wconf 73' lang='grc' dir='ltr'>δύναμιν</span> <span class='ocrx_word' id='word_1_847' title='bbox 3381 4774 3481 4836; x_wconf 84' lang='grc' dir='ltr'>τῆς</span> <span class='ocrx_word' id='word_1_848' title='bbox 3533 4764 3885 4824; x_wconf 78' lang='grc' dir='ltr'>ἀναστάσεως</span> 
     </span>
    </p>
   </div>
   <div class='ocr_carea' id='block_1_108' title="bbox 2231 4851 3883 4941">
    <p class='ocr_par' dir='ltr' id='par_1_108' title="bbox 2231 4851 3883 4941">
     <span class='ocr_line' id='line_1_108' title="bbox 2231 4851 3883 4941; baseline -0.008 -21"><span class='ocrx_word' id='word_1_849' title='bbox 2231 4864 2415 4923; x_wconf 69' lang='grc' dir='ltr'>αὐτοῦ.</span> <span class='ocrx_word' id='word_1_850' title='bbox 2446 4888 2475 4917; x_wconf 81' lang='grc'>››</span> <span class='ocrx_word' id='word_1_851' title='bbox 2506 4862 2568 4921; x_wconf 67' lang='lat' dir='ltr'><strong>Et</strong></span> <span class='ocrx_word' id='word_1_852' title='bbox 2600 4863 2705 4941; x_wconf 71' lang='grc' dir='ltr'>γὰρ</span> <span class='ocrx_word' id='word_1_853' title='bbox 2738 4863 2814 4935; x_wconf 86' lang='grc' dir='ltr'>μή</span> <span class='ocrx_word' id='word_1_854' title='bbox 2847 4860 3028 4922; x_wconf 86' lang='grc' dir='ltr'>πίστις</span> <span class='ocrx_word' id='word_1_855' title='bbox 3056 4863 3191 4934; x_wconf 80' lang='grc' dir='ltr'>ἡμῖν</span> <span class='ocrx_word' id='word_1_856' title='bbox 3256 4855 3499 4930; x_wconf 82' lang='grc' dir='ltr'>δηλώσει</span> <span class='ocrx_word' id='word_1_857' title='bbox 3529 4856 3631 4926; x_wconf 72' lang='grc' dir='ltr'>την</span> <span class='ocrx_word' id='word_1_858' title='bbox 3654 4851 3883 4925; x_wconf 78' lang='grc' dir='ltr'>δύναμιν</span> 
     </span>
    </p>
   </div>
   <div class='ocr_carea' id='block_1_109' title="bbox 2229 4942 3886 5025">
    <p class='ocr_par' dir='ltr' id='par_1_109' title="bbox 2229 4942 3886 5025">
     <span class='ocr_line' id='line_1_109' title="bbox 2229 4942 3886 5025; baseline -0.01 -14"><span class='ocrx_word' id='word_1_859' title='bbox 2229 4962 2330 5025; x_wconf 83' lang='grc' dir='ltr'>τῆς</span> <span class='ocrx_word' id='word_1_860' title='bbox 2386 4953 2748 5023; x_wconf 78' lang='grc' dir='ltr'>ἀναστάσεως,</span> <span class='ocrx_word' id='word_1_861' title='bbox 2805 4957 2965 5016; x_wconf 85' lang='grc' dir='ltr'>ποῖος</span> <span class='ocrx_word' id='word_1_862' title='bbox 3013 4951 3348 5024; x_wconf 78' lang='grc' dir='ltr'>παραστήσει</span> <span class='ocrx_word' id='word_1_863' title='bbox 3405 4944 3629 5023; x_wconf 77' lang='grc' dir='ltr'>λόγοςς</span> <span class='ocrx_word' id='word_1_864' title='bbox 3687 4968 3718 4995; x_wconf 75' lang='grc' dir='ltr'>α</span> <span class='ocrx_word' id='word_1_865' title='bbox 3777 4942 3886 5000; x_wconf 72' lang='grc' dir='ltr'>Καὶ</span> 
     </span>
    </p>
   </div>
   <div class='ocr_carea' id='block_1_110' title="bbox 2230 5030 3890 5113">
    <p class='ocr_par' dir='ltr' id='par_1_110' title="bbox 2230 5030 3890 5113">
     <span class='ocr_line' id='line_1_110' title="bbox 2230 5030 3890 5113; baseline -0.01 -13"><span class='ocrx_word' id='word_1_866' title='bbox 2230 5045 2331 5113; x_wconf 83' lang='grc' dir='ltr'>τήν</span> <span class='ocrx_word' id='word_1_867' title='bbox 2354 5043 2638 5099; x_wconf 79' lang='grc' dir='ltr'>κοινωνίαν</span> <span class='ocrx_word' id='word_1_868' title='bbox 2663 5046 2773 5097; x_wconf 84' lang='grc' dir='ltr'>τῶν</span> <span class='ocrx_word' id='word_1_869' title='bbox 2813 5041 3151 5112; x_wconf 78' lang='grc' dir='ltr'>παθημάτων</span> <span class='ocrx_word' id='word_1_870' title='bbox 3179 5036 3367 5092; x_wconf 78' lang='grc' dir='ltr'>αὐτοῦ.</span> <span class='ocrx_word' id='word_1_871' title='bbox 3405 5061 3433 5087; x_wconf 73' lang='grc' dir='ltr'>»ο</span> <span class='ocrx_word' id='word_1_872' title='bbox 3485 5032 3586 5089; x_wconf 82' lang='grc' dir='ltr'>Καὶ</span> <span class='ocrx_word' id='word_1_873' title='bbox 3642 5032 3744 5105; x_wconf 72' lang='grc' dir='ltr'>γαρ</span> <span class='ocrx_word' id='word_1_874' title='bbox 3791 5030 3890 5085; x_wconf 81' lang='grc' dir='ltr'>καὶ</span> 
     </span>
    </p>
   </div>
   <div class='ocr_carea' id='block_1_111' title="bbox 2232 5115 3893 5199">
    <p class='ocr_par' dir='ltr' id='par_1_111' title="bbox 2232 5115 3893 5199">
     <span class='ocr_line' id='line_1_111' title="bbox 2232 5115 3893 5199; baseline -0.009 -13"><span class='ocrx_word' id='word_1_875' title='bbox 2232 5132 2295 5186; x_wconf 79' lang='grc' dir='ltr'>τὸ</span> <span class='ocrx_word' id='word_1_876' title='bbox 2336 5127 2445 5186; x_wconf 87' lang='grc' dir='ltr'>δεῖν</span> <span class='ocrx_word' id='word_1_877' title='bbox 2475 5134 2754 5185; x_wconf 87' lang='grc' dir='ltr'>κοινωνεῖν</span> <span class='ocrx_word' id='word_1_878' title='bbox 2786 5133 2893 5184; x_wconf 80' lang='grc' dir='ltr'>τῶν</span> <span class='ocrx_word' id='word_1_879' title='bbox 2924 5128 3263 5199; x_wconf 71' lang='grc' dir='ltr'>παθημάτων</span> <span class='ocrx_word' id='word_1_880' title='bbox 3312 5127 3410 5180; x_wconf 81' lang='grc' dir='ltr'>τοῦ</span> <span class='ocrx_word' id='word_1_881' title='bbox 3468 5123 3737 5196; x_wconf 76' lang='grc' dir='ltr'>Χριστοῦ,</span> <span class='ocrx_word' id='word_1_882' title='bbox 3797 5115 3893 5173; x_wconf 74' lang='grc' dir='ltr'>διά</span> 
     </span>
    </p>
   </div>
   <div class='ocr_carea' id='block_1_112' title="bbox 2234 5209 3890 5294">
    <p class='ocr_par' dir='ltr' id='par_1_112' title="bbox 2234 5209 3890 5294">
     <span class='ocr_line' id='line_1_112' title="bbox 2234 5209 3890 5294; baseline -0.01 -17"><span class='ocrx_word' id='word_1_883' title='bbox 2234 5223 2467 5282; x_wconf 78' lang='grc' dir='ltr'>πίστεως</span> <span class='ocrx_word' id='word_1_884' title='bbox 2521 5217 2763 5294; x_wconf 73' lang='grc' dir='ltr'>ἔγνωμεν</span> <span class='ocrx_word' id='word_1_885' title='bbox 2821 5239 2879 5273; x_wconf 81' lang='grc' dir='ltr'>τε</span> <span class='ocrx_word' id='word_1_886' title='bbox 2935 5216 3027 5272; x_wconf 83' lang='grc' dir='ltr'>καὶ</span> <span class='ocrx_word' id='word_1_887' title='bbox 3084 5212 3466 5285; x_wconf 81' lang='grc' dir='ltr'>ἐπιτελοῦμεν.</span> <span class='ocrx_word' id='word_1_888' title='bbox 3524 5212 3587 5268; x_wconf 90' lang='grc' dir='ltr'>Ὁ</span> <span class='ocrx_word' id='word_1_889' title='bbox 3642 5209 3747 5283; x_wconf 76' lang='grc' dir='ltr'>γάρ</span> <span class='ocrx_word' id='word_1_890' title='bbox 3808 5209 3890 5279; x_wconf 75' lang='grc' dir='ltr'>μή</span> 
     </span>
    </p>
   </div>
   <div class='ocr_carea' id='block_1_113' title="bbox 2237 5295 3894 5383">
    <p class='ocr_par' dir='ltr' id='par_1_113' title="bbox 2237 5295 3894 5383">
     <span class='ocr_line' id='line_1_113' title="bbox 2237 5295 3894 5383; baseline -0.01 -17"><span class='ocrx_word' id='word_1_891' title='bbox 2237 5311 2502 5367; x_wconf 75' lang='grc' dir='ltr'>πιστεύων</span> <span class='ocrx_word' id='word_1_892' title='bbox 2544 5310 2629 5367; x_wconf 77' lang='grc' dir='ltr'>ὅτι</span> <span class='ocrx_word' id='word_1_893' title='bbox 2691 5312 3037 5383; x_wconf 74' lang='grc' dir='ltr'>συμπασχων</span> <span class='ocrx_word' id='word_1_894' title='bbox 3091 5306 3179 5360; x_wconf 86' lang='grc' dir='ltr'>καὶ</span> <span class='ocrx_word' id='word_1_895' title='bbox 3252 5298 3698 5376; x_wconf 75' lang='grc' dir='ltr'>συμϐασιλεύσει,</span> <span class='ocrx_word' id='word_1_896' title='bbox 3760 5295 3894 5352; x_wconf 67' lang='grc' dir='ltr'>οὐδὲ</span> 
     </span>
    </p>
   </div>
   <div class='ocr_carea' id='block_1_114' title="bbox 2237 5388 3895 5477">
    <p class='ocr_par' dir='ltr' id='par_1_114' title="bbox 2237 5388 3895 5477">
     <span class='ocr_line' id='line_1_114' title="bbox 2237 5388 3895 5477; baseline -0.009 -20"><span class='ocrx_word' id='word_1_897' title='bbox 2237 5421 2370 5457; x_wconf 82' lang='grc' dir='ltr'>ποτε</span> <span class='ocrx_word' id='word_1_898' title='bbox 2389 5402 2686 5474; x_wconf 74' lang='grc' dir='ltr'>συμπείθοι.</span> <span class='ocrx_word' id='word_1_899' title='bbox 2722 5426 2750 5454; x_wconf 81' lang='grc' dir='ltr'>ι(</span> <span class='ocrx_word' id='word_1_900' title='bbox 2781 5395 3312 5477; x_wconf 68' lang='grc' dir='ltr'>Συμμορφούμενος.</span> <span class='ocrx_word' id='word_1_901' title='bbox 3366 5419 3395 5446; x_wconf 78' lang='grc' dir='ltr'>ιο</span> <span class='ocrx_word' id='word_1_902' title='bbox 3451 5393 3748 5450; x_wconf 68' lang='grc' dir='ltr'>Τουτὲστιν</span> <span class='ocrx_word' id='word_1_903' title='bbox 3808 5388 3895 5461; x_wconf 70' lang='grc' dir='ltr'>ἐξ·</span> 
     </span>
    </p>
   </div>
   <div class='ocr_carea' id='block_1_115' title="bbox 2240 5478 3896 5569">
    <p class='ocr_par' dir='ltr' id='par_1_115' title="bbox 2240 5478 3896 5569">
     <span class='ocr_line' id='line_1_115' title="bbox 2240 5478 3896 5569; baseline -0.007 -21"><span class='ocrx_word' id='word_1_904' title='bbox 2240 5489 2624 5569; x_wconf 82' lang='grc' dir='ltr'>ομοιούμινος.</span> <span class='ocrx_word' id='word_1_905' title='bbox 2653 5515 2683 5545; x_wconf 81' lang='grc' dir='ltr'>›ι</span> <span class='ocrx_word' id='word_1_906' title='bbox 2713 5493 2918 5566; x_wconf 78' lang='grc' dir='ltr'>’Ὠσπερ</span> <span class='ocrx_word' id='word_1_907' title='bbox 2961 5488 3062 5566; x_wconf 84' lang='grc' dir='ltr'>γάρ</span> <span class='ocrx_word' id='word_1_908' title='bbox 3122 5484 3304 5557; x_wconf 74' lang='grc' dir='ltr'>αὐτὸς,</span> <span class='ocrx_word' id='word_1_909' title='bbox 3364 5483 3555 5559; x_wconf 79' lang='grc' dir='ltr'>φησὶν,</span> <span class='ocrx_word' id='word_1_910' title='bbox 3602 5478 3742 5557; x_wconf 75' lang='grc' dir='ltr'>ὁπὶρ</span> <span class='ocrx_word' id='word_1_911' title='bbox 3798 5478 3896 5537; x_wconf 73' lang='grc' dir='ltr'>ἇν-</span> 
     </span>
    </p>
   </div>
  </div>
