4108 6192
398 289 422 347 1
438 285 558 347 305

1459 284 1872 346 OUMMENT.
1918 283 1999 343 IN
2046 283 2296 343 EPIST.
2343 285 2449 344 AD
2492 285 2785 346 PHlLlP.

3649 284 3804 345 i306

396 418 633 489 θρώπων
665 416 945 484 ἀπέθανεν,
1006 416 1177 479 οὕτως
1234 417 1389 494 κάγὼ
1448 418 1580 492 ὑπὲρ
1639 414 1905 495 ὠφελείας
1962 415 2024 469 ἀν

2162 424 2433 474 mortuus
2490 424 2617 474 est:
2678 418 2759 473 ita
2790 423 2847 473 et
2894 433 2998 491 ego
3038 432 3144 490 pro
3192 416 3504 471 hominum
3552 417 3810 473 utilitate

397 507 630 582 θρώπων
664 506 1012 578 ἀποθνήσκω.
1045 503 1217 563 Τοῦτο
1277 504 1334 561 δέ
1392 506 1523 575 ἐστι,
1577 506 1668 562 καὶ
1730 507 1861 580 ὑπὲρ
1918 509 2049 581 Χρι-

399 601 529 651 στοῦ
587 595 899 654 ἀποθανεῖν,
965 622 985 646 ε
1022 595 1087 653 El
1148 617 1267 658 πως
1323 598 1663 667 καταντήσω.
1701 621 1727 648 ›ι
1794 596 1858 653 El
1914 615 2053 657 πως,

327 677 337 691 ’
397 683 585 762 φησίν.
616 685 777 759 Ὀρᾷς
809 684 968 740 αὐτὸν
1004 686 1138 757 μετα
1162 705 1399 740 τοσαυτα
1452 683 1529 740 ἔτι
1586 681 2052 762 ἀμφιϐάλλονταῖ

404 799 432 828 ι(
471 772 561 836 Εἷς
590 775 688 842 τήν
722 774 1063 848 ἐξανάστασιν
1121 779 1230 830 τῶν
1274 778 1491 848 νεκρῶν,
1531 798 1559 825 ι)
1606 777 1719 842 Τήν
1760 773 2048 829 ἀνάστασιν

402 863 608 934 ἐκείνην
648 866 748 931 τήν
781 861 1019 934 ἔνδοξον,
1050 865 1150 932 τήν
1205 866 1339 939 πρὸς
1396 863 1553 920 αὐτὸν
1610 860 1867 939 ἄγουσαν,
1925 863 2046 939 περὶ

398 952 465 1020 ἧς
496 951 753 1027 ἀλλαχοῦ
784 973 941 1030 φησι,
969 976 997 1003 ‹‹
1019 951 1114 1008 Καὶ
1137 952 1363 1007 πάντοτε
1389 950 1480 1006 σῦν
1516 951 1701 1026 Κυρίῳ
1732 951 1983 1024 ἒσὸμεθα.
2020 973 2048 1001 ››

399 1065 425 1093 ‹‹
454 1040 578 1116 Οὐχ
607 1040 689 1096 ὅτι
720 1037 830 1110 ἤδη
874 1036 1093 1099 ἔλαϐον.
1126 1064 1156 1093 ››
1217 1037 1435 1109 Ἐπειδή
1496 1042 1635 1110 εἷπε,
1686 1040 2052 1117 Συμμορφού-

404 1150 560 1203 μενος
586 1134 667 1203 τῷ
701 1130 912 1203 θανάτῳ
941 1133 1037 1185 τοῦ
1068 1131 1326 1205 Χριστοῦ,
1365 1130 1501 1206 μέγα
1552 1128 1608 1185 δὲ
1652 1132 1719 1199 ἦν
1768 1130 1829 1184 τὸ
1875 1129 2046 1206 ῥῆμα,

398 1220 465 1275 οὗ
493 1219 655 1291 μόνον
689 1218 928 1292 ἠρκέσθη
960 1223 1037 1289 τῷ
1068 1218 1262 1288 εἰπεῖν,
1327 1218 1392 1275 Εἳ
1439 1241 1557 1282 πως
1606 1221 1924 1290 καταντήσω
1972 1219 2047 1281 εἰς

401 1310 500 1379 τήν
556 1307 921 1378 ἐξανάστασιν,
974 1306 1120 1362 ἀλλὰ
1178 1306 1267 1362 καὶ
1319 1308 1643 1386 σαφεστερον
1694 1310 1828 1381 ἡμῖν
1887 1305 2048 1362 ἐνδει-

400 1396 684 1470 κνύμενος,
716 1397 797 1452 ὃτι
843 1397 929 1451 καὶ
993 1398 1491 1474 συμμορφοῦμενος
1545 1402 1624 1470 τῷ
1681 1398 1893 1470 θανάτῳ
1947 1402 2047 1453 τοῦ

392 1487 653 1559 Χριστοῦ,
686 1481 840 1540 οὔπω
871 1507 923 1542 τι
955 1482 1105 1556 ἇζιον
1134 1491 1284 1541 ποιεῖ
1327 1490 1424 1540 τοῦ
1491 1489 1722 1561 σταυροῦ
1765 1489 1862 1541 τοῦ
1912 1492 2041 1562 Χρι·

392 1578 541 1646 στοῦ,
573 1571 783 1650 ἐπάγει⁵
821 1574 942 1650 Οὐχ
970 1576 1050 1629 ὅτι
1081 1572 1188 1645 ἤδη
1226 1570 1446 1644 ἔλαϐον,
1480 1576 1634 1654 φησί,
1667 1575 1728 1630 τὸ
1791 1570 2045 1650 βραϐεῖον

393 1660 483 1717 διὰ
536 1668 635 1718 τοῦ
687 1671 1164 1741 συμμοριρωοῆναι
1218 1669 1298 1737 τῷ
1354 1665 1567 1736 θανάτῳ
1632 1662 1729 1719 τοῦ
1784 1666 2042 1740 Χριστοῦ,

2165 510 2417 578 morior:
2447 510 2560 564 hoc
2590 514 2788 563 autem
2822 512 2912 564 est
2941 524 3047 578 pro
3080 506 3309 561 Christo
3344 506 3513 560 mori.
3547 527 3573 554 ‹‹
3604 506 3661 560 Si
3696 524 3812 576 quo

2164 602 2339 656 modo
2370 602 2723 674 pertingam.
2760 624 2787 650 ››
2819 600 2875 655 Si
2926 617 3041 670 quo
3073 599 3269 661 modo,
3319 599 3421 653 ait.
3457 598 3630 652 Vides
3670 615 3804 653 eum

2161 694 2294 759 post
2325 693 2487 742 tanta
2533 688 2725 742 adhuc
2765 684 3108 755 ambigere?
3143 710 3163 733 ι
3203 684 3279 738 Ad
3311 682 3809 738 resurrectionem

2161 783 2551 832 mortuorum.
2583 801 2601 823 ι
2630 775 2954 831 Gloriosam
2978 774 3140 828 illam
3166 772 3662 827 resurrectionem
3683 787 3814 841 qum

2161 865 2235 921 ad
2266 865 2462 937 ipsum
2494 864 2675 931 ducit,
2708 865 2779 919 de
2807 880 2923 935 qua
2952 862 3094 918 alibi
3118 862 3234 917 ait:
3267 888 3284 907 ι·
3324 862 3389 914 Et
3420 876 3657 931 semper
3676 877 3811 914 cum

2160 955 2409 1010 Domino
2441 954 2661 1011 erimus
2682 954 2746 1008 ".
2780 974 2805 1002 ιο
2842 985 2901 994 μ-
2935 975 2962 1002 (ι
2992 953 3119 1007 Non
3152 950 3309 1021 quod
3334 950 3459 1019 jam
3484 948 3813 1020 apprehen-

2159 1043 2366 1099 derim.
2400 1065 2428 1094 ››
2454 1043 2744 1109 Quoniam
2775 1042 2943 1110 dixit,
2977 1043 3127 1096 Dum
3158 1039 3484 1095 conformis
3528 1039 3603 1092 ﬁo
3639 1038 3815 1092 morti

2160 1134 2290 1205 ejus
2320 1152 2332 1188 :
2368 1140 2494 1189 erat
2524 1140 2724 1188 autem
2766 1148 3045 1203 magnum
3077 1129 3356 1184 verbum:
3393 1145 3514 1183 non
3569 1134 3817 1182 conten-

2160 1229 2254 1279 tus
2286 1230 2376 1279 est
2406 1224 2597 1278 solum
2629 1222 2868 1278 dixisse.
2917 1221 2973 1276 Si
3006 1238 3120 1291 quo
3171 1220 3345 1274 modo
3378 1218 3708 1291 pertingam
3742 1217 3816 1271 ad

2158 1314 2695 1369 resurrectionem:
2746 1312 2850 1368 sed
2881 1311 3060 1367 etiam
3109 1308 3431 1365 ostendens
3478 1307 3652 1363 nobis
3692 1324 3812 1362 ma-

2157 1402 2431 1457 nifestius
2470 1402 2628 1473 quod
2668 1401 2718 1456 is
2749 1401 2851 1472 qui
2901 1400 3079 1455 etiam
3121 1398 3443 1454 conformis
3494 1402 3584 1452 est
3630 1396 3811 1451 morti

2156 1490 2369 1546 Christi
2416 1490 2681 1546 nondum
2703 1488 2928 1561 aliquid
2950 1488 3192 1558 dignum
3213 1486 3353 1542 facit
3372 1502 3543 1541 cruce
3567 1484 3807 1554 Christi,

2157 1579 2499 1653 subjungit:
2534 1581 2657 1634 Non
2689 1579 2847 1650 quod
2870 1579 2995 1649 jam
3030 1574 3528 1647 apprehenderim
3565 1590 3670 1629 seu
3711 1590 3812 1629 ac-

2155 1670 2439 1742 ceperim.
2469 1670 2683 1740 inquit,
2717 1669 2981 1723 bravium
3016 1684 3121 1738 per
3151 1667 3261 1720 hoc
3295 1664 3451 1736 quod
3490 1664 3813 1719 conformis

395 1749 430 1820 ἤ
465 1749 574 1822 ἤδη
607 1751 665 1806 ἐκ
694 1751 891 1807 τούτου
949 1752 1157 1814 τελειὸς
1221 1752 1356 1825 ε“μι.
1414 1778 1441 1805 ‹‹
1504 1755 1697 1809 Διώκω
1737 1750 1794 1808 δὲ
1848 1754 1897 1808 εἲ
1951 1757 2029 1811 καί

2154 1760 2342 1815 factus
2366 1760 2474 1815 sim
2498 1760 2674 1814 morti
2693 1758 2930 1819 Christi.
2953 1757 3054 1812 98
3079 1756 3320 1826 autjam
3346 1771 3414 1808 ex
3438 1754 3550 1809 hoc
3572 1754 3811 1825 perfec-

391 1835 706 1896 καταλάϐω.
742 1864 771 1892 ii
803 1840 997 1896 Δεώκω
1040 1838 1118 1911 δὲ,
1170 1842 1325 1919 φησὶ,
1383 1844 1446 1896 τὸ
1506 1838 1787 1918 βραϐεῖον,
1838 1836 1883 1898 εἰ
1943 1844 2044 1919 ἄρα

392 1923 686 1985 καταλαόω
717 1928 870 1985 αὐτό.
906 1932 1045 2006 ’Ὀρα
1076 1928 1131 1984 δὲ
1160 1931 1336 2001 πόσην
1366 1928 1594 2008 ἔμιρασιν
1630 1930 1745 2008 ἔχει
1798 1934 1825 1988 6
1874 1930 2042 2007 λόγος

388 2021 485 2071 τοῦ
526 2014 732 2086 διώκω,
765 2019 877 2086 καὶ,
913 2019 957 2073 εἰ
1017 2014 1334 2076 καταλάϐω.
1395 2020 1452 2073 Ὃ
1507 2021 1610 2098 γάρ
1676 2018 1889 2077 διώκων
1952 2022 2042 2077 καὶ

388 2099 718 2178 ἀμφιϐόλως
750 2102 895 2182 ἔχων
927 2107 971 2162 εί
1003 2108 1105 2185 ἀρᾶ
1138 2105 1446 2185 καταλάϐῃ,
1498 2107 1677 2180 οὐδὲν,
1728 2109 1870 2165 ἄλλο
1919 2111 2039 2185 ὁρᾷ,

387 2192 545 2249 οὐδὲν
579 2192 720 2250 ἄλλο
779 2193 1076 2272 λογίζεται,
1107 2194 1144 2266 ἤ
1186 2196 1464 2273 ἐπιτυχεῖν
1522 2203 1618 2254 τοῦ
1676 2196 2037 2272 διωκομένου.
2079 2208 2083 2213 ’

386 2307 413 2337 ιι
450 2285 566 2361 Ἐφ’
595 2284 641 2357 ᾧ
671 2285 758 2339 καὶ
789 2285 1137 2367 κατελήφθην
1171 2287 1275 2343 ὑπὸ
1306 2291 1551 2362 Χριστοῦ
1583 2289 1787 2358 Ἰησοῦ.
1822 2310 1851 2340 ι)
1871 2294 2040 2344 Τουτ-

383 2374 549 2436 ἐστιν,
581 2372 632 2428 ἐν
668 2375 714 2447 ᾦ
766 2376 1047 2455 πράγματι
1111 2376 1567 2448 ὑποκατελὴιοθην
1624 2378 1723 2434 ὑπὸ
1774 2382 2036 2453 Χριστοῦ,

385 2461 531 2532 ’Ἤδη
563 2462 668 2539 γάρ
701 2487 787 2540 με,
822 2467 977 2545 φησὶ,
1009 2466 1276 2547 φεύγοντα
1322 2467 1477 2523 κατέλ
1494 2463 1609 2536 αϐε,
1665 2470 1756 2524 καὶ
1819 2474 2040 2525 πιστεῦ-

388 2554 825 2625 σαιπεποίηκεν.
878 2556 997 2631 Ἐφ’
1055 2556 1135 2618 οἷς
1194 2558 1284 2612 οῦν
1343 2554 1712 2635 κατελήφθην,
1771 2558 1883 2613 οἷον
1947 2557 2033 2614 ἐπὶ

387 2644 469 2712 τῷ
499 2643 747 2714 κηρῦξαι,
782 2643 870 2698 ἐπὶ
898 2665 979 2717 τῳ
1049 2646 1307 2719 βαστάσαι
1362 2647 1424 2701 τὸ
1484 2644 1661 2719 ὄνομα
1718 2646 1880 2702 αὐτοῦ
1936 2646 2032 2720 ἔμ-

388 2733 618 2805 προσθεν
654 2734 818 2788 ἐθνῶν
849 2734 939 2789 καὶ
995 2734 1282 2809 βασιλέων,
1336 2736 1379 2791 εἰ
1436 2732 1731 2791 καταλάϐω
1782 2742 2032 2799 τοιοῦτος

380 2822 624 2893 γενέσθαι
656 2823 776 2884 οἶος
807 2821 1129 2898 ἐπελέχθην.
1165 2826 1234 2882 Ἦ
1282 2826 1364 2894 τὸ,
1424 2822 1507 2903 ἐφ’
1550 2824 1617 2898 ᾧ,
1664 2823 1850 2896 ἐπειδὴ
1896 2826 2027 2893 νόει,

383 2905 481 2963 ’ἶνα
511 2909 685 2972 οὕτως
817 2913 1009 2967 Διώκω
1061 2911 1117 2967 δὲ
1172 2917 1218 2968 εί
1274 2909 1589 2984 καταλάϐω,
1648 2912 1835 2983 ἐπειδὴ
1882 2914 2032 2991 κάγὼ

384 2997 725 3074 κατελῆιξσθη,
761 2998 990 3076 ἀφειλὴν
1022 3001 1085 3055 τὸ
1110 3007 1335 3076 πρᾶγμα
1366 3002 1565 3077 λέγων.
1609 3027 1636 3055 ‹‹
1670 3004 1810 3080 Ἐγὼ
1864 3003 2031 3077 ἐμαυ-

383 3083 499 3140 τόν.
532 3109 560 3136 »ι
595 3086 742 3158 Ἀμα
773 3083 864 3141 διά
910 3092 1007 3142 τοῦ
1063 3093 1180 3153 καθ’
1238 3091 1421 3146 ἑαυτὸν
1484 3090 1886 3169 ὑποδείγματος
1939 3092 2031 3148 κᾶ-

666 3147 677 3158 .
1141 3147 1158 3153 -
1572 3147 1579 3148 κ
1664 3147 1667 3148 ,
1719 3147 1739 3167 ,ν
1867 3147 1885 3157 ,
1944 3147 1947 3148 ,

377 3172 587 3236 κείνους
617 3171 882 3231 διδάσκων
945 3185 1372 3255 μετριοιρρονεῖν,
1430 3182 1519 3236 καὶ
1581 3184 1655 3255 μὴ
1689 3147 2021 3261 ⁸ιριισιοῦσθαι
2060 3147 2102 3213 C

375 3262 451 3323 ὡς
480 3261 900 3340 κατειληφότας.
936 3291 963 3318 α
999 3264 1160 3322 Οὔπω
1201 3266 1519 3346 λογίζομαι.
1550 3295 1579 3322 ››
1622 3272 1710 3335 Ὡς
1758 3272 1844 3326 ἐπὶ
1895 3268 2025 3347 δρο-

372 3351 518 3424 μέως
545 3352 612 3408 τά
643 3354 814 3409 πάντα
845 3352 1019 3431 λέγει.
1053 3357 1121 3414 Τί
1152 3354 1210 3412 δὲ
1249 3358 1311 3412 οὐ
1362 3357 1555 3435 λογίζῃ
1594 3361 2019 3433 κατειληφέναις

368 3442 462 3497 τὸν
507 3445 730 3517 σκοπὸν,
792 3447 980 3524 φησὶν,
1034 3446 1116 3526 ἐφ’
1145 3447 1191 3521 ᾦ
1224 3448 1590 3524 ἀπέσταλμαι,
1628 3455 1691 3510 τὸ
1741 3454 2018 3531 βραϐεῖον,

362 3531 431 3585 τὸ
462 3531 590 3586 ε’ῗναι
623 3531 769 3603 ἃξιος
793 3542 896 3605 τῆς
926 3535 1260 3608 ἀποστολῆς.
1302 3539 1366 3597 El
1416 3537 1473 3597 δὲ
1530 3541 1741 3606 Παῦλος
1773 3547 1801 3601 6
1830 3552 2016 3603 τοσοῦ-

366 3640 461 3680 τος
494 3623 569 3692 μὴ
601 3622 918 3702 κατείληφε,
951 3627 1003 3680 τί
1035 3628 1199 3699 ἡμεῖς
1232 3628 1459 3703 ἐροῦμεν
1489 3651 1505 3701 ;
1540 3634 1666 3695 Ηῶς
1698 3633 1787 3690 οῦν
1846 3634 2018 3692 ἀλλα-

373 3712 479 3782 χοῦ
508 3730 661 3786 φηςι,
698 3734 725 3762 ι(
756 3712 858 3768 Τὸν
890 3713 1076 3786 ἀγῶνα
1134 3717 1470 3791 ἠγώνισμαι,
1527 3721 1617 3775 καὶ
1660 3723 1751 3778 τὸν
1811 3721 2020 3801 δρόμον

367 3797 621 3881 τετέλεκα
648 3818 661 3866 ;
691 3821 719 3853 η
754 3799 977 3871 Ἐπειδὴ
1012 3805 1148 3879 πρὸς
1169 3811 1238 3879 τῇ
1268 3808 1519 3865 ἀναλύσει
1549 3811 1616 3881 ἦν
1662 3813 1805 3873 τότε.
1846 3797 1890 3868 ἀ
1919 3797 2014 3873 Ἒν

484 3908 512 3977 »ι
545 3888 639 3977 ’Ἐν
674 3883 730 3943 δὶ
787 3893 953 3959 ποιῶ,
989 3893 1170 3977 φησί,
1223 3895 1312 3950 καὶ
1363 3897 1479 3962 ἒνὸς
1535 3899 1761 3977 γίνομαι
1822 3906 2012 3977 μόνου.

366 3973 462 4045 Τὸ,
490 3975 586 4031 Ἓν
618 3973 693 4041 δὲ,
729 3977 764 4048 ἢ
795 3980 912 4034 κατ’
969 3974 1221 4056 ἔλλειψιν
1279 3984 1525 4061 εἰρῆσθαι
1548 3973 1558 3977 ⁷
1582 3973 1888 4065 νομιστέον,
1940 3994 2014 4059 ὦς

367 4062 419 4118 οἱ
448 4065 556 4139 πρὸ
576 4067 749 4160 ﬁnio-‘1
782 4067 1116 4160 ἐξειλῆιρασι.
1142 4073 1244 4130 Καὶ
1273 4075 1373 4151 γάρ
1405 4078 1494 4133 καὶ
1546 4078 1597 4135 ἐν
1646 4062 1824 4156 τουτῳ
1873 4062 2015 4160 σχή-

370 4172 498 4222 ματι
531 4154 838 4224 πλεονάζει,
867 4158 956 4213 ἳνα
995 4159 1178 4235 λείπῃ,
1238 4147 1297 4216 ἓν
1345 4147 1403 4219 δὲ
1455 4169 1747 4245 φροντίζω,
1797 4147 1855 4226 ἓν
1909 4147 2015 4246 ’ῤέ-

370 4242 512 4333 λετῷ
568 4242 660 4296 καὶ
720 4241 1086 4318 διαμεριμνῶ.
1147 4250 1213 4305 Τί
1272 4241 1483 4324 τοῦτο,
1543 4257 1609 4311 τά
1663 4258 1757 4329 μὶν
1814 4241 2011 4333 ὀπίσω,

363 4328 521 4426 φηρῗ,
562 4329 651 4384 καὶ
712 4331 856 4401 ἑξῆς.
918 4334 985 4390 Ἥ
1051 4336 1143 4390 οῦν
1199 4337 1372 4402 οὕτως
1427 4328 2013 4426 ἐκληπτέον,ἧέτέριρ

286 4484 289 4485 ν
366 4415 583 4487 μᾶλλον
616 4420 940 4477 ὑποπίπτειν
974 4426 1226 4500 σχήματι
1264 4432 1346 4500 τῷ
1406 4429 1511 4485 ἀπὸ
1567 4440 1776 4493 κοινοῦ.
1806 4415 2014 4505 ⁷Πολὺς

2153 1855 2246 1903 tus
2274 1852 2402 1905 sim.
2439 1874 2467 1901 ‹‹
2491 1849 2604 1906 Sed
2627 1854 2822 1904 sector
2843 1848 2891 1903 si
2916 1848 3092 1903 etiam
3125 1845 3592 1917 apprehendam.
3619 1865 3647 1893 ››
3672 1845 3810 1898 Pro-

2148 1957 2366 2010 sequor
2396 1946 2616 2009 autem,
2644 1940 2858 2011 inquit,
2892 1937 3161 1993 bravium
3195 1935 3243 1989 si
3275 1935 3426 1989 forte
3472 1934 3668 2005 ipsum
3700 1950 3802 2005 ap-

2144 2029 2532 2102 prehendam.
2552 2029 2693 2084 Vide
2715 2035 2912 2100 autem
2937 2032 3220 2099 quantam
3244 2023 3804 2094 habeatemphasim

2143 2118 2305 2189 quod
2339 2119 2422 2173 ait
2449 2115 2654 2184 διώκω,
2680 2117 2739 2172 id
2764 2122 2873 2177 est.
2910 2125 3103 2171 sector
3133 2106 3252 2169 sive
3278 2128 3624 2185 prosequor,
3658 2119 3715 2166 et
3746 2112 3803 2167 Si

2143 2207 2606 2278 apprehendam.
2641 2207 2749 2273 Qui
2784 2206 2943 2261 enim
2986 2209 3268 2269 sectatur,
3308 2218 3441 2257 cum
3486 2208 3681 2255 tamen
3716 2201 3805 2253 in-

2138 2304 2335 2353 certus
2377 2298 2454 2352 sit
2505 2304 2848 2352 utrumnam
2907 2294 3450 2366 comprehensurus
3501 2292 3597 2353 sit,
3649 2288 3802 2343 nihil

2137 2385 2299 2441 aliud
2332 2387 2618 2450 intuetur,
2647 2384 2799 2439 nihil
2826 2383 2990 2438 aliud
3035 2382 3270 2452 cogitat,
3312 2379 3426 2434 nisi
3458 2377 3696 2448 assequi
3732 2376 3786 2430 id

2139 2477 2297 2547 quod
2332 2480 2607 2530 sectatur.
2661 2496 2686 2525 ιι
2735 2475 2799 2528 In
2846 2473 2939 2527 his
2970 2471 3044 2525 ob
3095 2487 3224 2541 qum
3275 2476 3333 2523 et
3376 2468 3788 2539 apprehensus

2139 2581 2269 2619 sum
2300 2581 2335 2619 a
2363 2563 2593 2619 Christo
2624 2564 2781 2628 Jesu,
2818 2584 2845 2611 ιι
2874 2563 2993 2616 Hoc
3024 2566 3114 2615 est
3144 2560 3204 2613 in
3233 2575 3303 2612 ea
3332 2573 3394 2610 re
3427 2573 3542 2627 qua
3574 2571 3791 2626 appre-

2137 2652 2360 2709 hensus
2407 2670 2535 2709 sum
2577 2670 2611 2708 a
2654 2652 2924 2705 Christo:
2969 2650 3094 2720 jam
3128 2647 3287 2701 enim
3337 2645 3657 2716 fugientem
3691 2659 3785 2697 me

2136 2742 2606 2815 comprehendit,
2656 2748 2716 2796 et
2760 2741 2988 2795 fecitut
3032 2737 3357 2793 crederem.
3399 2737 3457 2789 ln
3497 2735 3591 2789 his
3649 2750 3784 2805 ergo

2137 2834 2210 2889 ob
2237 2850 2368 2905 qua;
2390 2832 2799 2904 apprehensus
2821 2846 2974 2897 sum,
3002 2844 3219 2899 nempe
3241 2826 3313 2881 ad
3338 2824 3784 2897 praedicandum

2136 2930 2194 2977 et
2222 2922 2569 2996 gestandum
2599 2936 2819 2975 nomen
2843 2919 2973 2991 ejus
3004 2933 3198 2973 coram
3238 2913 3511 2989 gentibus
3541 2918 3599 2967 et
3630 2913 3781 2984 regi-

2136 3012 2266 3079 bus,
2301 3029 2405 3085 ego
2438 3028 2610 3067 curro
2643 3009 2690 3065 si
2725 3026 2838 3080 quo
2872 3007 3046 3063 modo
3070 3004 3511 3078 apprehendam
3555 3007 3618 3056 ut
3648 3002 3782 3055 talis

2136 3102 2360 3158 efficiar
2389 3101 2603 3174 qualis,
2655 3105 2719 3154 ut
2766 3098 2967 3153 ﬁerem
3017 3096 3241 3151 electus
3281 3110 3433 3149 sum.
3483 3095 3599 3147 Aut
3629 3088 3707 3167 ἐρ’
3739 3088 3783 3160 ᾧ

2133 3189 2398 3262 intellige
2428 3206 2532 3260 pro
2590 3183 3102 3256 Quandoquidem,
3163 3188 3230 3238 ut
3275 3182 3370 3236 hic
3422 3179 3500 3236 sit
3538 3191 3781 3234 sensus:

2131 3280 2242 3334 Sed
2274 3284 2466 3333 sector
2494 3278 2543 3333 si
2574 3274 3040 3348 apprehendam,
3065 3269 3549 3343 quandoquidem
3574 3282 3783 3338 appre-

2130 3369 2353 3425 hensus
2385 3385 2537 3435 sum,
2593 3367 2798 3422 dicens
2853 3381 2979 3419 rem
3030 3379 3163 3434 qum
3210 3362 3274 3416 in
3323 3359 3544 3415 debito.
3601 3359 3781 3428 «Ego

2128 3459 2444 3531 meipsum.
2478 3479 2505 3507 ››
2534 3456 2721 3511 Simul
2760 3472 2864 3527 per
2895 3451 3236 3524 exemplum
3287 3448 3443 3520 quod
3476 3449 3634 3503 circa
3662 3446 3779 3501 sei-

2128 3565 2300 3621 psum
2335 3552 2480 3616 erat,
2506 3546 2678 3602 docet
2730 3544 2905 3599 etiam
2958 3542 3096 3597 illos
3138 3539 3407 3595 modeste
3457 3537 3529 3591 de
3566 3535 3778 3607 seipsis

2128 3637 2368 3693 sentire.
2405 3642 2462 3691 et
2484 3652 2604 3691 non
2632 3634 3025 3688 intumescere
3074 3628 3241 3701 quasi
3285 3629 3413 3698 jam
3445 3626 3778 3696 apprehen-

2127 3726 2374 3782 dissent.
2401 3748 2428 3774 «
2463 3724 2734 3779 Nondum
2758 3722 3031 3778 arbitror.
3067 3740 3095 3767 ››
3117 3719 3420 3787 Tanquam
3444 3713 3515 3768 de
3538 3728 3778 3767 cursore

2128 3815 2329 3870 omnia
2360 3814 2643 3886 loquitur.
2671 3811 2819 3877 Quid
2852 3814 2941 3865 est
2968 3814 3168 3864 autem
3200 3805 3358 3877 quod
3380 3820 3501 3859 non
3524 3801 3782 3857 arbitra—

2126 3903 2209 3959 ris
2238 3910 2296 3959 te
2316 3909 2663 3978 assecutum
2712 3916 2840 3955 esse
2864 3899 2892 3953 ‘I
2919 3898 3192 3969 Scopum,
3243 3894 3457 3964 inquit,
3508 3891 3776 3946 bravium

2124 4010 2340 4065 proper
2370 3992 2529 4064 quod
2557 3992 2776 4047 missus
2808 4005 2937 4043 sum
2970 3992 3034 4041 ut
3063 3985 3276 4057 dignus
3317 3998 3508 4038 essem
3540 3985 3777 4051 aposto-

2124 4083 2269 4138 latu.
2294 4084 2474 4137 Porro
2501 4082 2546 4137 si
2566 4080 2804 4139 Paulus.
2830 4094 2964 4132 cum
2992 4076 3186 4131 tantus
3209 4078 3385 4139 esset,
3417 4088 3538 4126 non
3569 4084 3776 4140 appre-

2123 4170 2352 4238 hendit,
2378 4170 2519 4242 quid
2542 4187 2648 4224 nos
2669 4167 2936 4224 dicemus
2953 4164 2981 4219 ‘l
3006 4162 3308 4230 Quomodo
3331 4177 3464 4233 ergo
3487 4158 3627 4214 alibi
3653 4158 3738 4211 ait
3766 4173 3780 4213 :

2126 4286 2151 4311 ‹‹
2196 4263 2504 4316 Certamen
2546 4257 2861 4315 decertavi.
2896 4271 3136 4311 cursum
3185 4250 3589 4308 consummavi
3623 4246 3713 4301 23?
3742 4267 3771 4296 ››

2121 4350 2413 4416 Quoniam
2442 4356 2584 4405 tunc
2617 4345 2967 4403 resolutioni
3002 4343 3304 4416 proximus
3335 4344 3480 4395 erat.
3516 4359 3543 4387 ‹‹
3582 4338 3775 4392 Unum

2124 4446 2343 4498 autem.
2381 4463 2407 4489 »ι
2442 4440 2633 4494 Unum
2664 4442 2863 4492 autem
2894 4452 3025 4509 ago,
3055 4432 3271 4503 inquit,
3307 4435 3367 4485 et
3394 4428 3453 4483 in
3484 4443 3602 4482 uno
3632 4425 3779 4480 dun-

363 4506 467 4603 γάρ
499 4505 607 4564 ἐστι
640 4510 730 4565 καὶ
763 4510 815 4564 ἐν
853 4512 1032 4586 τούτῳ
1090 4515 1118 4569 6
1175 4517 1319 4580 θεῖος
1382 4517 1617 4592 Παῦλος,
1680 4526 1793 4581 Ἵνα
1847 4527 1884 4596 ἦ
1928 4533 2012 4602 τὸ,

2138 4536 2288 4587 taxat
2320 4535 2473 4586 totus
2504 4546 2655 4584 sum.
2690 4527 2855 4593 Quod
2905 4505 3017 4582 ait:
3053 4526 3244 4581 Unum
3284 4525 3506 4583 autem,
3539 4522 3640 4572 aut
3672 4532 3777 4587 per

364 4592 659 4669 λογίζομαι
692 4598 1072 4679 κατειληφίναι
1101 4603 1210 4659 ἀπὸ
1262 4611 1471 4664 κοινοῦ.
1524 4609 1651 4667 Οἶον
1684 4611 1835 4672 οὐδὲν
1856 4592 2024 4696 ’λογίλ

364 4686 526 4754 ζομαι
585 4685 993 4764 κατειληφέναι,
1054 4692 1182 4748 ἀλλ’
1240 4695 1276 4764 ἤ
1330 4692 1406 4752 ἕν.
1473 4704 1636 4756 Ποῖον
1690 4700 1746 4758 δέ
1796 4685 2018 4765 ἐστινὸ

364 4768 655 4860 λογίζομαι
693 4774 1081 4856 κατειληφέναι
1111 4800 1125 4850 ;
1159 4781 1241 4837 ὅτι
1272 4785 1337 4839 τὰ
1373 4788 1467 4860 μὲν
1505 4788 1681 4847 ὀπίσω
1722 4790 2013 4852 ἐπιλανθα-

359 4859 612 4931 νόμενος,
678 4870 796 4927 τοῖς
855 4862 913 4921 δὲ
965 4861 1266 4942 ἔμπροσθεν
1355 4872 1819 4953 ἐπεκτεινόμενος,
1877 4887 2017 4942 κατᾶ

363 4949 560 5005 σκοπὸν
595 4949 802 5019 διώκω,
835 4957 921 5010 καὶ
973 4956 1115 5026 ἑξῆς.
1183 4957 1330 5016 Ἒδει
1388 4964 1491 5039 γὰρ
1543 4949 1704 5023 αὐτὸν
1758 4949 2013 5039 κατειλη-

796 5018 799 5019 ,
1400 5018 1412 5039 ,
1463 5020 1471 5038 ,
1760 5018 2008 5029 .....-...._

357 5038 533 5116 ιρὲναι,
566 5040 649 5098 ὅτι
680 5044 816 5098 κατά
847 5046 1050 5101 σκοπὸν
1092 5045 1300 5114 διώκει,
1358 5053 1444 5107 καί
1505 5055 1604 5112 οἰκ
1659 5053 1800 5116 ἔστιν
1860 5018 2008 5121 animi)

364 5128 591 5199 μάταιος
625 5132 651 5185 ὁ
684 5128 906 5206 δρόμος.
953 5137 1047 5191 Διὸ
1078 5138 1166 5192 καὶ
1212 5136 1467 5218 ἀλλαχοῦ
1514 5167 1700 5224 φησιν’
1751 5176 1777 5201 α
1816 5152 2005 5215 Οὕτως

347 5220 554 5293 τρέχω,
607 5221 680 5283 ὡς
736 5221 835 5277 οὐκ
892 5222 1139 5297 ἀδήλως,
1200 5228 1376 5291 οὕτως
1438 5220 1706 5302 πυκτεύω.
1768 5240 1843 5302 ὡς
1900 5243 2003 5299 οὐκ

346 5305 501 5402 ἀέρα-
535 5305 720 5402 δέρων.
787 5335 814 5361 »
873 5314 969 5368 Καὶ
1025 5315 1210 5373 πάλιν*
1271 5343 1300 5373 ι
1357 5322 1540 5386 Οὕτως
1605 5327 1850 5402 τρέγετε,
1908 5332 1998 5388 ἳνα

344 5393 712 5469 καταλάϐητε.
750 5426 777 5454 »
834 5437 903 5446 —
962 5432 986 5457 ι.
1020 5408 1098 5465 Τά
1154 5409 1249 5484 μὲν
1319 5410 1517 5482 ὀπίσω,
1575 5393 2000 5497 ἐπιλανθανόμε-

416 5578 466 5614 ³³
495 5580 515 5634 Ι
550 5580 749 5639 Thess.
784 5600 856 5651 ιν,
885 5589 970 5642 16.
1050 5588 1096 5624 ³⁸
1117 5591 1164 5645 ιι
1197 5591 1344 5649 Tim.
1378 5610 1451 5664 ιν,
1487 5599 1538 5654 7.

2133 4619 2428 4677 defectum
2458 4617 2871 4691 accipiendum
2903 4620 3011 4682 est,
3069 4612 3247 4669 veluti
3297 4611 3555 4681 majores
3585 4605 3774 4662 nostri

2130 4714 2504 4782 acceperunt.
2540 4710 2684 4763 Nam
2718 4713 2775 4762 et
2804 4706 2865 4761 in
2897 4706 3009 4759 hoc
3040 4704 3339 4759 schemate
3360 4700 3641 4770 frequens
3665 4701 3774 4763 est,

2128 4804 2193 4853 ut
2218 4799 2373 4854 desit
2401 4800 2574 4864 Curo,
2626 4796 2917 4852 sollicitus
2948 4810 3100 4859 sum,
3151 4791 3323 4846 anxie
3350 4789 3562 4862 cogito.
3595 4785 3774 4852 Quid-

2128 4902 2264 4939 nam
2298 4886 2445 4941 illud
2475 4886 2611 4941 est?
2640 4887 2720 4940 Ea
2751 4884 2990 4957 quidem
3024 4899 3155 4953 qum
3189 4898 3224 4935 a
3258 4886 3415 4951 tergo
3466 4882 3628 4937 sunt.
3661 4881 3773 4931 etc.

2124 4977 2238 5029 Aut
2266 4974 2377 5030 hoc
2402 4991 2538 5047 ergo
2572 4974 2746 5029 modo
2797 4970 3209 5044 accipiendum
3251 4975 3375 5023 est:
3426 4972 3528 5022 aut
3577 4965 3775 5037 potius

2118 5064 2310 5133 aliter,
2342 5069 2406 5118 ut
2434 5064 2633 5135 ﬁgurm
2659 5063 3010 5133 subjiciatur
3031 5076 3162 5132 qua)
3190 5057 3524 5130 appellatur
3544 5058 3588 5109 Α
3616 5068 3775 5108 com-

2117 5153 2281 5208 muni
2315 5168 2495 5207 sensu
2524 5153 2810 5223 acceptio.
2856 5153 2999 5207 Nam
3037 5156 3094 5206 et
3124 5151 3183 5204 in
3218 5150 3327 5203 hac
3374 5148 3653 5215 frequens
3686 5137 3776 5192 est

2113 5242 2279 5297 divus
2307 5241 2564 5297 Paulus:
2621 5247 2749 5295 uta
2778 5240 3073 5295 communi
3127 5255 3303 5293 sensu
3347 5239 3613 5289 sumatur
3653 5228 3767 5281 hin

2112 5331 2385 5387 Arbitror
2430 5347 2524 5386 me
2574 5336 2910 5385 assecutum
2961 5346 3110 5385 esse.
3162 5326 3315 5382 Nihil
3366 5338 3459 5378 me
3515 5316 3772 5373 arbitror

2114 5429 2456 5482 assecutum
2489 5437 2620 5479 esse
2645 5426 2861 5495 praeter
2890 5438 3068 5493 quam
3098 5434 3306 5477 unum.
3340 5410 3649 5480 Quodnam
3680 5410 3771 5464 est
