4096 6194
378 346 528 409 4307
1490 328 1909 397 (ECUMENII
1953 332 2258 395 TRlCGxE
2301 334 2660 395 EPISCOPI
3647 331 3807 393 1308

375 486 573 535 autem
605 474 762 547 quod
810 488 904 528 me
935 476 1271 526 assecutum
1302 485 1431 525 esse
1482 470 1754 526 existimo
1777 469 1806 524 ?
1862 469 2019 541 quod

2156 488 2248 530 νος.
2284 493 2311 521 υ
2345 471 2522 527 Τοῦτο
2552 468 2655 546 γὰρ
2714 466 2875 523 αὐτὸν
2930 467 3101 523 ὲποίει
3158 471 3275 528 τοῖς
3330 465 3654 542 ἔμπροσθεν
3719 466 3813 522 ξπ-

376 585 444 624 ea
474 584 605 637 quae
651 581 683 620 a
743 568 902 635 tergo
960 566 1097 616 sunt
1143 559 1521 624 obliviscens,
1583 559 1659 615 ad
1716 576 1786 615 ea
1831 575 1963 631 quae
1993 576 2029 616 a

2156 559 2486 631 ικτείνεσθαι,
2538 559 2596 613 τὸ
2652 562 2762 613 τῶν
2824 554 3043 612 ὄπισθεν
3100 555 3543 623 ἐπιλανθάνεσθαι
3603 577 3814 633 κατορο

374 657 571 712 fronte
630 658 768 708 sunt
822 650 1129 715 extendor,
1199 648 1368 721 juxta
1422 648 1730 721 praefixum
1793 649 2026 714 signum
2141 650 2433 724 θωμεὶτιυνε

374 745 681 814 insequor,
715 746 825 796 etc.
887 738 1207 811 Oportebat
1262 737 1421 793 enim
1474 737 1668 809 ipsum
1724 739 2251 809 comprehendisse
2291 742 2449 813 quod
2498 742 2675 815 juxta
2731 740 3045 814 praefixum
3076 741 3310 814 signum
3342 740 3802 812 insequeretur.

376 849 450 888 ne
483 848 666 888 vanus
694 835 851 886 esset
881 829 933 885 ei
964 845 1192 884 cursus.
1226 827 1360 883 Ideo
1388 844 1624 898 quoque
1655 827 1797 883 alibi
1828 827 1947 883 ait:
1977 829 2079 884 99
2107 854 2135 881 ‹‹
2166 831 2259 887 Sic
2299 849 2493 901 curro,
2545 838 2612 888 ut
2639 848 2761 887 non
2793 832 2857 886 in
2884 830 3217 887 incertum:
3253 831 3338 886 sic
3366 830 3638 903 pugilem
3674 847 3813 902 ago,

380 940 499 978 non
530 921 688 977 velut
717 935 914 976 aerem
946 918 1168 973 feriens
1198 917 1261 972 “.
1297 939 1325 967 ››
1352 919 1727 989 Rursumque
1754 932 1768 972 :
1810 936 1831 965 ι
1865 917 1959 973 Sic
1986 920 2228 986 currite,
2279 926 2347 976 ut
2397 920 2919 993 comprehendatis
2959 920 3027 976 ³⁵.
3062 942 3090 971 »ο
3122 951 3190 961 -
3216 942 3245 969 ‹‹
3276 921 3357 975 Ea
3386 919 3643 991 quidem
3678 935 3815 990 quas

379 1029 413 1067 a
444 1018 604 1071 tergo
635 1015 776 1065 sunt
799 1008 1175 1064 obliviscens.
1211 1029 1239 1057 ››
1274 1008 1417 1061 Nam
1451 1005 1510 1060 id
1542 1023 1678 1061 eum
1707 1005 1963 1062 faciebat
1991 1007 2065 1063 ad
2096 1024 2165 1065 ea
2194 1026 2325 1080 qua:
2355 1027 2391 1066 a
2420 1010 2613 1067 fronte
2646 1016 2816 1067 erant
2845 1009 3015 1080 eniti,
3049 1010 3098 1065 si
3131 1008 3607 1065 obliviscebatur
3643 1024 3821 1081 egre-

380 1102 611 1175 giorum
643 1099 971 1155 facinorum
1004 1113 1135 1167 quas
1166 1113 1201 1151 a
1231 1101 1392 1168 tergo
1423 1100 1611 1152 erant.

452 1190 550 1245 Ait
596 1195 829 1246 autem:
880 1187 967 1243 Ad
999 1204 1067 1242 ea
1106 1203 1237 1257 quae
1269 1203 1303 1241 a
1344 1187 1538 1241 fronte
1580 1190 1721 1241 sunt
1748 1185 1923 1241 veluti
1957 1186 2031 1242 ad

379 1279 703 1352 repositum
734 1277 1025 1334 bravium.
1054 1276 1299 1347 Semper
1319 1275 1477 1331 enim
1509 1281 1646 1331 ante
1673 1291 1789 1344 me,
1813 1275 2028 1347 inquit,

379 1369 525 1426 illud
561 1369 912 1425 existimans
970 1374 1029 1423 et
1058 1366 1231 1438 longe
1261 1383 1295 1422 a
1345 1384 1441 1422 me
1471 1366 1699 1433 abesse,
1752 1383 1925 1422 curro
1955 1365 2032 1422 ad

379 1458 597 1531 ipsum.
633 1481 659 1508 ‹‹
693 1458 781 1512 Ad
812 1473 882 1512 ea
913 1473 1043 1528 qum
1074 1472 1107 1511 a
1129 1457 1320 1511 fronte
1342 1462 1479 1511 sunt
1500 1455 1803 1511 extendor.
1830 1478 1858 1505 »
1882 1455 2030 1510 Con-

381 1549 614 1603 tinuum
645 1563 885 1603 cursum
936 1546 1233 1620 significat
1278 1546 1456 1601 dictio
1507 1545 1822 1614 Extendor,
1873 1561 1939 1599 ac
1980 1544 2029 1599 si

380 1638 657 1695 dixisset:
693 1637 899 1693 Adhuc
930 1637 991 1692 in
1026 1654 1201 1692 cursu
1253 1654 1408 1706 sum,
1442 1641 1727 1708 tanquam
1772 1636 2030 1691 distante

379 1729 553 1801 longe
576 1728 795 1783 bravio.
819 1727 925 1781 Ille
948 1727 1244 1797 siquidem
1267 1726 1625 1792 extenditur,
1651 1726 1750 1798 qui
1773 1725 2026 1798 pedibus

2156 1720 2422 1800 Βραϐείου.
2501 1726 2734 1788 Ἐκεῖνος
2803 1726 2906 1802 γὰρ
2981 1723 3358 1790 ἐπεκτείνεται,

382 1818 709 1874 etiamnum
758 1815 1155 1884 currentibus,
1181 1816 1306 1888 jam
1355 1830 1602 1886 corpore
1635 1815 1932 1886 prominet
1960 1814 2034 1869 ad

383 1924 649 1979 sc0pum,
682 1912 741 1962 et
769 1922 953 1978 penes
984 1905 1169 1961 ferme
1200 1905 1517 1961 antevertit
1538 1904 1925 1959 inclinatione
1948 1920 2038 1959 re-

388 1997 538 2070 liqui
564 1997 850 2069 corporis.
884 1997 1004 2051 Hoc
1034 2002 1233 2052 autem
1273 2013 1344 2052 ex
1371 2012 1584 2068 magna
1613 1994 1800 2051 animi
1832 2011 2035 2067 prom-

386 2087 684 2160 ptitudine
734 2092 793 2142 et
847 2085 1073 2142 fervore
1104 2086 1422 2158 provenit.’
1443 2108 1470 2137 «
1509 2087 1680 2141 Juxta
1726 2083 2036 2156 praatixum

388 2178 623 2249 signum
647 2177 948 2246 insequor.
981 2198 1008 2227 »
1034 2176 1199 2241 Quod
1243 2182 1332 2233 est
1362 2182 1558 2232 autem
1592 2175 1779 2248 ipsius
1829 2192 2038 2231 cursus

386 2264 695 2336 prteflxum
721 2263 954 2335 signum
979 2264 1007 2318 ‘I
1037 2266 1302 2336 Regnum
1334 2264 1640 2333 cmlorum,
1674 2263 1830 2336 quod
1859 2265 2038 2320 etiam

386 2351 653 2407 bravium
686 2368 791 2407 seu
822 2352 1083 2422 palmam
1117 2358 1301 2408 vocat.
1335 2354 1610 2425 Seipsum
1665 2353 1822 2409 enim
1854 2354 2038 2409 inter—

387 2443 649 2510 pretans,
683 2436 847 2502 Quod
878 2443 986 2505 est,
1020 2437 1122 2503 ait,
1146 2438 1455 2508 praefixum
1492 2439 1725 2511 signum
1751 2439 1874 2495 sive
1906 2455 2039 2494 sco-

388 2527 548 2599 pus?
595 2526 747 2598 Ipsa,
808 2527 1023 2598 inquit,
1087 2527 1287 2599 palma
1356 2545 1628 2600 supernas
1691 2529 2038 2584 vocationis.

395 2639 422 2668 ι(
456 2618 566 2671 Per
594 2616 890 2673 Christum
922 2618 1143 2672 Jesum.
1178 2640 1206 2668 »
1230 2618 1441 2675 Omnia
1470 2617 1702 2673 Christo
1748 2617 2038 2673 attribuit.

394 2706 697 2778 Siquidem
755 2723 859 2778 per
912 2706 1230 2771 Christum,
1288 2706 1391 2775 ait,
1449 2724 1643 2763 curro.
1710 2709 1854 2764 Nam
1912 2708 2042 2764 sine

394 2796 625 2850 Christo
658 2796 961 2868 ipsiusque
993 2796 1213 2852 auxilio
1240 2813 1362 2852 non
1393 2796 1636 2853 daretur
1658 2797 1817 2854 hunc
1854 2796 2040 2869 perﬁ-

392 2902 524 2941 cere
567 2901 828 2956 cursum,
862 2886 1042 2942 etiam
1074 2886 1121 2940 si
1151 2885 1461 2941 vellemus.

463 2975 561 3041 IlI,
598 2977 682 3042 15,
716 2978 799 3029 16,
854 2977 1130 3045 Quotquot
1172 2978 1361 3047 itaque
1406 2978 1640 3048 perfecti
1678 2992 1882 3044 sumus,
1942 2977 2043 3033 hoc

2212 1189 2554 1264 Ἐμπροσθεν
2599 1186 2678 1258 δέ,
2738 1209 2927 1267 φησιν,
2988 1188 3063 1250 ὡς
3122 1187 3258 1261 πρὸς
3314 1186 3377 1243 τὸ
3433 1185 3821 1261 ἀποκείμενον

2144 1270 2397 1352 βραϐεῖον
2490 1277 2600 1335 Ἀεὶ
2657 1279 2757 1351 γὰρ
2818 1270 3122 1347 ἕμπνοσθὲν
3183 1296 3289 1349 μου
3361 1276 3616 1349 νομίζων
3683 1274 3823 1330 αὐτὸ

2137 1365 2225 1421 καὶ
2260 1363 2406 1421 πολὺ
2440 1387 2546 1440 μου
2606 1365 2838 1444 ἀπέχον,
2899 1362 3087 1445 τρέχω
3143 1362 3226 1420 ἐπ’
3276 1361 3429 1420 αὐτό·
3489 1390 3517 1418 ‹‹
3549 1366 3705 1425 Τοῖς
3765 1362 3822 1420 δὲ

2139 1453 2442 1530 ἔμπροσθεν
2502 1454 2964 1529 ἐπεκτεινόμενος.
3034 1480 3055 1505 ι
3128 1455 3238 1512 Τὸν
3293 1455 3564 1527 σύντομον
3641 1452 3827 1525 δηλοῖ

2139 1542 2343 1619 δρόμον
2366 1547 2449 1613 τὸ,
2481 1542 2946 1618 ἐπεκτεινόμενος,
2999 1542 3128 1599 ὡσεὶ
3191 1544 3359 1598 εἶπεν·
3409 1544 3529 1599 Ἔτι
3588 1537 3817 1618 ἔχομαι

2138 1640 2235 1691 τοῦ
2265 1633 2497 1710 δρόμου,
2525 1635 2600 1698 ὡς
2631 1630 2933 1711 ἔμπροσθεν
2982 1634 3074 1690 καὶ
3130 1631 3276 1689 πολὺ
3334 1633 3649 1709 ἀπέχοντος
3714 1636 3816 1687 τοῦ

3453 1723 3634 1793 ὅστις,

2140 1820 2248 1870 τῶν
2276 1814 2460 1872 ποδῶν
2508 1816 2848 1893 τρεχόκτων,
2900 1815 2963 1871 τὸ
3023 1812 3219 1870 λοιπὸν
3276 1811 3576 1870 ἐπινένευκε
3646 1818 3817 1886 σῶμα

2141 1906 2279 1981 πρὸς
2308 1907 2399 1962 τὸν
2443 1907 2667 1972 σκοπὸν,
2727 1905 2817 1961 καὶ
2879 1907 3078 1978 μικροῦ
3135 1901 3265 1967 τοὺς
3321 1899 3490 1966 πόδας
3541 1901 3819 1979 προλαμο

2143 1990 2321 2051 ϐάνων
2354 1995 2405 2051 ἐν
2429 2000 2497 2070 τῇ
2538 1993 2810 2051 ἐπικλίσει
2860 1998 2960 2050 τοῦ
3018 1991 3222 2049 λοιποῦ
3280 1992 3556 2065 σώματος.
3620 1994 3814 2049 Τοῦτο

2143 2083 2200 2141 δὶ
2238 2084 2345 2141 ἀπὸ
2375 2083 2596 2155 πολλῆς
2653 2085 2851 2161 γίνεται
2909 2082 3220 2159 προθυμίας
3276 2081 3368 2139 καὶ
3425 2081 3809 2159 θερμότητος.

2145 2201 2172 2228 ‹‹
2207 2176 2357 2233 Κατὰ
2388 2177 2589 2231 σκοπὸν
2649 2173 2856 2232 διώκω.
2894 2198 2921 2227 ››
2960 2172 3055 2236 Τίς
3109 2170 3167 2228 δὲ
3221 2176 3320 2229 τοῦ
3369 2169 3576 2247 δρόμου
3631 2171 3809 2227 αὐτοῦ

2145 2266 2347 2328 σκόπός
2378 2284 2391 2333 ;
2421 2266 2486 2322 Ἣ
2522 2263 2776 2341 βασιλεία
2820 2267 2927 2319 τῶν
2977 2262 3241 2340 οὐρανῶν,
3290 2260 3356 2332 ἣν
3404 2262 3495 2317 καὶ
3548 2255 3814 2336 βραϐεῖον

2144 2353 2321 2411 καλεῖ.
2381 2352 2799 2432 Ἐφερμηνεόων
2859 2351 2962 2429 γὰρ
3022 2351 3208 2408 ἑαυτὸν
3277 2371 3433 2430 φησι.
3493 2351 3593 2413 Τίς
3656 2347 3717 2405 δὲ
3776 2350 3806 2404 δ

2146 2444 2389 2513 σκοπός;
2422 2442 2495 2499 Τὸ
2538 2436 2815 2517 βραϐεῖον,
2849 2441 3007 2519 φησὶ,
3038 2446 3138 2510 τῆς
3171 2438 3284 2496 ἄνω
3331 2437 3605 2509 κλήσεως,
3650 2464 3682 2491 α
3714 2439 3807 2495 Ἔν

2145 2535 2367 2609 Χριστῷ
2422 2533 2628 2602 Ἰησοῦ.
2663 2555 2692 2583 »
2749 2529 2893 2588 Ὄλα
2944 2534 3026 2603 τῷ
3080 2533 3309 2604 Χριστῷ
3366 2527 3698 2598 ἀνατίθησιν·
3750 2527 3803 2582 ἐν

2148 2625 2369 2693 Χριστῷ
2395 2622 2521 2696 γὰρ,
2568 2619 2724 2699 φησὶ,
2781 2621 2988 2696 τρέχω.
3055 2621 3216 2677 Ἃνευ
3276 2618 3381 2695 γὰρ
3435 2619 3674 2692 Χριστοῦ
3711 2616 3803 2673 καὶ

2144 2716 2244 2778 τῆς
2275 2708 2482 2764 ἐκείνου
2512 2708 2690 2783 ῥοπῆς
2734 2709 2839 2763 οὑκ
2890 2701 2968 2762 ἔνι
3021 2711 3212 2763 τοῦτον
3271 2706 3460 2762 ἁνύσαι
3516 2707 3607 2762 τὸν
3676 2703 3800 2779 δρό-

2152 2798 2276 2872 μόν,
2307 2794 2403 2854 κᾶν
2440 2797 2699 2873 βουκηθῶ
2707 2817 2825 2871 μεν.

3722 1724 3813 1778 καὶ

2217 2979 2377 3035 Ὀσοι
2437 2976 2528 3031 οὗν
2583 2974 2794 3031 τέλειον
2869 2977 3030 3030 τοῦτο
3117 2976 3450 3051 φρονοῦμεν,
3507 2974 3586 3029 καὶ
3633 2970 3679 3028 εἷ
3712 2978 3777 3026 ’τι

390 3064 725 3121 sentiamus:
757 3072 809 3120 et
838 3066 887 3119 si
915 3065 1053 3135 quid
1080 3065 1245 3120 aliter
1282 3067 1517 3134 sensitis,
1552 3066 1652 3121 hoc
1699 3082 1915 3137 quoque
1943 3082 2039 3121 υο-

2156 3062 2346 3141 ὲτὲρως
2411 3069 2677 3142 φρονεῖτε,
2736 3063 2827 3118 καὶ
2881 3061 3044 3119 τοῦτο
3108 3063 3137 3117 ὁ
3204 3061 3334 3126 Θεὸς
3409 3062 3539 3136 ὑμῖν
3602 3061 3792 3116 ἀποκα-

393 3153 473 3209 bis
504 3154 639 3209 Deus
669 3154 947 3209 reuelabit.
995 3156 1258 3208 Attamen
1295 3154 1370 3209 ad
1399 3154 1459 3208 id
1501 3153 1652 3224 quod
1679 3156 1911 3210 assecuti
1935 3169 2036 3210 su-

394 3260 511 3299 mus
539 3244 728 3298 eadem
748 3244 1110 3313 per-sistamus
1132 3244 1348 3313 regula,
1376 3244 1520 3298 idem
1547 3246 1864 3299 sentiamus.

469 3355 495 3381 ‹‹
532 3333 648 3387 Hoc
673 3332 1020 3387 sentiamus.
1056 3354 1084 3382 »
1107 3331 1401 3398 Quidnam
1425 3332 1452 3388 ‘I
1481 3332 1647 3398 Quod
1676 3337 1947 3404 oporteat
1977 3347 2047 3387 ea

399 3421 639 3491 quidem
671 3438 802 3491 qum
834 3438 867 3475 a
898 3427 1059 3491 tergo
1083 3427 1218 3476 sunt
1241 3422 1531 3489 oblivisci,
1560 3422 1640 3496 ad
1667 3439 1737 3478 ea
1754 3439 1890 3477 vero
1914 3438 2046 3492 qum

397 3526 431 3565 a
459 3509 653 3563 fronte
685 3515 825 3564 sunt
860 3510 1116 3566 extendi.
1167 3511 1315 3567 Nam
1348 3513 1459 3566 hoc
1506 3512 1798 3583 perfectos
1829 3511 2044 3575 reddit,

395 3598 653 3672 cogitare
685 3599 840 3670 quod
871 3598 1121 3655 absinta
1150 3601 1368 3671 palma.
1408 3622 1428 3649 ι
1464 3601 1535 3653 Et
1563 3600 1611 3653 si
1635 3599 1777 3670 quid
1800 3601 1993 3655 aliter.
2016 3622 2044 3650 ι»

395 3689 451 3744 Si
485 3687 627 3759 quid
659 3687 775 3744 alio
825 3688 1000 3744 modo
1049 3688 1306 3744 assecuti
1359 3686 1524 3753 estis,
1576 3692 1856 3757 putantes
1886 3686 2047 3756 quod

394 3795 514 3835 non
545 3778 752 3834 absitis
782 3795 816 3834 a
854 3778 1069 3850 palma,
1107 3777 1211 3832 sed
1235 3776 1399 3830 illam
1423 3775 1678 3830 assecuti
1711 3774 1861 3843 sitis,
1894 3776 2047 3830 Deus

393 3869 558 3925 vobis
589 3866 875 3924 revelabit
905 3865 1060 3937 quod
1095 3882 1216 3920 non
1248 3871 1403 3919 recte
1454 3864 1565 3920 hoc
1614 3864 1905 3921 sentiatis.
1937 3864 2046 3929 Qui

399 3959 556 4013 enim
606 3958 689 4011 ita
719 3955 920 4019 sentit,
970 3954 1229 4007 efficitur
1266 3952 1520 4026 segnior.
1554 3953 1649 4009 Ait
1677 3960 1897 4017 autem,
1931 3954 2050 4008 Hoc

399 4060 655 4119 quoque,
689 4042 1191 4113 quemadmodum
1239 4048 1298 4098 et
1322 4043 1440 4099 alia
1481 4044 1702 4100 omnia.
1745 4044 2049 4116 Siquidem

399 4131 699 4206 propriam
732 4129 1063 4184 doctrinam
1084 4131 1200 4186 Deo
1227 4131 1515 4187 ottribuit.
1538 4155 1566 4182 ‹‹
1590 4134 1867 4187 Attamen
1888 4131 1957 4185 ad
1992 4131 2052 4187 id

402 4219 558 4291 quod
591 4218 845 4274 assecuti
876 4235 1099 4275 sumus.
1137 4242 1165 4270 »
1198 4221 1441 4276 Interim
1472 4227 1671 4276 autem
1704 4220 1847 4275 dum
1878 4220 2050 4289 illud,

403 4308 619 4380 inquit,
651 4309 805 4364 Deus
835 4309 1075 4377 revelat,
1101 4308 1161 4363 in
1192 4325 1474 4365 mensura
1495 4314 1721 4365 stemus
1751 4325 1818 4364 ac
1851 4309 2055 4381 regula

2150 3156 2333 3230 λόψει.
2394 3152 2547 3222 Πλὴν
2607 3152 2684 3217 είς
2741 3150 2771 3207 ὅ
2822 3150 3149 3230 ἐφθάσαμεν,
3205 3155 3289 3223 τῷ
3344 3149 3493 3223 αὐτῷ
3558 3154 3791 3226 στοιχεῖν

2150 3244 2355 3314 κανόνι,
2385 3243 2449 3299 τὸ
2478 3240 2610 3299 αὐτὸ
2641 3245 2881 3319 φρονεῖν.

2224 3357 2253 3386 ‹‹
2276 3336 2449 3388 Τοῦτο
2481 3333 2802 3408 φρονοῦμεν.
2837 3353 2866 3382 ››
2889 3328 2968 3386 Τὸ
2999 3334 3197 3397 ποῖονς
3235 3331 3361 3388 ’Ότι
3417 3324 3502 3383 δεῖ
3546 3332 3656 3384 τῶν
3710 3327 3801 3399 μὶν

2154 3422 2332 3478 ὀπίσω
2391 3418 2863 3486 ἐπιλανθάνεσθαι,
2911 3423 3029 3480 τοῖς
3087 3414 3145 3474 δὲ
3201 3414 3503 3494 ἔμπροσθεν
3565 3415 3805 3472 ἐπεκτεί-

2151 3514 2352 3567 νεσθαι.
2381 3512 2555 3568 Τοῦτο
2585 3508 2693 3585 γὰρ
2721 3512 2870 3563 ποιεῖ
2927 3505 3196 3573 τελείους,
3253 3508 3316 3563 τὸ
3365 3505 3609 3580 νομίζειν
3669 3505 3809 3561 ἀποο

2153 3600 2430 3658 λείπεσθαι
2461 3601 2559 3655 τοῦ
2594 3591 2870 3673 βραϐείου.
2904 3621 2933 3649 ο(
2967 3597 3070 3653 Καὶ
3127 3595 3173 3652 ε⁹ί
3219 3616 3273 3651 τι
3329 3597 3548 3669 ὲτὶρως,
3583 3619 3612 3648 »
3666 3593 3731 3652 1ιῖ
3756 3615 3806 3650 τι

2154 3687 2371 3763 ἒτὲρως,
2445 3685 2600 3759 φησὶ,
2658 3684 3075 3754 κατωρθώσατε,
3133 3684 3220 3740 ’ὁτι
3298 3682 3398 3739 οὐκ
3453 3681 3810 3746 ἀπολείπεσθε

2152 3780 2249 3831 τοῦ
2282 3770 2562 3851 βραϐείου,
2596 3770 2724 3828 ἀλλ’
2780 3768 2889 3844 ἤδη
2949 3772 3212 3850 ἐφθάσατε
3262 3771 3415 3841 αὐτὸ,
3449 3772 3477 3827 ὸ
3520 3772 3650 3833 Θεὸς
3680 3772 3803 3844 ὑμῖν

2155 3862 2520 3936 ἀποκαλύψει,
2569 3860 2676 3932 ὅτι,
2737 3860 2921 3938 φησὶν,
2982 3860 3044 3916 οὗ
3100 3860 3289 3925 καλῶς
3340 3859 3484 3916 οὕτω
3545 3865 3805 3938 φρονεῖτε.

2153 3956 2214 4012 Ὀ
2244 3953 2344 4030 γὰρ
2404 3950 2576 4015 οὕτως
2616 3956 2854 4029 φρονῶν,
2912 3951 3281 4026 ῥᾳθυμότερος
3336 3948 3564 4027 γίνεται.
3619 3950 3694 4007 Τὸ
3748 3947 3802 4004 δὲ

2153 4039 2561 4105 καὶτοῦτο,ὼς
2588 4040 2679 4094 γαὶ
2731 4039 2797 4094 τὰ
2854 4036 2998 4095 ἃλλα
3054 4039 3247 4107 πάντα,
3307 4039 3466 4116 φησί.
3533 4039 3646 4105 Τὴν
3698 4037 3790 4111 γὰρ

2156 4130 2358 4188 οἷ’κείαν
2388 4125 2739 4184 διδασκαλίαν
2769 4132 2849 4202 τῷ
2888 4132 3007 4200 Θεῷ
3054 4125 3360 4193 ἀνατίθησι.
3415 4152 3445 4180 ‹‹
3480 4127 3619 4196 Πλὴν
3661 4124 3731 4185 είς
3757 4123 3786 4178 ὂ

2155 4220 2475 4300 ἐφθάσαμεν.
2510 4242 2538 4271 ››
2580 4216 2723 4280 Τέως
2783 4214 2862 4285 δὲ,
2922 4217 3105 4293 φησὶν,
3159 4215 3212 4271 ἐν
3264 4216 3382 4289 ὅσῳ
3452 4216 3622 4273 ἐκεῖνο
3668 4216 3801 4270 ἀπο-

2155 4307 2420 4365 καλύπτει
2453 4309 2482 4364 ὁ
2513 4308 2660 4377 Θεὸς,
2688 4306 2764 4369 εἷς
2795 4306 2825 4361 ὅ
2855 4304 3160 4385 ἐφθάσαμεν
3197 4304 3393 4379 μέτρον
3454 4307 3543 4361 καὶ
3595 4303 3809 4370 κανόνα,

406 4399 480 4455 ad
512 4416 688 4472 quam
734 4399 1124 4472 pertigimus:
1176 4400 1329 4455 too
1378 4400 1490 4455 hoc
1538 4406 1648 4468 est,
1688 4416 1763 4454 ne
1808 4403 2044 4470 pereant

2158 4398 2234 4461 εἷς
2309 4398 2500 4455 τοῦτον
2576 4400 2809 4469 στῶμεν,
2884 4394 3147 4462 τουνέστι,
3186 4394 3252 4450 τὸ
3330 4396 3407 4469 μὴ
3448 4393 3715 4452 ἀπολέσαι
3752 4393 3816 4447 τὶ

408 4462 547 4559 qua;
588 4462 754 4561 prius
809 4462 1049 4559 peracta
1100 4492 1256 4543 sunt.
1302 4490 1560 4564 Στοιχεῖν
1610 4462 1825 4542 αυίεῐῐί
1864 4485 2044 4557 (quod

2156 4484 2557 4561 προηνυσμὲνα.
2635 4486 2715 4544 Τὸ
2790 4482 2868 4549 δὲ,
2948 4488 3214 4559 στοιγεῖν,
3292 4462 3414 4539 οῖον
3508 4483 3816 4556 ἀρκεῖσθαι,

404 4579 727 4634 Persistere
757 4577 1060 4649 vertimus)
1093 4584 1183 4633 est
1201 4583 1545 4632 contentum
1568 4592 1719 4641 esse,
1743 4577 2049 4647 obtempe-

403 4684 559 4735 rare,
589 4674 766 4723 stare.
799 4669 915 4723 Aut
940 4683 1233 4723 cauonem
1256 4683 1360 4722 seu
1392 4665 1658 4738 regulam
1685 4665 1829 4720 dicit
1854 4665 2052 4720 fidem.

405 4756 916 4821 Quemadmodum
935 4757 1094 4812 enim
1110 4758 1171 4812 in
1194 4756 1399 4828 regula
1411 4756 1529 4810 sive
1542 4754 1860 4811 abstuleris
1879 4753 2052 4826 quid-

406 4844 565 4916 piam
591 4846 711 4901 sive
733 4846 1054 4910 addideris.
1079 4852 1267 4903 totum
1295 4845 1625 4918 perdidisti,
1651 4845 1734 4902 ita
1753 4845 1891 4901 etin
1915 4843 2053 4900 ﬁde.

408 4963 477 4973 —
507 4934 773 4997 Interim,
806 4937 1021 5008 inquit,
1062 4937 1251 4992 donec
1276 4935 1439 4991 vobis
1487 4935 1791 4991 veritatem
1822 4933 2055 4990 revela-

407 5022 575 5088 verit,
599 5023 757 5091 quod
787 5026 1039 5080 assecuti
1068 5043 1274 5081 sumus
1295 5042 1368 5081 ne
1392 5024 1728 5097 perdamus.
1754 5020 2056 5089 Quomodo

410 5119 605 5169 autem
634 5111 944 5182 perditur?
966 5114 1020 5168 Si
1042 5115 1408 5188 negligentes
1439 5113 1652 5170 effecti.
1678 5129 1712 5167 a
1732 5110 1913 5183 priori
1933 5116 2059 5166 stu-

413 5203 511 5258 dio
533 5208 591 5257 et
608 5215 787 5255 cursu
817 5198 1212 5271 discedamus,
1234 5204 1339 5258 sed
1360 5209 1593 5275 oportet
1623 5201 1828 5258 eadem
1858 5200 2060 5271 regula

412 5292 711 5353 incedere,
741 5289 853 5344 hoc
884 5292 993 5355 est,
1017 5288 1173 5344 idem
1205 5299 1506 5347 certamen
1535 5307 1905 5357 conservare,
1928 5306 2057 5345 eos-

415 5382 551 5439 dem
582 5380 862 5438 exhibere
895 5394 1116 5442 moees,
1140 5377 1298 5434 idem
1330 5397 1537 5452 sapere
1559 5388 1618 5438 et
1646 5381 1804 5437 circa
1823 5394 2063 5436 conver-

415 5473 707 5529 sationem
737 5476 796 5527 et
824 5471 981 5528 circa
1011 5468 1304 5543 dogmata.
1351 5470 1861 5534 Quemadmodum
1901 5469 2062 5526 enim

485 5653 533 5689 ³⁸
562 5655 586 5706 Ι
614 5658 742 5709 Cor.
778 5671 854 5721 ix,
882 5659 970 5710 ‘26.
1049 5657 1092 5692 ²⁸
1122 5652 1265 5711 ibid.

2157 4577 2454 4648 πείθεσθαι,
2531 4572 2761 4631 ἓστᾶναι.
2838 4575 2916 4631 ’Ἡ
2987 4573 3185 4628 κανόνα
3257 4573 3356 4641 τήν
3440 4571 3622 4627 πίστιν
3711 4593 3817 4649 φη-

2162 4666 2265 4726 σίν.
2340 4669 2546 4738 ’Ὠσπερ
2618 4664 2722 4737 γὰρ
2797 4661 2887 4716 ἰπὶ
2958 4665 3059 4716 τοῦ
3133 4662 3359 4723 κανόνος
3430 4658 3525 4716 κᾶν
3602 4659 3819 4736 ἀφέλῃς

2161 4755 2257 4813 κᾶν
2333 4754 2597 4829 προσθῇς,
2675 4749 2934 4823 ἰλυμήνω
3006 4748 3070 4805 τὸ
3138 4754 3266 4821 πᾶν,
3342 4750 3486 4806 οὕτω
3557 4750 3648 4806 καὶ
3733 4749 3822 4806 ἐπὶ

2161 4851 2262 4915 τῆς
2336 4842 2693 4909 πίστεωςμ-⁸
2742 4840 2957 4913 [ΦΩΤ.]
3032 4839 3214 4907 Τὲως,
3294 4839 3482 4917 φησῖν,
3555 4833 3660 4900 ἕως
3757 4836 3821 4893 ἄν

2168 4934 2292 5007 ὑμῖν
2360 4928 2689 5004 ἀποκαλύψῃ
2747 4928 2809 4983 τὸ
2864 4926 3088 4998 ἀληθὲς,
3161 4925 3193 4982 6'
3257 4922 3656 5001 κατελάϐομεν,
3738 4927 3820 4999 μὴ

2165 5019 2546 5092 ἀπολέσωμεν.
2625 5014 2962 5074 Ἀπόλλυται
2992 5013 3049 5071 δὲ
3120 5019 3275 5081 πῶς,
3316 5016 3419 5072 Ἀν
3448 5013 3826 5087 ἀμελήσωμεν

2163 5117 2266 5179 τῆς
2292 5107 2559 5184 προτέρας
2592 5102 2835 5174 σπουδῆς
2871 5104 2961 5160 καὶ
3019 5107 3116 5159 τοῦ
3174 5100 3387 5176 δρόμου
3445 5096 3825 5174 παρατραπῶ-

2171 5221 2284 5273 μεν.
2318 5194 2495 5254 Ἀλλᾶ
2525 5194 2607 5252 δεῖ
2653 5200 2732 5268 τῷ
2788 5194 2935 5266 αὐτῷ
2987 5192 3171 5248 κανόνι
3233 5198 3499 5268 στοιχεῖν,
3546 5192 3823 5262 τουτέστι,

2165 5287 2260 5343 τὸν
2286 5284 2449 5341 αὐτὸν
2478 5283 2662 5358 ἀγῶνα
2687 5284 2994 5351 συντηρεῖν,
3049 5279 3143 5334 τὸν
3198 5276 3359 5334 αὐτὸν
3419 5277 3827 5334 ἐπιδείκνυσθαι

2166 5376 2388 5452 τρόπον,
2450 5372 2512 5429 τὸ
2560 5371 2693 5428 αὐτὸ
2750 5373 2987 5448 φρονεῖν,
3053 5368 3179 5442 περί
3226 5387 3286 5423 τε
3339 5369 3441 5431 τῆς
3512 5364 3826 5437 πολιτείας,

2170 5463 2294 5540 περί
2320 5483 2378 5520 τε
2432 5466 2542 5518 τῶν
2590 5457 2897 5536 δογμάτων.
2955 5458 3159 5534 Ὠσπερ
3209 5457 3311 5533 γὰρ
3369 5454 3402 5513 ε
3453 5475 3506 5512 τι
3561 5459 3673 5512 τῶν
3733 5452 3830 5512 δο-
