4108 6192
340 387 493 448 1309

1370 378 1772 446 COMMENT.
1822 374 1898 437 1N
1944 374 2190 437 EPIST.
2258 377 2367 437 AD
2409 377 2695 438 PHlLlP.

3587 379 3747 440 1310

332 519 562 595 γμάτων
594 517 934 585 ἀλλοιώσας,
966 513 1169 571 ἃπαντα
1207 514 1470 571 κατέλυσε
1524 511 1616 568 καὶ
1668 510 1734 567 τὰ
1779 508 1990 585 ἔμπρο-

2109 509 2152 565 is
2174 512 2275 582 qui
2297 511 2523 583 aliquid
2544 511 2885 585 dogmatum
2900 510 3251 575 immutavit,
3276 510 3452 565 etiam
3472 512 3749 569 universa

338 612 477 673 σθεν,
509 608 659 664 οὓτω
688 608 780 663 καί
809 613 911 677 τῆς
957 602 1239 661 πολιτείας
1266 603 1311 660 ‘6'
1363 625 1417 659 τι
1481 601 1841 676 μεταθέμενος
1899 598 1991 654 καὶ

337 697 597 776 καθυφεὶς
658 696 750 752 καὶ
812 696 887 767 μή
943 716 1043 766 την
1112 694 1280 764 αὐτὴν
1341 692 1633 771 φυλάττων
1693 684 1992 765 ἀκρίϐειαν,

337 775 531 844 καὶτά
584 781 939 862 προλαϐόντα
994 783 1328 857 ἐλυμήνατο.
1390 780 1518 839 Εἶτα
1569 780 1662 834 ’ἱνα
1724 779 1800 852 μή
1861 775 1989 851 δόξῃ

343 874 789 950 δυσκατέρθευτον
819 875 909 930 καὶ
940 872 1208 930 δύσκολον
1248 871 1568 939 ἐπιτάττειν,
1628 870 1691 923 τὸ
1738 866 1808 923 δι’
1856 864 1993 921 ὅλου

340 971 439 1022 τοῦ
474 965 598 1041 βίου
631 967 845 1041 ἀρεταῖς
893 964 983 1020 καὶ
1042 959 1283 1034 εὐσεϐείᾳ
1341 960 1730 1028 συνασκεῖσθαί,
1781 956 1989 1030 ἐπάγει.

341 1055 597 1129 Μιμηταί
634 1075 739 1128 μου
761 1055 995 1131 γίνεσθε.
1056 1054 1304 1124 Ῥᾷστον,
1344 1048 1530 1128 φησὶν,
1585 1044 1742 1103 οὐδὲν
1798 1043 1995 1100 ἀδύνα-

338 1161 432 1197 τον
467 1141 704 1208 ἀπαιτῶ,
752 1130 1042 1216 ἄνθρωπος
1091 1138 1245 1215 κάγὼ
1294 1135 1663 1212 ὁμοιοπαθὴς,
1704 1133 1779 1195 ὡς
1836 1130 1995 1205 ὁρᾶτε

344 1251 432 1305 με,
466 1228 611 1286 οὕτω
641 1228 730 1285 καί
788 1229 943 1285 αύτοὶ
1000 1228 1342 1302 ἀγωνίζεσθε.
1412 1230 1501 1298 Τῷ
1552 1223 1699 1295 αύτῷ
1754 1225 1996 1299 στοιχεῖν

338 1316 547 1379 κανόνι.
609 1319 689 1377 Τὸ
750 1319 959 1393 χωρίον
1016 1322 1202 1387 τοῦτο,
1256 1318 1292 1386 ἢ
1352 1319 1669 1391 προτροπῆς
1734 1309 1898 1380 ἐστιν,
1956 1305 1993 1378 ἤ

340 1410 539 1485 εὐχῆς.
572 1406 730 1464 Ἀλλ’
784 1406 829 1461 εἰ
878 1407 975 1480 μὶν
1022 1412 1372 1483 προτροπῆς,
1421 1401 1598 1458 λείπει
1644 1401 1706 1455 τὸ
1755 1396 1856 1456 δεῖ.
1906 1407 1997 1461 Δεῖ

340 1497 481 1569 ὑμᾶς
543 1500 783 1570 στοιχεῖν
836 1501 916 1567 τῷ
970 1496 1122 1569 αὐτῴ
1178 1495 1389 1563 κανόνι,
1442 1492 1505 1547 τὸ
1563 1489 1698 1545 αὐτὸ
1754 1493 1993 1566 φρονεῖν,

334 1584 679 1663 Εἰόορείλετε
710 1592 955 1662 στοιχεῖν
1014 1592 1094 1658 τῷ
1151 1586 1303 1656 αύτῷ
1358 1583 1566 1654 κανόνι,
1624 1578 1869 1658 ὀφείλετε
1933 1578 1996 1634 τὸ

337 1674 469 1731 αὐτὸ
498 1680 738 1755 φρονεῖν.
799 1675 862 1730 Εἰ
922 1672 979 1731 δε
1035 1676 1198 1751 εὐχή,
1253 1674 1363 1730 ἀπὸ
1409 1674 1598 1727 κοινοῦ
1655 1666 1995 1748 ληφθήσεται

336 1765 425 1833 τὸ,
492 1761 864 1838 ἀποκαλύψει,
923 1766 1054 1821 Οἴον
1114 1762 1460 1836 ἀποκαλύψει
1519 1759 1648 1832 ὑμῖν
1697 1762 1776 1829 τῷ
1850 1756 1999 1828 αύτῷ

2098 601 2499 671 praecedentia
2544 600 2844 656 dissolvit:
2878 600 2961 655 ita
2991 605 3050 653 et
3078 600 3139 655 in
3167 600 3617 654 conversatione
3646 601 3750 672 qui

2099 690 2327 761 aliquid
2355 697 2760 764 transgressus
2782 696 2841 746 et
2872 690 3286 762 praevaricatus
3309 694 3418 755 est,
3445 705 3563 744 non
3589 706 3747 745 eam-

2099 779 2234 835 dem
2266 780 2635 837 observando
2680 780 3070 853 diligentiam.
3124 781 3301 835 etiam
3353 778 3753 851 praecedentia

2099 869 2382 941 corrupit.
2435 870 2655 926 Deinde
2685 887 2760 925 ne
2809 887 2934 925 rem
2984 869 3289 925 difﬁcilem
3332 874 3389 922 et
3432 885 3563 939 quin
3596 885 3748 940 aegre

2098 959 2303 1031 perfici
2337 960 2527 1031 possit
2569 959 2839 1015 videatur
2885 959 3228 1031 praecipere,
3270 975 3485 1029 nempe
3533 964 3599 1012 ut
3631 962 3752 1012 tota

2098 1050 2216 1104 vita
2237 1055 2624 1105 exerceantur
2644 1049 2704 1104 in
2728 1049 3040 1104 virtutibus
3062 1054 3121 1104 et
3144 1048 3383 1120 pietate,
3406 1046 3712 1119 subjungit
3737 1053 3751 1091 ε

2099 1138 2433 1193 Imitatores
2463 1138 2580 1193 mei
2607 1144 2814 1193 estote.
2840 1138 3005 1204 Quod
3026 1137 3379 1193 facillimum
3404 1141 3511 1203 est,
3534 1134 3749 1205 inquit,

2101 1227 2289 1299 exigo,
2323 1226 2593 1298 nihilque
2616 1228 3003 1299 impossibile,
3037 1244 3170 1283 cum
3206 1233 3265 1282 et
3294 1242 3398 1299 ego
3429 1226 3605 1280 homo
3639 1223 3751 1278 sim

2101 1316 2379 1371 similiter
2406 1316 2714 1373 affectibus
2744 1316 3056 1373 obnoxius.
3089 1317 3598 1382 Quemadmodum
3630 1329 3755 1368 cer-

2102 1411 2325 1461 tantem
2358 1422 2453 1460 me
2474 1406 2705 1475 videtis,
2736 1408 2817 1462 ita
2838 1414 2896 1461 et
2917 1408 3027 1479 ipsi
3051 1412 3293 1461 certate.
3325 1406 3421 1474 Τῷ
3450 1400 3596 1473 αὐτῷ
3626 1421 3749 1455 στου

2101 1498 2220 1568 χεῖν
2251 1494 2456 1565 κανύνι,
2486 1495 2548 1549 τὸ
2587 1495 2720 1549 αὐτὸ
2751 1500 2985 1572 φρονεῖν.
3042 1496 3259 1551 Eadem
3310 1494 3627 1566 persistere
3656 1507 3750 1547 re-

2100 1584 2257 1657 gula,
2311 1584 2468 1640 idem
2527 1586 2769 1641 sentire.
2831 1587 2963 1645 (Pro
3018 1602 3134 1657 quo
3192 1584 3498 1650 vertimus,
3531 1580 3750 1636 Eadem

2103 1674 2495 1746 persistamus
2516 1676 2737 1749 regula,
2755 1675 2911 1731 idem
2926 1678 3111 1731 sentia
3123 1673 3300 1745 mus.)
3316 1673 3449 1728 Hmc
3463 1669 3753 1744 particula

2103 1769 2205 1818 aut
2251 1764 2679 1820 exhortationis
2724 1771 2814 1821 est
2863 1772 2966 1821 aut
3021 1763 3416 1837 precationis:
3468 1776 3669 1815 verum
3703 1758 3753 1814 si

338 1853 526 1909 κανόνι
559 1859 825 1929 στοιχεῖν,
852 1854 942 1908 καὶ
979 1852 1119 1925 ἑξῆς.
1182 1850 1313 1911 Οἵδε
1360 1852 1462 1929 γάρ
1517 1850 1636 1904 ἄνευ
1687 1853 1788 1916 τῆς
1847 1845 1992 1911 θείας

2109 1852 2533 1909 exhortationis
2565 1855 2660 1923 sit,
2692 1854 2896 1910 deficit
2933 1855 3192 1926 Oportet.
3242 1853 3503 1924 Oportet,
3537 1848 3755 1920 inquit,

342 1941 543 2018 ῥοπῆς,
623 1941 792 2015 μηδὲν
866 1942 1319 2019 κατορθὸύμενον’
1386 1939 1466 1998 Τδ
1549 1936 1679 1991 αὐτὸ
1744 1939 1988 2013 φρονεῖν,

335 2032 530 2109 φησὶν,
567 2032 643 2093 εἷς
673 2033 703 2088 ὅ
732 2032 1033 2111 ἐφθάσαμεν
1065 2033 1118 2088 ἐν
1166 2035 1234 2106 τῇ
1283 2032 1484 2099 πίστει,
1540 2028 1615 2102 μὴ
1666 2028 1857 2096 πλέον,
1910 2025 1988 2099 μὴ

334 2116 585 2179 ἔλαττον.

2101 1958 2200 1997 vos
2230 1941 2438 1998 eadem
2469 1943 2789 2014 persistere
2818 1943 3042 2017 regula,
3075 1943 3232 1998 idem
3272 1941 3536 1997 sentire:
3571 1939 3617 1993 si
3653 1954 3754 1992 ea-

2100 2030 2233 2085 dem
2252 2031 2482 2087 debetis
2500 2033 2819 2104 persistere
2841 2032 3300 2104 regula,debetis
3332 2030 3489 2086 idem
3507 2027 3752 2084 sentire.

2100 2120 2157 2175 Si
2179 2136 2313 2175 vero
2344 2122 2604 2193 precatio
2660 2128 2771 2192 est,
2826 2130 3155 2177 sumetura
3210 2117 3513 2176 communi
3574 2130 3754 2171 sensu

338 2213 659 2278 Revelabit,
693 2219 759 2268 ut
786 2213 864 2269 sit
889 2230 1137 2269 sensus:
1189 2215 1488 2272 Revelabit
1518 2217 1681 2273 vobis
1738 2220 1804 2270 ut
1835 2209 2044 2267 eadem
2101 2210 2306 2279 regula
2359 2211 2712 2283 persistatis,
2741 2218 2805 2267 ut
2862 2211 3019 2267 idem
3050 2210 3339 2267 sentiatis.
3394 2207 3562 2263 Novit
3590 2204 3754 2259 enim

337 2302 487 2357 nihil
518 2302 742 2375 absque
773 2304 971 2359 divino
1002 2304 1204 2375 perlici
1250 2306 1491 2363 auxilio.
1543 2306 1728 2373 Idem,
1753 2301 1970 2373 inquit,
2004 2300 2225 2354 sentire
2257 2300 2318 2355 in
2354 2317 2423 2356 eo
2454 2301 2613 2372 quod
2645 2302 2704 2356 in
2737 2301 2851 2357 ﬁde
2882 2300 3136 2357 assecuti
3184 2314 3414 2363 sumus,
3445 2312 3566 2351 non
3595 2292 3751 2365 plus,

336 2408 455 2446 non
480 2392 704 2449 minus.

404 2479 771 2552 Συμμιμηταί
850 2500 954 2552 μου
1028 2479 1258 2556 γίνεσθε,
1338 2479 1592 2561 ἀδελφοὶ,
1666 2481 1757 2537 καὶ
1862 2499 1992 2533 σκο-

342 2573 495 2623 πεῖτε
565 2569 693 2630 τοὺς
770 2566 943 2632 οὕτως
1028 2575 1477 2646 περιπατοῦντας,
1568 2572 1745 2632 καθὼς
1838 2562 1994 2644 ἔχετε

342 2658 513 2714 τύπον
589 2660 759 2732 ἡμᾶς.
866 2658 1077 2715 Πολλοὶ
1180 2662 1284 2737 γὰρ
1383 2666 1796 2738 περιπατοῦσιν,
1898 2658 1991 2722 οὓς

1302 2747 1342 2767 δι

347 2745 618 2808 πολλάκις
677 2740 864 2823 ἔλεγον
921 2747 1069 2820 ὑμῖν.
1129 2750 1237 2806 Νῦν
1298 2747 1353 2805 δὲ
1408 2751 1498 2805 καὶ
1555 2750 1764 2806 κλαίων
1825 2747 1990 2825 λέγω,

343 2833 471 2893 τοὺς
525 2831 753 2908 ἰχθρους
810 2836 909 2888 τοῦ
968 2839 1201 2908 σταυροῦ
1284 2841 1381 2891 τοῦ
1463 2838 1721 2911 Χριστοῦ,
1793 2837 1868 2889 ὦν
1929 2836 1992 2890 τὸ

339 2921 499 2983 τέλος
530 2920 801 2988 ἀπώλεια,
861 2923 936 2976 ὧν
996 2924 1025 2977 ὁ
1080 2925 1213 2987 Θεὸς
1269 2927 1304 2995 ἡ
1360 2926 1570 2992 κοιλία,
1628 2926 1717 2980 καὶ
1776 2927 1812 2994 ἠ
1868 2923 1994 2994 δόξα

338 3010 391 3067 ἐν
469 3015 537 3086 τῇ
614 3010 849 3087 αἰσχύνῃ
928 3012 1131 3083 αὐτῶν,
1194 3014 1245 3067 οἱ
1310 3014 1377 3068 τά
1465 3013 1673 3090 ἐπίγεια
1740 3016 1997 3092 φρονοῦν-

342 3120 454 3162 τις.

419 3212 446 3240 ‹‹
484 3187 848 3262 Συμμιμηταί
885 3210 989 3262 μου
1020 3187 1250 3264 γίνεσθε.
1288 3214 1315 3241 ››
1347 3190 1420 3246 Οὐ
1449 3193 1550 3269 γάρ
1574 3189 1663 3248 διά
1689 3193 1874 3269 λόγων
1901 3193 1998 3269 μό-

347 3299 437 3334 νον
471 3275 744 3333 ἐδίδασκεν
776 3278 805 3333 ὁ
838 3279 1108 3354 μακάριος
1149 3277 1332 3346 οὗτος,
1365 3278 1512 3335 ἀλλὰ
1560 3283 1651 3337 καὶ
1702 3280 1755 3337 ἐν
1800 3281 1991 3361 ἔργοις,

345 3368 516 3429 τύπος
580 3369 757 3423 αότῶν
817 3367 1045 3444 ἐγίνετο.
1119 3392 1146 3419 ‹‹
1197 3370 1292 3423 Καὶ
1336 3375 1604 3426 σκοπεῖτε.
1650 3395 1678 3424 n
1719 3376 1863 3431 ’Ἀνω
1907 3353 2001 3451 pi;

353 3458 525 3536 ἔλεγε,
559 3458 797 3515 Βλέπετε
824 3460 952 3524 τοὺς
978 3459 1140 3524 κύνας
1195 3461 1286 3515 καὶ
1333 3461 1460 3523 τοὺς
1508 3463 1706 3527 κακοὺς
1757 3466 2004 3543 ἐργάτας,

348 3549 476 3611 τοὺς
509 3543 587 3604 ἔτι
619 3549 708 3603 καὶ
744 3549 878 3623 μετᾶ
902 3552 1001 3619 τήν
1057 3550 1238 3605 πίστιν
1300 3548 1709 3621 Ἰουδαίζοντας.
1761 3562 1874 3613 Νῦν
1924 3558 2003 3629 δὶ,

346 3641 538 3709 κοινὴν
572 3638 758 3700 αὐτοῖς
791 3635 980 3693 δίδωσι
1014 3641 1416 3714 παρατήρησιν,
1447 3640 1536 3696 ἳνα
1556 3642 1793 3715 τούτοις,
1816 3648 2004 3718 φησὶν,

341 3726 726 3803 ἀναμίγνυσθε,
793 3729 912 3781 οἷον
990 3728 1161 3782 τύπον
1232 3729 1455 3807 φέρουσι
1513 3738 1615 3801 τῆς
1671 3730 1809 3805 ἐμῆς
1867 3736 2004 3812 πρὸς

351 3817 489 3890 ὑμᾶς
519 3815 883 3895 ἀναστροφῆς.
913 3849 977 3858 -
1011 3841 1039 3869 ι(
1074 3816 1218 3881 Τοὺς
1272 3818 1448 3882 οὕτως
1491 3828 1943 3898 περιπατοῦντας.
1976 3850 2005 3879 ι»

344 3906 555 3978 [ΦΩΤ’]
590 3910 907 3980 Περιπατεῖν
940 3904 1191 3975 ἐνταῦθα,
1222 3908 1285 3963 τὸ
1321 3910 1474 3984 βιοῦν
1506 3912 1595 3967 καὶ
1624 3911 2005 3975 πολιτεύεσθαι

340 3989 610 4065 λαμϐάνει
676 3994 899 4056 ἁπλῶς.
960 3991 1214 4064 Ἐπειδὴ,
1284 3999 1443 4073 φησί,
1503 3998 1715 4057 πολλοὶ
1772 4025 2003 4080 περιπα-

344 4088 551 4157 τοῦσιν,
629 4084 705 4147 είς
783 4082 1053 4160 διάκρισιν
1128 4090 1237 4142 τῶν
1314 4089 1489 4163 ὀρθῶς
1540 4095 2005 4167 περιπατούντων,

346 4177 435 4230 καὶ
472 4177 549 4250 μή
582 4178 831 4229 σκοπεῖτε
876 4175 1013 4238 τίνες
1072 4182 1428 4251 περιπατοῦσι
1484 4184 1621 4236 κατά
1669 4184 1760 4237 τὸν
1813 4183 2005 4252 τύπον,

355 4264 413 4316 ὅν
516 4265 1000 4336 περιεπατήσαμον
1078 4266 1264 4338 ἡμεῖς,
1340 4269 1429 4322 καὶ
1506 4269 1723 4333 τούτοις
1799 4265 2009 4341 ἔπεσθε,

359 4347 635 4405 «Πολλοὶ
712 4350 815 4426 γὰρ
872 4357 1250 4425 περιπατοῦσι.
1305 4378 1333 4404 ››
1379 4356 1565 4418 Κακῶς
1625 4358 1811 4435 φησὶν,
1869 4362 2007 4432 ἢπερ

354 4439 480 4515 ὶγώ.
520 4463 545 4494 ε
582 4444 685 4494 Νῦν
720 4437 779 4494 δὲ
810 4439 897 4494 καὶ
929 4437 1140 4494 κλαίων
1173 4440 1338 4516 λέγω.
1370 4466 1398 4494 ››
1429 4446 1569 4519 "Op:
1597 4446 1665 4501 τά
1721 4450 2010 4525 σπλάγχνα

352 4528 598 4593 Παύλου,
644 4528 731 4583 ἐπὶ
788 4532 906 4589 τοῖς
963 4527 1161 4602 ἒτέρων
1201 4529 1461 4587 κλαίοντα
1514 4539 1726 4596 κακοῖς.
1784 4535 2006 4606 Ἐπειδὴ

351 4618 455 4695 γάρ
531 4617 720 4680 αὐτοῖς
792 4615 1023 4672 ἐπέτεινε
1095 4619 1157 4673 τὸ
1232 4618 1471 4693 νόσημα,
1548 4629 1732 4687 πενθεῖ
1788 4624 2005 4689 αύτούς.

352 4734 379 4759 ι(
407 4707 543 4770 Τοὺς
583 4706 815 4782 ἰχθροὺς
856 4710 952 4761 τοῦ
992 4712 1227 4783 σταυροῦ
1265 4714 1364 4764 τοῦ
1414 4714 1671 4786 Χριστοῦ·
1716 4738 1744 4765 ι»
1808 4715 2004 4777 ῐιοίόυς

356 4796 583 4858 τούτους
648 4794 888 4856 κελεύεις
962 4797 1109 4869 ἡμᾶς
1208 4799 1781 4877 παραφυλάττεσθαις
1866 4803 2002 4867 Τοὺς

352 4884 605 4964 ἐχθροὺς,
674 4890 832 4964 φησί,
889 4888 986 4938 τοῦ
1053 4890 1286 4960 σταυροῦ
1350 4893 1447 4943 τοῦ
1510 4892 1767 4965 Χριστοῦ.
1836 4894 2002 4948 Ἦσαν

351 4974 454 5049 γάρ
483 4994 620 5037 τινες
659 4973 968 5049 Χριστιανοί
1013 4972 1110 5045 μὶν
1177 4971 1355 5044 δῆθεν,
1426 4976 1480 5030 ἐν
1546 4983 1725 5056 τρυφῇ
1794 4976 1850 5035 δὶ
1912 4982 1999 5036 καὶ

354 5065 525 5119 ἀνὲςει
604 5068 823 5133 ζῶντες,
902 5062 993 5124 οὕς
1069 5061 1301 5137 ἐχθροὺς
1376 5070 1473 5119 τοῦ
1525 5072 1757 5139 σταυροῦ
1814 5091 2000 5149 φησιν.

355 5153 596 5210 Ἐναντία
633 5153 735 5228 γὰρ
802 5150 951 5224 αύτῷ
1005 5151 1352 5227 πράττουσιν·
1416 5155 1444 5209 ὁ
1505 5155 1600 5227 μὲν
1654 5157 1759 5234 γάρ
1814 5163 2001 5235 ψυχῆς

355 5241 527 5299 δεῖται
628 5241 891 5317 γενναίας,
985 5242 1465 5315 παρατεταγμένῃς
1539 5244 1617 5307 εἰς
1694 5245 1999 5317 κινδύνους,

354 5332 441 5386 καὶ
485 5330 833 5405 μιμουμένης
872 5330 965 5385 τὸν
1036 5326 1173 5385 ἴδιον
1232 5332 1529 5404 Δεσπότην,
1590 5334 1642 5388 οἱ
1703 5332 1759 5391 δὲ
1809 5337 1999 5411 γάστρὶ

350 5416 721 5477 δωλεύουσιν,
755 5441 783 5469 ‹‹
834 5424 926 5473 Ὧν
988 5417 1051 5472 τὸ
1089 5416 1247 5482 τέλος
1312 5420 1580 5478 ἀπώλεια,
1615 5449 1641 5475 ,,
1696 5424 1890 5487 καλῶς
1937 5428 2001 5482 τὸ

349 5505 506 5569 τέλος
574 5508 724 5561 εἶπεν
789 5506 1093 5574 ἀπώλειαν,
1164 5506 1250 5561 ἐὰν
1321 5507 1454 5585 ἄχρι
1511 5510 1707 5575 τὲλους
1776 5513 2001 5587 μείνωσι

350 5601 617 5652 τοιοῦτοι.
677 5595 837 5659 Εἰκὸς
902 5595 1003 5671 γάρ
1068 5596 1135 5666 ἧν
1199 5598 1290 5652 καὶ
1360 5596 1793 5673 μεταϐληθῆναι.
1850 5608 2003 5659 «Ὧν

352 5689 380 5747 ὁ
413 5687 529 5751 θεὸς
646 5684 851 5742 κοιλία.
887 5711 910 5741 ει
953 5690 1039 5747 Ὠς
1081 5682 1337 5763 δεσποίνῃ
1382 5691 1505 5767 γάρ,
1557 5690 1775 5767 μᾶλλον
1831 5691 1888 5750 δὶ
1928 5695 2002 5758 ὡς

2172 2477 2267 2543 III,
2304 2481 2481 2536 17-19,
2504 2479 2810 2535 Imitatores
2840 2480 2946 2535 mei
2974 2485 3158 2549 estote,
3187 2478 3405 2548 fratris,
3428 2482 3480 2531 et
3509 2473 3753 2529 conside-

2100 2573 2218 2621 rate
2246 2583 2333 2622 eos
2362 2567 2462 2639 qui
2489 2569 2566 2623 sic
2594 2569 2901 2634 ambulant,
2935 2568 3388 2638 quemadmodum
3419 2562 3625 2618 habetis
3655 2576 3754 2616 nos

2094 2671 2202 2725 pro
2231 2662 2383 2727 typo.
2416 2660 2555 2714 Nam
2601 2658 2901 2728 complures
2943 2656 3226 2711 ambulant
3257 2654 3324 2709 de
3369 2653 3567 2724 quibus
3613 2667 3753 2721 saepe

2102 2748 2225 2801 dixi
2256 2749 2430 2802 vobis:
2464 2765 2611 2803 nunc
2640 2756 2825 2802 autem
2854 2754 2906 2801 et
2936 2749 3069 2816 ﬂens
3097 2746 3259 2801 dico:
3288 2745 3542 2798 inimscos
3574 2741 3752 2796 crucis

2105 2835 2333 2903 Christi,
2393 2852 2625 2906 quorum
2679 2838 2805 2905 ﬁnis
2863 2834 3111 2905 perditio
3164 2839 3262 2899 est,
3329 2847 3561 2902 quorum
3614 2830 3754 2883 Deus

2104 2930 2292 2978 venter
2320 2930 2417 2992 est,
2449 2931 2502 2979 et
2525 2925 2711 2995 gloria
2757 2927 2815 2980 in
2846 2925 3106 2980 dedecore
3153 2922 3397 2994 ipsorum
3428 2923 3526 2992 qui
3556 2927 3754 2975 terres-

2109 3010 2220 3066 tria
2242 3019 2460 3069 curant.

2180 3193 2217 3246 I
2232 3192 2280 3247 0
2298 3192 2727 3248 “imitatores
2742 3191 2856 3248 mei
2872 3196 3079 3248 estote.
3096 3212 3124 3241 »
3138 3191 3338 3260 Neque
3352 3188 3507 3245 enim
3524 3184 3758 3243 divinus

2112 3280 2209 3336 hic
2238 3282 2325 3336 vir
2349 3282 2491 3337 solis
2520 3281 2771 3337 docebat
2802 3281 3200 3349 sermonibus,
3226 3278 3328 3334 sed
3358 3284 3417 3334 et
3438 3294 3542 3349 pro
3566 3292 3760 3331 exem-

2112 3371 2259 3442 plari
2291 3371 2435 3443 ipsis
2482 3371 2925 3444 proponebatur
2964 3371 3024 3425 in
3059 3369 3357 3442 operibus.
3398 3392 3416 3415 ιι
3456 3369 3522 3421 Et
3562 3365 3756 3420 consi—

2112 3460 2333 3517 derate.
2368 3482 2396 3511 ››
2458 3462 2521 3517 In
2580 3460 2986 3533 superioribus
3034 3459 3277 3531 quidem
3330 3458 3496 3525 dixit,
3558 3456 3759 3509 Videte

2111 3566 2311 3619 canes,
2372 3550 2561 3606 videte
2621 3551 2808 3606 malos
2865 3549 3203 3622 operarios:
3251 3563 3465 3619 nempe
3515 3563 3614 3600 eos
3658 3544 3760 3615 qui

2112 3645 2245 3710 post
2269 3646 2602 3713 susceptam
2630 3640 2807 3697 {idem
2831 3640 3020 3696 adhuc
3051 3638 3418 3694 Judaismum
3451 3633 3763 3691 sectaban—

2113 3735 2227 3785 tur.
2260 3729 2426 3785 Nunc
2463 3736 2660 3787 autem
2707 3744 3084 3786 communem
3132 3726 3234 3782 dat
3263 3726 3349 3779 eis
3396 3722 3760 3779 observatio-

2112 3836 2283 3875 nem:
2317 3827 2382 3876 ut
2410 3820 2552 3887 illis,
2603 3822 2819 3891 inquit,
2866 3814 3373 3875 commisceamini
3426 3814 3527 3884 qui
3556 3818 3762 3882 typum

2112 3916 2324 3982 gerunt
2350 3926 2499 3964 mea:
2530 3909 2686 3979 apud
2717 3925 2816 3963 vos
2846 3902 3331 3963 conversationis.
3357 3926 3382 3950 υ
3413 3903 3526 3956 Eos
3553 3900 3652 3971 qui
3677 3900 3761 3955 sic

2113 3998 2443 4055 ambulant.
2477 4020 2503 4047 ››
2541 3996 2863 4052 Ambulare
2912 3995 3095 4051 sumit
3125 3994 3221 4048 hic
3274 3992 3626 4063 simpliciter
3653 4007 3759 4061 pro

2115 4088 2305 4141 vivere
2332 4093 2391 4141 et
2417 4086 2774 4142 conversari.
2806 4084 3317 4155 Quandoquidem,
3341 4082 3558 4153 inquit,
3591 4079 3759 4135 multi

2115 4174 2465 4231 ambulant:
2499 4175 2572 4231 ad
2598 4174 3122 4231 internoscendum
3146 4174 3388 4246 quinam
3428 4177 3585 4227 recte
3635 4186 3758 4224 am-

2116 4263 2348 4330 bulant,
2382 4271 2439 4321 et
2460 4265 2560 4336 qui
2590 4281 2732 4332 non,
2755 4264 3126 4320 considerate
3147 4263 3249 4335 qui
3270 4260 3766 4330 ambulentjuxta

2117 4354 2359 4427 vestigia
2389 4360 2447 4410 et
2480 4360 2683 4427 typum
2715 4370 2831 4425 quo
2856 4370 2964 4408 nos
2996 4351 3430 4409 ambulavimus
3461 4355 3518 4404 et
3543 4365 3644 4403 eos
3677 4361 3765 4401 se-

2117 4442 2391 4515 quimini.
2428 4466 2455 4494 «
2490 4445 2632 4498 Nam
2663 4442 3002 4514 complures
3032 4441 3361 4497 ambulant.
3396 4460 3424 4487 ››
3457 4436 3625 4500 Male,
3678 4435 3766 4488 in-

2116 4533 2265 4603 quit,
2298 4537 2357 4588 et
2402 4531 2577 4588 aliter
2606 4548 2784 4603 quam
2832 4548 2958 4604 ego.
2997 4556 3017 4581 ι
3051 4532 3218 4586 Nunc
3264 4534 3463 4585 autem
3510 4531 3568 4581 et
3613 4524 3763 4580 ﬂens

2116 4622 2271 4681 dico.
2303 4641 2329 4674 ι
2357 4621 2771 4677 Animadverte
2807 4620 2972 4676 Pauli
3006 4620 3232 4676 viscera
3268 4617 3369 4690 qui
3403 4616 3476 4672 ob
3508 4616 3761 4672 aliorum

2115 4712 2309 4784 plorat
2337 4717 2551 4768 errata.
2585 4710 2888 4783 Siquidem
2920 4710 3060 4781 quia
3088 4708 3331 4765 morbus
3362 4706 3506 4778 ipsis
3528 4710 3762 4778 proten-

2070 4792 2075 4802 ’
2114 4800 2383 4867 debatur,
2418 4802 2578 4876 luget
2624 4801 2806 4872 ipsos.
2841 4822 2870 4851 «ι
2900 4799 3181 4854 Inimicos
3224 4798 3416 4853 crucis
3460 4795 3694 4853 Christi.
3731 4816 3759 4844 ››

2112 4892 2367 4957 Quinam
2394 4892 2603 4948 sunthi
2623 4891 2967 4966 quosjubes
2979 4907 3088 4947 nos
3101 4888 3441 4945 observare?
3465 4889 3759 4955 Inimicos,

2113 4982 2216 5051 ait,
2250 4984 2443 5039 crucis
2490 4983 2727 5037 Christi.
2760 4985 2940 5039 Erant
2986 4981 3148 5038 enim
3189 4980 3430 5053 quidam
3480 4987 3761 5051 tanquam

2112 5088 2256 5127 sane
2286 5071 2628 5137 Christiani,
2662 5071 2762 5141 qui
2788 5077 2985 5126 tamen
3016 5072 3077 5126 in
3099 5071 3329 5127 deliciis
3360 5076 3417 5126 et
3434 5071 3632 5143 quiete
3659 5067 3763 5122 de-

2110 5159 2366 5232 gebant:
2401 5177 2549 5232 quos
2571 5160 2715 5215 dicit
2743 5158 2934 5215 crucis
2956 5158 3230 5215 inimicos
3258 5176 3272 5226 ;
3298 5176 3434 5214 nam
3462 5155 3759 5213 contrario

2114 5250 2289 5305 modo
2319 5251 2393 5306 ad
2425 5251 2611 5313 illam,
2646 5250 2857 5320 inquit,
2893 5258 3232 5322 operantur,
3287 5251 3415 5322 ipsa
3462 5244 3758 5316 siquidem

2111 5354 2467 5409 generosum
2500 5338 2751 5409 requirit
2781 5338 3067 5405 animum,
3101 5340 3201 5410 qui
3244 5355 3304 5393 se
3340 5333 3618 5408 periculis
3650 5346 3758 5383 ex-

2111 5432 2313 5498 ponat,
2347 5434 2405 5483 et
2436 5427 2735 5499 praprium
2771 5426 3036 5483 imitetur
3064 5428 3417 5483 Dominum:
3453 5422 3512 5475 hi
3560 5427 3759 5475 autem

2113 5516 2296 5572 ventri
2358 5519 2639 5573 serviunt.
2681 5538 2709 5565 ‹‹
2767 5517 3027 5581 Quorum
3085 5517 3222 5572 ﬁnis
3276 5511 3531 5584 perditio
3571 5515 3680 5565 est.
3731 5532 3754 5559 ι

2114 5608 2289 5661 Recte
2320 5605 2497 5662 ﬁnem
2532 5604 2677 5660 dixit
2702 5606 3120 5677 perditionem,
3154 5604 3200 5657 si
3233 5601 3305 5657 ad
3340 5601 3518 5656 tinem
3569 5616 3758 5671 usque

2111 5696 2260 5753 tales
2290 5697 2763 5769 permanserint:
2797 5704 2923 5752 erat
2947 5710 3107 5751 enim
3137 5692 3457 5749 verisimile
3487 5709 3589 5749 eos
3619 5707 3760 5765 qua-
