4108 6192
370 354 523 415 1311

360 572 659 643 Siquidem
692 571 888 641 ipsum
921 574 1203 639 tanquam
1240 585 1458 640 regem.
1491 570 1611 625 imo
1643 570 1841 639 potius
1884 576 2018 625 tan—

366 678 543 733 quam
576 660 752 714 deum
784 659 1006 713 colunt.
1042 659 1120 713 De
1152 658 1367 730 quibus
1399 658 1536 715 alibi
1592 659 1773 725 dicit;
1806 682 1833 708 ‹‹
1870 658 2016 714 Eda-

364 770 500 806 mus
531 756 589 805 et
619 749 915 816 bibamus,
947 766 1077 805 eras
1101 751 1257 804 enim
1287 750 1609 806 moriemur
1630 751 1694 803 εδ.
1732 774 1758 799 n
1785 750 2019 805 Etenim

366 841 446 895 ibi
477 855 712 910 quoque
744 839 816 894 de
849 838 1101 894 addictis
1130 840 1320 894 ventri
1357 857 1425 895 ac
1450 840 1601 911 gula:
1643 840 2017 911 loquebatur.

361 952 390 980 ι(
418 931 485 984 Et
511 929 699 1002 gloria
729 929 790 984 in
819 928 1111 984 dedecore
1143 929 1428 1000 ipsorum.
1465 953 1491 979 υ
1528 929 1688 984 Multi
1730 930 1900 985 aiunt
1929 929 2020 1000 ip-

363 1035 497 1074 sum
530 1035 637 1090 per
664 1018 791 1074 haec
822 1018 1338 1074 circumcisiouem
1370 1018 1659 1082 innuisse,
1690 1024 1751 1073 at
1782 1035 1903 1073 non
1937 1018 2020 1072 ita

362 1114 487 1164 est:
525 1108 629 1163 sed
655 1107 730 1163 ob
756 1124 845 1173 ea,
880 1107 1096 1179 inquit.
1128 1108 1462 1181 gloriantur
1491 1114 1735 1179 propter
1764 1124 1895 1179 quae
1928 1123 2023 1162 oc-

357 1198 572 1253 cultari
604 1204 663 1253 et
691 1198 917 1270 pudore
946 1198 1103 1253 afﬁci
1135 1198 1418 1269 oportuit.
1451 1220 1479 1247 ‹‹
1510 1198 1658 1263 Quia
1711 1196 2021 1253 terrestria

363 1292 593 1342 curant.
625 1308 655 1336 »
690 1287 832 1341 Nam
863 1286 965 1357 qui
996 1286 1263 1357 requiem
1293 1302 1361 1343 ac
1392 1285 1639 1342 delicias
1680 1286 2019 1357 requirunt,

370 1376 425 1431 hi
463 1376 766 1431 terrestria
795 1381 1026 1431 curant.

440 1532 538 1600 Ill,
570 1532 660 1597 20,
693 1533 780 1585 21.
834 1531 1031 1585 Nostra
1058 1532 1203 1585 enim
1243 1532 1583 1586 conversatio
1626 1532 1686 1584 in
1735 1529 1881 1585 cazlz's
1921 1535 2022 1594 est,

372 1638 435 1676 ex
468 1637 576 1691 quo
602 1622 768 1675 etiam
809 1620 1149 1675 Sal-calorem
1198 1627 1570 1690 exspectamus
1619 1620 1902 1674 Dominum
1931 1621 2021 1674 Je-

372 1728 490 1766 sum
550 1709 844 1775 Christum,
905 1712 1003 1780 qui
1060 1710 1477 1780 trans/igurabzt
1532 1726 1729 1780 corpus
1775 1716 2023 1764 nostrum

369 1800 665 1870 abjectum,
692 1807 751 1854 ut
786 1802 966 1869 ipsum
998 1802 1276 1868 conforme
1304 1800 1403 1869 ﬁat
1432 1802 1652 1869 corpori
1684 1800 1835 1855 ‘IO‘Z
1871 1799 2024 1854 illius

370 1890 630 1959 glorioso,
662 1891 958 1945 secundum
986 1890 1306 1959 efﬁcaciam,
1348 1905 1460 1959 qua
1500 1895 1681 1960 potest
1712 1890 1875 1945 etiam
1904 1890 2024 1944 sub-

362 1980 541 2051 jicere
566 1980 675 2036 sibi
704 1981 906 2035 omnia.

444 2244 686 2315 Oportet
715 2244 914 2315 itaque
946 2261 1076 2316 qum
1110 2244 1170 2299 in
1211 2243 1373 2300 caelis
1420 2251 1555 2299 sunt
1603 2260 1890 2315 quaerere,
1923 2243 2023 2298 ubi

366 2338 571 2387 nostra
604 2338 694 2386 est
736 2333 1106 2387 conversatio
1145 2339 1249 2388 aut
1278 2340 1496 2388 nostra:
1548 2333 1892 2405 reipublicae
1918 2332 2023 2388 ad-

367 2419 751 2476 ministratio.
784 2421 868 2475 lbi
901 2438 1159 2492 namque
1210 2422 1559 2490 militamus,
1608 2422 1687 2477 ibi
1737 2423 2025 2495 guberna-

372 2524 525 2571 niur,
566 2532 585 2556 ι
624 2510 707 2563 Ex
738 2525 853 2580 quo
886 2508 1061 2563 etiam
1089 2508 1469 2566 Salvatorem.
1508 2533 1533 2558 ››
1558 2512 1600 2565 E
1649 2511 1796 2565 caelo
1827 2510 2021 2565 domi-

372 2613 516 2651 num
550 2604 817 2653 nostrum
850 2614 918 2653 ac
961 2598 1319 2653 Salvatorem
1352 2606 1787 2670 exspectamus,
1821 2599 1922 2670 qui
1963 2599 2024 2653 in

376 2693 625 2759 paterna
655 2687 961 2759 apparebit
984 2687 1171 2759 gloria
1201 2689 1261 2743 in
1294 2687 1554 2743 secundo
1586 2688 1836 2743 adventu
1887 2705 2023 2744 cum

379 2777 601 2831 sanctis
632 2777 856 2849 angelis
887 2778 1029 2832 suis.
1063 2777 1398 2842 Quinetiam
1433 2776 1899 2848 transﬁgurabit,
1934 2777 2024 2833 in-

378 2865 527 2936 quit,
562 2882 629 2919 ac
651 2866 1042 2920 commutabit
1072 2883 1334 2937 praesens
1375 2883 1607 2937 corpus.
1642 2866 1880 2921 Vocavit
1919 2881 2025 2921 au-

380 2958 499 3006 tem
530 2952 725 3023 ipsum
756 2953 1075 3025 abjectum.
1129 2971 1197 3009 eo
1229 2955 1386 3025 quod
1432 2954 1764 3027 subjectum
1791 2955 1867 3009 sit
1896 2972 2025 3010 cor-

379 3041 642 3113 ruptioni
691 3048 750 3097 et
799 3042 1179 3114 passionibus
1235 3060 1303 3098 ac
1333 3043 1657 3099 doloribus.
1709 3045 1778 3098 Et
1828 3044 2023 3115 faciet,

379 3131 592 3202 inquit,
624 3132 816 3186 simile
849 3133 935 3187 illi
970 3150 1074 3188 suo
1098 3133 1328 3204 corpori
1363 3133 1521 3205 quod
1552 3151 1584 3189 a
1616 3133 1836 3189 dextris
1862 3134 2029 3189 sedet

1490 348 1896 410 CECUMENII
1943 348 2040 409 Τιι
2053 348 2249 409 ICCAS
2295 349 2638 411 EPISCOPI

362 501 480 556 que
532 479 954 537 immutandos.
984 501 1009 528 (ι
1071 479 1331 543 Quorum
1390 478 1537 535 deus
1585 485 1790 536 venter
1839 484 1945 536 est.
1982 501 2009 529 ››

2141 479 2230 550 θεῷ
2304 475 2653 534 δουλεύουσιν
2718 476 2881 553 αὐτῇ.

3622 349 3785 425 1313

2956 480 3085 554 Περὶ
3157 479 3232 533 ὧν
3300 477 3553 555 ἄλλαχοῦ
3620 478 3783 557 φησί’

2122 592 2152 620 α
2184 568 2456 643 Φάγωμεν
2488 568 2579 624 καὶ
2610 567 2847 643 πίωμεν,
2882 564 3069 644 αὔριον
3122 569 3222 643 γὰρ
3264 568 3700 640 ἀποθνήσκομεν.
3752 591 3780 618 η

2124 658 2228 714 Καὶ
2257 658 2361 734 γὰρ
2406 657 2561 713 κάκεῖ
2625 658 2750 733 περὶ
2805 661 3228 735 γαστριμάργῶν
3295 652 3464 731 ἔλεγε·
3524 682 3552 708 «ι
3589 656 3694 714 Καὶ
3738 659 3777 727 ἡ

2125 743 2251 817 δόξα
2281 745 2331 802 ἐν
2358 750 2425 820 τῇ
2456 746 2687 827 αἶσχῦνη
2722 747 2919 803 αὐτῶν.
2952 772 2980 800 ›ι
3016 745 3226 805 Ηολλοξ
3263 747 3413 825 φατὶ,
3467 746 3566 814 τήν
3620 764 3782 822 περι,

2123 837 2302 909 τιμήν
2330 836 2488 893 αὑτὸν
2519 834 2608 892 διὰ
2655 836 2863 893 τούτων
2924 836 3220 911 ε’ρτ,κέναι,
3279 835 3406 891 ἀλλ’
3449 836 3548 892 οὐκ
3604 831 3782 891 ἔστιν.

2125 922 2290 981 Ἀλλ’
2321 926 2427 995 ὃτι,
2456 926 2643 1006 φησὶν,
2674 923 2755 1004 ἐφ’
2813 925 2896 989 οἷς
2955 924 3386 1001 ἑγκαλύπτεσθαι
3439 924 3529 980 καὶ
3576 923 3790 999 αἷσχῦ-

2124 1018 2309 1072 νεσθαι
2339 1012 2470 1087 ἔδει,
2536 1015 2624 1073 ἐπὶ
2690 1016 2905 1081 τούτοις
2969 1021 3307 1096 καυχῶνται.
3348 1039 3377 1067 ιι
3415 1015 3483 1073 Οἱ
3522 1015 3588 1070 τὰ
3652 1014 3787 1070 ἐπί-

2124 1128 2244 1183 γεια
2282 1112 2625 1187 φρονοῦντες.
2661 1134 2689 1161 ››
2747 1109 2815 1166 Οἱ
2872 1108 2974 1183 γὰρ
3030 1105 3209 1163 ἄνεσιν
3262 1106 3352 1162 καὶ
3411 1106 3619 1182 τρυφήν
3656 1103 3792 1161 ἑπι-

2130 1200 2446 1270 ζητοΰντες,
2476 1198 2543 1254 τὰ
2574 1195 2787 1274 ἰπίγεια
2818 1199 3127 1273 φρονοῦσιν.

2199 1523 2389 1593 Ἦμῶν
2446 1521 2549 1599 γάρ
2622 1520 2686 1576 τὸ
2759 1519 3067 1595 πολίτευμα
3142 1518 3193 1574 ἐν
3271 1519 3526 1592 οὐρανοῖς
3601 1518 3793 1590 ὑπαρ-

2129 1628 2240 1685 χει,
2316 1608 2367 1681 ἐξ
2443 1610 2507 1665 οὗ
2581 1609 2672 1665 καὶ
2747 1615 2982 1684 Σωτῆρα
3055 1606 3474 1684 ἀπελδεχόμεθα
3575 1607 3789 1682 Κυριον

2128 1700 2338 1770 Ἰησιιῦν
2415 1698 2674 1776 Χρίστὸν,
2751 1699 2810 1761 ὃς
2890 1699 3357 1775 μετασχηματίσει
3458 1698 3522 1752 τὸ
3615 1701 3792 1770 σῶμα

2125 1795 2226 1858 τῆς
2300 1791 2676 1851 ταπεινώσεως
2750 1792 2909 1861 ἡμῶν
2985 1787 3062 1850 εἷς
3153 1788 3215 1844 τὸ
3302 1787 3549 1863 γενέσθαι
3643 1786 3788 1841 αὐτὸ

2131 1880 2456 1958 σύμμορφον
2492 1884 2572 1953 τῷ
2609 1878 2823 1954 σώματι
2879 1887 2979 1950 τῆς
3041 1876 3203 1948 δόξης
3258 1877 3424 1933 αὐτοῦ
3480 1877 3620 1931 κατὰ
3684 1878 3791 1945 τὴν

2132 1966 2401 2044 ἐνέργειαν
2502 1974 2599 2025 τοῦ
2700 1966 2951 2034 δύνασθαι
3071 1967 3229 2024 αὐτὸν
3328 1968 3416 2023 καὶ
3520 1966 3784 2039 ὑποτάξαι

2131 2058 2307 2131 ἑαυτῷ
2334 2058 2401 2113 τὰ
2429 2059 2620 2116 πάντα.

2206 2242 2294 2292 Δεῖ
2326 2237 2417 2293 οὗν
2448 2238 2513 2292 τὰ
2545 2236 2597 2293 ἐν
2630 2237 2848 2313 οὐρανῷ
2879 2240 3081 2307 ζητεῖν,
3132 2229 3255 2300 ἔνθα
3305 2238 3465 2307 ἡμῶν
3508 2235 3567 2290 τὸ
3616 2233 3795 2290 πολι-

2131 2326 2305 2399 τευμά
2353 2325 2513 2382 ἐστιν.
2583 2328 2731 2383 Ἐκεῖ
2793 2325 2897 2401 γὰρ
2964 2326 3384 2399 στρατευέμεθα,
3444 2323 3550 2380 ἐκεῖ
3611 2324 3793 2380 πολι-

2130 2416 2417 2488 τευὸμεθα.
2452 2440 2480 2467 ι(
2514 2416 2596 2485 Ἐξ
2635 2416 2692 2470 οὗ
2721 2416 2812 2470 καὶ
2872 2417 3124 2489 Σωτῆρα.
3159 2437 3188 2465 ι»
3395 2414 3632 2492 οὐρανοῦ
3689 2416 3785 2470 τὸν

2134 2505 2333 2581 Κύριον
2366 2505 2526 2578 ἡμῶν
2556 2505 2645 2560 καῖ
2680 2510 2913 2572 Σωτῆρα
2960 2501 3393 2578 ἀπεκδεγὸμεθα,
3453 2502 3505 2559 ἐν
3563 2507 3634 2577 τῇ
3683 2525 3785 2558 παι

2134 2595 2278 2669 ερῴᾳ
2334 2594 2710 2672 φανησόμενον
2768 2589 2916 2668 δόξῃ,
2972 2591 3025 2648 ἐν
3082 2597 3153 2669 τῇ
3212 2592 3432 2669 δευτέρα
3512 2594 3792 2667 παρουσία

2136 2684 2271 2756 μετᾶ
2300 2687 2408 2739 τῶν
2441 2682 2611 2757 ἁγίων
2640 2682 2807 2738 αὐτοῦ
2837 2680 3101 2758 ἀγγέλων,
3152 2681 3230 2753 ὅς,
3280 2681 3436 2759 φησὶ,
3468 2682 3558 2737 καὶ
3626 2703 3792 2756 μετα-

2135 2776 2469 2853 σχηματίσει
2501 2774 2591 2829 καὶ
2634 2769 2933 2848 μεταϐαλεῖ
2987 2776 3050 2830 τὸ
3116 2779 3205 2830 νῦν
3264 2780 3443 2849 σῶμα.
3503 2777 3790 2832 Ταπεινώ-

2135 2884 2270 2925 σεως
2337 2859 2395 2918 δὲ
2441 2862 2572 2918 αὐτὸ
2657 2860 2899 2927 ἐκάλεσε,
2961 2860 3053 2918 διὰ
3106 2866 3168 2918 τὸ
3228 2863 3543 2928 ὑποκεῖσθαι
3609 2865 3791 2939 φθορᾷ

2134 2954 2223 3008 καὶ
2255 2954 2443 3017 πάθεσι
2473 2953 2563 3007 καὶ
2596 2948 2835 3014 ὀδύναις.
2892 2951 2990 3007 Καὶ
3048 2954 3288 3024 ποιήσει,
3350 2953 3526 3028 φησὴ,
3582 2948 3778 3023 ὅμοιον

2135 3043 2327 3116 ἐκείνῳ
2354 3046 2433 3114 τῷ
2462 3042 2677 3115 σώματι
2713 3039 2901 3111 αὐτοῦ,
2952 3045 3032 3114 τῷ
3083 3040 3144 3096 ἑκ
3186 3038 3372 3112 δεξιῶν
3423 3045 3515 3096 to?)
3562 3040 3780 3112 Βατρδς

2136 3136 2459 3208 καθημένῳ,
2488 3138 2568 3206 τῷ
2605 3134 3066 3209 προσκυνουμένῳ
3120 3134 3266 3209 παρὰ
3319 3138 3427 3188 τῶν
3475 3133 3792 3205 ἀσωμάτων

381 3217 592 3287 Patris,
629 3225 687 3273 et
734 3218 805 3273 ab
865 3219 1231 3292 incorporeis
1286 3222 1566 3276 adoratur
1618 3220 2030 3293 potestatibus.

2145 3220 2445 3305 δυνάμεων.
2482 3223 2587 3279 Καὶ
2616 3207 2717 3298 γάρ
2750 3223 2825 3285 εἰς
2854 3221 3121 3301 ἄφθαρτον
3161 3207 3249 3278 καὶ
3301 3223 3364 3278 τὸ
3411 3225 3573 3295 ἡμῶν
3630 3242 3803 3296 μετα-

383 3306 687 3377 Siquidem
720 3313 988 3363 nostrum
1022 3325 1261 3380 quoque
1292 3327 1505 3381 corpus
1531 3310 1590 3365 in
1635 3309 2040 3365 immortalita-

386 3401 504 3451 tem
537 3398 1036 3453 transmutabitur
1083 3416 1189 3469 per
1217 3399 1465 3471 gratiam
1518 3400 1620 3455 Dei
1670 3398 1857 3455 nostri
1900 3401 2038 3455 Jesu

381 3485 617 3539 Christi.
648 3486 741 3538 Va:
776 3486 848 3539 iis
880 3487 979 3557 qui
1014 3487 1085 3541 ab
1114 3488 1224 3544 hac
1248 3489 1532 3544 excidunt
1560 3488 1767 3559 gloria,
1798 3495 1855 3544 et
1902 3504 2038 3545 cum

383 3573 754 3630 daemonibus
801 3583 1212 3631 numerantur.
1265 3599 1294 3626 ‹‹
1349 3578 1456 3641 Qui
1510 3577 1973 3650 transﬁgurabit.
2010 3601 2038 3628 η

383 3662 548 3716 Multi
581 3662 924 3717 existimant
953 3663 1113 3719 aliud
1158 3664 1567 3720 suscitandum
1616 3683 1829 3737 corpus
1861 3666 1922 3720 in
1952 3684 2041 3721 re—

388 3752 779 3816 surrectione,
814 3757 873 3806 et
904 3768 1024 3806 non
1057 3753 1168 3808 hoc
1200 3762 1313 3807 buo
1364 3770 1525 3809 nunc
1576 3754 2037 3819 circumdamur,

385 3848 700 3912 propterea
731 3842 889 3912 quod
922 3842 1149 3898 dictum
1182 3844 1277 3909 sit,
1319 3844 1786 3917 Transﬁgurabit
1825 3861 2041 3916 corpus

387 3938 657 3985 nostrum
690 3930 987 4002 abjectum
1020 3932 1083 3986 in
1116 3949 1332 4005 corpus
1364 3933 1564 4007 gloria:
1598 3951 1740 3989 suae.
1773 3932 1883 3989 Sed
1911 3933 2042 3989 vide

391 4018 534 4088 quid
566 4018 723 4073 dicat
748 4020 1078 4076 Methodius
1102 4022 1253 4077 libro
1277 4024 1347 4079 de
1362 4025 1830 4081 Resurrectione.
1862 4025 2047 4080 Etiam

392 4107 505 4161 hoc
536 4107 774 4161 interim
828 4126 1045 4181 corpus
1090 4119 1274 4167 nostr.
1304 4131 1361 4168 m
1411 4130 1624 4186 corpus
1670 4114 1873 4186 glorim
1919 4120 2045 4171 erat

392 4201 531 4250 ante
561 4197 1112 4268 trausgressienem.
1149 4207 1206 4257 et
1256 4201 1403 4257 adeo
1452 4200 1777 4274 gloriosum
1826 4210 1951 4259 erat
1979 4210 2044 4258 ut

387 4301 548 4340 nunc
579 4292 711 4357 post
736 4289 1270 4357 transgressionem
1301 4308 1516 4363 corpus
1550 4291 1847 4363 abjectum
1879 4293 2042 4348 dica-

386 4382 504 4431 tur.
533 4374 839 4446 Siquidem
871 4376 986 4430 nisi
1020 4377 1343 4448 gloriosum
1378 4396 1445 4436 ac
1477 4381 1762 4453 inclytum
1810 4382 2040 4451 fuisset,

390 4481 767 4537 nequaquam
800 4482 960 4521 nunc
978 4466 1273 4538 abjectum
1294 4469 1717 4539 appellaretur.
1751 4469 2044 4541 Abjicitur

2142 3308 2480 3384 ϐληθήσευαι
2560 3316 2743 3386 σῶμα,
2820 3313 3010 3387 χάριτι
3082 3333 3176 3367 τοι»
3221 3316 3355 3368 Θεοῦ
3404 3314 3569 3384 ἡμῶν
3614 3313 3806 3382 Ἰησοῦ

2141 3402 2395 3475 Χρισνοῦ.
2438 3399 2575 3458 Οὐαὶ
2639 3405 2756 3463 τοῖς
2811 3398 3135 3456 ἰκπίπτουσι
3189 3400 3390 3470 ταύτης
3446 3407 3547 3468 τῆς
3601 3396 3797 3470 δόξης,

2139 3491 2230 3546 καὶ
2275 3491 2409 3564 μετὰ
2439 3487 2712 3564 δαιμόνων
2767 3490 3148 3563 τασσομένοις.
3212 3515 3241 3541 «
3273 3492 3369 3551 Ὃς
3422 3508 3801 3564 μετασχημα-

2138 3579 2297 3638 τίσει.
2337 3605 2361 3631 υ
2394 3570 2607 3635 Πολλοὶ
2637 3578 2955 3653 νομίζουσιν
2988 3575 3169 3656 ἕτερον
3208 3582 3367 3652 σῶμα
3425 3580 3802 3652 πνευματικὸν

2144 3667 2444 3747 ἐγείρεσθαι
2502 3666 2554 3724 ἐν
2620 3672 2690 3743 τῇ
2748 3669 3052 3737 ἀναστάσει,
3139 3667 3231 3723 καὶ
3284 3668 3346 3723 οὗ
3400 3671 3563 3723 τοῦτο
3619 3667 3651 3722 ὅ
3703 3671 3800 3721 νῦν

2142 3760 2518 3833 περικείμεθα,
2587 3755 2676 3813 διὰ
2732 3759 2793 3813 τὸ
2848 3758 3119 3833 εἰρῆσθαι,
3207 3756 3675 3832 μετασχηματίσει
3737 3758 3803 3811 τὸ

2143 3854 2305 3921 σῶμα
2384 3849 2476 3915 τῆς
2551 3847 2925 3909 ταπεινώσεως
3001 3848 3185 3921 ἡμῶν,
3263 3846 3337 3907 εἰς
3397 3847 3461 3900 τὸ
3500 3850 3663 3918 σῶμα
3696 3852 3804 3915 τῆς

2142 3935 2304 4008 δόξης
2376 3935 2566 3992 αὐτοῦ.
2644 3933 2804 3993 Ἀλλ’
2878 3934 2979 4012 ὅρα
3013 3934 3067 3991 τί
3108 3956 3242 4014 φησι
3292 3932 3585 3996 Ithacam;
3627 3935 3678 3989 ἐν
3714 3938 3798 4006 τῷ

2142 4026 2265 4101 περὶ
2306 4025 2643 4088 ἀναστάσεως
2685 4022 2859 4101 λόγῳ.
2920 4024 3015 4080 Καὶ
3083 4025 3242 4079 τοῦτό
3311 4044 3444 4078 ποτε
3508 4026 3665 4094 ἡμῶν
3727 4023 3791 4077 τὸ

2146 4120 2324 4188 σῶμα,
2400 4117 2560 4185 σῶμα
2636 4110 2796 4184 δόξης
2870 4112 2937 4181 ἧν
3013 4111 3120 4182 πρὸ
3202 4118 3308 4181 τῆς
3408 4107 3776 4179 παραϐάσεως,

2143 4204 2239 4260 καὶ
2266 4203 2440 4265 οὕτως
2471 4199 2687 4273 ἔνδοξον
2717 4201 2807 4272 ἦν,
2866 4201 2949 4257 ’ὁτι
2991 4205 3078 4257 νῦν
3129 4202 3267 4274 μετὰ
3318 4203 3421 4273 τήν
3465 4194 3785 4275 παράὸασιν,

2145 4299 2304 4367 σῶμα
2335 4292 2712 4352 ταπεινώσεως
2744 4290 2978 4364 λέγεται.
3027 4289 3104 4347 Οὐ
3162 4290 3270 4366 γὰρ
3318 4290 3378 4346 ἄν
3422 4290 3466 4346 εἰ
3520 4290 3594 4364 μὴ
3637 4286 3793 4344 ἔνδο-

2143 4383 2231 4451 ξον
2264 4382 2351 4452 ἦν,
2409 4380 2788 4443 ταπεινώσεως
2841 4384 2933 4434 νῦν
2994 4378 3227 4451 ἐκλήθη.
3286 4381 3642 4435 Ταπεινοῦται
3693 4378 3798 4456 γάρ

2144 4470 2251 4525 ἀπὸ
2283 4469 2602 4547 σφάλματος
2658 4471 2721 4525 τὸ
2778 4465 3020 4540 ἔνδοξον.
3092 4469 3170 4525 Τὸ
3234 4472 3336 4544 γὰρ
3402 4468 3485 4524 ἀεὶ
3549 4470 3805 4523 ταπεινὸν

388 4554 547 4608 enim
580 4558 639 4607 et
661 4552 1014 4625 deprimitur
1038 4569 1143 4623 per
1190 4552 1421 4625 lapsum
1454 4555 1513 4610 id
1560 4556 1719 4627 quod
1750 4558 2032 4631 inclytum

2148 4560 2247 4614 οὐκ
2278 4559 2335 4614 ἅν
2368 4581 2451 4622 τις
2483 4559 2627 4614 εἳποι
2654 4558 2737 4615 δτι
2770 4555 2860 4613 διὰ
2908 4559 3011 4628 τήν
3070 4551 3370 4631 παράϐασιν
3432 4555 3800 4628 ἐταπεινώθη.

384 4645 517 4700 fuit.
550 4646 693 4701 Nam
730 4644 885 4716 quod
938 4661 1174 4716 semper
1212 4646 1436 4701 humile
1482 4647 1612 4715 fuit,
1665 4666 1783 4704 non
1834 4658 2037 4722 posset

390 4732 505 4787 dici
538 4751 642 4804 per
660 4733 1159 4807 trangressionem
1182 4734 1581 4792 humiliatum.
1606 4737 1836 4792 Etenim
1856 4741 2034 4793 etiam

392 4820 462 4875 de
497 4838 564 4876 eo
595 4825 695 4893 qui
741 4824 951 4890 stabat,
984 4823 1031 4879 si
1076 4823 1247 4879 cadat
1292 4824 1547 4881 dicimus
1596 4826 1753 4899 quod
1784 4828 2036 4884 cecidit:

394 4905 465 4961 de
497 4925 566 4962 eo
598 4928 732 4967 vero
765 4914 864 4985 qui
890 4930 1129 4986 semper
1148 4914 1357 4985 jacuit.
1385 4914 1587 4971 nullus
1607 4917 1823 4988 poterit
1844 4916 2041 4973 dicere

398 4995 555 5065 quod
588 5014 793 5055 errans
826 5004 1125 5060 ceciderit.
1161 5003 1281 5061 Hoc
1327 5003 1527 5076 itaque
1559 5022 1771 5078 corpus
1819 5006 2042 5063 factum

396 5083 623 5139 humile
656 5091 709 5138 et
758 5090 1080 5159 gloriosum
1130 5099 1397 5167 resurget
1435 5099 1493 5149 et
1540 5113 1657 5151 non
1698 5095 1880 5151 aliud.
1911 5117 1939 5145 «
1972 5096 2044 5150 Ut

395 5174 592 5246 ipsum
621 5180 923 5234 con"orme
948 5182 1069 5237 ﬂat.
1096 5205 1123 5231 ››
1146 5183 1379 5240 Fortem
1403 5201 1470 5240 ac
1488 5184 1881 5240 indubitatam
1907 5184 2047 5241 facit

397 5266 571 5320 ﬁdem
616 5264 775 5336 quod
818 5270 1061 5323 omnino
1112 5274 1655 5345 transﬁgurandum
1706 5274 1783 5329 sit
1833 5291 2045 5347 corpus

400 5362 670 5411 nostrum
693 5355 990 5427 abjectum
1015 5359 1087 5428 (si
1119 5361 1295 5415 modo
1326 5364 1731 5433 voluerimus),
1764 5371 1831 5419 ut
1853 5365 2047 5437 ipsum

398 5447 707 5502 conforme
739 5446 843 5502 ﬂat
868 5445 1071 5520 glorias
1102 5446 1305 5520 ipsius.
1340 5452 1396 5507 Si
1429 5453 1590 5510 enim
1622 5454 1695 5510 ad
1727 5453 1839 5511 hoc
1869 5455 2051 5523 venit,

400 5534 619 5608 inquit,
651 5537 938 5593 Dominus
976 5541 1182 5594 noster
1206 5539 1373 5597 Jesus
1394 5542 1683 5610 Christus,
1706 5545 1840 5614 quis
1863 5544 2051 5602 ambi-

466 5653 513 5689 ³⁸
543 5654 565 5710 I
593 5654 725 5712 Cor.
758 5673 843 5711 xv.
873 5658 962 5712 32.

2144 4648 2245 4706 Καὶ
2276 4649 2376 4723 γὰρ
2408 4647 2498 4703 καὶ
2542 4648 2665 4721 περὶ
2718 4649 2815 4701 τοῦ
2874 4646 3161 4720 ἱσταμένου
3218 4645 3263 4700 εἰ
3322 4644 3491 4713 πέσοι,
3552 4642 3800 4720 λέγομεν

2147 4739 2229 4791 ὅτι
2261 4732 2435 4804 ἔπεσε,
2468 4735 2591 4810 περὶ
2626 4732 2684 4790 δὶ
2729 4738 2827 4790 τοῦ
2877 4735 2960 4791 ἀεὶ
3008 4734 3282 4808 κειμένου,
3336 4735 3433 4791 οὐκ
3471 4731 3529 4789 ἄν
3576 4755 3664 4796 τις
3715 4734 3804 4791 εἳ-

2147 4848 2241 4881 ποι
2280 4825 2364 4881 δτι
2404 4826 2723 4899 ἁμαρτήσας
2789 4819 2996 4884 ἔπεσεν.
3066 4827 3223 4881 Ὥστε
3286 4830 3447 4881 τοῦτο
3510 4825 3573 4880 τὸ
3638 4830 3807 4898 σῶμα

2152 4916 2419 4993 ἄφθαρτον
2448 4915 2537 4970 καὶ
2567 4909 2782 4986 ἔνδοξον
2839 4916 3148 4990 γινόμενον,
3206 4914 3508 4985 ἀνίσταται,
3553 4915 3643 4988 καὶ
3685 4917 3808 4993 οὐχ

2148 5002 2352 5080 ἓτερον.
2387 5033 2412 5059 ‹‹
2450 5005 2539 5068 Εἲς
2576 5008 2640 5061 τὸ
2695 5001 2934 5081 γενέσθαι
2975 5006 3109 5061 αὐτὸ
3159 5005 3507 5084 σύμμορνρον.
3545 5030 3572 5054 »
3618 5007 3809 5081 ’ἰσχυ-

2156 5096 2247 5171 ραν
2302 5094 2392 5150 καὶ
2453 5094 2850 5171 ἀναμφίλεκτον
2920 5093 3099 5149 πίστιν
3187 5093 3369 5164 τίθησι
3433 5098 3531 5148 τοῦ
3589 5099 3811 5157 πάντως

2159 5184 2741 5259 μετασχηματισθῆναι
2769 5183 2833 5237 τὸ
2874 5186 3033 5258 σῶμα
3061 5189 3163 5251 τῆς
3217 5183 3595 5246 ταπεινώσεως
3639 5185 3807 5255 ἡμῶν

2156 5269 2215 5327 ἄν
2248 5273 2411 5345 μόνον
2448 5270 2801 5348 βουλώμεθα,
2842 5269 2919 5335 εἷς
2964 5272 3026 5327 τὸ
3072 5270 3314 5348 γενέσθαι
3368 5269 3496 5327 αὐτὸ
3544 5270 3811 5349 σύμμορ-

2157 5384 2257 5418 φον
2332 5371 2433 5434 τῆς
2510 5360 2671 5434 δόξης
2749 5363 2933 5422 αὐτοῦ.
3010 5362 3079 5422 ΕΙ
3128 5363 3257 5439 γὰρ,
3305 5363 3491 5440 ιρησῖν,
3540 5364 3569 5418 ὁ
3609 5364 3815 5440 Κύριος

2157 5455 2321 5527 ἡμῶν
2362 5454 2575 5524 Ἰησοῦς
2640 5453 2669 5507 ὁ
2736 5452 2967 5527 Χριστὸς
3040 5451 3126 5507 ἐπὶ
3192 5450 3372 5524 τούτῳ
3435 5451 3820 5528 παραγίνεται,

2158 5540 2242 5606 τίς
2320 5536 2725 5620 ἀμφισϐητήσει
2801 5542 2885 5597 ὃτι
2961 5539 3025 5597 οὗ
3101 5542 3312 5604 πάντως
3383 5536 3530 5597 ἔσται
3601 5546 3818 5616 τοῦτο;
