4096 6194
297 344 454 416 13η

1332 338 1740 419 COMMENT.
1788 357 1864 417 ιιι
1913 355 2158 417 EPIST.
2217 356 2327 418 AD
2385 357 2673 419 parum

3548 358 3706 421 1314

292 491 432 549 Εἶτα
484 489 662 554 θέλεις
716 493 807 547 καὶ
866 492 1013 548 ῑτὲαν
1073 490 1391 563 ἀπόδειξινς
1456 492 1714 566 ὑποτάξαι
1772 492 1946 565 εαυτῷ

2066 498 2155 565 get
2183 493 2328 564 quin
2359 491 2605 549 omnino
2637 493 2697 548 id
2728 492 2890 549 erit?
2922 493 3144 549 Deinde
3177 494 3258 548 vis
3285 498 3345 548 et
3373 495 3554 550 aliam
3601 495 3706 552 de-

303 579 560 657 βούλεται
592 582 780 639 πάντα.

373 787 403 817 ιι
433 770 524 820 Δεῖ
552 766 655 838 γὰρ
687 763 873 833 αὐτὸν,
930 764 1086 845 ᾳησῖ,
1143 764 1452 841 βασιλεύειν
1512 764 1673 841 ἄχρις
1718 764 1777 819 ἂν
1813 766 1950 820 ὑπο-

295 860 436 930 ταγῇ
468 854 617 927 αὗτῷ
673 855 740 910 τὰ
797 855 989 913 πάντα.
1022 880 1049 906 ››
1108 855 1231 913 Καί.
1293 881 1320 908 ‹‹
1359 858 1527 912 ’Ὁταν
1588 855 1644 910 δὲ
1697 855 1945 928 ὑποταγῇ

300 944 447 1014 αὖτῷ
475 944 543 998 τὰ
573 944 767 999 πάντα.
805 967 832 995 ››
868 943 927 999 Εἰ
959 944 1053 998 οὗν
1096 942 1256 1005 αὐτὸς
1287 945 1316 999 6
1357 945 1480 1006 Υἱὸς
1532 942 1828 1018 βασιλεύει,
1855 944 1948 997 ἳνα

303 1032 542 1107 ὑποτάξῃ
594 1030 741 1104 αὖτῷ
807 1033 873 1088 τὰ
940 1033 1134 1099 πάντα,
1185 1032 1272 1086 καὶ
1324 1032 1496 1087 πάντα
1545 1031 1946 1108 ὑποταγήσεται

303 1121 451 1193 αὖτῷ
488 1126 731 1186 παντως,
763 1118 1018 1190 δηλονότι
1075 1120 1162 1175 καὶ
1220 1121 1283 1175 τὸ
1340 1124 1500 1194 σῶμα
1548 1126 1648 1189 τῆς
1678 1122 1947 1175 ταπεινώ-

302 1231 435 1272 σεως
464 1213 626 1282 ἡμῶν
657 1208 832 1285 ἄνπερ
875 1210 1037 1284 μόνον
1084 1212 1247 1284 ἡμεῖς
1293 1208 1638 1281 θελήσωμεν,
1668 1210 1952 1285 {manv}

305 1320 454 1355 σεται
485 1298 650 1370 αὐτῷ.
709 1299 1089 1354 ἰ’ποτέσσεται
1142 1296 1235 1368 δὲ,
1278 1299 1368 1353 ὅτε
1430 1296 1597 1372 μηδὶν
1654 1296 1949 1361 στασιῶδες

301 1387 393 1443 καὶ
450 1387 720 1461 πολέμιον
777 1388 914 1462 πρὸς
970 1387 1061 1443 τὸν
1123 1387 1461 1457 ὑποτάξαντα
1491 1386 1542 1442 ἐν
1576 1388 1748 1459 ἑαυτῷ
1779 1388 1951 1465 φὲρει,

301 1477 450 1534 ἀλλὰ
480 1477 650 1533 πάντα
694 1477 955 1557 σύμφωνα
1001 1477 1088 1532 καὶ
1142 1474 1456 1550 συνᾴδοντα,
1488 1476 1540 1533 ἔν
1568 1498 1627 1533 τε
1654 1478 1831 1533 πίστει
1861 1477 1953 1532 καὶ

303 1566 356 1623 ἓν
388 1566 660 1638 πολιτείᾳ.
687 1568 854 1624 Ὀταν
888 1562 946 1622 δὲ
976 1566 1149 1629 οὕτως
1213 1567 1459 1642 ὑποταγῇ
1513 1565 1663 1640 αὐτῷ
1702 1566 1765 1621 τὸ
1795 1570 1955 1639 σῶμα

300 1661 401 1725 τῆς
446 1655 825 1716 ταπεινώσεως
877 1657 1060 1728 ἡμῶν,
1114 1655 1651 1730 μετασχηματίζεται
1692 1651 1953 1726 δηλονότι

299 1745 409 1801 ἀπὸ
458 1753 560 1815 τῆς
615 1746 996 1809 ταπεινώσεως
1052 1752 1152 1816 τῆς
1209 1746 1346 1802 κατὰ
1397 1749 1497 1816 τήν
1556 1746 1822 1821 ἁμαρτίαν
1864 1745 1954 1800 καὶ

2062 584 2557 639 monstrationem
2616 582 2644 639 ’ἔ
2699 584 2850 639 103
2910 582 3212 654 Subjicere
3267 584 3391 638 vult
3474 584 3702 657 sibiipsi

2060 675 2281 729 omnia.

2132 786 2160 812 (ι
2196 764 2339 818 Nam
2368 767 2624 834 oportet,
2654 762 2756 822 ait.
2792 762 2962 817 illum
2994 778 3240 834 regnare
3273 760 3460 817 donec
3522 762 3704 831 subji-

2061 852 2295 907 ciantur
2321 851 2431 923 ipsi
2460 852 2661 906 omnia
2687 850 2753 885 ’τ’
2788 874 2815 901 ‹‹
2844 854 2913 907 Et
2946 868 2959 905 :
2995 874 3020 901 (ι
3053 852 3197 906 Cum
3222 858 3418 906 autem
3444 851 3712 919 subjecta

2059 940 2283 995 fuerint
2314 940 2424 1012 ipsi
2457 941 2657 995 omnia
2684 940 2748 995 εδ.
2789 966 2809 993 ι
2848 941 2902 995 Si
2937 940 3116 1012 igitur
3146 946 3356 1013 regnat
3385 941 3508 1011 ipse
3529 941 3713 996 Filius

2061 1030 2252 1086 donec
2284 1032 2678 1101 subjiciantur
2699 1031 2809 1102 ipsi
2843 1032 3063 1095 omnia,
3126 1037 3185 1087 et
3242 1032 3488 1087 omnino
3534 1031 3716 1101 subji-

2063 1120 2296 1176 cientur
2326 1121 2436 1192 ipsi
2472 1121 2691 1183 omnia,
2746 1122 3124 1177 manifestum
3188 1127 3279 1176 est
3331 1121 3489 1192 quod
3534 1122 3713 1178 etiam

2065 1225 2277 1281 corpus
2310 1216 2578 1265 nostrum
2614 1211 2909 1279 abjectum
2970 1211 3039 1277 (si
3097 1211 3272 1266 modo
3326 1210 3711 1283 voluerimus)

2065 1298 2353 1353 subdetur
2382 1299 2515 1369 ipsi.
2550 1299 2834 1354 Subditur
2862 1306 3061 1356 autem
3088 1317 3222 1355 cum
3282 1300 3430 1355 nihil
3477 1300 3714 1355 seditio-

2066 1404 2195 1443 sum
2228 1393 2287 1442 et
2316 1388 2529 1442 hostile
2558 1389 2618 1442 in
2642 1390 2837 1460 seipso
2880 1395 3068 1461 gestat
3126 1395 3184 1443 et
3238 1390 3517 1444 adversus
3574 1406 3710 1445 eum

2066 1477 2167 1547 qui
2200 1475 2455 1546 subjecit
2484 1477 2703 1548 ipsum,
2737 1478 2840 1532 sed
2872 1478 3133 1533 consona
3162 1479 3364 1532 omnia
3393 1484 3452 1532 et
3481 1478 3713 1533 confor-

2067 1566 2188 1620 mia
2216 1572 2336 1620 tam
2369 1566 2430 1619 in
2462 1567 2577 1621 ﬁde
2609 1583 2786 1637 quam
2819 1566 2880 1622 in
2943 1567 3410 1623 conversatione.
3471 1566 3715 1632 Quando

2067 1660 2265 1710 autem
2290 1656 2372 1710 ita
2389 1655 2689 1711 subditum
2713 1656 2893 1710 fuerit
2915 1656 2967 1711 ei
2987 1673 3203 1728 corpus
3251 1661 3523 1711 nostrum
3555 1657 3714 1728 abje-

2069 1749 2249 1811 ctum,
2286 1744 2807 1817 transﬁgurabitur
2837 1761 2977 1800 sane
3010 1762 3044 1800 a
3073 1744 3407 1817 dejectione
3453 1745 3572 1799 sive
3620 1744 3718 1801 de-

300 1836 401 1905 τὴν
436 1836 656 1913 ςνθορᾶν,
708 1835 799 1891 καὶ
858 1834 1061 1910 γίνεται
1120 1834 1410 1909 σῦμμοοον
1469 1840 1547 1907 τῷ
1604 1836 1816 1908 σώματι
1858 1841 1952 1905 τῆς

2066 1835 2373 1907 pressione
2408 1850 2537 1905 quae
2570 1841 2659 1890 est
2690 1852 2760 1890 ex
2790 1842 3032 1906 peccato
3085 1840 3144 1889 et
3202 1835 3603 1906 corruptione,
3658 1840 3716 1889 et

1458 1924 1613 1944 λα·κο

302 1923 463 1997 δόξης
494 1925 679 1983 αὐτοῦ.
714 1926 957 1990 Ματαιος
1017 1927 1046 1982 6
1099 1921 1289 2000 φόϐος.
1325 1927 1402 1984 0-5
1454 1924 1539 1982 δεῖ
1570 1924 1626 1982 δὶ
1657 1924 1840 2003 λέγειν
1867 1926 1954 1983 ὅτι

299 2019 380 2087 τῷ
412 2015 627 2086 σώματι
681 2019 779 2070 τοῦ
833 2016 958 2070 1⁸ἱοῦ
988 2016 1016 2071 6
1048 2016 1172 2077 Υἱὸς
1230 2016 1447 2089 ὑπτάξει
1478 2016 1547 2071 τὰ
1576 2017 1768 2085 πάντα,
1803 2014 1951 2075 ἀλλ’.

300 2103 385 2159 ὅτι
416 2104 579 2165 αὐτὸς
611 2104 807 2176 ἑαυτῷ,
843 2105 870 2158 6
905 2103 1088 2160 εἰπών·
1144 2128 1169 2158 ιι
1195 2101 1397 2174 Ἐδόθη
1444 2126 1539 2179 μοι
1569 2109 1710 2159 πᾶσα
1740 2103 1955 2175 ἐξουσία

301 2191 354 2249 ἐν
384 2192 597 2269 οὖρανῷ
623 2193 713 2249 καὶ
758 2193 844 2249 ἐπὶ
874 2202 995 2268 γῆς.
1032 2220 1060 2247 η
1101 2196 1190 2257 Ὠς
1223 2196 1310 2249 καιὶ
1361 2196 1388 2251 6
1434 2194 1649 2259 Παῦλος
1694 2194 1953 2275 ἀλλαχοῦ

302 2302 457 2362 φησι.
493 2307 522 2335 ‹‹
553 2289 643 2338 Δεῖ
670 2285 772 2358 γὰρ
802 2283 962 2339 αὖτὸν
1019 2283 1324 2359 βασιλεύειν
1370 2282 1533 2359 ἄχρις
1561 2286 1621 2339 οὗ
1652 2286 1718 2358 Θῇ
1753 2284 1952 2347 πάντας

292 2372 421 2435 τοὺς
454 2370 685 2449 ἰχθροὺς
739 2372 905 2429 αὐτοῦ
967 2374 1073 2430 ὑπό
1129 2376 1256 2437 τοὺς
1316 2373 1487 2437 πόδας
1542 2376 1731 2433 αὑτοῦ.
1768 2374 1947 2432 »Καίο

300 2484 329 2515 ι(
359 2469 522 2519 Ὅταν
552 2460 611 2517 δὲ
643 2462 885 2538 ὑποταγῇ
929 2461 1077 2535 αὐτῷ
1122 2462 1189 2517 τὰ
1240 2464 1431 2519 πάντα.
1468 2486 1496 2514 ι»
1526 2468 1642 2518 Τῶν
1673 2463 1765 2519 οὗν
1795 2463 1953 2527 θείων

301 2549 510 2628 λογίων
562 2555 776 2625 τρανῶς
831 2556 1000 2607 ταῦτα
1062 2549 1349 2628 λεγόντων,
1383 2558 1501 2614 πῶς
1547 2552 1610 2608 οὗ
1658 2549 1741 2607 δεῖ
1768 2552 1948 2628 λέγειν

297 2641 383 2697 δτι
418 2642 447 2697 6
479 2642 682 2716 Κύριος
712 2643 874 2714 ἡμῶν
920 2640 1011 2696 καὶ
1064 2644 1259 2716 Σωτήρ
1291 2644 1502 2713 Ἰησοῦς
1534 2644 1562 2697 6
1592 2643 1820 2718 Χριστὸς
1854 2642 1946 2698 αὖ·

297 2731 393 2795 τός
422 2729 564 2786 ἐστιν
595 2731 623 2786 6
654 2730 742 2785 καὶ
774 2731 835 2786 τὸ
866 2736 1025 2805 σῶμα
1054 2735 1154 2797 τῆς
1186 2734 1563 2798 ταπεινώσεως
1592 2735 1753 2807 ἡμῶν
1793 2754 1951 2806 μετα-

306 2821 690 2897 σχηματίζων,
719 2822 808 2876 καὶ
842 2823 869 2876 ὁ
901 2820 1134 2899 ἐνεργῶν
1189 2824 1289 2892 τὴν
1342 2824 1417 2887 εἰς
1476 2824 1636 2880 αὐτὸν
1663 2828 1770 2879 τῶν
1803 2825 1947 2877 πάν-

307 2932 414 2966 των
472 2911 783 2986 ὑποταγῆν;
841 2916 936 2967 τοῦ
984 2909 1042 2967 δὲ
1099 2912 1227 2968 Υἱοῦ
1295 2912 1715 2978 ὑποτάσσοντος,
1774 2909 1863 2963 καὶ
1922 2909 1949 2962 6

306 3000 491 3074 Πατὴρ
527 3000 842 3056 ὑποτάσστι.
872 3000 1046 3056 Κοινᾶ
1073 3001 1175 3073 γὰρ
1202 3001 1271 3054 τὰ
1307 3003 1405 3053 τοῦ
1438 2998 1645 3071 Πατρὸς
1677 2996 1766 3051 καὶ
1796 2997 1948 3051 Υἱοῦ.

303 3111 330 3137 ιι
367 3089 518 3143 Κατὰ
540 3089 639 3155 τὴν
665 3087 947 3161 ἐνέργειαν.
974 3110 1001 3137 ››
1034 3087 1170 3142 Εἶτα
1199 3086 1417 3157 λοιπὸν,
1448 3085 1537 3140 καὶ
1569 3083 1835 3159 λογισμὸν
1869 3080 1947 3139 δί-

2063 1924 2356 1979 efﬁcietur
2383 1925 2686 1980 conforme
2717 1924 2951 1995 corpori
2986 1924 3243 1997 glorioso
3275 1924 3481 1995 ipsius.
3520 1926 3713 1978 Vanus

2063 2013 2262 2085 itaque
2296 2019 2385 2069 est
2415 2014 2609 2068 timor.
2644 2015 2767 2068 Non
2800 2019 3036 2085 oportet
3063 2019 3262 2068 autem
3302 2012 3498 2068 dicere
3557 2011 3715 2083 quod

2063 2103 2297 2174 corpori
2330 2103 2459 2158 Filii
2491 2103 2673 2157 Filius
2705 2102 2983 2173 subjiciet
3014 2103 3238 2170 omnia,
3272 2103 3371 2157 sed
3406 2102 3565 2173 quod
3591 2103 3717 2173 ipse

2065 2192 2316 2264 sibiipsi,
2342 2192 2442 2246 hui
2466 2191 2651 2246 dixit:
2681 2214 2705 2240 ιι
2734 2192 2875 2246 Data
2899 2197 2990 2245 est
3018 2192 3162 2246 mihi
3219 2191 3414 2247 omnis
3456 2198 3720 2263 potestas

2062 2281 2121 2335 in
2146 2282 2294 2336 cmlo
2321 2287 2379 2336 et
2400 2282 2458 2336 in
2484 2287 2639 2335 terra
2664 2280 2710 2314 κθ
2734 2298 2746 2347 ;
2774 2303 2801 2329 ››
2830 2281 3340 2346 Quemadmodum
3382 2286 3441 2336 et
3500 2281 3716 2335 Paulus

2060 2370 2202 2426 alibi
2235 2371 2355 2425 ait:
2394 2393 2415 2421 α
2453 2370 2598 2425 Nam
2632 2375 2865 2440 oportet
2896 2370 3062 2426 illum
3096 2386 3342 2442 regnare
3385 2368 3573 2425 donec
3607 2387 3711 2441 po-

2063 2460 2251 2515 suerit
2279 2476 2487 2515 omnes
2519 2459 2797 2515 inimicos
2831 2476 2970 2515 suos
2994 2459 3103 2515 sub
3151 2460 3332 2532 pedes
3392 2477 3532 2514 suos
3581 2462 3647 2511 έο.
3682 2479 3710 2505 ››

2061 2550 2131 2604 Ει
2162 2567 2175 2604 :
2210 2572 2237 2599 ‹‹
2268 2550 2410 2605 Cum
2434 2555 2634 2605 autem
2654 2549 2922 2620 subjecta
2944 2548 3167 2604 fuerint
3188 2549 3300 2619 ipsi
3324 2548 3527 2602 omnia
3573 2545 3641 2600 3'.
3682 2568 3701 2591 -

2057 2643 2200 2694 Cum
2233 2656 2369 2711 ergo
2403 2637 2601 2694 divina
2630 2639 2873 2692 oracula
2903 2642 3103 2707 aperte
3164 2637 3278 2690 ista
3334 2634 3555 2701 dicant,
3607 2649 3709 2687 an-

2060 2748 2179 2786 non
2213 2736 2449 2802 Oportet
2478 2730 2675 2784 dicere
2709 2727 2867 2798 quod
2904 2726 3190 2781 Dominus
3222 2743 3287 2780 ac
3321 2725 3581 2780 Salvator
3611 2741 3711 2779 no-

2060 2820 2368 2874 sterJesus
2390 2817 2801 2886 Cbristusipse
2821 2820 2910 2869 est
2936 2816 3034 2886 qui
3076 2821 3134 2869 et
3176 2833 3393 2888 corpus
3440 2824 3710 2873 nostrum

2058 2906 2359 2977 abjectum
2376 2904 2838 2975 transﬁgurat,et
2858 2903 3041 2959 efﬁcit
3062 2905 3329 2959 omnium
3355 2905 3427 2960 ad
3475 2923 3537 2961 se
3569 2906 3679 2963 sub
3698 2932 3711 2938 -

2051 2994 2379 3066 jectionem
2400 2993 2428 3048 ?
2459 2993 2606 3047 Dum
2637 2998 2834 3047 autem
2868 2993 3049 3048 Filius
3083 2993 3342 3062 subjicit,
3377 2997 3551 3049 Pater
3567 3013 3712 3068 quo-

2058 3099 2173 3154 que
2204 3083 2448 3154 subjicit
2478 3097 2492 3137 :
2525 3083 2865 3137 communia
2923 3082 3084 3136 enim
3141 3088 3279 3138 sunt
3335 3101 3467 3154 quae
3517 3085 3707 3139 Patris

306 3171 441 3229 δωσι
468 3179 569 3229 τοῦ
601 3174 744 3230 οὕτω
786 3171 1093 3248 παραδόξου
1141 3173 1481 3249 πράγματος.
1529 3177 1682 3231 Ἔστι
1712 3173 1812 3248 γὰρ
1843 3193 1949 3229 παι

2066 3179 2282 3227 suntet
2304 3172 2451 3227 Filii.
2474 3194 2497 3221 α
2526 3170 2859 3227 Secundum
2886 3171 3233 3227 efﬁcaciam.
3262 3196 3290 3222 ››
3315 3173 3538 3229 Deinde
3562 3190 3701 3228 con-

306 3263 556 3339 ραδοξον,
586 3263 649 3317 τὸ
677 3262 909 3337 γίνεσθαι
948 3263 1275 3342 σύμμορφον
1333 3264 1396 3319 τὸ
1453 3265 1613 3337 ἡμῶν
1648 3267 1828 3338 σῶμα,
1854 3266 1950 3317 τοῦ

304 3351 450 3416 θείου
481 3349 687 3407 ἐκείνου
718 3351 996 3424 σώματος.
1038 3354 1214 3409 Τοῦτο
1263 3354 1385 3427 γὰρ,
1419 3355 1605 3434 φησὶν,
1640 3353 1667 3407 6
1698 3353 1829 3414 Θεὸς
1858 3350 1949 3406 καὶ

303 3442 489 3515 Πατὴρ
547 3443 789 3511 ποιήσει,
848 3441 954 3496 ἀπὸ
1010 3448 1111 3512 τῆς
1170 3440 1461 3518 ἐνεργείας,
1517 3442 1951 3506 τουτέστι,κατᾶ

299 3532 400 3601 τήν
462 3530 731 3605 ἕνέργειαν
785 3528 1021 3599 ἐκείνην,
1082 3529 1134 3601 ἐξ
1186 3533 1253 3600 ἧς
1313 3529 1533 3587 δύναται
1585 3533 1674 3586 καὶ
1717 3528 1948 3601 ἐδυνήθη

308 3618 569 3693 ὑποτάξαι
598 3623 678 3691 τῷ
707 3620 819 3692 Υἱῷ
876 3618 1040 3675 αὐτοῦ
1087 3620 1152 3675 τα
1210 3621 1400 3677 πάντα.
1432 3623 1761 3695 Τοιγαροῦν,
1793 3620 1949 3700 φησὶ,

306 3707 641 3765 δουλώσεται
677 3711 868 3782 αὐτὴν,
900 3710 976 3774 εἰς
1025 3711 1087 3766 τὸ
1136 3710 1212 3774 εἷς
1257 3712 1555 3792 ἀφθαρσίαν
1602 3706 1951 3785 μεταϐαλεῖν.

301 3800 442 3874 *Ορα
472 3797 529 3854 δὲ
557 3798 731 3869 πόσην
779 3798 922 3856 οἶδεν
977 3801 1445 3875 ὁμογνωμοσύνην
1473 3808 1572 3869 τῆς
1604 3800 1764 3880 ἁγίας
1793 3799 1955 3877 Τριά-

308 3883 424 3959 δος,
456 3888 541 3943 ὅτι
575 3888 687 3943 ἄνω
738 3889 830 3944 τὸν
887 3889 1010 3943 Υἱὸν
1073 3889 1402 3962 ὓποθὲμενος
1452 3892 1550 3962 τήν
1582 3890 1829 3966 ἆλλαγὴν
1857 3893 1954 3946 τοῦ

310 3979 566 4051 σώματος
634 3981 795 4051 ἡμῶν
872 3984 1168 4050 ποιεῖσθαι,
1227 3984 1318 4035 νῦν
1375 3981 1469 4036 τὸν
1529 3980 1738 4056 Πατέρα
1794 3985 1955 4036 τοῦτο

308 4071 485 4122 ποιεῖν
515 4065 681 4142 λέγει’
714 4068 856 4142 ’Ἄρα
903 4066 971 4138 δή
1030 4068 1117 4124 ἐὰν
1175 4071 1320 4125 οὕτω
1374 4072 1677 4144 νοήσωμεν,
1716 4071 1792 4143 μὴ
1820 4069 1958 4126 τολ-

314 4157 490 4230 μηρόν
552 4156 693 4212 ἐστιν
753 4158 781 4213 6
833 4159 957 4220 Υἱὸς
1006 4163 1168 4214 τοῦτο
1224 4162 1441 4231 ποιήσει
1488 4162 1625 4217 κατᾶ
1669 4162 1768 4229 τήν
1801 4156 1957 4213 δύνα-

313 4266 404 4316 μιν
459 4246 625 4301 αὐτοῦ
675 4245 908 4318 ἐκείνην,
944 4246 996 4302 ἐν
1028 4247 1065 4322 ᾖ
1099 4248 1319 4319 ὑπέταξε
1366 4254 1446 4321 τῷ
1496 4247 1617 4321 ἰδίῳ
1647 4248 1863 4321 σώματι
1891 4247 1958 4301 τὰ

308 4332 519 4402 πάντας
554 4333 711 4390 Ἀλλ’
744 4334 788 4389 εἷ
822 4334 965 4389 οὕτω
1015 4338 1309 4410 νοήσομεν,
1337 4334 1455 4399 δέος
1506 4334 1618 4391 ἐστὶ
1679 4336 1755 4407 μή
1789 4333 1959 4407 δόξω-

312 4442 405 4496 μεν
440 4419 669 4497 διαιρεῖν
707 4426 840 4495 μετὰ
872 4424 970 4491 τήν
1018 4422 1235 4493 ἕνωσιν,
1285 4425 1385 4494 τὴν
1434 4424 1562 4497 μίαν
1612 4425 1961 4502 σεσαρκωμξ-

304 4532 402 4583 νην
437 4516 533 4566 τοῦ
562 4515 696 4568 Θεοῦ
723 4512 902 4588 Λόγου
923 4510 1104 4593 φῦσιν.

943 4742 1316 4809 ΚΕψΑλ.ς.

486 4852 833 4928 Παραινέσεις
856 4851 999 4910 ’ίδιαί
1020 4873 1182 4909 τινων
1214 4854 1304 4910 καὶ
1336 4853 1513 4911 κοιναὶ
1545 4856 1779 4916 πάντων.

380 5052 541 5108 Ὥστε
604 5052 832 5129 ἀδελφοὶ
916 5077 1021 5129 μου
1106 5057 1379 5134 ἀγαπητοί
1435 5059 1527 5114 καὶ
1612 5058 1958 5132 ἰπιπόθητοι,

315 5140 463 5219 χαρᾶ
507 5141 597 5196 καὶ
656 5143 914 5221 στέφανός
970 5166 1097 5218 μου,
1157 5144 1329 5208 οὕτως
1388 5148 1611 5218 στήκετε
1666 5146 1719 5203 ἐν
1776 5149 1961 5223 Κυρίῳ

308 5229 601 5306 ἀγαπητοί.
708 5230 938 5289 Εὐοδίαν
1042 5235 1367 5310 παρακαλῶ,
1479 5238 1567 5292 καὶ
1675 5240 1959 5315 Συντύχην

302 5318 608 5394 παρακαλῶ
638 5322 701 5377 τὸ
731 5323 863 5378 αὐτό
895 5330 1109 5403 ορονεῖν
1162 5323 1214 5380 ἰν
1263 5326 1464 5400 Κυρίῳ.
1500 5327 1606 5384 Ναὶ
1650 5325 1840 5403 ἐρωτῶ
1870 5328 1960 5384 καὶ

308 5427 387 5478 σε,
445 5410 638 5485 σῦζυγε
717 5413 927 5485 γνήσιε,
988 5409 1383 5488 συλλαμϐανου
1470 5416 1681 5488 αὐταῖς,
1764 5416 1961 5482 αἳτινες

305 5494 360 5552 ἕν
419 5503 496 5570 τῷ
556 5498 878 5577 Εὑαγγελέῳ
945 5502 1292 5575 συνήθλησᾶν
1352 5526 1446 5577 μοι
1520 5505 1653 5580 μετᾶ
1709 5506 1964 5582 Κλήμενο

2064 3264 2384 3330 sequenter
2413 3257 2513 3313 dat
2542 3258 2720 3313 etiam
2752 3259 3292 3316 considerationem
3327 3261 3409 3315 rei
3441 3258 3587 3315 adeo
3602 3260 3707 3315 ad-

2058 3348 2365 3404 mirandas.
2404 3350 2503 3403 Est
2532 3348 2688 3403 enim
2721 3347 3139 3405 admirandum
3171 3351 3328 3422 quod
3361 3367 3576 3422 corpus
3600 3366 3707 3405 no-

2061 3446 2249 3495 strum
2282 3438 2583 3494 conforme
2617 3440 2717 3494 ﬁat
2748 3439 2946 3494 divino
2979 3439 3064 3494 illi
3096 3442 3352 3513 corpori.
3388 3443 3530 3497 Nam
3572 3440 3707 3506 hoc,

2060 3529 2275 3598 inquit,
2309 3530 2462 3584 Deus
2494 3535 2553 3583 et
2582 3530 2754 3584 Pater
2785 3528 2962 3584 faciet
2991 3546 3063 3584 ex
3096 3530 3382 3597 efﬁcacia,
3433 3530 3545 3585 hoc
3599 3535 3710 3596 est,

2062 3617 2389 3674 secundum
2412 3619 2577 3673 illam
2600 3619 2923 3675 elticaciam
2950 3636 3066 3691 qua
3089 3626 3358 3692 potestet
3380 3620 3717 3692 potenst‘uit

2062 3707 2355 3779 subjicere
2386 3708 2530 3762 Filio
2577 3726 2682 3765 suo
2733 3710 2956 3765 omnia.
2993 3711 3195 3780 itaque
3229 3708 3459 3766 subdet.
3494 3708 3711 3776 inquit.

2062 3798 2251 3870 ipsam
2277 3803 2494 3853 nostra:
2515 3797 2912 3869 abjectionem
2954 3802 3017 3850 ut
3063 3797 3123 3850 in
3168 3794 3710 3866 incorruptibilita-

2065 3891 2184 3942 tem
2218 3891 2665 3957 transmutetur.
2703 3884 3119 3939 Animadverte
3179 3889 3378 3939 autem
3424 3889 3709 3954 quantam

2066 3978 2228 4032 novit
2256 3992 2390 4030 esse
2425 3979 2643 4028 sanctas
2674 3973 2977 4027 Trinitatis
3018 3973 3494 4028 conformitatem
3521 3989 3533 4027 :
3576 3989 3712 4028 cum

2065 4064 2453 4137 prmmisisset
2478 4062 2690 4116 Filium
2718 4062 2953 4117 efﬁcere
2987 4062 3251 4133 corporis
3302 4062 3490 4117 nostri
3529 4069 3716 4118 muta-

2069 4156 2481 4218 tionem,nunc
2504 4153 2735 4206 Patrem
2758 4153 2868 4207 hoc
2890 4151 3081 4207 facere
3100 4152 3261 4208 dicit.
3288 4154 3495 4209 Utrum
3518 4158 3716 4207 autem

2067 4248 2608 4315 prmsumptuosum
2637 4244 2752 4297 erit
2782 4242 2829 4296 si
2862 4242 2944 4296 ita
2972 4242 3377 4315 intelligamus
3403 4259 3415 4296 :
3451 4242 3608 4313 quod
3630 4243 3719 4297 Fi-

2068 4333 2184 4388 lius
2216 4334 2325 4387 hoc
2352 4332 2617 4388 facturus
2648 4336 2737 4385 cst
2768 4331 3095 4387 secundum
3126 4331 3290 4388 illam
3324 4348 3492 4388 suam
3515 4338 3718 4402 poten-

2070 4423 2234 4487 tiam,
2261 4438 2378 4493 qua
2409 4421 2664 4491 subjecit
2694 4422 2934 4493 proprio
2967 4421 3198 4493 corpori
3230 4422 3525 4477 universa.
3562 4422 3714 4475 1114

2068 4514 2305 4577 Verum,
2341 4510 2388 4566 si
2423 4511 2505 4567 ita
2534 4510 3285 4584 intelligamus,verendum
3316 4517 3406 4567 est
3435 4527 3511 4565 ne
3527 4512 3718 4567 videa-

2071 4619 2206 4659 mur
2260 4608 2394 4675 post
2450 4602 2735 4657 unionem
2793 4602 3055 4658 dividere
3113 4619 3293 4659 unam
3340 4603 3712 4662 iucarnatam

2070 4692 2243 4749 Verbi
2275 4692 2377 4749 Dei
2409 4699 2705 4749 naturam.

2708 4783 2936 4839 CAPUT
2978 4783 3044 4836 Vl
3058 4823 3069 4833 .

2067 4874 2314 4943 Propriae
2346 4871 2419 4926 ad
2447 4872 2709 4941 quosdam
2740 4872 3147 4927 exhortationes
3176 4879 3231 4927 et
3283 4888 3589 4931 communes
3642 4875 3717 4931 ad

2777 4959 2975 4998 omnes.

2140 5061 2232 5129 ιν,
2262 5059 2376 5113 1-3.
2413 5080 2439 5109 ‹‹
2474 5058 2969 5125 Proinde,fratres
3000 5058 3115 5114 mei
3149 5059 3348 5115 dilecti
3380 5078 3447 5117 ac
3478 5061 3707 5117 deside-

2070 5171 2097 5198 α
2125 5148 2259 5217 rati,
2289 5146 2569 5220 gaudium
2601 5154 2660 5203 et
2690 5164 2909 5203 corona
2941 5148 3185 5213 mea,sic
3210 5154 3357 5205 state
3381 5150 3441 5205 in
3462 5150 3706 5205 Dcmino

2070 5261 2096 5290 α
2126 5238 2347 5294 dilecti.
2376 5238 2653 5293 Evodiam
2688 5238 2934 5293 obsecro
2965 5245 3021 5294 et
3068 5240 3404 5312 Syntyclirn
3464 5238 3706 5292 obsecro

2069 5351 2097 5378 ‹‹
2129 5334 2197 5383 ut
2226 5326 2430 5381 eodem
2468 5325 2644 5382 modo
2671 5328 2897 5383 aﬂ‘ectze
2928 5328 3048 5383 sint
3105 5329 3168 5385 in
3226 5327 3493 5384 Domino.
3558 5321 3707 5378 Sane

2069 5443 2098 5470 “
2131 5437 2271 5491 τοευ
2305 5425 2363 5473 ει
2390 5425 2469 5485 ιθ,
2504 5436 2745 5492 compar
2773 5436 3074 5492 germane.
3108 5426 3167 5476 et
3196 5419 3406 5487 adjuva
3429 5413 3558 5471 illas
3579 5430 3709 5484 quas

2067 5535 2094 5561 ‹‹
2132 5512 2192 5568 in
2223 5510 2537 5584 Evangelio
2568 5510 2947 5568 decertarunt
2977 5526 3231 5574 mecum,
3260 5522 3381 5562 una
3408 5520 3543 5561 cum
3591 5502 3715 5560 Cle-

376 5670 419 5707 ¹⁷
454 5673 471 5726 Ι
504 5673 631 5727 Cor.
668 5692 760 5741 xv,
792 5679 880 5731 27.
916 5677 959 5714 9'
992 5678 1113 5735 ibid
1145 5680 1232 5736 28.
1265 5681 1311 5718 ”
1341 5684 1539 5741 Matth.
1576 5701 1769 5754 xxvm,
1800 5687 1884 5742 18.
1918 5684 1952 5720 ³(

2066 5687 2178 5742 lor.
2210 5701 2304 5749 xv,
2341 5686 2430 5737 25.
2464 5681 2508 5719 ³¹
2540 5681 2688 5739 Ibid.
2722 5688 2809 5741 28.
