4096 6194
397 299 566 367 .1315

1523 301 1954 365 MCUMENII
1996 298 2308 367 TRICCzﬁ
2350 308 2699 375 EPISCOPI

3666 325 3821 385 1316

410 463 438 489 α
472 446 669 495 mente
702 455 769 494 ac
799 439 1030 494 caeteris
1062 439 1548 510 cooperatoribus
1573 440 1746 506 meis,
1792 455 2034 512 quorum

2156 458 2257 530 τος
2271 445 2361 497 καὶ
2392 445 2499 500 τῶν
2536 446 2747 504 λοιπῶν
2776 455 3049 527 συνεργῶν
3102 473 3229 525 μου,
3260 452 3335 508 ὦν
3383 455 3454 510 τὰ
3485 454 3743 530 ὀνόματα
3771 457 3818 514 ἐν

406 551 434 579 u
468 528 716 585 nomina
745 533 885 582 sunt
913 527 974 582 in
1008 527 1158 582 libro
1188 528 1336 583 vitaa.
1376 550 1404 577 ι»

474 620 678 690 Magna
706 622 845 672 sunt
878 618 1147 672 encomia
1177 617 1333 689 quod
1364 618 1529 673 Pauli
1574 618 1788 673 fratres
1840 618 2043 675 dican-

399 714 497 764 tur
526 724 540 763 :
578 726 687 764 nec
710 707 769 763 id
792 707 1007 767 solum.
1030 724 1231 762 verum
1255 706 1433 763 etiam
1470 708 1669 763 dilecti
1697 724 1765 763 ac
1812 708 2048 764 deside-

401 799 513 854 rati
547 814 560 852 :
596 798 714 852 imo
738 814 812 852 ne
835 797 949 852 hoc
966 797 1207 868 quidem
1231 801 1483 865 tantum,
1532 797 1635 852 sed
1676 803 1734 852 et
1763 798 2044 869 gaudium

404 888 532 959 ejus
563 904 630 942 ac
662 903 901 942 corona.
937 907 959 937 α
996 887 1090 941 Sic
1119 892 1290 941 state.
1320 909 1351 935 »
1378 886 1491 952 Sic,
1525 886 1861 957 quomodo?
1891 887 2043 952 Que-

405 975 790 1031 madmodum
849 992 1028 1041 nunc,
1088 975 1301 1044 inquit.
1362 975 1595 1031 immoti
1652 992 1720 1031 ac
1777 976 1931 1031 firmi
1981 976 2041 1031 in

398 1065 515 1120 ﬁde
547 1064 785 1120 Christi.
820 1088 845 1113 α
882 1063 1154 1119 Evodiam
1190 1063 1436 1119 obsecro
1487 1069 1546 1119 et
1593 1065 1950 1136 Syntychen.
2013 1087 2041 1115 »

397 1156 495 1209 Hm
525 1170 741 1210 uxores
794 1159 962 1209 erant
1017 1154 1275 1208 virorum
1325 1153 1646 1209 admodum
1695 1154 2039 1224 proborum.

393 1267 421 1295 ‹‹
460 1246 529 1299 Ut
577 1243 785 1297 eodem
846 1242 1021 1296 modo
1081 1242 1304 1298 aﬂ'ectm
1364 1243 1483 1298 sint
1540 1243 1599 1297 in
1658 1243 1957 1298 Domino:
2013 1265 2040 1293 ιι

394 1331 902 1398 Quemadmodum
936 1348 1094 1386 nunc
1119 1332 1346 1386 affectae
1378 1337 1537 1387 sunt.
1571 1354 1599 1381 ‹‹
1632 1334 1790 1402 Rogo
1821 1337 1880 1387 et
1910 1337 1985 1387 te.
2011 1354 2036 1382 κ

396 1419 907 1487 Quemadmodum
966 1420 1121 1487 illas,
1181 1420 1392 1490 inquit,
1464 1420 1546 1475 ita
1593 1425 1651 1473 et
1680 1425 1736 1474 te
1768 1419 2034 1476 obsecro.

393 1532 421 1559 «
451 1511 706 1579 Compar
729 1523 1029 1580 germane.
1067 1531 1094 1557 υ
1128 1510 1206 1563 Ex
1240 1508 1349 1563 hoc
1400 1508 1530 1564 loco
1577 1508 1857 1581 suspicati
1900 1513 2040 1563 sunt

393 1596 669 1653 nonnulli
697 1596 856 1668 quod
876 1596 1092 1652 Paulus
1111 1613 1353 1651 uxorem
1404 1596 1651 1652 haberet
1699 1603 1757 1651 et
1799 1597 1873 1652 ad
1907 1613 2036 1651 eam

394 1686 680 1741 scriberet
745 1684 909 1757 (quia
973 1685 1243 1740 videlicet
1313 1686 1401 1740 ha)
1460 1686 1749 1741 dictiones
1844 1683 2034 1756 σῦζυγε

2163 525 2348 605 βίϐλῳ
2380 538 2545 606 ζωῆς.

2226 622 2450 714 μεγάλα
2506 626 2573 682 τὶ
2631 624 2902 702 ἐγκώμια,
2960 630 3025 686 τὸ
3057 632 3191 686 εἶναι
3253 632 3471 689 Παῦλου
3516 632 3816 714 ἆδελγοῦς.

2159 708 2255 765 Καὶ
2289 712 2351 767 οὐ
2381 717 2543 770 τοῦτο
2608 715 2792 787 μόνον,
2854 714 3001 774 ἀλλᾶ
3056 720 3145 773 καὶ
3201 720 3542 796 ἀγαπητοὺς,
3574 708 3817 779 καῖ-ἐπι-

2152 802 2448 873 ποθήτους,
2499 804 2588 859 καί
2619 805 2683 860 οῦ
2719 807 2906 879 μόνον,
2959 806 3105 864 ἀλλὰ
3160 810 3249 864 καὶ
3308 813 3482 886 χαρᾶν
3523 811 3695 868 αὐτοῦ
3724 818 3815 869 καί

2154 884 2435 966 στέφανον.
2476 915 2495 941 ι
2531 894 2721 959 Οῦτως
2774 898 3017 967 στήκετε.
3055 922 3076 950 ι
3140 898 3349 967 Οῦτως,
3383 905 3540 969 πῶς;
3573 903 3666 964 Ὠς
3695 908 3813 973 νῦν,

2151 977 2337 1055 φησὶν,
2391 979 2633 1043 ἀκλινεῖς
2683 984 2772 1038 καί
2830 983 3036 1060 ἑδραῖοι
3067 985 3121 1041 ἐν
3167 991 3235 1062 τῇ
3293 989 3469 1045 πίστει
3528 997 3802 1066 Χριστοῦ.

2151 1090 2178 1117 ‹‹
2217 1064 2444 1123 Εὐοδίαν
2478 1070 2783 1144 παρακαλῶ
2842 1074 2935 1127 καὶ
2996 1074 3297 1151 Συντύχην.
3334 1102 3361 1128 ››
3393 1064 3592 1135 Αῦται⁷
3621 1082 3676 1135 al
3708 1104 3815 1157 γυ-

2148 1161 2348 1225 ναῖκες,
2379 1163 2488 1213 τῶν
2523 1157 2832 1233 εὐδοκίμων
2887 1164 3020 1233 ἦσαν
3076 1164 3303 1243 σφόδρα.
3338 1190 3364 1222 α
3394 1170 3473 1225 Τὸ
3505 1170 3639 1224 αὐτὸ
3668 1191 3814 1249 990—

2148 1252 2260 1300 νεῖν
2292 1245 2346 1303 ἓν
2378 1248 2581 1324 Κυρίῳ.
2616 1273 2645 1301 ››
2694 1252 2865 1326 Ὃπερ
2913 1257 3001 1307 νῦν
3052 1259 3363 1334 φρονοῦσιν.
3396 1282 3426 1309 ι(
3459 1245 3691 1333 Ἐρωτῶ
3717 1260 3813 1314 καί

2149 1354 2225 1390 σε.
2260 1359 2289 1386 »
2322 1335 2629 1411 Παρακαλῶ
2672 1340 2761 1394 καί
2813 1361 2890 1409 σε,
2948 1340 3129 1417 ὥσπερ
3162 1343 3391 1417 ἐκείνας,
3423 1348 3603 1423 φησίν.
3644 1372 3665 1400 ι
3704 1349 3812 1403 25-

2149 1427 2278 1500 ζυγε
2307 1428 2521 1501 γνήσιε.
2554 1450 2583 1479 ιι
2613 1430 2715 1484 ’Βκ
2765 1429 2964 1485 τούτου
3018 1432 3161 1495 τινες
3214 1433 3540 1504 ὑπενόησαν,
3572 1444 3814 1513 γυναῖκα

2145 1509 2295 1589 ἔχειν
2326 1515 2415 1570 τὸν
2448 1513 2687 1585 Παῦλον,
2718 1518 2809 1573 καὶ
2840 1519 2982 1593 αὑτῇ
3026 1523 3272 1599 γράφειν.
3317 1522 3495 1581 Ἀλλὰ
3522 1509 3718 1601 μωρὸν
3749 1529 3812 1583 τὸ

2145 1607 2413 1684 τοιοῦτον.
2444 1607 2576 1661 Οἴον
2609 1606 2714 1681 γὰρ
2745 1609 2838 1676 ἦν,
2882 1607 2929 1663 εί
2978 1607 3030 1664 ἐν
3088 1608 3391 1674 Φιλίπποις
3421 1612 3497 1675 εῗς
3528 1613 3686 1684 ξένην
3715 1616 3813 1671 καὶ

2145 1689 2444 1765 ἀλλοτρίαν
2502 1693 2890 1751 καταλελοίπει
2952 1698 3145 1770 αὐτὴν,
3199 1700 3289 1755 καὶ
3348 1699 3469 1757 οὕτε
3508 1700 3561 1758 ἔν
3589 1709 3813 1779 Ταρσῷ,

388 1776 578 1849 γνήσιε
609 1782 858 1847 possunt
888 1775 1065 1829 etiam
1123 1791 1251 1829 esse
1304 1775 1563 1837 feminea)
1620 1792 1823 1831 verum
1874 1776 2034 1831 fatua

2147 1774 2263 1836 ἔνθα
2321 1780 2632 1860 ἐγεγένητο,
2693 1782 2818 1841 οὔτε
2875 1785 2927 1841 ἐν
2986 1788 3373 1863 Ἰερουσαλήμ.
3406 1784 3533 1848 ἔνθα
3584 1774 3816 1868 ὲτὲδραξ

391 1864 844 1937 esthnjusmodi
866 1865 1162 1936 cogitatio.
1188 1865 1296 1930 Qui
1338 1864 1496 1918 enim
1542 1864 1669 1918 ﬁeri
1718 1871 1948 1935 poterat
1973 1869 2039 1920 ut

391 1956 583 2026 ipsam
609 1954 1053 2026 etperegrinam
1076 1960 1136 2008 et
1155 1952 1551 2025 alienigenam
1572 1953 1857 2025 Philippis
1905 1953 2039 2009 reli-

397 2042 643 2114 quisset,
669 2047 727 2096 et
757 2058 876 2096 non
931 2041 990 2096 in
1035 2046 1212 2096 Tarso
1266 2041 1365 2096 ubi
1424 2046 1600 2096 natus
1648 2048 1792 2104 erat.
1843 2056 2037 2113 neque

393 2132 774 2202 Jerosolymis
802 2131 903 2185 ubi
956 2131 1151 2186 fuerat
1200 2130 1544 2186 enutritus?
1600 2130 1711 2186 Sed
1773 2130 2037 2186 dicemus

394 2220 551 2291 quod
576 2220 671 2274 hic
693 2226 795 2274 aut
812 2220 1058 2275 maritus
1081 2226 1208 2275 erat
1227 2220 1405 2274 unius
1427 2236 1497 2274 ex
1519 2219 1747 2275 duabus
1785 2236 2037 2290 quarum

393 2308 569 2364 modo
592 2308 733 2362 fecit
757 2308 1149 2362 mentionem:
1173 2316 1276 2363 aut
1295 2308 1453 2379 quod
1477 2309 1778 2381 proprium
1824 2309 1901 2364 sit
1930 2326 2037 2364 no-

392 2412 529 2451 men
553 2395 862 2464 cujusdam
895 2397 1234 2466 approbrati
1254 2397 1381 2458 viri,
1406 2398 1498 2452 cui
1524 2398 1701 2453 etiam
1722 2398 2036 2468 praedictas

391 2483 767 2541 commendat
802 2484 1105 2540 mulieres.
1141 2509 1166 2531 »ι
1197 2484 1424 2555 Adjuva
1458 2485 1610 2539 illas.
1648 2508 1674 2532 »
1706 2487 2035 2558 Cooperare

391 2577 465 2634 ad
494 2593 564 2632 ea
595 2592 724 2648 quae
755 2574 1083 2630 secundum
1115 2575 1299 2631 Deum
1348 2581 1506 2631 sunt.
1564 2596 1590 2627 οι
1648 2577 2035 2632 Decertarunt

391 2682 646 2722 mecum.
669 2685 695 2715 ιι
723 2663 994 2720 Pericula
1014 2663 1303 2735 designat,
1335 2680 1465 2734 quas
1497 2663 1639 2734 ipsa:
1657 2680 1893 2735 quoque
1915 2682 2034 2720 una

390 2755 739 2810 tolerarunt.
773 2777 799 2803 «
834 2756 903 2808 Et
949 2753 1178 2809 caeteris
1233 2753 1715 2824 cooperatoribus
1771 2754 1941 2809 meis.
2002 2776 2030 2803 ››

385 2846 569 2899 Erant
588 2844 828 2914 quidem
853 2848 910 2898 et
929 2843 1055 2909 alii,
1077 2842 1292 2914 inquit,
1315 2848 1730 2915 cooperatores
1762 2842 1835 2898 ad
1880 2860 2031 2915 pra)-

384 2933 743 2988 dicationem
769 2949 782 2986 :
810 2939 1073 2988 attamen
1093 2932 1181 2987 ha:
1204 2947 1439 3002 quoque
1464 2932 1746 2987 mulieres
1779 2948 1898 2987 una
1927 2932 2032 2987 de-

2147 1891 2251 1925 πτο
2280 1890 2294 1941 ;
2329 1869 2485 1929 Ἀλλ’
2517 1875 2769 1946 ἐροῦμεν,
2799 1877 2833 1946 ἤ
2868 1877 2951 1931 ὅτι
2981 1876 3116 1951 ἀνὴρ
3170 1884 3301 1951 μιᾶς
3342 1881 3411 1951 ἦν
3454 1886 3562 1938 τῶν
3597 1880 3695 1938 δᾶο
3730 1887 3812 1940 ὧν

2146 1957 2415 2030 ἐμνήσθη,
2475 1960 2510 2031 ἢ
2568 1957 2742 2033 ὄνομα
2801 1965 3024 2039 Κυριον,
3083 1965 3377 2041 εὐδόκιμος
3408 1966 3466 2025 δέ
3492 1992 3599 2036 τις,
3629 1973 3677 2044 ᾧ
3709 1975 3808 2030 καὶ

2146 2046 2496 2122 παρατίθεται
2536 2050 2629 2114 τὰς
2662 2051 2953 2124 εἰρημένας
3003 2061 3281 2132 γυναῖκας.
3335 2084 3364 2110 ‹‹
3393 2057 3808 2135 Συλλαμϐἀνου

2147 2136 2352 2199 αὐταῖς.
2392 2160 2417 2191 ι
2471 2139 2799 2216 Σῦμπραττε
2856 2142 2933 2205 είς
2987 2144 3054 2199 τὰ
3108 2146 3248 2218 πρὸς
3287 2148 3377 2203 τὸν
3407 2147 3560 2207 Θεὸν.
3593 2175 3625 2204 ι(
3658 2158 3805 2207 Συν-

2145 2223 2392 2296 ηθλησάν
2453 2249 2570 2299 μοι,
2608 2252 2629 2281 ι
2690 2228 2973 2294 Κινδύνοις
3032 2234 3344 2307 αἰνίττεται,
3393 2238 3486 2300 οῦς
3515 2240 3603 2295 καί
3636 2239 3808 2296 αὐταὶ

2146 2315 2552 2389 ωνυπέμειναν.
2606 2343 2634 2370 ι»
2691 2320 2791 2375 Καὶ
2846 2326 2956 2376 τῶν
3015 2320 3226 2379 λοιπῶν
3268 2334 3536 2404 συνεργῶν
3599 2352 3731 2403 μου.
3771 2357 3803 2384 ››

2147 2406 2312 2460 Ἦσαν
2348 2405 2440 2479 μὲν
2475 2407 2628 2483 φησί,
2659 2407 2750 2463 καὶ
2779 2406 2956 2484 ἕτεροι
3003 2414 3140 2487 πρὸς
3197 2416 3260 2469 τὸ
3314 2418 3574 2494 κηρυγμα
3603 2439 3801 2496 συνερ-

2140 2494 2250 2569 γοὶ,
2282 2494 2430 2564 πλὴν
2461 2498 2550 2551 καὶ
2581 2497 2635 2551 αἱ
2663 2504 2911 2573 γυναῖκες
2944 2500 3103 2557 αὗται
3133 2504 3492 2574 συνήθλησαν·
3536 2532 3563 2557 ‹‹
3597 2511 3696 2564 Ὧν
3728 2494 3798 2566 τὰ

2144 2580 2387 2654 ὀνόματα
2416 2583 2470 2638 ἐν
2504 2580 2687 2659 βίϐλῳ
2745 2592 2914 2658 ζωῆς.
2951 2613 2978 2638 υ
3036 2592 3202 2665 Ὅπερ
3264 2593 3511 2669 μέγιστον
3548 2597 3624 2651 ὧν
3656 2599 3804 2654 εἶπεν

2144 2670 2171 2723 6
2204 2670 2334 2732 Θεὸς
2391 2677 2511 2735 τοῖς
2568 2674 2760 2730 ἑαυτοῦ
2820 2684 3115 2749 μαθηταῖς,
3173 2684 3335 2736 τοῦτο
3390 2686 3480 2738 καὶ
3515 2685 3544 2739 6
3578 2687 3801 2752 Παῦλος

2140 2758 2263 2830 περῖ
2296 2757 2513 2814 ἐκείνων
2541 2761 2712 2839 λέγει.
2744 2765 2806 2819 Τί
2836 2766 2936 2841 γὰρ
2968 2767 2998 2821 6
3026 2773 3261 2842 Χριστος
3294 2789 3308 2837 ;
3359 2795 3386 2823 «
3423 2774 3513 2842 Μὴ
3546 2775 3797 2848 χαίρετε,

2141 2848 2329 2920 φησίν,
2361 2849 2444 2903 ὅτι
2472 2852 2540 2904 τὰ
2571 2848 2829 2925 δαιμόνια
2861 2856 2988 2928 ὑμῖν
3024 2858 3405 2929 ὑποτάσσεται,
3436 2860 3566 2918 ἀλλ’
3607 2864 3689 2919 δτι
3722 2868 3793 2921 τὰ

2143 2934 2386 3008 ὀνόματα
2421 2939 2574 3011 ὑμῶν
2604 2941 2904 3019 γέγραπται
2945 2943 2996 2999 ἐν
3027 2942 3206 3021 βίϐλῳ
3236 2953 3403 3019 ζωῆς·
3441 2975 3469 3001 n

384 3028 708 3078 certarunt.
744 3045 769 3071 σε
799 3024 1060 3088 Quorum
1093 3021 1337 3077 nomina
1368 3026 1510 3076 sunt
1540 3022 1600 3075 in
1634 3020 1784 3076 libro
1818 3022 1966 3077 vitai.
2008 3046 2029 3072 ι
2065 3026 2214 3085 105
2251 3029 2417 3094 Quod
2452 3032 2775 3089 maximum
2804 3041 2933 3090 erat
2962 3020 3116 3092 inter
3146 3054 3216 3092 ea
3245 3056 3377 3111 qua:
3410 3041 3550 3097 dixit
3586 3042 3784 3100 Domi-

386 3128 500 3167 nus
532 3111 655 3166 suis
686 3111 1017 3182 discipulis.
1051 3111 1162 3165 hoc
1193 3110 1368 3203 etiam
1401 3109 1621 3203 Paulus
1651 3109 1876 3203 de_illis
1903 3111 2067 3203 dicit.
2098 3115 2248 3179 Quid
2282 3119 2444 3174 enim
2478 3120 2561 3175 ait
2590 3122 2859 3180 Christus
2884 3124 2912 3180 ?
2942 3149 2967 3175 α
3003 3128 3083 3181 Ne
3113 3109 3418 3199 gaudeatis
3470 3133 3626 3203 quod
3676 3134 3800 3189 dre-

383 3201 585 3257 monio
617 3200 778 3255 vobis
809 3200 1223 3271 subjiciantur,
1257 3197 1358 3252 sed
1390 3198 1549 3268 quod
1581 3199 1826 3254 nomina
1858 3201 2079 3272 scripta
2109 3212 2251 3260 sunt
2280 3207 2342 3262 in
2381 3207 2530 3264 libro
2560 3210 2691 3266 vita;
2719 3211 2784 3266 ις,
2823 3234 2849 3261 ,,

453 3292 687 3356 Ιν,4-8.
721 3312 748 3339 ‹‹
782 3290 1039 3345 Gaudete
1074 3288 1134 3342 in
1166 3288 1415 3343 Domino
1439 3304 1701 3359 semper:
1734 3294 1794 3343 et
1813 3289 2028 3345 iterum

2186 3294 2443 3385 ΔΧαίρετε
2492 3294 2548 3350 ἐν
2599 3299 2787 3373 Κυρίῳ
2848 3298 3101 3372 πάντοτε,
3145 3304 3312 3360 πάλιν
3370 3304 3499 3380 ἰρῶ,
3550 3311 3805 3385 χαίρετε.

389 3402 419 3430 ‹‹
454 3380 607 3446 dico,
631 3379 902 3448 gaudete.
931 3377 1215 3433 Modestia
1253 3383 1446 3432 vestra
1475 3383 1616 3433 nota
1646 3378 1721 3432 sit
1760 3379 2037 3435 omnibus

379 3488 409 3517 «
445 3467 816 3521 hominibus:
843 3467 1128 3520 Dominus
1160 3484 1340 3537 prope
1371 3467 1560 3523 est.de
1581 3467 1749 3523 nulla
1778 3485 1842 3523 re
1870 3468 2033 3524 solli-

381 3579 403 3605 ι
443 3555 544 3610 citi
576 3554 706 3608 sitis
733 3570 746 3606 :
782 3553 887 3607 sed
918 3554 981 3606 in
1008 3555 1169 3608 omni
1195 3556 1540 3624 precatione
1554 3556 2033 3615 etobsecratione

376 3667 406 3696 ‹‹
436 3660 571 3700 cum
603 3642 926 3715 gratiarum
959 3641 1194 3696 actione
1228 3643 1549 3713 petitiones
1600 3651 1811 3700 vestra:
1866 3648 2032 3702 inno-

376 3756 403 3784 «
440 3738 670 3788 tescant
697 3730 851 3803 apud
883 3732 1089 3786 Deum.
1125 3732 1193 3785 Et
1223 3747 1335 3801 pax
1366 3731 1466 3785 Dei
1501 3748 1629 3802 quae
1664 3734 2029 3790 exceditom-

381 3846 402 3875 ι
443 3838 578 3878 nem
612 3820 976 3877 intellectum
1007 3820 1302 3875 custodiet
1334 3820 1513 3876 corda
1536 3828 1728 3877 vestra
1742 3827 1799 3877 et
1820 3841 2031 3880 sensus

377 3934 404 3962 α
442 3917 667 3967 vestros
694 3910 755 3965 in
787 3909 1018 3965 Christo
1047 3910 1206 3965 Jesu.
1246 3931 1274 3958 »

447 4000 713 4056 Christus
735 3998 915 4053 dicit:
944 4021 970 4047 α
998 3999 1156 4054 Beati
1180 3999 1281 4070 qui
1316 3999 1523 4071 lugent
1568 3999 1655 4069 33;
1709 4023 1737 4051 ››
1783 4008 1841 4057 et
1869 4026 1898 4053 ‹‹
1935 4006 2028 4061 ναι

379 4090 473 4145 his
497 4088 599 4159 qui
625 4087 819 4143 rident
838 4086 918 4142 3"z
945 4108 973 4137 »
998 4088 1296 4159 quomodo
1320 4105 1457 4162 ergo
1480 4090 1564 4144 ait
1612 4091 1850 4149 Paulus.
1885 4094 2027 4151 Gau-

379 4178 513 4234 dete
528 4176 556 4231 ?
573 4178 774 4247 Neque
797 4176 1064 4231 Christus
1086 4176 1309 4233 luctum
1336 4178 1705 4234 mundanum
1725 4184 2027 4254 prmcepit,

374 4266 487 4323 hoc
512 4272 622 4333 est,
652 4265 851 4336 lugere
886 4265 946 4319 in
978 4265 1300 4320 amissione
1332 4273 1716 4338 cognatorum
1748 4271 1835 4324 vel
1891 4270 2023 4325 affi-

372 4357 571 4412 nium:
605 4354 709 4410 sed
761 4353 1089 4425 spiritalem
1152 4353 1315 4425 quod
1372 4361 1463 4409 est
1509 4355 1711 4427 lugere
1757 4366 2020 4430 peccata.

371 4447 571 4517 Neque
601 4442 816 4499 Paulus
869 4442 1241 4498 mundanum
1297 4442 1437 4497 dicit
1495 4444 1826 4517 gaudium:
1886 4446 2023 4503 Ideo

2137 3846 2201 3895 cp;
2212 3848 2274 3882 ου
2282 3830 2433 3902 ρήσει
2505 3832 2602 3892 τὰς
2675 3828 2900 3906 καρδίας

2140 3382 2210 3436 Τὸ
2270 3381 2501 3448 ἐπιεικὲς
2562 3386 2716 3459 ὑμῶν
2772 3392 3075 3464 γνωσθήτω
3133 3396 3293 3448 πᾶσιν
3346 3381 3682 3470 ἀνθρώποις.
3732 3403 3800 3460 Ὀ

2140 3470 2343 3546 Κύριος
2399 3472 2577 3561 ἐγγῦς,
2635 3473 2806 3548 μηδὲν
2868 3484 3189 3553 μεριμνᾶτε,
3247 3480 3375 3539 ἀλλ’
3431 3482 3484 3540 ἐν
3536 3490 3808 3565 παντὶτῇ

2140 3565 2423 3637 προσευχῇ
2509 3563 2599 3617 καὶ
2685 3566 2759 3637 τῇ
2841 3563 3023 3636 δεήσει
3109 3572 3245 3641 μετά
3303 3571 3675 3647 εὐχαριστίας,
3737 3563 3810 3635 τὶ

2137 3649 2415 3721 αἰτήματα
2484 3652 2637 3725 ὑμῶν
2697 3656 3041 3729 γνωριζέσθω
3107 3648 3243 3734 πρὸς
3307 3660 3401 3716 τὸν
3470 3665 3621 3721 Θεόν.
3700 3670 3805 3724 Καὶ

2138 3740 2172 3809 ἡ
2249 3738 2435 3813 εἰρήνη
2513 3744 2614 3796 τοῦ
2686 3746 2824 3798 Θεοῦ
2898 3747 2933 3815 ἡ
3006 3745 3346 3823 ὑπερέχουσα
3394 3752 3574 3807 πάντα
3637 3761 3801 3827 νοῦν,

2996 3834 3150 3908 ὑμῶν
3236 3837 3324 3892 καί
3397 3840 3465 3894 τὰ
3536 3844 3801 3915 νοήματα

2138 3917 2290 3992 ὑμῶν
2323 3916 2377 3973 ἐν
2410 3921 2638 3994 Χριστῴ
2668 3920 2869 3991 Ἰησοῦ.

2201 4020 2261 4068 'U
2291 4013 2523 4089 Χριστός
2552 4036 2708 4094 φησιο
2739 4041 2767 4070 ‹‹
2816 4021 3088 4096 Μακάριοι
3132 4022 3184 4077 οί
3237 4016 3576 4091 πενθοῦντες,
3612 4053 3642 4082 »
3676 4031 3791 4087 καίο

2137 4125 2164 4153 υ
2197 4101 2330 4156 Οὐαὶ
2381 4105 2496 4165 τοῖς
2549 4110 2777 4181 γελῶσι.
2830 4131 2858 4159 ››
2910 4114 3033 4173 Πῶς
3087 4132 3252 4186 φησιν
3301 4115 3328 4169 6
3384 4116 3606 4184 Παῦλος,
3640 4120 3781 4175 Χαί-

2133 4209 2287 4265 ρετε;
2317 4188 2455 4249 Οὐδὲ
2486 4192 2515 4246 6
2546 4196 2775 4268 Χριστὸς
2827 4196 2887 4252 τὸ
2936 4198 3128 4261 πένθος
3182 4201 3246 4257 τὸ
3302 4208 3557 4278 κοσμικὸν
3585 4204 3776 4262 ἐπέτα-

2131 4280 2229 4349 ξεν,
2268 4281 2381 4336 οἷον
2409 4282 2472 4337 τὸ
2502 4285 2714 4340 πενθεῖν
2744 4284 2831 4341 ἐπὶ
2880 4283 3139 4363 ἀποϐολῇ
3188 4296 3602 4365 προσηκόντων,
3631 4294 3786 4352 ἄλλα

2128 4368 2189 4423 τὸ
2244 4374 2632 4443 πνευματικὸν,
2689 4374 2752 4429 τὸ
2808 4378 3021 4432 πενθεῖν
3081 4379 3175 4441 τὰς
3226 4382 3511 4456 ἁμαρτίας.
3564 4382 3706 4442 Οὐδὲ
3756 4387 3788 4442 6

2128 4456 2342 4520 Παῦλος
2395 4462 2494 4530 τήν
2540 4465 2815 4534 κοσμικὴν
2872 4463 3019 4542 λέγει
3077 4469 3275 4544 χαράν.
3327 4473 3422 4526 Διό
3453 4471 3543 4527 καί
3574 4473 3791 4550 ἐπάγει,

372 4550 608 4606 quoque
643 4531 966 4604 subjungit,
1011 4532 1075 4585 In
1126 4530 1391 4586 Domino.
1452 4533 1665 4588 Luctus
1711 4534 1892 4608 igitur
1922 4537 2022 4593 ille

2147 4548 2212 4603 Ev
2245 4548 2442 4623 Κυρίῳ.
2479 4552 2640 4606 Ὥστε
2685 4554 2748 4607 τὸ
2795 4530 2986 4619 πὲντές
3035 4530 3229 4628 ὲκέῖὲο,
3276 4579 3479 4629 ταυτης
3530 4568 3634 4631 τῆς
3682 4530 3797 4639 ‘12:

373 4625 553 4695 hujus
585 4624 782 4698 gaudii
817 4624 1050 4679 occasio
1081 4629 1188 4680 est.
1222 4625 1364 4678 Nam
1424 4624 1523 4695 qui
1583 4628 1822 4697 propria
1863 4628 2025 4703 luget

2147 4640 2226 4697 ai:
2256 4638 2463 4729 γίνεται
2504 4639 2796 4717 πρόφασις.
2855 4644 2916 4700 Ὀ
2974 4645 3079 4721 γὰρ
3137 4646 3230 4709 τὰς
3285 4647 3487 4710 οἰκείας
3517 4624 3799 4726 ἁμαρτίας

373 4721 635 4783 peccata,
672 4710 1278 4784 habebitgaudiumin
1299 4712 1567 4778 Domino,
1591 4714 1690 4769 ubi
1716 4716 1824 4770 hoc
1850 4718 2023 4772 modo

2147 4726 2360 4816 πενθῶν,
2392 4721 2493 4816 ἕξει
2702 4728 2754 4783 ἐν
2809 4710 2999 4805 Κυρίῷ
3045 4710 3443 4812 ἀαρὰκταῦτῃ
3475 4710 3798 4816 ἀπαλείψας

376 4819 486 4872 por
508 4805 731 4860 luctum
752 4804 994 4877 propria
1022 4803 1309 4859 deleverit
1328 4810 1589 4874 peccata,
1615 4810 1672 4860 et
1706 4822 1840 4862 cum
1864 4808 2026 4864 Chri-

2147 4814 2225 4901 ιᾷς
2257 4812 2522 4893 ἁμαρτίας
2552 4811 2642 4870 διὰ
2695 4821 2791 4872 σοῦ
2841 4803 3100 4890 πένθους,
3126 4803 3332 4897 καίτῷ
3362 4803 3584 4901 Χριστῷ
3612 4803 3794 4885 cavat;

377 4895 466 4944 sto
492 4894 588 4961 qui
614 4911 735 4950 una
755 4895 1030 4950 conscius
1062 4899 1152 4949 est
1181 4892 1507 4948 secundum
1566 4895 1749 4950 Deum
1804 4897 2026 4969 gaude-

2147 4900 2252 4956 Βότι
2292 4890 2425 4957 κατᾶ
2457 4902 2586 4959 Θεὸν
2622 4907 2849 4983 χαίρων.
2883 4910 2950 4966 Τί
3001 4906 3059 4966 δὲ
3112 4890 3370 4986 βούλεται
3399 4890 3463 4971 τὸ
3492 4890 3793 4974 ἐπιδιπλα-

379 4980 483 5035 bit.
519 4983 667 5045 Quid
699 4990 893 5040 autem
952 4987 1061 5043 sibi
1122 4986 1247 5041 vult
1295 4984 1453 5057 quod
1502 4985 1585 5041 ita
1652 4987 2022 5060 reduplicat:

2147 4988 2336 5060 τιάζειν
2364 4991 2543 5066 αὑτὸν,
2579 5017 2607 5044 κ
2641 4995 2812 5051 Πάλιν
2843 4996 2971 5070 ἐρῶ,
2996 5000 3217 5075 χαίρετε
3241 5022 3255 5070 ;
3282 5027 3311 5055 ››
3345 5005 3515 5059 Ἦσαν
3548 5003 3600 5061 ὲν
3632 5005 3789 5085 λύπῃ

378 5091 405 5119 ‹‹
434 5071 653 5125 Iterum
679 5071 1135 5140 dico,gaudete?
1157 5076 1336 5130 Erant
1384 5074 1445 5128 in
1498 5090 1748 5130 maerore
1794 5076 1867 5132 ob
1902 5084 2025 5133 ten-

2147 5075 2224 5134 Βιᾶ
2270 5078 2397 5143 τοὺς
2444 5085 2781 5157 πειρασμοῦς
2830 5087 2920 5142 καὶ
2964 5088 3061 5151 τὰς
3119 5088 3334 5164 θλίψεις
3382 5089 3446 5156 ἃς
3496 5071 3793 5169 ὑπέμενονῖ

385 5159 643 5214 taliones
674 5164 731 5213 et
761 5160 1111 5218 afﬂictiones
1143 5181 1290 5235 quas
1335 5163 1725 5219 sustinebant.
1760 5166 2030 5224 Ostendit

2147 5170 2411 5224 λείκνυσιν
2463 5172 2555 5226 οῦν
2603 5173 2666 5228 τὸ
2720 5174 2852 5252 ὑπὲρ
2901 5177 3134 5253 Χριστοῦ
3184 5181 3416 5257 πάσχειν
3467 5184 3557 5239 καὶ
3604 5194 3796 5242 Λυπεῖ-

382 5266 520 5323 ergo
544 5247 701 5319 quod
726 5247 930 5318 patiae
977 5250 1175 5322 lugere
1223 5271 1329 5325 pro
1378 5253 1630 5319 Christo,
1664 5254 1786 5308 veri
1826 5257 2025 5328 gaudii

2147 5263 2275 5332 τθαι,
2308 5264 2483 5339 χαρὰς
2521 5262 2579 5320 ὂν
2623 5272 2726 5335 τῆς
2782 5267 3023 5338 ἀληθοῦς
3075 5270 3349 5347 πρόξενον.
3381 5276 3450 5333 Ἤ
3480 5276 3562 5332 ὅτι
3589 5279 3623 5346 ἡ
3653 5278 3792 5347 ὑπὲρ

382 5339 826 5396 conciliativum
858 5335 955 5390 sit.
994 5344 1105 5393 Aut
1150 5342 1307 5409 quod
1366 5343 1538 5399 dolor
1590 5350 1864 5416 sumptus
1918 5364 2024 5419 pro

2147 5351 2373 5421 Χριστοῦ
2404 5351 2553 5427 λύπη
2587 5355 2694 5412 ἀπὸ
2742 5362 2851 5413 τῶν
2902 5355 3212 5418 διωκόντων
3256 5359 3651 5439 σομϐαίνουσα,
3684 5369 3789 5425 αὖ-

380 5428 612 5484 Christo
643 5425 1178 5500 apersecutoribus
1208 5432 1583 5501 proveniens,
1637 5433 1829 5504 ipsum
1882 5452 2024 5509 gau-

2147 5440 2345 5517 εοχοὶρα
2395 5443 2538 5501 ἐστὶν
2586 5443 3038 5521 ἱπισκοτιζοῦσης
3091 5458 3217 5527 τῆς..
3244 5451 3297 5508 ἰν
3325 5425 3653 5533 ’προσδοκίᾳ
3682 5478 3791 5535 χαι

453 5605 502 5642 "
533 5607 670 5667 Luc.
704 5624 760 5675 x,
793 5610 882 5662 20.
914 5605 963 5642 ³³
994 5607 1192 5666 Matth.
1220 5624 1272 5673 ν,
1307 5611 1357 5663 5.
1391 5607 1439 5644 ³⁸
1470 5610 1603 5669 Luc.
1636 5628 1711 5680 v1,
1742 5614 1830 5668 25.
