4108 6192
315 288 464 350 131⁸1

1370 275 1773 338 οοδιΜΕΝΤ.
1816 274 1894 334 1N
1941 271 2184 332 EPIST.
2231 272 2333 330 AD
2377 270 2672 331 PHILIP.

3568 274 3725 341 1318

314 426 408 496 ρᾶς
438 420 538 489 τὴν
570 415 718 493 παρᾶ
745 412 886 471 πόδα
919 413 1117 484 λύπην.
1154 434 1181 461 ‹‹
1209 411 1283 466 Τὸ
1324 409 1550 468 ἐπιεικὲς
1611 407 1761 478 ὑμῶν
1814 425 1960 496 γνω-

2107 403 2241 457 .ium
2264 402 2341 457 sit
2361 416 2577 472 nempe
2599 400 2951 457 obscurante
2977 408 3282 474 expectato
3303 406 3517 477 gaudio
3565 426 3719 482 prte-

317 488 503 580 σθήτω
533 488 695 561 πᾶσιν
737 505 1064 580 ἀνθρώποις.
1098 526 1127 555 ››
1173 496 1394 569 Ἐπειδή
1445 498 1700 572 ἀνωτέρω
1749 488 1968 549 διέϐαλὲ

316 619 490 667 τινας,
522 599 596 652 ὧν
628 597 656 651 ὁ
686 596 815 657 Θεὸς
848 596 884 664 ἡ
912 591 1119 661 κοιλία,
1152 589 1355 669 λέγων,
1385 589 1476 644 καὶ
1528 590 1563 656 ἡ
1620 580 1745 656 δόξα
1796 584 1848 639 ἐν
1897 584 1967 654 τῇ

318 688 549 763 αἰσχύνῃ
586 683 786 752 αὐτῶν,
845 682 990 744 εἰκὸς
1036 684 1104 750 ἦν
1165 678 1255 735 διὰ
1307 683 1476 735 ταῦτα
1533 673 1970 747 ἐκπαλεμοῦσθαι

316 780 453 855 πρὸς
482 776 720 838 ἐκείνους
750 773 878 838 τοὺς
905 777 1152 835 πιστοῦς.
1185 773 1360 842 Φησὶν
1391 770 1500 825 οὖν·
1531 768 1619 836 Μὴ
1677 766 1751 828 ὡς
1802 765 1971 819 πολε-

323 869 469 943 μίοις
504 873 735 942 χρῆσθε,
783 862 910 920 ἁλλ’
968 863 1242 931 ἐπιεικῶς,
1295 862 1382 917 καὶ
1443 860 1507 915 οὐ
1564 858 1727 933 μόνον
1760 856 1969 922 αὐτοῖς,

320 958 463 1015 νλλᾶ
489 959 580 1012 καὶ
612 962 773 1011 πᾶσιν
834 956 1163 1031 ἀνθρώποις.
1224 977 1252 1005 ‹‹
1283 952 1342 1004 ’0
1372 950 1571 1024 Κύριος
1620 946 1799 1023 ἐγγὺς,
1863 965 1971 1031 μην-

322 1046 406 1105 δῗεν
448 1050 764 1123 μεριμνᾶτε.
801 1067 829 1095 »
859 1045 924 1100 Τί
961 1044 1064 1118 γὰρ
1096 1039 1309 1110 ani-3m,
1360 1039 1514 1119 φησὶ,
1568 1035 1656 1092 διὰ
1700 1037 1795 1093 τὰς
1842 1030 1975 1090 ἑκεί-

320 1154 427 1193 νων
458 1131 779 1205 ἐπιϐουλὰς,
808 1134 844 1204 ἢ
874 1134 1003 1195 τοὺς
1036 1130 1239 1191 ἃλλους
1268 1124 1606 1203 πειρασμούς
1631 1146 1646 1195 ς
1677 1126 1739 1183 Ὀ
1773 1123 1973 1197 Κύριος

323 1226 505 1301 ἐγγὺς,
566 1225 750 1302 φησὶν,
780 1226 815 1293 ὴ
847 1223 1026 1296 κρίσις
1075 1217 1355 1297 ἐφέστηκε,
1395 1218 1484 1272 καὶ
1537 1217 1693 1288 ὑμεῖς
1733 1214 1974 1269 κάκεῖνοι

320 1296 415 1371 τὰδὲ
447 1296 834 1362 ἀνταποδασεις
861 1303 1024 1373 ἓξετε.
1061 1296 1239 1371 Μηδὲν
1289 1298 1402 1367 οὖν,
1451 1297 1610 1376 φησί,
1659 1301 1974 1371 μεριμνᾶτε*

325 1420 353 1447 (ε
386 1394 542 1453 Ἀλλ’
576 1393 629 1449 ἒν
658 1393 839 1461 παντὶ,
871 1413 897 1445 α
926 1386 1195 1459 τουτέστι,
1226 1387 1528 1463 πράγματι,
1568 1389 1637 1460 τῇ
1687 1386 1974 1459 προσευχῇ

324 1483 417 1539 καὶ
446 1486 516 1556 τῇ
546 1479 749 1552 δεήσει,
779 1478 1076 1555 κέχρησθε.
1117 1479 1269 1534 Ἐστι
1305 1477 1399 1551 μὲν
1447 1476 1536 1532 οὗν
1588 1470 1727 1543 τοῖς,
1783 1467 1976 1537 θλιϐο-

330 1572 513 1646 μένοις
542 1571 772 1647 μεγίστη
813 1567 1141 1642 παραψυχή,
1197 1566 1263 1621 τὸ
1318 1564 1481 1643 ἐγγὺς
1539 1565 1680 1620 εἶκαι
1729 1563 1820 1618 τὸν
1876 1560 1979 1619 K6-

328 1681 466 1737 ριον.
496 1659 636 1714 Ἰδοὺ
668 1656 725 1715 δὲ
788 1660 879 1714 καὶ
931 1655 1075 1713 ἄλλο
1132 1655 1457 1730 προστίθησι
1515 1655 1819 1734 φάρμακον,
1876 1655 1976 1721 τὴν

2078 496 2308 548 sentem
2339 505 2651 545 maerorem
2684 496 2786 546 aut
2817 490 3102 547 dolorem.
3138 514 3167 543 ‹‹
3199 493 3483 551 Modestia
3533 505 3728 556 vestra

2079 590 2218 639 nota
2242 585 2319 637 sit
2347 582 2625 637 omnibus
2654 582 3018 639 hominibus.
3056 605 3084 632 ι»
3116 585 3405 649 Quoniam
3437 588 3500 642 in
3557 607 3728 661 supe-

2080 672 2338 728 rioribus
2368 672 2658 743 quosdam
2713 672 3084 743 vituperavit,
3144 673 3397 731 dicens:
3467 677 3727 741 Quorum

2085 762 2236 817 Deus
2268 768 2473 816 venter
2502 768 2590 817 est
2620 768 2678 817 et
2706 763 2895 836 gloria
2953 765 3015 818 in
3069 763 3358 820 dedecore
3411 766 3679 837 ipsorum
3715 787 3728 824 :

2084 851 2405 907 verisimile
2437 856 2562 907 erat
2592 851 2751 923 quod
2785 870 2924 925 erga
2952 854 3088 909 illos
3145 854 3410 911 futurum
3471 864 3626 913 esset
3667 864 3731 913 ut

2085 941 2380 996 hostiliter
2411 957 2472 995 se
2503 948 2775 1013 gererent
2806 943 3037 998 ﬁdeles.
3068 944 3165 998 Ait
3194 961 3331 1017 ergo
3360 963 3373 1001 :
3410 947 3533 1001 Non
3593 952 3730 1003 tan-

2085 1047 2261 1102 quam
2297 1047 2431 1085 cum
2463 1030 2735 1085 hostibus
2788 1048 2920 1086 cum
2982 1033 3065 1087 eis
3123 1036 3577 1097 conversemini.
3629 1038 3733 1092 sed

2085 1126 2433 1175 mansuete:
2467 1136 2579 1174 nec
2609 1120 2670 1173 id
2701 1120 2893 1175 solum
2916 1138 3052 1177 cum
3076 1123 3245 1193 ipsis,
3271 1124 3374 1178 sed
3423 1141 3557 1179 cum
3604 1143 3735 1181 om-

2088 1210 2265 1266 nibus
2294 1208 2472 1264 etiam
2495 1209 2857 1265 hominibus.
2888 1232 2915 1260 ι(
2947 1211 3232 1266 Dominus
3269 1230 3451 1285 prope
3475 1219 3563 1269 est
3598 1232 3610 1268 :
3663 1216 3735 1271 de

2088 1299 2257 1355 nulla
2279 1315 2342 1354 re
2364 1298 2604 1353 solliciti
2629 1298 2778 1353 sitis.
2800 1321 2827 1348 ››
2847 1299 2961 1354 Cur
3000 1300 3181 1366 enim,
3215 1302 3318 1368 ait,
3359 1303 3560 1358 animo
3594 1321 3738 1360 con-

2089 1387 2289 1443 ciditis
2317 1392 2565 1459 propter
2592 1386 2832 1442 illorum
2863 1387 3110 1444 insidias
3140 1394 3241 1444 aut
3288 1389 3436 1446 alias
3481 1392 3738 1447 aﬂictio-

2090 1479 2784 1550 nes?Dominus,inquit,
2815 1496 2999 1552 prope
3020 1486 3130 1550 est,
3169 1481 3470 1554 judicium
3512 1484 3733 1540 instat:

2090 1576 2149 1624 et
2178 1586 2279 1624 vos
2326 1575 2384 1623 et
2441 1566 2527 1623 illi
2586 1568 3011 1624 retributiones
3067 1570 3382 1627 habebitis.
3442 1574 3596 1628 που
3656 1576 3736 1630 De

2092 1656 2257 1713 nulla
2284 1658 2482 1728 itaque
2514 1674 2573 1711 re
2606 1657 2737 1712 sitis
2760 1657 3040 1712 solliciti:
3096 1680 3121 1709 α
3175 1660 3286 1714 Sed
3348 1661 3409 1715 in
3461 1662 3622 1718 omni
3659 1679 3672 1717 :
3710 1684 3738 1712 ι)

336 1751 473 1823 μετὰ
500 1749 847 1826 εὐχαριστίας
881 1749 1074 1828 εὐχήν.
1101 1744 1248 1817 Αὕτη
1290 1747 1397 1824 γὰρ
1426 1745 1517 1800 καὶ
1564 1745 1767 1834 κυρίως
1812 1741 1976 1821 εὐχή.

2107 1753 2237 1818 puta
2268 1746 2503 1819 negotio
2535 1746 2860 1817 (Siquidem
2917 1744 3092 1812 παντί,
3153 1764 3286 1803 cum
3339 1766 3460 1805 non
3520 1751 3597 1805 sit
3655 1751 3742 1806 fe-

334 1839 431 1897 Διᾶ
461 1840 549 1894 οὖν
577 1845 678 1908 τῆς
737 1839 871 1912 μετᾶ
934 1835 1283 1913 εὐχαριστίας
1339 1834 1512 1914 εὐχῆς
1567 1835 1655 1889 καὶ
1716 1830 1979 1902 δεήσεως,

333 1931 400 1983 τὰ
425 1928 704 2001 αἲτήματα
737 1929 890 2000 ὑμῶν
943 1925 1287 2001 γνωριζέσθω
1343 1924 1478 2000 πρὸς
1530 1924 1622 1977 τὸν
1681 1921 1832 1977 Θεόν.
1891 1921 1979 1981 Ὦς

337 2017 459 2096 α’ἷγε
493 2018 568 2088 μή
599 2011 825 2093 ἔχουσαι
867 2016 1217 2091 εὐχαριστίαν
1267 2014 1449 2088 εὐχαὶ,
1509 2011 1631 2068 οὕτε
1685 2010 1980 2086 γνωρίζον·

333 2128 424 2165 ται
454 2107 588 2183 πρὸς
617 2108 708 2161 τὸν
740 2106 889 2161 Θεόν.
922 2106 984 2163 Ὀ
1036 2105 1140 2179 γὰρ
1198 2106 1272 2177 μή
1334 2102 1674 2181 εὐχαριστῶν
1722 2099 1811 2155 ἐπὶ
1859 2099 1982 2160 τοῖς

332 2195 768 2270 παρεληλυθόσι,
800 2199 918 2255 πῶς
1017 2193 1226 2263 αἰτήσει
1260 2194 1294 2263 ἢ
1329 2190 1562 2264 λήψεται
1584 2191 1650 2246 τὰ
1673 2189 1981 2263 μέλλοντας

339 2285 494 2344 Ἀλλ’
532 2285 584 2341 ὲν
617 2283 774 2339 παντὶ
806 2282 1085 2358 πράγματι
1113 2285 1183 2355 τῇ
1213 2284 1499 2356 προσευχῇ
1538 2281 1629 2335 καὶ
1683 2283 1753 2354 τῇ
1803 2276 1985 2348 δεήσει

340 2375 634 2451 κέχρησθε,
668 2371 738 2429 δι’
780 2374 852 2428 ὧν
883 2373 951 2428 τὰ
1004 2373 1284 2444 αἰτήματα
1336 2372 1511 2445 ὑμῶν,
1575 2370 1709 2445 μετά
1763 2368 1982 2444 εὐχαρι-

338 2465 488 2530 στίας
524 2463 892 2540 γνωριζέσθω.
952 2486 981 2515 ι(
1024 2462 1123 2519 Καὶ
1157 2463 1193 2530 ἡ
1224 2459 1415 2536 εἷ’ρήνη
1472 2464 1570 2516 τοῦ
1626 2459 1781 2515 Θεοῦ.
1818 2483 1844 2509 η
1894 2457 1987 2515 Εἷ-

338 2556 508 2628 ρήνης
541 2553 712 2628 λέγει,
778 2553 881 2621 τὴν
938 2549 1295 2626 καταλλαγὴν
1353 2554 1450 2605 τοῦ
1505 2553 1640 2605 Θεοῦ
1693 2550 1794 2616 τήν
1849 2548 1985 2621 πρὸς

339 2644 509 2718 ἡμᾶς.
544 2640 740 2702 Καλῶς
773 2638 831 2695 δὲ
859 2640 1004 2695 εἶπεν
1036 2638 1279 2714 εἰρήνην.
1319 2640 1494 2712 Ἦμεν
1551 2638 1653 2715 γᾶρ
1710 2637 1859 2710 αὐτῷ
1901 2635 1988 2691 ἐκ·

339 2733 823 2806 πεπολεμωμένοι,
857 2729 947 2787 διὰ
977 2728 1036 2787 δὲ
1065 2736 1163 2787 τοῦ
1201 2730 1430 2806 αἳματος
1486 2735 1584 2786 τοῦ
1643 2733 1988 2805 Μονογενοῦς

345 2821 682 2893 κατήλλαξεν
712 2825 860 2895 ἡμᾶς
891 2823 1085 2895 ἑαυτῷ.
1135 2822 1333 2896 Ἢγουν
1384 2821 1505 2896 περὶ
1561 2820 1772 2889 ἐκείνης
1823 2820 1987 2893 λέγει,

341 2912 464 2988 περὶ
491 2912 559 2981 ἧς
590 2931 750 2988 φησιν
784 2912 812 2965 ὁ
844 2912 1099 2985 Χριστός·
1137 2932 1163 2960 ‹‹
1198 2909 1440 2984 Εἰρήνην
1470 2908 1572 2975 τὴν
1598 2908 1736 2978 ἐμὴν
1788 2902 1989 2977 δίδωμι

343 3001 501 3072 ὑμῖν,
533 2998 757 3075 εἰρήνην
790 2998 889 3065 τὴν
932 2998 1072 3070 ἐμὴν
1131 2996 1332 3072 ἀφίημι
1396 2997 1547 3066 ὑμῖν.
1581 3017 1608 3044 η
1669 2994 1834 3050 ⁴Οταν
1890 2991 1991 3068 γὰρ

342 3087 483 3161 λέγῃ
515 3088 606 3141 καὶ
634 3086 771 3161 πρὸς
819 3085 948 3145 τοὺς
1005 3082 1239 3158 ἐχθροὺς
1295 3082 1612 3157 εἲρηνεύειν,
1674 3079 1773 3136 οὐκ
1831 3082 1992 3157 ὕπερ-

344 3171 516 3229 6αίνει
547 3173 721 3229 πάντα
747 3177 871 3227 νοῦν
902 3192 916 3240 ;
976 3195 1004 3223 ‹‹
1036 3173 1098 3226 Ἣ
1154 3172 1502 3246 ὓπερὲχοῦσα
1553 3169 1728 3226 πάντα
1782 3173 1929 3226 νοῦν.
1962 3193 1991 3222 ››

351 3263 417 3320 Εἰ
449 3260 508 3317 δὲ
536 3264 571 3331 ἡ
604 3260 791 3335 εἰρήνη
822 3264 920 3315 τοῦ
967 3264 1103 3315 Θεοῦ
1158 3255 1465 3333 ὑπερϐαίνει
1519 3258 1692 3314 πάντα
1747 3262 1891 3325 νοῦν,
1944 3257 1996 3314 τί

353 3350 498 3407 εἴποι
527 3372 613 3415 τις
641 3349 775 3425 πρὸς
806 3349 933 3411 τοὺς
959 3350 1057 3417 τὴν
1115 3347 1296 3404 οὐσίαν
1357 3348 1522 3403 αὐτοῦ
1574 3346 1999 3424 περιεργαζομέ-

345 3460 509 3509 νουςς
545 3463 573 3492 ‹‹
606 3440 914 3514 Φρουρησει
963 3437 1057 3499 τὰς
1114 3434 1340 3513 καρδίας
1398 3437 1572 3510 ὑμῶν.
1615 3468 1639 3492 ιε
1699 3440 1863 3492 Ὥστε
1923 3436 1999 3509 μὴ

345 3531 451 3586 ὑπὸ
511 3532 829 3604 πειρασμῶν
884 3522 1396 3598 καταϐαπτίζεσθαι,
1446 3528 1590 3600 μήτε
1638 3525 1742 3581 ὑπὸ
1790 3525 2000 3597 ἀπάτης

350 3619 754 3696 περιφέρεσθαι.
790 3641 818 3669 ‹‹
854 3618 942 3673 Ἐν
969 3618 1187 3691 Χριστῷ
1220 3618 1420 3687 Ἰησοῦ.
1455 3639 1484 3667 ››
1515 3616 1582 3672 Ἤ
1614 3614 1666 3671 ἐν
1695 3614 1843 3687 αὐτῷ
1901 3636 2004 3692 φυ-

351 3707 523 3778 λάξει,
555 3705 696 3763 ὥστε
728 3705 903 3780 μένειν
931 3706 1021 3761 καὶ
1059 3708 1135 3779 μὴ
1194 3703 1435 3761 ἐκπεσεῖν
1493 3704 1681 3776 αὐτοῦ,
1712 3705 1747 3773 ἢ
1782 3701 1852 3759 δι’
1900 3704 1998 3759 αὐ-

346 3801 445 3853 τοῦ
477 3797 723 3873 φυλάξει.

2097 1835 2630 1908 minimum.jungi
2666 1852 2787 1890 non
2845 1841 3040 1907 potest
3095 1837 3162 1907 τῇ
3219 1841 3503 1911 προσευχῇ
3553 1839 3641 1892 καὶ
3671 1843 3739 1913 τῇ

2097 1921 2666 1997 δεήσει),ρι“θ‹)ίιὶὶοιιθ
2689 1930 2746 1979 et
2766 1925 3175 1981 obsecratione
3198 1928 3471 1983 utamini.
3496 1930 3743 1984 Maxima

2097 2030 2233 2087 ergo
2256 2014 2584 2069 consolatio
2603 2019 2691 2068 est
2714 2015 2808 2069 his
2830 2015 2929 2086 qui
2982 2015 3303 2087 aﬂiguntur
3334 2017 3494 2085 quod
3545 2019 3740 2074 Domi-

2096 2120 2209 2158 nus
2232 2120 2416 2175 prope
2434 2103 2527 2157 sit.
2552 2106 2699 2158 Ecce
2721 2110 2920 2159 autem
2961 2110 3020 2159 et
3066 2104 3226 2160 aliud
3269 2106 3434 2161 addit
3464 2108 3742 2178 pharma-

2098 2209 2255 2262 cum,
2288 2193 2692 2265 precationem
2724 2209 2857 2248 cum
2889 2193 3211 2265 gratiarum
3255 2195 3486 2250 actione
3521 2213 3534 2250 :
3598 2199 3742 2251 Nam

2099 2282 2219 2337 haec
2248 2283 2486 2353 proprie
2512 2284 2771 2353 precatio
2798 2288 2906 2337 est.
2944 2284 3142 2353 itaque
3174 2300 3280 2355 per
3339 2287 3743 2355 precationem

2098 2388 2233 2428 cum
2265 2373 2586 2444 gratiarum
2610 2371 2841 2427 actione
2873 2372 3192 2442 petitiones
3258 2378 3466 2429 vestrae
3507 2374 3744 2430 innote-

2100 2468 2266 2516 scant
2286 2462 2443 2533 apud
2465 2462 2648 2515 Deum
2673 2478 2686 2515 :
2714 2465 2997 2531 tanquam
3021 2460 3231 2517 innuat
3252 2462 3411 2532 quod
3457 2463 3745 2534 precatio-

2098 2566 2205 2605 nes
2237 2566 2369 2621 quaa
2399 2550 2722 2622 gratiarum
2779 2549 3077 2604 actionem
3136 2566 3255 2605 non
3310 2551 3549 2616 habent,
3594 2553 3744 2607 bene

2098 2640 2477 2695 innotescant
2496 2638 2759 2709 quidem.
2784 2639 2893 2704 Qui
2919 2639 3075 2693 enim
3095 2640 3313 2711 gratias
3352 2657 3474 2695 non
3524 2643 3643 2713 agit
3671 2642 3743 2698 de

2102 2730 2195 2784 his
2215 2745 2347 2799 qum
2369 2728 2617 2798 accepit,
2648 2727 2946 2798 quomodo
2977 2733 3136 2799 petet
3166 2734 3267 2784 aut
3313 2730 3563 2801 accipiet
3612 2748 3743 2802 qua)

2102 2818 2300 2872 futura
2348 2816 2536 2871 sunt?
2569 2817 2680 2871 Sed
2730 2819 2792 2872 in
2832 2817 2994 2872 omni
3053 2834 3117 2873 re
3176 2819 3516 2889 precatione
3572 2819 3747 2875 obse-

2103 2906 2366 2961 oratione
2394 2906 2673 2971 utamini,
2703 2923 2810 2977 per
2840 2923 2987 2977 quas
3016 2907 3334 2978 petitiones
3375 2913 3582 2963 vestrae
3615 2927 3750 2965 cum

2103 2994 2452 3067 gratiarium
2484 2995 2718 3050 actione
2751 2994 3143 3051 innotescant.
3192 3019 3219 3045 ‹‹
3281 2997 3349 3051 Et
3405 3014 3517 3069 pax
3567 2999 3689 3054 Dei.
3727 3022 3749 3052 ε

2106 3085 2316 3139 Pacem
2340 3082 2484 3138 dicit
2519 3083 2620 3139 Dei
2662 3099 2801 3155 erga
2843 3100 2951 3138 nos
2998 3085 3566 3141 reconciliationem.
3600 3089 3757 3142 Bene

2106 3179 2303 3228 autem
2327 3172 2475 3227 dixit
2497 3188 2724 3242 pacem.
2749 3172 2894 3227 Nam
2916 3189 3154 3229 eramus
3175 3174 3312 3230 facti
3336 3175 3449 3247 ipsi
3502 3176 3751 3243 inimici,

2111 3261 2213 3316 sed
2236 3277 2344 3332 per
2360 3261 2708 3332 sanguinem
2733 3261 3029 3332 Unigeniti
3053 3264 3456 3319 reconciliavit
3498 3282 3608 3321 nos
3641 3266 3753 3321 sibi

2111 3349 2245 3420 ipsi.
2280 3350 2361 3403 De
2393 3348 2496 3403 illa
2525 3348 2706 3421 igitur
2734 3349 3002 3419 loquitur
3029 3350 3102 3405 de
3135 3368 3252 3421 qua
3308 3353 3392 3407 ait
3437 3354 3704 3411 Christus
3739 3371 3752 3408 :

2112 3443 2387 3496 «Pacem
2440 3456 2635 3495 meam
2688 3440 2763 3495 do
2819 3441 3006 3509 vobis,
3064 3460 3272 3514 pacem
3328 3445 3602 3517 relinquo
3660 3464 3758 3502 vo-

2115 3530 2205 3585 bis
2234 3528 2302 3585 ³⁵.
2338 3551 2365 3579 ››
2397 3534 2539 3585 Cum
2572 3528 2730 3584 enim
2749 3529 2965 3584 dixerit
2994 3536 3058 3587 ut
3090 3532 3268 3588 etiam
3299 3551 3437 3607 erga
3483 3537 3763 3593 inimicos

2111 3634 2317 3691 pacem
2348 3618 2836 3686 habeant,annon
2855 3619 3085 3675 excedit
3105 3638 3344 3677 omnem
3362 3623 3762 3679 intellectum?

2111 3731 2138 3758 «
2173 3708 2310 3773 Qure
2328 3707 2560 3764 excedit
2581 3707 3232 3764 omnemintellectum.
3285 3731 3314 3758 »
3355 3710 3518 3774 Quod
3568 3712 3616 3765 si
3651 3728 3762 3781 pax

2112 3798 2214 3853 Dei
2246 3797 2478 3853 excedit
2508 3812 2746 3852 omnem
2780 3796 3172 3856 intellectum.
3205 3798 3349 3867 quid
3391 3797 3549 3853 dicet
3604 3799 3763 3870 quis-

349 3888 510 3958 piam
542 3886 614 3940 de
646 3886 740 3941 his
770 3885 871 3957 qui
903 3885 1092 3957 ipsius
1119 3885 1482 3941 subtantiam
1512 3886 1744 3942 curiose
1775 3885 2164 3943 scrutantur?
2192 3908 2220 3936 ‹‹
2253 3885 2557 3941 Custodiet
2584 3884 2765 3939 corda
2789 3890 3020 3940 vestra:
3055 3906 3081 3934 ››
3109 3886 3191 3941 Ne
3223 3886 3331 3941 sub
3347 3886 3762 3943 afﬂictiocibus

353 3973 778 4047 demergamini
808 3979 910 4030 aut
939 3973 1047 4029 sub
1079 3974 1285 4030 fraude
1310 3974 1815 4031 circumferamini
1846 3980 1906 4030 et
1935 3975 2166 4030 erretis.
2202 3997 2229 4024 α
2264 3976 2330 4029 In
2361 3974 2592 4029 Christo
2621 3975 2778 4029 Jesu.
2812 3996 2841 4023 »
2887 3977 3003 4028 Aut
3058 3974 3354 4030 custodiet
3405 3980 3473 4032 ut
3522 3976 3584 4030 in
3632 3976 3761 4047 ipso

351 4063 666 4126 maneatis.
696 4069 754 4118 et
782 4080 902 4125 non
935 4064 1223 4119 excidatis
1251 4063 1324 4119 ab
1354 4063 1482 4136 ipso
1509 4080 1523 4118 :
1551 4070 1653 4120 aut
1682 4081 1791 4137 per
1820 4065 2017 4136 ipsum
2051 4063 2367 4119 custodiet.

421 4151 495 4208 Τὸ
606 4149 820 4218 λοιπὸν,
898 4148 1150 4225 ἀδελφοὶ,
1225 4152 1326 4206 ’ὸσα
1398 4150 1540 4207 ἐστὶν
1614 4149 1822 4221 ἀληθῆ,
1900 4152 2000 4205 ὅσα

355 4238 544 4309 σεμνὰ,
620 4237 722 4294 ὅσα
796 4237 1000 4309 δίκαια,
1077 4241 1176 4295 ὅσα
1248 4240 1404 4314 ἁγνὰ,
1509 4238 1607 4294 ὅσα
1691 4237 1996 4313 προσφιλῆ,

356 4325 456 4382 ὅσα
529 4324 768 4405 εὕρημα,
847 4327 917 4385 Εἴ
983 4349 1066 4391 τις
1141 4328 1331 4403 ἀρετὴ,
1405 4330 1496 4384 καὶ
1536 4328 1584 4383 εἳ
1632 4350 1717 4390 τις
1757 4326 1998 4398 ἔπαινος,

356 4420 526 4473 ταῦτα
563 4416 859 4493 λογίζεσθε.
921 4418 991 4476 Ἀ
1047 4418 1136 4472 καὶ
1195 4417 1440 4492 ἐμάθετε,
1499 4418 1591 4472 καὶ
1650 4410 2006 4492 παρελάϐετε,

357 4504 448 4561 καὶ
525 4503 814 4575 ἠκούσατε,

359 4615 500 4665 σετε,
532 4595 622 4650 καὶ
654 4595 682 4648 ὁ
713 4594 842 4657 Θεὸς
874 4601 974 4665 τῆς
1008 4594 1229 4670 εἰρήνης
1261 4591 1408 4652 ἔσται
1443 4594 1561 4668 μεθ’
1587 4594 1763 4667 ὑμῶν.

620 4236 722 4294 ὅσα
796 4235 1000 4309 δίκαια,

434 4773 618 4827 Πάντα
656 4775 783 4845 ὑμῖν
818 4773 1052 4849 εἶ’ρηται,
1080 4778 1244 4830 τοῦτο
1298 4772 1542 4831 λείπεται
1595 4778 1708 4829 νῦν.
1766 4774 2017 4847 Ἐπειγο-

371 4858 532 4931 μὲνου
563 4856 621 4915 δι
667 4862 735 4915 τὰ
791 4862 1031 4937 ῥήματα.
1088 4863 1304 4933 Ἀληθῆ
1367 4861 1425 4919 δέ
1469 4882 1601 4942 φησι
1657 4864 1726 4919 τὰ
1780 4861 2018 4937 ἐνάρετα.

368 4945 586 5011 Ψεῦδος
614 4949 714 5024 γὰρ
744 4952 780 5020 ἡ
808 4952 986 5010 κακία.
1024 4953 1206 5026 Σεμνᾶ
1249 4950 1329 5022 δὲ,
1378 4951 1445 5008 τα
1486 4951 1585 5008 ὅσα
1633 4952 1685 5007 ἰν
1748 4953 2020 5027 σχήμασι,

368 5039 458 5093 καὶ
488 5035 701 5114 λόγοις,
742 5040 832 5094 καὶ
884 5038 1206 5115 βαδίσμασι,
1265 5042 1355 5097 καὶ
1414 5043 1688 5118 πράξεσιν.
1739 5042 1903 5115 ’Λγνᾶ
1943 5038 2021 5109 δὲ,

371 5127 448 5189 ὡς
485 5128 623 5202 πρὸς
676 5126 1093 5198 ἆντιδιαστολήν
1153 5135 1249 5186 τοῦ
1302 5133 1369 5187 τα
1423 5134 1585 5207 γήϊνα
1659 5130 2023 5208 φρονούντων,

375 5223 660 5293 προσφιλῆ
694 5213 773 5284 δὲ,
807 5216 843 5284 ἤ
873 5222 952 5289 τῷ
1000 5223 1137 5291 Θεῷ,
1196 5220 1231 5290 ἢ
1290 5226 1410 5283 τοῖς
1469 5226 1702 5285 πιστοῖς.
1763 5245 1790 5271 ‹‹
1825 5218 1890 5277 Εἲ
1944 5239 2026 5281 τις

374 5304 564 5378 ἀρετὴ,
594 5303 686 5360 καὶ
713 5303 766 5359 εἷ’
782 5326 863 5367 τις
884 5300 1123 5368 ἔπαινος.
1158 5331 1185 5359 ››
1242 5307 1508 5365 Βούλεται
1568 5310 1740 5373 οὕτως
1784 5313 1881 5382 ζῇν
1930 5307 2029 5364 αὐ-

373 5391 522 5464 τοὺς,
599 5394 675 5456 ὡς
748 5394 842 5449 καὶ
913 5394 1225 5470 ἀνθρώποις
1301 5396 1567 5471 ἀρέσκειν.
1633 5398 2027 5474 (Ἀπρὸσκοποι

450 5588 495 5624 ³⁸
523 5590 691 5646 Joan.
728 5607 838 5656 xiv,
871 5594 959 5646 27.

890 4506 981 4561 καὶ
1054 4504 1200 4562 ’ἰδετε
1274 4506 1326 4562 ἐν
1401 4506 1549 4579 ἐμοὶ,
1623 4509 1792 4561 ταῦτα
1837 4506 2010 4579 πράσ-

2178 4152 2270 4215 IV,
2299 4152 2354 4218 8,
2384 4155 2436 4206 9.
2476 4174 2496 4198 ι
2533 4151 2699 4217 Quod
2730 4152 3031 4224 reliquum
3063 4157 3172 4219 est,
3200 4154 3437 4219 fratres,
3479 4170 3763 4227 quascun-

2111 4262 2140 4290 ‹‹
2172 4256 2287 4312 que
2317 4246 2457 4295 sunt
2480 4256 2639 4309 vera,
2672 4257 3045 4314 quaecunque
3080 4242 3351 4310 honesta,
3395 4260 3766 4314 quaecunque

2112 4353 2139 4380 ‹‹
2167 4330 2352 4403 justa,
2387 4346 2757 4401 quaecunque
2796 4348 2968 4402 pura.
3030 4349 3404 4405 quascunque
3462 4333 3767 4400 amabilia,

2118 4444 2146 4471 ιι
2183 4436 2552 4490 quascunque
2586 4419 2727 4474 boni
2760 4422 2956 4475 omnis
2985 4438 2999 4476 :
3034 4421 3084 4476 si
3114 4439 3233 4492 qua
3263 4424 3448 4479 virtus
3481 4429 3538 4476 et
3569 4422 3616 4477 si
3649 4439 3767 4494 qua

2121 4531 2147 4557 (ι
2183 4506 2334 4575 laus,
2368 4507 2494 4562 haec
2525 4507 2776 4577 cogitate
2802 4524 2815 4562 :
2850 4525 2981 4580 quas
3014 4515 3072 4564 et
3101 4510 3394 4565 didicistis
3425 4517 3484 4566 et
3512 4510 3770 4582 accepis-

2124 4617 2153 4644 ‹‹
2182 4596 2255 4650 tis
2287 4600 2345 4650 et
2369 4595 2621 4651 audistis
2653 4601 2711 4650 et
2739 4596 2969 4652 vidistis
3017 4598 3079 4654 in
3133 4615 3248 4669 me,
3308 4600 3434 4656 haec
3482 4600 3680 4668 facite,
3714 4605 3773 4654 et

2125 4706 2153 4734 «
2190 4685 2341 4739 Deus
2371 4685 2531 4756 pacis
2566 4686 2679 4740 erit
2704 4685 3027 4742 vobiscum.
3059 4708 3087 4736 ι»

2198 4773 2407 4829 Omnia
2435 4773 2598 4829 vobis
2628 4774 2787 4831 dicta
2814 4782 2990 4831 sunt:
3026 4776 3085 4832 id
3117 4794 3276 4834 nunc
3332 4782 3518 4834 restat
3570 4783 3639 4850 ut
3699 4779 3776 4834 sit

2129 4863 2229 4933 qui
2263 4862 2438 4916 verba
2450 4862 2970 4919 sollicitet.Veram
2993 4872 3193 4921 autem
3215 4867 3362 4923 dicit
3388 4867 3653 4924 studiosa
3671 4885 3776 4924 seu

2131 4966 2261 5021 quas
2291 4949 2524 5004 virtutis
2558 4956 2731 5006 sunt:
2768 4952 3143 5009 mendacium
3194 4956 3351 5010 enim
3412 4957 3614 5013 vitium
3664 4962 3774 5012 est.

2134 5039 2392 5094 Honesta
2421 5054 2578 5105 vero,
2607 5039 2725 5093 sive
2748 5040 2808 5095 in
2834 5041 3058 5107 habitu,
3110 5045 3228 5100 sive
3278 5046 3338 5101 in
3379 5047 3774 5109 sermonibus.

2134 5128 2252 5183 sive
2275 5128 2753 5196 inincessu,sive
2776 5131 3127 5189 actionibus.
3174 5136 3327 5191 Pura
3374 5143 3593 5202 autem,
3646 5140 3775 5187 tan-

2135 5235 2314 5291 quam
2347 5218 2418 5274 ad
2450 5218 2849 5275 ditl'erentiam
2883 5238 3085 5278 eorum
3116 5225 3213 5297 qui
3267 5232 3496 5281 terrena
3547 5228 3777 5278 curant.

2136 5309 2281 5363 107
2322 5307 2617 5363 Amabilia
2641 5324 2801 5378 vero,
2835 5316 2936 5368 aut
2969 5311 3084 5367 Deo
3141 5318 3243 5370 aut
3302 5314 3594 5369 fidelibus.
3640 5333 3668 5359 ››
3724 5310 3780 5365 Si

2137 5414 2255 5471 qua
2285 5396 2470 5454 virtus
2504 5402 2562 5452 et
2594 5413 2713 5469 qua
2741 5399 2889 5455 laus.
2941 5424 2970 5450 ››
3027 5403 3159 5459 Vult
3215 5403 3379 5476 ipsos
3430 5401 3513 5455 ita
3568 5398 3779 5469 vivere,
