4096 6194
310 417 462 499 1325
544 412 556 424 ’

1375 384 1778 477 COMMENT.
1824 410 1905 472 IN
1945 400 2198 472 EPIST.
2248 413 2353 471 AD
2397 410 2672 473 PHlLlP.

3560 417 3713 479 1326

305 548 475 624 λόγον
510 549 687 622 ὑμῶν,
729 550 832 605 οὐκ
860 546 1023 623 ἐμοῦ,
1054 543 1445 618 πλεονάζοντα.
1476 548 1638 621 Ὁρᾷς
1668 543 1751 602 ὅτι
1802 542 1935 599 αὐτο

2074 559 2293 600 munus
2324 549 2583 600 vestrum
2614 550 2928 617 propterea
2956 546 3069 602 hoc
3123 546 3277 614 dico,
3328 549 3429 604 sed
3476 552 3712 621 requiro

311 636 619 716 ὠφελοῦντο
678 637 737 693 ἐκ
796 644 894 693 τοῦ
948 637 1266 714 παρὲχειν;
1326 635 1454 693 ὡσεὶ
1509 634 1686 712 ἔλεγε·
1730 633 1830 690 Διὰ
1901 632 1965 686 τὸ

317 728 467 798 ὑμῶν
529 726 841 807 συμφέρειν,-
884 731 1051 783 ταῦτα
1111 730 1285 798 ζητῶ,
1344 727 1436 783 ἳνα
1524 728 1681 800 ὑμεῖς
1757 723 1962 798 καρπὸν

313 815 589 895 ἐνέγκητε.
627 840 652 872 α
686 815 913 893 Ἀπὲχω
959 815 1017 873 δὶ
1073 817 1269 874 πάντα.
1306 840 1335 869 δ)
1390 818 1487 875 Ἐκ
1541 816 1742 873 τούτου
1799 812 1966 871 πάλιν

315 906 763 982 προθυμοτὲρους
804 904 1001 970 αὐτοὺς
1061 912 1227 963 ποιεῖ.
1293 906 1540 982 Ἀπὲχω,
1589 902 1744 977 φησὶ,
1792 904 1965 961 πάντα

272 986 397 1050 In?
431 997 752 1070 περισσεύω,
783 996 1048 1063 τουτέστι,
1078 995 1169 1051 καὶ
1225 996 1291 1051 τὰ
1353 996 1484 1064 ὑπὲρ
1539 1000 1637 1051 τοῦ
1692 992 1960 1069 προτέρου

313 1085 542 1163 χρόνον),
572 1086 690 1140 καθ’
721 1084 780 1141 δν
828 1085 928 1141 οὐκ
994 1083 1288 1158 ἐπέμψατε.
1323 1108 1354 1137 ‹‹
1412 1082 1514 1142 Καὶ
1571 1081 1892 1159 περισσεύω.
1928 1105 1955 1134 »

312 1173 593 1243 Τουτὲστι,
624 1173 937 1232 πλείωτῶν
989 1172 1456 1253 παραλειφθέντιυν
1515 1169 1767 1247 δεόἐχθαι
1825 1170 1961 1247 ἥγη-

296 1284 435 1336 ημαι.
471 1289 497 1316 ‹‹
534 1262 940 1340 Πεπλήρωμαι.
983 1288 1013 1315 ››
1054 1264 1252 1332 Πάντα,
1310 1263 1467 1341 φησὶ,
1523 1262 1591 1317 τὰ
1648 1278 1959 1337 χρειωστη-

308 1351 463 1407 θέντα
497 1373 613 1425 μοι.
664 1350 841 1426 Χρέος
897 1353 998 1433 γὰρ
1062 1349 1176 1409 οἶδε
1232 1352 1293 1406 τὸ
1354 1350 1596 1428 πρᾶγμα»
1655 1349 1953 1422 πεπλῆραν

312 1462 429 1514 μαι,
466 1442 622 1515 φησὶ,
656 1439 941 1514 δεξάμενος
998 1442 1147 1513 παρά
1199 1437 1622 1519 Ἐπαιρροδίτου.
1681 1439 1779 1495 Δια
1832 1437 1956 1494 τούς

307 1551 402 1584 του
435 1530 566 1598 ἦσαν
602 1528 1038 1593 ἀποστείλαντες.
1079 1556 1099 1580 ι
1156 1531 1367 1603 Ὀσμὴν
1398 1524 1647 1590 εὐωδίας.
1683 1550 1712 1579 ››
1745 1528 1955 1601 Ὀσμὴν

221 1662 230 1669 .
308 1615 537 1681 εὐωδίας
570 1620 653 1674 καὶ
682 1619 864 1683 θυσίαν
895 1615 1088 1687 δεκτήν
1132 1622 1212 1690 τῷ
1260 1621 1379 1690 Θεῷ
1435 1617 1750 1693 ὑπάρχοντά
1797 1638 1951 1695 φησι.

309 1703 479 1765 Βαϐαῖ
510 1711 617 1762 ποῦ
647 1707 713 1763 τὰ
757 1705 980 1771 δοθέντα
1036 1706 1310 1781 ἀνήγαγεν
1345 1708 1358 1762 l
1418 1704 1534 1765 Οὐκ
1587 1705 1735 1779 ἐμοὶ,
1766 1707 1952 1785 φησὶν,

308 1793 471 1850 ἀλλὰ
511 1800 589 1868 τῷ
644 1800 761 1868 Θεῷ
820 1791 1111 1853 δεδώκατε.
1172 1791 1482 1870 Ἐδεχὸμην
1542 1795 1647 1870 γὰρ
1700 1794 1769 1850 τὰ
1824 1798 1953 1871 παρ’

2073 632 2330 689 fructum
2352 639 2610 689 vestrum
2624 633 2798 706 quiin
2817 634 3108 691 rationem
3122 641 3373 692 vestram
3387 654 3505 693 non
3519 655 3713 695 meam

2073 721 2373 779 exuberat.
2407 725 2554 780 ΙΙΙ
2597 724 2767 780 Vides
2796 723 2955 797 quod
2985 724 3099 797 ipsi
3118 725 3480 798 juvabantur
3502 744 3572 782 ex
3600 729 3714 783 hoc

2072 812 2229 884 quod
2255 813 2595 869 necessaria
2612 813 2989 886 praeberent?
3010 818 3090 870 Ac
3114 815 3163 872 si
3183 815 3407 872 diceret
3431 834 3442 871 :
3470 816 3717 888 Propter

2068 902 2389 959 utilitatem
2418 908 2673 960 vestram
2704 903 2832 960 hsce
2862 921 3087 976 quaero,
3119 911 3183 960 ut
3214 922 3315 960 vos
3346 906 3604 963 fructum
3630 924 3715 963 re-

2065 988 2292 1047 feratis.
2326 1014 2355 1041 α
2388 992 2604 1064 Recepi
2636 998 2835 1049 tamen
2867 994 3090 1050 omnia.
3126 1016 3154 1043 ››
3188 996 3267 1049 Ex
3314 995 3427 1050 hoc
3478 1013 3713 1051 rursum

2065 1080 2459 1152 promptiores
2488 1097 2591 1143 eos
2621 1081 2855 1160 reddit:
2889 1084 3128 1155 Recepi,
3164 1084 3377 1156 inquit,
3428 1085 3629 1140 omnia
3658 1091 3716 1139 et.

2065 1169 2344 1225 abundo:
2377 1169 2489 1226 hoc
2521 1175 2627 1233 est,
2663 1171 2842 1227 etiam
2876 1188 2946 1228 ea
2976 1188 3110 1244 qum
3163 1174 3379 1245 prioris
3432 1175 3715 1245 temporis.

2066 1263 2235 1315 erant
2250 1271 2385 1314 cum
2406 1276 2528 1315 non
2550 1258 2820 1316 misistis.
2849 1283 2875 1311 ιι
2900 1262 2969 1317 Ει
2994 1261 3253 1318 abundo.
3279 1283 3306 1311 »
3328 1260 3391 1319 Id
3406 1268 3515 1330 est,
3545 1263 3718 1335 plura

2063 1364 2241 1420 quam
2273 1354 2549 1420 suscepta
2579 1354 2716 1406 sunt
2743 1365 2838 1405 me
2860 1350 3157 1423 recepisse
3180 1351 3350 1408 duco.
3385 1374 3411 1402 ‹‹
3432 1351 3714 1425 Expletus

2063 1453 2217 1495 sum.
2250 1454 2274 1479 υ
2319 1438 2551 1502 Omnia,
2593 1438 2697 1503 ait,
2759 1455 2892 1510 qum
2946 1440 3095 1495 mihi
3152 1440 3555 1497 debebantur:
3604 1442 3716 1504 scit

2060 1526 2219 1581 enim
2244 1525 2370 1581 hanc
2393 1526 2505 1581 sibi
2529 1526 2754 1582 deberi.
2783 1528 3063 1600 Expletus
3086 1529 3455 1601 sum,iuquit,
3479 1536 3713 1603 postea-

2061 1631 2240 1689 quam
2262 1614 2463 1688 accepi
2482 1615 2554 1670 ab
2574 1617 3114 1689 Epaphrodito.Per
3132 1618 3290 1674 hunc
3304 1618 3391 1674 illi
3406 1620 3709 1675 miserant.

2061 1725 2085 1756 ιι
2121 1704 2375 1761 Odorem
2406 1704 2577 1760 bonae
2608 1706 2966 1778 l'ragrantiua.
3010 1730 3028 1755 υ
3069 1707 3318 1763 Odorem
3368 1708 3540 1764 boum
3588 1708 3709 1764 fra-

2055 1793 2303 1867 grantiae
2337 1798 2395 1849 et
2423 1784 2679 1849 hostiam
2714 1795 2831 1851 Deo
2875 1801 3179 1867 acceptam
3212 1796 3355 1853 dicit
3407 1796 3511 1853 illa
3558 1814 3707 1853 esse.

306 1886 479 1958 ὑμῶν,
512 1883 695 1964 φησίν,
735 1884 911 1956 ὀσμὴν
945 1882 1174 1946 εὐωδίας
1223 1883 1315 1939 καὶ
1372 1884 1561 1939 θυσίαν
1600 1888 1717 1956 Θεῷ
1774 1884 1941 1959 ὑπάρ-

2057 1885 2228 1955 Papae
2260 1882 2272 1938 Ξ
2307 1883 2591 1955 quanium
2625 1884 2836 1939 extulit
2858 1901 2989 1958 qum
3015 1885 3151 1941 data
3177 1886 3374 1942 erant!
3401 1888 3707 1953 Nonmibi,

300 1995 491 2054 χοντκ.
525 1975 628 2030 Καὶ
662 1974 767 2051 γὰρ
793 1972 1041 2047 θυμίαμά
1093 1994 1153 2029 τε
1205 1973 1297 2028 καὶ
1356 1972 1513 2038 θυσία
1565 1971 1771 2049 λογικὴ
1832 1975 1948 2047 Θεῷ

301 2065 454 2137 μόνῳ
485 2063 835 2139 προσάγεται.
889 2062 993 2120 Καὶ
1025 2063 1090 2118 τὰ
1140 2063 1270 2142 παρ’
1328 2062 1502 2136 ὑμῶν,
1560 2062 1717 2140 φησὶ,
1775 2059 1944 2138 δῶρα,

297 2158 415 2226 Θεῷ
453 2150 831 2228 προσαχθέντα
860 2151 1142 2231 τυγχάνει.
1182 2175 1211 2205 ιι
1259 2153 1320 2211 'O
1389 2148 1447 2207 δὲ
1504 2151 1633 2215 Θεός
1666 2173 1772 2227 μου
1807 2151 1948 2221 πλη-

277 2242 459 2317 ρώσει
515 2245 689 2295 πᾶσαν
749 2241 939 2315 χρείαν
992 2239 1165 2313 ὑμῶν.
1227 2263 1256 2290 η
1314 2236 1539 2308 Ἐπειδὴ
1599 2241 1745 2297 εἶπεν
1811 2239 1944 2307 ἂνω,

295 2355 319 2383 (ι
354 2330 692 2403 Ἠκαιρεῖσθε
722 2326 779 2384 δὶ
814 2354 842 2381 ››
871 2327 1166 2399 τουτέστιν,
1198 2329 1286 2385 Ἐν
1320 2324 1494 2399 ἆνδείᾳ
1521 2328 1640 2397 ἦτε,
1668 2325 1758 2382 νῦν
1788 2327 1945 2383 ἐπεύ-

296 2440 454 2495 χεται
510 2417 703 2480 αὐτοῖς
750 2418 849 2487 την
929 2415 1269 2492 αὐτάρκειαν,
1328 2416 1405 2479 εἲς
1467 2417 1532 2472 τὸ
1586 2416 1676 2472 καὶ
1745 2416 1947 2492 ἑτέροις

300 2507 556 2572 δύνασθαι
596 2512 881 2583 χορηγεῖν.
942 2531 971 2558 ‹‹
1031 2506 1175 2562 Κατὰ
1232 2505 1323 2562 τὸν
1380 2504 1624 2562 πλοῦτον
1678 2505 1843 2562 αὐτοῦ
1894 2506 1947 2562 ἐν

299 2594 444 2672 δόξῃ,
482 2600 706 2652 »Τοῦτο
749 2595 888 2664 εἶπε,
956 2593 1166 2660 δεικνὺς
1221 2593 1303 2651 ὅτι
1361 2595 1451 2649 καὶ
1510 2592 1736 2651 εὔκολον
1796 2593 1943 2667 αύτῷ

296 2683 504 2744 δοῦναι.
538 2684 813 2747 Πλούσιος
844 2686 948 2762 γάρ
980 2682 1113 2741 ἐστι.
1149 2684 1320 2739 Δώσει
1378 2679 1437 2738 δε
1494 2682 1621 2756 ὑμῖν
1680 2682 1732 2739 ἐν
1788 2680 1940 2760 δόξῃ.

291 2778 570 2833 Τουτὲστιν
611 2777 751 2833 ὥστε
783 2775 858 2838 εἷς
894 2772 1050 2845 δόξαν
1084 2774 1252 2831 αὐτοῦ
1280 2775 1378 2842 τὴν
1430 2774 1577 2829 δόσιν
1634 2781 1941 2850 προχωρῆ-

289 2887 400 2924 σαι.
425 2890 452 2919 ιι
491 2864 599 2921 Σὺν
629 2869 852 2942 Χριστῷ
915 2866 1122 2937 Ἰησοῦ.
1149 2888 1177 2915 ››
1206 2865 1279 2921 Ἥ
1333 2860 1422 2919 διὰ
1479 2864 1657 2932 Ἰησοῦ
1710 2864 1943 2937 Χριστοῦ

290 2953 474 3012 δώσει.
510 2957 570 3015 Ὁ
596 2955 698 3030 γὰρ
731 2953 1176 3031 πεπληρωμένος
1229 2957 1346 3013 τοῖς
1404 2947 1750 3025 χρειώδεσιν,
1782 2950 1946 3026 εὐχα-

287 3047 462 3116 ριστεῖ
490 3046 572 3112 τῷ
602 3036 890 3098 δεδωκότι.

2058 1972 2160 2040 ait,
2195 1972 2299 2028 sed
2329 1972 2446 2027 Deo
2473 1972 2741 2029 dedistis.
2773 1974 2988 2047 Accepi
3022 1975 3204 2039 enim,
3237 1975 3448 2048 inquit,
3484 1992 3517 2032 a
3545 1976 3710 2032 vobis

2058 2077 2191 2132 quas
2224 2066 2393 2117 erant
2423 2059 2570 2117 odor
2596 2060 2769 2117 bonae
2800 2060 3141 2136 fragrantiae
3175 2068 3233 2119 et
3254 2064 3449 2120 hostia
3475 2064 3711 2122 Deo.Et-

2059 2148 2220 2205 enim
2254 2149 2581 2221 thymiama
2607 2151 2659 2205 ei
2690 2149 2886 2207 hostia
2914 2151 3223 2209 rationalis
3256 2152 3365 2209 soli
3399 2153 3516 2209 Deo
3541 2154 3709 2210 oﬂer-

2060 2243 2155 2293 tur
2182 2254 2195 2293 :
2231 2244 2290 2293 et
2318 2255 2448 2311 quae
2478 2254 2513 2293 a
2540 2239 2705 2296 vobis
2732 2240 2915 2296 missa
2944 2246 3084 2295 sunt
3126 2240 3303 2308 dona,
3361 2242 3462 2297 Dei
3511 2242 3709 2299 oblata

2058 2332 2216 2383 sunt.
2249 2350 2276 2377 «
2314 2329 2468 2384 Deus
2497 2333 2695 2383 autem
2723 2345 2892 2386 meus
2925 2329 3218 2401 supplevit
3246 2329 3538 2404 quidquid
3560 2350 3708 2404 opus

2056 2417 2235 2474 fuerit
2263 2416 2445 2472 vobis.
2482 2438 2509 2466 υ
2542 2416 2831 2482 Quoniam
2881 2419 3158 2490 superius
3215 2418 3403 2476 dixit:
3451 2420 3564 2476 Sed
3606 2422 3710 2477 de-

2057 2516 2183 2566 erat
2211 2509 2378 2566 vobis
2409 2511 2843 2583 opportunitas,
2869 2510 2979 2567 hoc
3002 2517 3111 2579 est,
3137 2512 3198 2567 in
3219 2511 3546 2585 indigentia
3572 2528 3707 2568 con-

2057 2597 2244 2654 stituti
2270 2599 2477 2655 eratis:
2503 2614 2662 2656 nunc
2684 2605 2977 2671 prmcatur
2997 2600 3117 2655 illis
3142 2600 3705 2670 sufﬁcientiam,quo

2053 2692 2112 2746 et
2136 2688 2272 2744 aliis
2298 2690 2532 2761 possint
2563 2687 2902 2743 necessaria
2928 2686 3290 2743 ministrare.
3317 2710 3343 2737 ‹‹
3369 2687 3705 2744 Secundum

2056 2776 2289 2831 divitias
2319 2791 2457 2830 suas
2490 2775 2550 2830 in
2581 2775 2790 2845 gloria.
2830 2796 2849 2822 ι
2888 2773 3006 2829 Ηοο
3036 2774 3185 2830 dixit
3215 2774 3373 2846 quod
3412 2777 3590 2831 etiam
3621 2776 3704 2832 fa-

2055 2863 2165 2917 cile
2200 2863 2276 2917 sit
2306 2862 2419 2933 ipsi
2441 2861 2604 2929 dare,
2630 2867 2718 2918 est
2740 2861 2897 2918 enim
2921 2861 3104 2919 dives.
3129 2861 3301 2918 Dabit
3326 2869 3523 2920 autem
3542 2864 3704 2922 vobis

2062 2951 2123 3005 in
2154 2949 2377 3023 gloria:
2409 2950 2523 3005 hoc
2552 2956 2662 3016 est,
2694 2955 2759 3005 ut
2783 2950 3008 3007 donum
3035 2952 3319 3024 producat
3349 2954 3423 3008 ad
3453 2953 3703 3026 gloriam

2058 3054 2246 3095 suam.
2282 3061 2312 3089 «
2344 3041 2458 3096 Per
2481 3039 2780 3096 Christum
2797 3040 3016 3097 Jesum.
3039 3062 3068 3091 »
3100 3042 3244 3097 Nam
3269 3038 3319 3094 ἐν
3342 3042 3572 3116 capitur
3596 3060 3701 3116 pro

283 3128 392 3198 διά,
427 3130 488 3187 id
520 3135 611 3186 est
636 3131 701 3185 In
732 3145 838 3202 pro
872 3129 1000 3184 Per.
1036 3127 1211 3183 Dabit
1240 3142 1377 3199 ergo
1423 3143 1530 3199 per
1587 3125 1886 3185 Christum
1929 3128 2149 3185 Jesum.
2211 3129 2320 3195 Qui
2368 3128 2530 3185 enim
2584 3129 2854 3202 expletus
2902 3134 2992 3186 est
3040 3130 3133 3186 his
3178 3148 3309 3202 quae
3367 3134 3704 3191 necessaria

282 3226 472 3285 erant,
500 3219 688 3293 gratia
716 3218 836 3291 agit
864 3216 918 3274 ei
950 3217 1053 3289 qui
1083 3214 1268 3273 dedit.

351 3310 445 3381 Τῷ
494 3304 551 3364 δὲ
607 3310 726 3379 Θεῷ
779 3305 866 3360 καὶ
931 3301 1102 3379 Πατρὶ
1159 3304 1319 3375 ἡμῶν
1394 3306 1430 3373 ἡ
1490 3300 1616 3375 δόξα
1675 3304 1753 3368 εἰς
1809 3304 1937 3368 τοὺς
1976 3309 2022 3376 ρ

283 3400 486 3461 αἰῶνας
565 3399 673 3451 τῶν
749 3392 987 3451 αῗώνων.
1075 3391 1278 3466 Ἀμήν.
1335 3391 1674 3458 Ἀσπάσασθε
1756 3394 1926 3449 πάντα

282 3490 435 3563 ἅγιον
492 3486 544 3542 ἐν
625 3487 851 3559 Χριστῷ
934 3483 1135 3553 Ἰησοῦ.
1206 3480 1571 3553 Ἀσπάζονται
1650 3484 1791 3557 ὑμᾶς
1875 3485 1927 3538 οἱ

284 3578 376 3635 σὺν
435 3574 562 3651 ἐμοὶ
636 3571 885 3654 ἀδελφοὶ,
968 3571 1298 3644 ἀσπάζονται
1383 3571 1522 3646 ὑμᾶς
1596 3571 1790 3635 πάντες
1875 3573 1928 3628 οἳ

277 3671 452 3743 ἅγιοι,
497 3664 735 3740 μάλιστα
765 3660 843 3732 δὲ,
876 3663 928 3717 οἱ
971 3659 1032 3717 ἐκ
1085 3667 1185 3731 τῆς
1244 3659 1514 3735 Καίσαρος
1571 3660 1794 3724 οἰκείας.
1862 3663 1926 3719 Ἡ

283 3758 446 3834 χάρις
475 3759 573 3813 τοῦ
604 3754 808 3829 Κυρίου
834 3755 993 3826 ἡμῶν
1028 3754 1212 3822 Ἰησοῦ
1241 3751 1500 3825 Χριστοῦ,
1547 3754 1682 3826 μετᾶ
1712 3751 1924 3810 πάντων

280 3849 452 3920 ύμῶν.
482 3846 536 3904 Ἀ
548 3847 677 3919 μήν.

349 3931 572 4005 Ἐπειδὴ
614 3933 755 4000 εἶπε,
786 3931 883 3987 Διὰ
912 3934 1096 4001 Ἰησοῦ
1125 3931 1361 4006 Χριστοῦ
1412 3931 1700 4007 πληρώσει
1753 3939 1925 3991 πᾶσαν

281 4022 471 4102 χρεῖαν
506 4023 679 4097 ὑμῶν,
714 4018 1001 4097 δοξολογεῖ
1031 4020 1121 4076 καὶ
1149 4022 1240 4077 τὸν
1274 4021 1508 4099 Πατέρα,
1565 4024 1656 4079 τὸν
1718 4020 1807 4078 διὰ
1832 4028 1929 4080 τοῦ

286 4117 412 4171 Υἱοῦ
443 4111 663 4170 διδόντα
718 4113 819 4181 τὴν
878 4109 1216 4187 αύτάριειαν.
1277 4134 1307 4162 ‹‹
1374 4111 1729 4184 Ἀσπάζονται
1789 4114 1927 4184 ὑμᾶς

280 4207 330 4261 οἳ
361 4205 453 4260 σὺν
487 4203 633 4277 ἐμοί.
671 4224 698 4252 ››
731 4203 899 4259 Ἦσαν
928 4200 1030 4277 γὰρ
1087 4199 1315 4263 πλείους
1375 4202 1492 4275 μετ’
1543 4202 1730 4269 αὐτοῦ,
1781 4200 1928 4268 πλὴν

279 4295 363 4351 δτι
420 4294 589 4367 μόνος
668 4288 935 4364 ἰσόψυχος
995 4291 1023 4344 ὁ
1076 4288 1364 4361 Τιμόθεος,
1446 4291 1519 4351 ὡς
1575 4287 1687 4345 ἂνω
1744 4289 1927 4366 φησίν.

275 4384 471 4454 ’Όμως
504 4379 605 4456 ὅρα
632 4379 698 4435 τὰ
754 4376 982 4437 Παύλου
1046 4374 1358 4451 σπλάγχνα,
1416 4377 1500 4433 ὅτι
1558 4376 1649 4433 καὶ
1706 4379 1932 4442 τούτους

282 4468 551 4549 ἀδελφοὺς
627 4466 807 4525 καλεῖ.
872 4491 892 4517 ι
982 4465 1344 4535 Ἀσπάζονται
1409 4465 1549 4538 ὑμᾶς
1609 4466 1805 4530 πάντες
1880 4470 1931 4524 οἱ

280 4563 451 4635 ἅγιοι.
483 4584 505 4613 ι
541 4562 780 4631 Σημεῖον
813 4556 881 4625 ἦν
908 4555 994 4611 ’ὁτι
1031 4556 1059 4610 ὁ
1094 4551 1309 4616 Παῦλος
1350 4557 1481 4632 παρ’
1533 4555 1716 4619 αὐτοῖς
1744 4555 1933 4632 ἐπῄνει

2126 3308 2215 3373 IV,
2257 3310 2450 3364 20-23.
2497 3330 2517 3359 α
2554 3308 2671 3365 Deo
2698 3314 2897 3365 autem
2929 3315 2989 3366 et
3017 3310 3174 3366 Patri
3206 3316 3408 3366 nostro
3433 3310 3621 3386 gloria
3641 3315 3701 3372 in

2044 3419 2073 3446 ‹‹
2104 3397 2325 3456 saecula
2344 3398 2725 3456 saeculorum.
2753 3401 2965 3455 Amen.
3001 3398 3258 3456 Salutate
3281 3416 3519 3459 omnem
3541 3419 3705 3461 sanc-

2044 3510 2071 3537 ‹‹
2099 3490 2223 3545 tum
2247 3488 2309 3544 in
2327 3487 2558 3545 Christo
2587 3489 2746 3544 Jesu.
2770 3487 3045 3545 Salutant
3067 3506 3169 3544 vos
3194 3489 3293 3562 qui
3318 3506 3550 3547 mecum
3566 3500 3704 3551 sunt

2045 3598 2071 3625 «
2104 3575 2339 3635 fratres.
2364 3576 2635 3634 Salutant
2661 3594 2764 3635 vos
2790 3592 3000 3633 omnes
3032 3579 3241 3645 sancti,
3275 3580 3534 3638 maxime
3564 3599 3699 3641 vero

2045 3688 2073 3716 ‹‹
2110 3666 2210 3738 qui
2238 3671 2379 3722 sunt
2408 3682 2479 3724 ex
2500 3666 2751 3724 Caesaris
2772 3666 3021 3724 familia.
3044 3668 3239 3725 Gratia
3256 3669 3489 3726 Domini
3510 3664 3697 3728 nostri

2048 3776 2075 3806 (ι
2106 3756 2242 3812 Jesu
2273 3755 2491 3812 Christi
2522 3773 2655 3813 cum
2687 3757 2964 3829 omnibps
2989 3756 3171 3812 vobis.
3204 3760 3410 3813 Amen.
3441 3784 3464 3806 τι

2116 3845 2406 3911 Quoniam
2440 3846 2690 3909 dixerat,
2724 3861 2829 3917 per
2856 3847 3053 3901 Iesum
3076 3845 3371 3902 Christum
3396 3848 3699 3920 supplebit

2044 3934 2335 4007 quidquid
2351 3952 2499 4005 opus
2519 3935 2696 3989 fuerit
2716 3934 2902 3994 vobis.
2926 3932 3217 4006 glorificat
3244 3936 3421 3990 etiam
3437 3937 3691 4005 Patrem,

2045 4023 2143 4094 qui
2176 4039 2282 4094 per
2311 4022 2525 4078 Filium
2556 4022 2721 4077 dedit
2748 4019 3185 4081 sufficientiam.
3218 4048 3244 4072 ιι
3282 4024 3550 4081 Salutant
3595 4044 3695 4086 vos

2045 4112 2147 4185 qui
2178 4129 2413 4169 mecum
2443 4118 2600 4171 sunt.
2636 4134 2664 4161 υ
2696 4112 2906 4172 Plures
2930 4114 3089 4170 enim
3123 4131 3258 4170 cum
3317 4116 3445 4187 ipso
3501 4125 3692 4187 erant,

2045 4202 2158 4259 nisi
2187 4201 2347 4274 quod
2375 4201 2624 4273 (aqualis
2664 4218 2801 4275 erga
2830 4203 2990 4277 ipsos
3016 4203 3203 4259 animi
3234 4205 3397 4261 solus
3440 4211 3567 4261 erat
3595 4208 3689 4263 Ti-

2047 4291 2340 4358 motheus,
2374 4290 2854 4363 sicuti_'superius
2885 4291 3054 4350 dixit.
3083 4296 3360 4350 Attamen
3383 4295 3695 4372 considera

2045 4379 2213 4435 Pauli
2242 4378 2492 4443 viscera,
2523 4378 2682 4451 quod
2713 4379 2889 4435 etiam
2923 4379 3032 4436 hos
3064 4380 3277 4436 fratres
3307 4387 3491 4438 vocet.
3530 4404 3558 4433 «
3589 4384 3692 4440 Sa-

2043 4470 2238 4527 lutant
2265 4484 2368 4524 vos
2393 4483 2599 4525 omnes
2630 4469 2840 4525 sancti.
2874 4490 2901 4518 »
2938 4470 3087 4526 112
3119 4468 3363 4543 Signum
3389 4477 3515 4526 erat
3536 4473 3692 4544 quod

2045 4558 2265 4615 Paulus
2296 4559 2451 4632 apud
2482 4558 2617 4615 illos
2645 4557 3023 4615 collaudabat
3071 4559 3504 4633 Philippenses,
3558 4562 3690 4619 ideo

278 4649 407 4712 τοὺς
497 4644 931 4718 Φιλιππησίους,
992 4641 1079 4699 διὸ
1158 4643 1247 4698 καὶ
1331 4643 1659 4714 ἀσπάζονται
1715 4645 1931 4710 αύτούς.

2055 4648 2225 4705 etiam
2257 4648 2419 4721 ipsos
2448 4647 2727 4703 salutant.
2762 4668 2791 4696 «
2825 4647 3069 4704 Maxime
3100 4662 3237 4703 vero
3270 4648 3372 4718 qui
3439 4654 3578 4703 sunt
3622 4665 3693 4706 ex

276 4765 307 4794 «
333 4739 585 4797 Μάλιστα
613 4733 691 4802 δὲ,
750 4736 803 4790 οἱ
864 4735 923 4791 ἐκ
979 4742 1079 4805 τῆς
1135 4733 1407 4809 Καίσαρος
1447 4733 1642 4798 οἰκίας.
1679 4759 1706 4787 ››
1735 4735 1928 4812 Ἀνέῥ-

277 4828 445 4905 ῥωσεν
480 4824 673 4888 αὐτοῦς
703 4824 787 4881 ὅτι
844 4825 936 4879 καὶ
997 4825 1098 4891 τὴν
1157 4822 1453 4899 βασιλικὴν
1508 4822 1681 4880 οἰκίαν
1738 4819 1934 4900 ἔφθασε

285 4919 349 4975 τὸ
394 4917 677 4993 κήρυγμα.
733 4912 809 4972 Οὐ
868 4912 973 4987 γὰρ
1030 4910 1091 4965 ἂν
1153 4913 1230 4980 μὴ
1289 4912 1689 4978 πιστεύσαντες,
1746 4915 1929 4984 ἠσπά..

281 5027 444 5064 σαντο
468 5005 595 5067 τοὺς
654 5002 1090 5072 Φιλιππησίους.
1144 4999 1289 5076 Πρὸς
1344 5002 1560 5061 τούτοις
1618 5002 1707 5057 καὶ
1771 5008 1928 5059 τοῦτο

280 5096 544 5155 διδάσκει.
578 5094 641 5154 Εἰ
674 5096 727 5151 οἱ
756 5093 810 5148 ἐν
867 5097 984 5155 τοῖς
1047 5089 1346 5168 βασιλείοις
1404 5091 1616 5150 πάντων
1674 5095 1931 5171 κατετρρὸ-

278 5211 450 5262 νησαν
507 5188 596 5244 καὶ
653 5190 733 5258 τῷ
789 5187 1017 5260 Χριστῷ
1076 5181 1413 5254 ἐπίστευσαν,
1484 5184 1638 5256 πόσῳ
1709 5183 1926 5258 μᾶλλον

277 5280 419 5353 ύμᾶς
450 5276 576 5340 τοῦς
608 5274 840 5345 πένητας
868 5277 1032 5329 τοῦτο
1064 5268 1146 5327 δεῖ
1176 5277 1357 5327 ποιεῖν
1390 5291 1405 5341 ;
1440 5298 1468 5325 ‹‹
1517 5274 1580 5330 Ἢ
1611 5273 1775 5349 χάρις
1833 5278 1928 5329 τοῦ

278 5367 481 5443 Κυρέου
540 5366 722 5437 Ἰησοῦ
770 5366 1004 5438 Χριστοῦ
1065 5361 1199 5434 μετᾶ
1254 5362 1471 5417 πάντων
1532 5362 1705 5435 ὑμῶν.
1770 5386 1796 5413 ››
1853 5363 1929 5422 Τὸ

277 5455 496 5527 σύνηθες
530 5455 698 5525 αὐτῷ,
731 5451 872 5531 εὐχῇ
904 5450 1063 5508 παύει
1093 5452 1194 5522 τήν
1235 5448 1565 5519 Ἐπιστολὴν
1619 5452 1710 5509 καὶ
1741 5457 1855 5513 νῦν.

490 5552 664 5617 Τέλος
697 5551 787 5609 σὺν
820 5556 940 5622 θεῷ
966 5558 1068 5620 τῆς
1113 5552 1247 5623 πρὸς
1301 5549 1713 5621 Φιλιππησίους

918 5621 1271 5693 Ἐπιστολῆς.

492 5693 730 5793 Ἐγράᾆη
776 5713 885 5770 ἀπὸ
911 5713 1136 5789 Ῥώμης
1168 5710 1239 5769 δι’
1287 5708 1710 5791 Ἐπαφροδίτου.

2038 4736 2285 4794 Caesaris
2341 4736 2649 4794 familia.»
2698 4737 2945 4793 Deereat
2995 4736 3156 4809 ipsos
3212 4734 3481 4795 indicans
3534 4739 3692 4809 quod

2043 4824 2265 4899 regiam
2304 4826 2593 4883 familiam
2650 4826 3005 4898 praevenerit
3054 4823 3437 4897 praedicatio:
3497 4842 3691 4900 neque

2041 4912 2201 4969 enim
2220 4914 2633 4987 Philippenses
2656 4914 3016 4971 salutassent
3042 4913 3154 4971 nisi
3174 4913 3585 4971 credidissent.
3605 4917 3692 4974 Ad

2040 5003 2167 5059 hac
2197 5002 2257 5057 id
2290 5003 2468 5060 etiam
2500 5004 2690 5060 docet.
2725 5003 2786 5059 Si
2809 5003 2867 5059 hi
2892 5003 2994 5074 qui
3026 5002 3088 5058 in
3116 5003 3293 5074 regiis
3320 5011 3461 5062 sunt
3488 5008 3690 5063 omnia

2040 5097 2527 5165 contempserunt
2549 5102 2607 5148 et
2627 5094 2689 5149 in
2722 5092 3020 5150 Christum
3042 5091 3440 5160 crediderunt,
3467 5101 3684 5167 quanto

2040 5183 2226 5258 magis
2260 5201 2360 5240 vos
2395 5185 2496 5256 qui
2530 5198 2821 5256 pauperes
2852 5182 2997 5238 estis
3027 5183 3139 5239 hoc
3195 5183 3388 5240 facere
3431 5187 3678 5255 oportet.

2041 5296 2069 5325 ‹‹
2100 5274 2298 5330 Gratia
2329 5273 2564 5330 Domini
2597 5271 2784 5328 nostri
2814 5272 2951 5327 Jesu
2996 5272 3213 5330 Christi
3241 5289 3374 5329 cum
3406 5269 3682 5325 omnibus

2038 5363 2217 5420 vobis.
2264 5386 2290 5412 »ι
2322 5363 2488 5429 Quod
2520 5361 2631 5435 ipsi
2662 5361 2846 5418 moris
2877 5369 2986 5426 est,
3038 5363 3215 5417 etiam
3272 5375 3426 5415 nunc
3471 5373 3678 5428 preca-

2037 5453 2197 5509 tione
2230 5451 2533 5509 concludit
2559 5450 2906 5525 Epistolam.

2037 5555 2209 5622 Finis,
2265 5553 2452 5609 divino
2502 5557 2721 5623 favente
2767 5551 3001 5615 auxilio,
3052 5547 3309 5620 Epistolx
3349 5545 3422 5601 ad
3462 5546 3678 5619 Philip-

2752 5638 2965 5696 penses.

2108 5715 2337 5790 Scripta
2364 5724 2454 5775 est
2479 5716 2554 5774 ab
2585 5715 2729 5772 urbe
2760 5718 2944 5771 Roma
2959 5726 3063 5783 per
3093 5707 3575 5781 Epaphroditum.
