4038 6352
235 394 3482 464 W

1284 526 2433 731 HAYMONIS

1359 814 2015 907 HALBERSTATENSIS
2053 847 2355 906 EPlSCOPl

628 1033 1197 1149 OPERUM
1282 996 1853 1147 OMNIUM
1935 1026 2289 1143 PARS
2375 1021 3066 1141 SECUNDA.

972 1211 2811 1475 ΗθΜῇἦΧΒυΜθ

1796 1555 1948 1612 SlVE

229 1733 783 1836 CONCIONUM
836 1734 967 1835 AD
1018 1731 1403 1837 PLEBEM
1462 1733 1563 1832 IN
1618 1672 2178 1831 EVANGELIA
2220 1728 2348 1828 DE
2379 1726 2838 1829 TEMPOBE
2890 1726 3016 1824 ET
3075 1724 3489 1852 SANGTIS,

383 1916 943 1991 Quemadmodum
970 1916 1040 1979 in
1074 1915 1366 1980 ecclesiis
1404 1932 1517 1994 per
1554 1918 1760 1976 totum
1796 1929 2036 1974 annum
2069 1912 2371 1990 leguntur
2413 1927 2585 1972 nunc
2620 1911 2896 1989 primum
2934 1909 3323 1989 conjunctim

1651 2009 2054 2066 excusarum,

917 2155 1100 2213 PARS
1134 2154 1491 2222 UTRAQUE,
1531 2152 1667 2211 HOC
1703 2152 1835 2209 EST
1874 2151 2197 2209 HIEMALIS
2235 2150 2323 2207 ΕΤ
2360 2150 2767 2219 ESTIVALIS,

1236 2286 1409 2352 Quam
1437 2285 1554 2354 ﬁeri
1586 2284 1751 2352 potuit
1780 2280 2171 2352 diligentissime
2198 2280 2483 2335 elaborata.

225 2427 510 2507 Adjectas
539 2438 692 2487 sunt
727 2425 1018 2507 ejusdem
1051 2422 1404 2502 Haymonis
1435 2419 1718 2507 homilim
1755 2418 2001 2507 aliquot
2030 2416 2191 2488 aliae,
2227 2416 2295 2476 in
2326 2416 2646 2507 Epistolas
2678 2418 2754 2507 ξ).
2779 2415 2957 2507 Pauli
2989 2416 3286 2507 apostoli,
3318 2435 3485 2507 qua-

302 2494 562 2588 rum_in
618 2494 876 2588 templis
931 2520 1091 2566 usus
1130 2494 1885 2588 _ést,_escu.sae._antehac
1931 2511 2297 2588 nusquam.‘
2327 2494 2559 2588 Addita
2610 2494 3080 2588 estﬂpostremo
3130 2494 3485 2588 Baymonis

304 2581 594 2657 ejusdem
629 2571 895 2644 honiilia
930 2599 1055 2643 una
1091 2571 1432 2657 singularis
1459 2578 1533 2657 _in
1567 2574 1740 2635 illam
1772 2571 2245 2652 Apocalypseos
2284 2571 2625 2635 lectionem
2658 2595 2672 2634 :
2702 2571 2843 2635 Vidi
2866 2581 3138 2634 sanctam
3175 2571 3487 2636 civitatem

380 2659 729 2736 ierusalcm,
763 2666 922 2736 etc.;
960 2676 1079 2721 nec
1109 2654 1247 2737 ipsa
1278 2663 1423 2718 ante
1459 2654 1579 2715 hoc
1618 2660 1867 2731 tempus
1904 2668 2138 2711 excusa
2170 2668 2468 2728 usquam.

1194 2792 1446 2856 (Colonia,
1470 2802 1536 2842 ex
1557 2789 1748 2840 omeina
1770 2786 1972 2839 Joannis
1997 2786 2164 2849 Prael,
2188 2799 2315 2839 anno
2338 2787 2503 2852 1556.)

1634 2899 2024 2918 ——I_.

1170 2986 1731 3049 SPLENDIDISSIMO
1764 2983 2317 3052 DOCTISSIMOQUE
2360 2981 2522 3039 VIRO

1430 3144 1732 3194 UTRIUSQUE
1771 3142 1917 3183 JURIS
1951 3139 2287 3181 PERI'I‘ISSIIIO

1335 3269 1414 3330 D.
1460 3265 1950 3329 HIERONYMO
1996 3263 2377 3327 UNICORNI

232 3391 487 3449 Ecclesiae
515 3386 915 3460 metropolitano:
946 3387 1087 3460 apud
1128 3384 1679 3460 inclytamgoloniam
1710 3386 1969 3460 canonico
2001 3394 2049 3438 et
2073 3382 2420 3460 illustrissimi
2457 3381 2707 3454 principis
2749 3383 3122 3456 archiepiscopi
3162 3382 3487 3443 Coloniensis

1254 3455 1555 3511 consiliario
1579 3465 1732 3526 atque
1762 3457 1817 3509 in
1841 3454 2199 3526 spiritualibus
2234 3454 2457 3519 vicario,

1217 3608 1568 3671 JOANNES
1608 3607 1870 3669 PRAEL
1912 3605 2495 3669 TYPOGBAPHUS

1657 3744 1734 3821 S.
1814 3744 1909 3820 D.
1970 3743 2061 3819 P.

3030 3674 3051 3704 ι

299 3982 475 4049 Facit,
493 3981 578 4038 vir
602 3980 1038 4052 prudentissime,
1066 3979 1186 4050 pius
1218 3992 1458 4052 vereque
1484 3976 1804 4052 eandidis‘si-
1833 3981 1887 4042 Α
1911 3987 2112 4052 eretur.
2136 3978 2232 4034 Est
2259 3979 2401 4033 enim
2448 3981 2748 4052 amicorum
2774 3977 2986 4052 aliquot
3001 3993 3197 4052 opera,
3211 3980 3406 4051 quibus
3429 3994 3488 4040 et

230 4070 348 4112 mus
375 4049 759 4108 animus—tuus
793 4067 921 4123 erga
947 4049 1084 4123 bona
1106 4050 1301 4123 studia,
1346 4049 1477 4105 facit
1503 4056 1559 4123 et
1583 4049 1803 4123 tua_s_in-

232 4124 428 4197 gularis
473 4123 749 4197 diligentia
776 4122 848 4197 ‘in
863 4120 1090 4197 optimis
1119 4120 1430 4197 quibusque
1450 4120 1803 4188 scriptoribus

232 4190 631 4265 conquirendis,
656 4191 816 4265 ellicit
840 4190 963 4246 tuas
983 4192 1196 4265 demum
1220 4191 1271 4244 in
1296 4207 1381 4245 me
1406 4190 1575 4265 favor,
1600 4198 1657 4242 ut
1682 4205 1804 4258 par-

231 4265 325 4319 tim
345 4261 633 4320 communi
674 4263 975 4318 studiorum
1013 4262 1250 4325 nomine,
1292 4261 1487 4330 partim
1535 4272 1591 4313 et
1618 4270 1803 4315 nostra

232 4350 412 4397 causa,
455 4333 760 4388 existimem
805 4348 893 4388 me
938 4332 1159 4401 aliquid,
1190 4331 1276 4386 vel
1304 4332 1483 4401 potius
1512 4331 1802 4400 plurimum

233 4414 321 4460 tuo
371 4404 573 4458 nomini
606 4403 803 4459 debere
832 4422 845 4456 :
878 4402 971 4458 sed
1018 4404 1243 4464 utinam,
1282 4402 1649 4457 eruditissime
1678 4401 1804 4455 Hie-

230 4490 475 4545 ronyme,
500 4474 784 4545 hucusque
822 4489 929 4528 non
975 4482 1082 4526 tam
1109 4472 1601 4545 (lefuisse‘toceasio
1635 4480 1688 4545 et
1727 4471 1805 4525 fa-

232 4541 405 4600 cultas
420 4543 513 4598 tibi
534 4541 870 4613 gratiﬁcandi
899 4559 1058 4612 quam
1088 4557 1303 4614 semper
1326 4541 1803 4614 ﬂagrantissimum

232 4612 562 4671 desiderium
591 4616 696 4673 hoc
718 4614 899 4669 debito
922 4627 1029 4678 me,
1063 4629 1167 4667 non
1197 4613 1318 4667 dico
1341 4612 1601 4667 liberandi
1638 4612 1803 4682 (malo

230 4686 372 4742 enim
405 4686 508 4739 hoc
537 4685 755 4739 nomine
790 4685 887 4738 tibi
916 4698 1038 4738 esse
1073 4685 1382 4752 obnoxius),
1410 4685 1502 4737 sed
1532 4683 1720 4737 saltem
1750 4682 1802 4735 id

230 4755 324 4811 tibi
355 4756 637 4811 commode
680 4754 1022 4819 testiﬁcandi,
1052 4753 1180 4808 mihi
1208 4753 1380 4807 adfuit
1405 4770 1419 4806 :
1449 4761 1507 4806 ut
1535 4752 1803 4822 intelligas

231 4840 389 4895 quam
425 4825 633 4896 honesti
688 4823 847 4880 cilicii
887 4839 1083 4896 genere
1116 4823 1377 4896 plurimos
1424 4822 1679 4896 homines
1705 4821 1802 4876 tibi

230 4892 451 4951 clientes
471 4893 693 4960 etlieias,
721 4896 846 4949 dum
871 4892 1090 4949 causam
1116 4892 1435 4957 Studiorum,
1467 4902 1521 4947 et
1542 4892 1804 4947 studioso-

229 4981 368 5032 rum,
419 4973 698 5020 eteorum
750 4980 963 5035 quoque
1011 4979 1239 5035 quorum
1288 4979 1453 5034 opera
1499 4963 1802 5035 litterarum

231 5044 575 5091 monumenta
612 5034 856 5105 quotidie
880 5037 933 5089 in
952 5051 1143 5105 manus
1165 5034 1442 5088 hominum
1473 5034 1801 5105 distribuun-

231 5114 334 5170 tur,
363 5107 441 5161 sic
470 5103 711 5176 agas,'ut
731 5120 817 5176 me
840 5105 1020 5160 hercle
1042 5104 1234 5176 dignus
1254 5105 1328 5159 sis
1348 5105 1433 5159 cui
1460 5105 1529 5157 ab
1553 5103 1802 5158 omnibus

231 5177 400 5232 doctis
440 5187 497 5231 et
515 5175 686 5232 bonis
707 5175 841 5231 viris
871 5177 1044 5246 gratia
1068 5175 1334 5246 habeatur
1361 5189 1376 5229 ε
1416 5183 1470 5246 et
1497 5189 1525 5225 a
1557 5188 1799 5246 mequof

264 5264 329 5302 ue
360 5254 512 5302 tanto
537 5247 854 5315 impensius,
880 5244 1088 5315 quanto
1113 5245 1291 5299 minus
1328 5259 1435 5315 pra:
1458 5244 1655 5314 ingenii
1695 5244 1798 5297 mei

247 5315 673 5415 ‘ortunarumque
722 5316 1014 5386 exiguitate
1050 5331 1150 5386 ego
1205 5315 1496 5415 qpidquam
1543 5321 1798 5385 praestare
1830 5356 1873 5415 Β

247 5403 418 5415 ...ΑΛ-ν.
467 5403 573 5415 ι-..Λ
632 5396 740 5415 ιη...
766 5386 1031 5415 ,ηραν-ἔσεαι.
1065 5396 1152 5415 ι--η
1171 5386 1243 5415 2η,
1268 5387 1368 5415 ςηῖΛ
1396 5396 1588 5415 lanna-In
1616 5400 1792 5415 mnu-un

229 5400 442 5469 queam,
465 5388 609 5469 quod
632 5396 742 5469 tam
764 5386 1033 5456 exquisito
1065 5396 1154 5440 tuo
1162 5386 1380 5469 judicio
1396 5396 1588 5469 tuaque
1616 5400 1793 5469 rerum

227 5455 578 5527 amplitudine
617 5455 856 5526 dignum
883 5472 1002 5511 esse
1033 5455 1201 5527 possit
1235 5475 1248 5509 :
1279 5455 1451 5511 fretus
1490 5465 1667 5527 tamen
1704 5462 1794 5509 tua

227 5525 569 5582 humanitate
627 5525 694 5583 ac
746 5527 1028 5590 facilitate,
1076 5525 1266 5582 lubens
1314 5543 1379 5582 ea
1430 5525 1715 5581 occasione
1740 5527 1793 5580 in

224 5614 389 5669 quam
403 5614 546 5653 nunc
565 5598 907 5654 commodum
928 5596 1091 5669 incidi
1113 5605 1252 5660 utar,
1277 5606 1334 5651 ut
1352 5599 1454 5669 hoc
1473 5605 1629 5666 pacto
1650 5611 1795 5666 sym-

222 5666 407 5724 bolum
434 5669 649 5738 aliquod
690 5669 854 5723 animi
893 5668 999 5722 mei
1024 5683 1152 5738 erga
1175 5675 1227 5721 te
1247 5666 1450 5721 nomini
1485 5676 1577 5721 tuo
1600 5682 1791 5723 conse-

292 5815 321 5846 ι
362 5803 578 5860 Titulus
611 5804 864 5862 editionis
900 5818 1060 5874 quam
1096 5804 1388 5877 sequimur.
1415 5803 1572 5861 Enn.

463 5896 738 5958 Ριτιοι..
782 5896 1066 5961 CXVIII.

1910 4050 2050 4103 ratio
2095 4063 2273 4102 rerum
2319 4065 2561 4105 mearum
2593 4050 2753 4105 alicui
2784 4065 2928 4104 cura:
2962 4048 3081 4114 fuit,
3125 4048 3394 4117 ell‘ectum,
3427 4065 3487 4110 ut

1906 4120 1971 4174 D.
2006 4119 2212 4190 Haymo
2256 4121 2560 4190 episcopus,
2591 4120 2899 4177 luculentus
2927 4128 2981 4174 et
3030 4119 3312 4177 familiaris
3348 4125 3486 4183 scri-

1905 4199 2049 4260 ptor,
2082 4206 2144 4244 ac
2171 4191 2223 4244 in
2255 4191 2524 4265 theologia
2550 4190 2638 4245 illa
2659 4207 2793 4265 pura
2817 4200 2871 4245 et
2900 4207 3025 4245 vere
3050 4190 3349 4265 Christiana
3374 4194 3487 4265 (su-

1906 4275 2005 4330 pra
2058 4276 2218 4337 quam
2250 4264 2340 4337 ab_
2363 4262 2486 4337 talis
2513 4262 2693 4337 saeculi
2725 4262 3187 4337 viro_easpectari
3234 4262 3485 4337 debebat)

1906 4340 2171 4396 versatus,
2206 4333 2258 4385 in
2291 4333 2398 4386 divi
2431 4332 2579 4386 Pauli
2611 4332 2814 4402 aliquot
2838 4331 3125 4401 Epistolas,
3158 4342 3283 4390 tunc
3319 4335 3370 4388 in
3405 4331 3484 4389 loi-

1906 4417 2029 4456 cum
2070 4404 2353 4472 quemdam
2380 4404 2779 4473 Apocalypseos
2819 4403 2972 4457 nobis
3005 4406 3350 4459 excudendas
3376 4414 3483 4458 tra-

1907 4474 2126 4527 deretur
2170 4491 2182 4526 :
2231 4475 2373 4542 quod
2413 4475 2676 4543 scriptum
2717 4475 2809 4529 tibi
2843 4475 2861 4542 (
2892 4488 2951 4528 es
2981 4476 3122 4528 enim
3161 4492 3266 4528 non
3292 4475 3483 4529 leviter

1906 4543 2245 4614 doctusanec
2270 4559 2457 4613 parum
2508 4546 2561 4599 in
2602 4547 2705 4600 hoc
2754 4545 3052 4600 studiorum
3079 4559 3273 4614 genere
3298 4559 3481 4597 versa-

1907 4614 2014 4683 tus)
2060 4612 2214 4667 valde
2244 4612 2601 4682 probabitur;
2655 4615 2735 4670 sic
2782 4616 2926 4683 enim
2957 4612 3135 4667 audivi
3182 4615 3247 4667 de
3292 4614 3480 4668 amicis

1906 4679 2133 4807 auorum
2152 4679 2530 4741 adhortatione
2553 4679 2609 4741 et
2634 4679 2861 4740 consilio
2887 4687 2989 4737 hoc
3010 4698 3143 4751 opus
3170 4696 3198 4735 a
3226 4699 3309 4737 me
3321 4684 3478 4807 (prelo

1943 4763 2087 4807 atum
2118 4762 2218 4807 est.
2242 4758 2492 4807 omnibus
2512 4756 2757 4807 videlicet
2783 4753 2953 4807 doctis
2975 4752 3291 4807 sincereque
3366 4755 3478 4807 bri-

1946 4700 2133 4737 uorum
2152 4700 2530 4741 aanortauone
2553 4700 2609 4741 et
2634 4700 2861 4740 COI'ISIIIO
2887 4700 2989 4737 noc
3010 4700 3143 4751 opus
3170 4700 3198 4735 a
3226 4700 3309 4737 me
3369 4700 3478 4738 reto

1943 4763 2087 4807 atum
2118 4762 2218 4816 est,
2242 4758 2492 4811 omnibus
2512 4756 2757 4809 videlicet
2783 4753 2953 4807 doctis
2975 4752 3291 4822 sincereque
3321 4700 3478 4809 811ιεί-

1906 4825 2115 4887 stianis,
2150 4824 2277 4877 illud
2322 4827 2473 4879 valde
2521 4825 2861 4894 placiturum.
2906 4823 3090 4892 Itaque
3114 4839 3231 4878 eam
3260 4834 3481 4879 senten-

1904 4894 2034 4964 tiam
2066 4902 2124 4946 ut
2148 4908 2407 4961 sequerer
2430 4896 2642 4964 dignam
2675 4894 2966 4948 arbitratus
2985 4908 3127 4957 sum,
3164 4909 3227 4949 eo
3247 4909 3480 4964 praeser-

1905 4963 2000 5017 tim
2033 4971 2273 5087 temgore
2306 4981 2413 5035 quo
2460 4963 2628 5020 nostri
2656 4964 2854 5034 opilicii
2884 4963 3133 5018 tractatio
3163 4963 3304 5033 apud
3347 4981 3481 5019 non-

1905 5033 2079 5087 nullos
2109 5048 2141 5087 ο
2205 5035 2257 5087 id
2280 5035 2418 5087 male
2448 5036 2648 5087 audiat.
2682 5035 2825 5087 quod
2850 5050 2972 5087 cum
3006 5034 3225 5087 nassim.
3248 5049 3354 5087 non
3382 5035 3481 5087 ha-

1903 5048 2079 5087 DUIIOS
2109 5048 2141 5087 Ο

1903 5103 2016 5157 bito
2036 5118 2249 5176 magno
2280 5115 2525 5176 respectu
2562 5105 2834 5175 religionis
2858 5104 3199 5176 etimateriae,
3231 5104 3483 5176 quaelibet

1902 5174 2103 5246 passim
2135 5186 2189 5230 et
2222 5174 2446 5230 ubilibet
2471 5174 2864 5246 impriniantur;
2894 5174 2982 5228 illa
3025 5180 3206 5228 tamen
3246 5174 3480 5246 primum

1902 5245 2146 5313 Opiticem
2174 5247 2470 5310 inveniant,
2501 5245 2729 5315 quorum
2751 5245 2955 5299 lucrum
2989 5251 3236 5312 speratur
3257 5245 3479 5311 certius,

1902 5316 2063 5388 citius
2087 5326 2143 5388 et
2182 5317 2371 5386 majus.
2406 5317 2517 5388 Ego
2539 5327 2686 5371 certo
2716 5324 2773 5369 ut
2791 5315 3031 5388 pecuniae
3057 5329 3207 5388 spem
3230 5329 3479 5388 erepere

1901 5395 1953 5439 et
1986 5386 2118 5439 lucri
2150 5384 2519 5456 cupi—ditatem,
2561 5388 2625 5441 ad
2655 5387 2908 5440 tuendum
2932 5385 3130 5440 sta‘tum
3159 5384 3478 5439 familiarem

1903 5456 2183 5526 deprecari
2208 5473 2327 5511 cum
2357 5457 2459 5512 ﬁde
2487 5473 2714 5527 nequeo,
2738 5457 2812 5511 ita
2838 5456 3209 5527 vicissimﬁnon
3233 5456 3481 5527 concipio

1903 5541 2184 5582 succeSsus
2226 5527 2531 5597 opinionem
2559 5525 2622 5583 ex
2657 5528 2796 5582 malo
2821 5534 2915 5581 aut
2939 5526 3136 5591 inutili,
3169 5534 3260 5579 aut
3288 5525 3476 5597 infami

1902 5598 2150 5662 materia,
2174 5594 2386 5653 etiamsi
2416 5599 2597 5654 talium
2627 5599 2883 5654 mercium
2913 5598 3235 5651 tractatione
3259 5594 3474 5663 quidam

1904 5668 2037 5723 satis
2094 5666 2321 5724 feliciter
2342 5681 2619 5741 emergant
2669 5687 2683 5724 :
2738 5669 2868 5723 mihi
2897 5676 3044 5723 certe
3086 5679 3259 5734 neque
3286 5663 3478 5720 oblato

2205 5035 2257 5089 id
2280 5034 2418 5090 male
2448 5036 2648 5098 audiat,
2682 5035 2825 5103 quod
2850 5050 2972 5089 cum
3005 5034 3225 5103 passim,
3248 5049 3354 5088 non
3382 5035 3481 5090 ha-

2967 5896 3001 5963 ί
