4038 6352
411 439 419 446 ·
482 472 487 475 μ
530 417 591 470 Η
1151 404 1502 462 HAYMONIS
1539 399 2012 461 HALBERSTAT.
2057 398 2267 455 EPISC.
2327 397 2479 455 OPP.
2519 396 2698 452 PARS
2736 396 2801 451 ll.
2828 425 2888 437 -—
2925 395 3157 451 HOMIL.
3708 397 3774 447 ιιι
3844 374 3845 377 “

526 537 668 594 sunt,
700 541 800 584 nec
819 542 911 581 eas
942 538 1171 594 unquam
1202 521 1430 594 captavi.
1456 519 1661 594 Invenit
1687 526 1741 571 et
1770 526 2085 594 emptorem,
2115 520 2168 577 Α
2192 513 2314 594 beat
2348 529 2359 563 ε
2396 510 2585 594 deinde
2601 508 2755 594 lquor]
2793 522 3001 594 summo
3033 506 3519 594 st.udio,.quantum
3546 521 3579 587 a_
3604 521 3772 578 nego-

525 584 707 656 utiille
740 598 932 666 inquit,
978 584 1145 664 proba
1188 584 1357 666 ine-rx.
1388 591 1450 666 D.
1486 590 1688 666 Haymo
1713 584 2087 666 sepe’recttdi-

527 654 616 726 tur
652 678 705 723 et
733 654 1068 728 dislrahitilr,
1097 663 1294 716 emitur
1323 678 1351 714 a
1380 654 1582 723 doctis,
1614 666 1668 712 et
1689 654 1863 728 placet
1888 654 2040 728 bonis
2071 671 2083 705 :

525 720 807 818 iﬁqiié*
829 751 941 818 ego.
962 720 1177 818 aliquod
1200 746 1381 818 opera:
1406 720 1637 810 pretium
1674 720 1916 809 facturus
1947 720 2088 804 ξτὶᾶορ

523 794 637 868 ὦτ’
663 807 812 870 mihi,
846 794 893 859 si
930 805 1024 858 has
1055 794 1339 865 llomilias,
1375 794 1510 870 quas
1536 798 1781 870 sic_satis
1818 794 2090 870 castigate

526 865 753 948 scriptas
795 865 1082 948 ahamieis
1125 874 1264 927 dono
1299 865 1501 941 accepi,
1529 867 1680 939 prelo
1717 865 2021 948 tradercmn
2036 870 2092 916 et

528 932 657 1005 eum
680 948 846 1001 altero
874 944 1224 1000 Homiliarum
1260 932 1620 1011 opere'nuper
1647 950 1843 1011 excuso
1870 932 2089 1011 copula-

529 1003 638 1084 rem
666 1034 680 1082 ;
714 1017 779 1070 ad
810 1016 938 1069 illud
972 1014 1113 1068 enim
1143 1003 1542 1084 argumentum'
1568 1018 1622 1063 et
1672 1008 1756 1061 hae
1799 1003 2086 1084 quadram,

523 1073 864 1160 quas'tamen
896 1101 1003 1160 non
1047 1073 1253 1160 omnes,
1295 1082 1419 1160 quia
1448 1093 1534 1133 me
1566 1087 1786 1160 tempus
1818 1073 2089 1160 "nundina-

525 1142 647 1214 Eum
670 1157 911 1227 urgebat,
949 1153 1221 1208 absolvere
1238 1142 1415 1227 potui,
1437 1148 1635 1227 _statim
1666 1142 1798 1227 alias
1820 1142 2089 1223 prioribus

524 1210 801 1282 additurus
832 1244 843 1277 :
878 1210 1010 1293 quas
1042 1236 1224 1277 omnes
1247 1210 1369 1284 libi,
1399 1210 1479 1293 vir
1505 1210 1866 1293 ornatissime,
1900 1210 2089 1291 inscri-

523 1280 730 1354 bendas
761 1280 993 1366 judicavi
1024 1313 1037 1366 :_
1066 1293 1295 1366 primum
1321 1280 1795 1366 quadrespublica
1828 1280 2090 1366 litteraria

526 1351 583 1422 in
622 1351 997 1436 conquirendis
1027 1351 1391 1432 hujuscemodi
1435 1351 1598 1413 libris
1618 1356 1713 1410 tibi
1740 1354 1964 1407 multum
1993 1351 2089 1405 de-

2166 582 2279 648 gtiis
2334 579 2524 635 aulicis
2582 580 2755 638 datur,
2809 577 3110 648 hujusmoii
3152 577 3350 645 scripta
3382 577 3768 648 etscriptores

2191 650 2371 720 legis:
2417 658 2687 720 postremo
2708 658 2765 720 ut
2795 646 2969 720 aliqua
2991 656 3148 720 parte
3179 646 3593 720 magnitudinem
3624 654 3770 700 tuam

2192 715 2495 775 demererer
2520 717 2713 787 exiguo
2739 719 2838 770 hoc
2866 715 3113 775 oﬁieiolo,
3145 716 3236 787 sed
3271 717 3363 768 tibi
3390 716 3682 787 inprimis,
3711 725 3772 769 ut

2193 805 2368 863 spero,
2419 798 2589 857 grato.
2617 784 3009 863 Commendare
3026 786 3376 863 -_scriptorexn
3406 785 3454 838 ei
3490 786 3580 863 qui
3610 784 3771 854 longe

2194 855 2391 914 rectius
2426 855 2590 927 atque
2641 872 2739 926 ego
2784 858 2846 927 de
2875 870 2937 909 eo
2956 855 3220 927 judicare
3249 855 3768 927 posset._ridiculmn

2192 931 2485 983 arbitratus
2504 922 2655 989 sum,
2679 922 2784 978 nos
2808 924 2947 977 fama
2974 924 3253 993 scriptoris
3275 934 3327 976 et
3364 924 3655 977 amicorum
3675 922 3764 990 ju-

2196 999 2335 1053 dicio
2381 997 2619 1051 contenti
2655 995 2867 1048 fuimus;
2902 994 3098 1062 Accipe
3138 995 3297 1062 igitur
3333 994 3452 1057 hoc,
3494 994 3769 1046 humanis-

2196 1069 2330 1123 sime
2362 1067 2706 1136 Hieronyme,
2733 1064 2987 1132 quidquid
3017 1061 3098 1116 est
3137 1061 3316 1125 cilicii,
3363 1078 3459 1131 pro
3490 1062 3767 1136 luo_so_lito

2197 1137 2429 1193 candore
2471 1131 2888 1197 benevolenter,
2913 1148 3084 1200 neque
3131 1145 3391 1201 quantum
3426 1148 3525 1200 ego
3581 1131 3632 1184 in
3664 1131 3767 1183 hoc

2196 1209 2395 1262 donare
2425 1205 2595 1275 potui,
2624 1206 2996 1275 sedquautum
3016 1202 3120 1275 ille
3143 1202 3232 1270 qui
3263 1204 3493 1275 donatur
3513 1201 3769 1268 prodesse

2196 1285 2376 1347 queat,
2401 1271 2657 1347 expende.
2684 1271 2822 1347 _V’al_e_
2839 1313 2854 1338 ,
2880 1288 2959 1347 _ac
2997 1273 3085 1347 diu
3111 1281 3160 1347 te
3190 1273 3346 1347 nobis
3369 1271 3618 1325 Christus
3644 1282 3769 1325 ser-

2196 1341 2299 1401 vet.
2343 1341 2576 1402 Colonia:
2604 1342 2854 1397 Kalendis
2877 1342 3184 1397 Decembris
3214 1341 3367 1395 1556.

541 1523 3753 1572 _________________________________.__.______—.._——..

1528 1709 1994 1791 HO‘MILIIE
2069 1705 2198 1783 DE
2270 1698 2772 1779 TEMPOBE.

1785 1890 2166 1905 ρ*-

1030 2021 1309 2079 HOMILIA
1357 2020 1588 2075 PRIMA.

915 2153 1164 2194 υοιιιΝιοΑ
1202 2151 1362 2189 ΡΒΙΙΛ
1401 2146 1695 2187 ADVENTUS.

602 2300 619 2332 ι
662 2278 899 2348 (Mum.
918 2271 1055 2341 xxi.)
1073 2271 1127 2324 lu
1143 2269 1232 2323 illo
1254 2276 1514 2336 tempore,
1540 2278 1662 2319 cum
1676 2260 2096 2332 appropinquas-

531 2391 548 2422 ‹
584 2378 663 2425 set
690 2366 886 2441 (Jesus)
916 2358 1317 2431 Hierosolymis,
1354 2365 1406 2409 et
1431 2354 1665 2409 venisset
1695 2352 1999 2422 Bethphage
2030 2348 2097 2401 ad

529 2485 546 2516 ε
586 2471 820 2518 montem
849 2455 1061 2519 Oliveti,
1092 2473 1110 2506 ›
1156 2460 1209 2506 et
1239 2450 1467 2518 reliqua.
1506 2446 1620 2501 Non
1663 2444 1834 2500 solum
1858 2458 2017 2512 opera
2042 2448 2097 2494 et

524 2556 750 2607 virtutes
770 2564 904 2618 quas
934 2545 1054 2601 fecit
1080 2543 1333 2598 Dominus
1359 2540 1517 2610 plena
1539 2546 1665 2592 sunt
1683 2535 1979 2607 mysteriis,
2003 2533 2097 2586 sed

523 2646 685 2699 etiam
703 2644 816 2712 ipsa
837 2640 972 2701 loca,
990 2637 1041 2690 in
1064 2636 1256 2705 quibus
1273 2634 1453 2688 docuit
1470 2631 1553 2685 vel
1572 2627 1985 2699 perambulavit,
2007 2625 2099 2680 ali-

525 2736 735 2805 quoties
758 2748 787 2786 a
818 2728 1088 2801 mysteriis
1108 2741 1276 2781 vacua
1301 2740 1405 2779 non
1430 2731 1554 2778 sunt
1574 2722 1862 2783 credenda,
1879 2720 2018 2789 quod
2044 2720 2096 2772 in

525 2824 745 2881 exordio
774 2822 930 2892 hujus
971 2818 1217 2875 lectionis
1241 2816 1639 2886 comprobatur,
1662 2826 1783 2867 cum
1813 2810 2096 2880 appropin-

524 2930 696 2987 quans
721 2912 974 2967 Dominus
996 2905 1403 2978 Hierosolymis,
1432 2904 1664 2973 primum
1701 2902 1913 2954 venisse
1942 2898 2098 2952 Beth-

524 3007 695 3075 phage
720 3005 773 3057 in
814 3010 1051 3056 montem
1082 2998 1271 3052 Oliveti
1301 2995 1515 3051 dicitur.
1546 2992 1698 3049 Mons
1733 2991 1876 3046 enim
1905 2988 2098 3044 Oliveti

525 3114 631 3151 non
673 3096 829 3164 longe
853 3093 919 3148 ab
946 3089 1276 3145 Hierusalem
1300 3087 1484 3150 distat,
1514 3100 1667 3140 mons
1709 3082 2011 3136 uberrimus
2044 3086 2099 3133 et

525 3191 771 3252 decorus,
804 3184 1089 3240 arboribus
1130 3182 1339 3244 insitus,
1388 3188 1441 3234 et
1486 3178 1717 3231 maxime
1748 3174 2032 3236 olivarum,
2065 3188 2095 3226 a

524 3280 716 3349 quibus
760 3285 816 3332 et
839 3290 1031 3331 nomen
1062 3273 1288 3342 accepit.
1331 3271 1389 3324 ln
1419 3271 1569 3339 cujus
1592 3268 1760 3321 latere
1788 3266 2097 3335 Bcthphage

523 3369 792 3440 quondam
842 3365 1051 3421 viculus
1082 3363 1418 3419 sacerdotum
1456 3358 1586 3424 fuit,
1614 3358 1703 3412 ubi
1728 3356 1929 3411 hostias
1958 3369 2092 3424 prae-
2121 3362 2168 3425 ε
2200 3361 2336 3421 idem
2396 3361 2705 3433 Αροειοιηε,
2755 3373 2878 3413 cum
2926 3356 3137 3411 diccbat
3185 3368 3199 3406 ε

522 3464 787 3534 parabant
815 3474 949 3530 quas
971 3460 1023 3513 in
1041 3457 1235 3527 templo
1265 3453 1476 3508 Domini
1502 3451 1732 3507 oblaturi
1761 3459 1938 3505 erant.
1973 3449 2096 3515 Spi-

524 3554 752 3609 ritaliter
775 3559 952 3606 autem
1002 3563 1153 3603 mons
1192 3545 1383 3602 Oliveti
1416 3542 1698 3598 Dominum
1727 3538 1909 3594 Jesum
1945 3537 2101 3592 Chri-

524 3654 665 3698 stum
689 3639 978 3710 siguiﬁcat,
1004 3638 1093 3706 qui
1120 3645 1201 3690 est
1229 3650 1383 3688 mons
1426 3629 1783 3702 pinguedinis,
1812 3644 1965 3682 mons
1996 3628 2097 3681 mi-

524 3732 849 3795 sericordiae,
876 3728 1131 3798 quoniam
1158 3723 1572 3781 misericorditer
1609 3735 1775 3792 genus
1807 3719 2099 3773 lmmanum

526 3827 789 3880 redimere
814 3822 961 3877 venit
992 3838 1003 3873 :
1036 3820 1159 3889 quia
1186 3818 1325 3878 ἔλεος
1352 3815 1560 3879 Graece,
1591 3814 1778 3868 Latine
1808 3812 2100 3866 misericor-

525 3920 613 3971 dia
660 3918 1061 3984 interpretatur.
1092 3910 1187 3964 Hic
1228 3917 1310 3963 est
1338 3908 1478 3961 enim
1510 3905 1598 3961 ille
1622 3919 1775 3959 mons
1797 3904 1861 3958 de
1878 3917 1985 3972 quo
2005 3915 2100 3971 per

2153 2998 2347 3057 .Pauli
2396 2996 2626 3053 dicentis
2678 3015 2689 3049 :

2310 1884 2509 1898 “-

2125 2010 2254 2074 Bel
2284 2019 2407 2060 vera
2440 2014 2521 2059 est
2556 2016 2656 2071 pax
2688 2000 2753 2054 de
2778 1998 2984 2053 visione
3012 1995 3339 2057 Conditoris.
3375 1994 3601 2050 Pulchre
3638 2010 3766 2067 ergo

2202 2097 2453 2151 Dominus
2502 2107 2621 2146 cum
2683 2087 3049 2158 Hierosolyma
3100 2085 3289 2150 tendit,
3342 2083 3650 2155 Bethphage
3703 2087 3770 2140 ad

2198 2193 2434 2240 montem
2461 2181 2656 2238 Oliveti
2700 2179 2913 2235 venisse
2943 2177 3287 2240 describitur,
3322 2176 3444 2244 quia
3479 2177 3654 2230 omnis
3680 2176 3771 2246 qui

2196 2279 2262 2332 ad
2292 2278 2554 2331 visionem
2581 2287 2824 2342 superna:
2854 2270 3001 2340 pacis
3020 2269 3202 2323 venire
3227 2267 3519 2330 desiderat,
3551 2281 3773 2322 necesse

2196 2379 2279 2425 est
2318 2366 2561 2438 inprimis
2609 2364 2891 2418 Dominum
2958 2359 3138 2415 Jesum
3191 2357 3465 2412 Christum
3508 2365 3561 2410 et
3610 2357 3773 2411 corde

2197 2460 2399 2523 credat,
2431 2466 2485 2511 et
2513 2471 2605 2509 ore
2637 2452 2959 2508 conﬁteatur
3004 2468 3015 2502 :
3063 2457 3117 2505 et
3159 2446 3298 2502 sicut
3336 2445 3642 2516 Bethphage
3683 2460 3775 2500 sa-

2197 2550 2442 2605 cerdotes
2474 2545 2682 2602 hostias
2722 2541 3098 2612 pratparabant
3140 2546 3195 2593 et
3233 2538 3615 2601 emundahant,
3639 2551 3774 2605 quas

2199 2641 2253 2694 in
2294 2639 2491 2709 templo
2540 2636 2747 2691 Domini
2802 2643 2955 2688 erant
2986 2626 3235 2695 oblaturi,
3290 2631 3359 2683 ita
3410 2628 3774 2698 unusquisque

2201 2729 2369 2783 ﬁdelis
2411 2729 2461 2781 in
2488 2726 2735 2796 praesenti
2769 2723 3011 2778 Ecclesia
3039 2721 3104 2775 ab
3129 2720 3373 2775 omnibus
3402 2720 3546 2774 vitiis
3571 2729 3625 2773 et
3650 2734 3775 2788 pec-

2197 2820 2333 2874 catis
2357 2832 2450 2888 per
2476 2819 2615 2871 bona
2642 2830 2803 2884 opera
2840 2830 2898 2869 se
2928 2813 3209 2883 puriﬁcare
3230 2812 3408 2875 debet,
3440 2820 3496 2863 ut
3522 2821 3768 2881 accepta-

2199 2909 2320 2964 bilis
2372 2909 2544 2963 hostia
2585 2907 2694 2960 Deo
2743 2905 3031 2974 ﬁat,juxta
3082 2902 3497 2956 admonitionem
3550 2899 3777 2969 apostoli

2746 3015 2764 3047 ι
2809 2995 3044 3051 Obsecro
3084 3008 3179 3047 vos
3213 3008 3309 3061 per
3353 2989 3778 3045 misericordiam

2196 3090 2289 3144 Dei
2320 3097 2377 3142 ut
2405 3085 2706 3142 exhibeatis
2746 3098 2972 3153 corpora
3005 3091 3179 3136 vestra
3224 3081 3453 3133 hostiam
3485 3079 3773 3145 viventem,

2197 3190 2467 3243 sanctam,
2520 3177 2628 3232 Deo
2711 3177 3027 3247 placentem,
3084 3171 3397 3225 rationabile
3454 3170 3773 3238 obsequium

2198 3285 2433 3330 vestrum
2488 3272 2659 3342 (Rom.
2718 3269 2835 3338 xu).
2882 3286 2900 3318 ι
2936 3265 3117 3320 Talem
3164 3264 3391 3318 hostiam
3437 3263 3778 3331 praeparabat

3253 3372 3272 3403 ι
3324 3351 3538 3422 Castigo
3581 3365 3780 3419 corpus

2205 3473 2383 3511 meum
2432 3464 2486 3509 et
2528 3456 2585 3508 in
2632 3451 2943 3507 servitutem
2971 3447 3172 3517 redigo,
3210 3459 3277 3499 ne
3309 3445 3464 3508 forte,
3504 3458 3624 3497 cum
3660 3442 3781 3496 aliis

2200 3545 2623 3619 praedicaverim,
2678 3543 2791 3609 ipse
2826 3538 3092 3608 reprobus
3132 3534 3332 3589 emciar
3360 3533 3408 3599 (Ι
3453 3530 3574 3584 Cor.
3611 3532 3710 3589 ιι).
3754 3549 3775 3581 ι

2274 3659 2293 3691 ‹
2339 3636 2487 3692 Tunc
2502 3634 2647 3688 misit
2670 3633 2803 3687 duos
2829 3627 3116 3697 discipulos
3144 3639 3289 3687 suos,
3328 3623 3513 3677 dicens
3538 3622 3616 3677 eis
3646 3642 3657 3674 :
3695 3623 3774 3677 Ite

2204 3750 2224 3783 ‹
2259 3730 2310 3784 in
2330 3726 2605 3785 castellum
2625 3722 2765 3793 quod
2790 3728 2979 3775 contra
3003 3731 3097 3769 vos
3117 3723 3220 3768 est.
3259 3733 3277 3764 ι
3306 3711 3669 3781 Spiritualiter
3690 3727 3781 3766 au-

2202 3832 2307 3877 tem
2339 3823 2443 3875 duo
2481 3814 2724 3884 discipuli
2774 3812 2863 3881 qui
2894 3810 2947 3864 in
2976 3805 3252 3862 castellum
3288 3804 3592 3868 mittuntur,
3643 3804 3779 3859 duos

2197 3910 2416 3965 ordines
2445 3906 2750 3978 signiﬁcant
2794 3900 3227 3972 praedicatorum,
3260 3910 3488 3963 quorum
3532 3911 3670 3949 unus
3712 3896 3779 3950 ad

524 4010 714 4066 Isaiam
770 4007 1084 4077 prophetam
1141 4001 1336 4055 dicitur
1382 4016 1395 4052 :
1434 4017 1452 4048 ι
1482 3998 1548 4051 Et
1576 3997 1677 4050 erit
1710 3996 1761 4049 in
1793 3992 2105 4048 novissimis
2184 4000 2499 4057 δυάτηοιιιιηι
2522 3994 2799 4065 populum,
2849 3991 2985 4044 alter
3014 4002 3144 4042 vero
3181 3988 3245 4040 ad
3268 3987 3508 4056 gentium
3538 3986 3777 4039 destina.

526 4102 714 4156 diebus
759 4105 1093 4169 prieparatus
1133 4106 1287 4146 mons
1317 4090 1506 4144 domus
1557 4087 1763 4141 Domini
1806 4086 1857 4139 in
1900 4084 2099 4137 vertice

528 4191 810 4255 montium,
873 4197 928 4242 et
971 4184 1266 4241 elevabitur
1311 4196 1471 4250 super
1522 4178 1704 4241 colles,
1748 4185 1802 4229 et
1853 4173 2098 4228 sublimis

525 4288 629 4341 erit
664 4284 819 4338 valde
853 4280 988 4353 (Im.
1037 4278 1119 4349 ιι).
1169 4296 1188 4329 ι
1220 4274 1287 4331 Et
1332 4272 1517 4328 Daniel
1550 4291 1561 4326 :
1604 4280 1655 4323 «Α
1672 4268 1784 4324 Vidi
1814 4266 2094 4337 prmcisum

526 4378 756 4448 lapidem
786 4376 853 4429 de
889 4379 1071 4428 monte
1099 4370 1215 4425 sine
1235 4364 1497 4429 manibus,
1539 4363 1626 4432 qui
1658 4358 1826 4415 crevit
1852 4358 1903 4409 in
1940 4368 2094 4408 meno

532 4444 638 4524 tein
668 4480 940 4538 magnum,
967 4473 1025 4520 et
1051 4460 1297 4532 implevit
1323 4465 1492 4513 totam
1531 4463 1728 4510 terram
1760 4448 1920 4521 (Dan.
1952 4444 2030 4515 ιι).
2071 4463 2089 4495 ι

527 4536 836 4627 Βυιιιρῂθέθ
860 4564 1060 4617 autem,
1091 4567 1211 4622 qua:
1240 4551 1421 4603 domus
1449 4547 1619 4600 bucca:
1648 4542 1731 4595 vel
1758 4536 2095 4592 maxillarum

529 4654 932 4719 interpretatur,
962 4643 1229 4715 signiﬁcat
1274 4639 1588 4698 Ecclesiam,
1614 4647 1732 4701 qum
1768 4630 1884 4683 sine
1926 4627 2096 4680 inter-

2201 4102 2284 4145 tus
2321 4096 2423 4143 est.
2474 4087 2618 4152 Quos
2663 4080 2966 4152 specialiter
2990 4076 3210 4133 Petrum
3244 4084 3298 4130 et
3331 4073 3555 4129 Paulum
3600 4088 3783 4128 susce—

2198 4181 2338 4249 pisse
2363 4175 2705 4231 manifestum
2726 4181 2833 4236 est,
2861 4178 2995 4225 teste
3013 4167 3270 4237 Apostolo
3297 4184 3307 4217 :
3352 4184 3369 4215 ι
3404 4163 3507 4241 Qui
3528 4171 3780 4233 cperatus
3856 4192 3859 4197 π

2195 4279 2278 4326 est
2304 4270 2462 4322 Petro
2492 4268 2546 4320 in
2580 4263 2934 4335 apostolatum
2958 4256 3407 4320 circumcisionis,
3429 4263 3680 4325 operatus
3696 4261 3785 4309 ese

2195 4371 2247 4415 et
2279 4360 2407 4415 mihi
2438 4359 2577 4414 inter
2599 4365 2784 4429 gentes
2821 4352 3023 4423 (Galat.
3052 4356 3136 4421 ιι).
3178 4369 3195 4401 ι
3237 4348 3396 4402 Juxta
3429 4347 3664 4400 litteram
3696 4360 3787 4399 se:

2195 4450 2428 4506 cundum
2462 4448 2745 4519 quosdam,
2775 4445 2970 4499 Petrus
2995 4450 3050 4496 et
3088 4439 3366 4508 Philippus
3393 4434 3558 4489 fuisse
3594 4435 3779 4489 dicun-

2197 4553 2323 4608 tur,
2362 4557 2428 4597 eo
2466 4540 2609 4610 quod
2641 4536 2919 4605 Philippus
2956 4531 3215 4588 Samaria:
3246 4523 3647 4597 pnedieaverit,
3688 4538 3782 4578 no-

2198 4650 2317 4690 men
2376 4631 2638 4689 Samariae
2693 4629 2873 4682 Asiam
2920 4626 3356 4693 interpretantes.
3408 4614 3617 4675 Aliter,
3674 4614 3789 4669 duo

531 4736 784 4794 miSsione
804 4753 887 4801 os,
912 4735 1051 4805 quod
1075 4733 1230 4802 vulgo
1260 4731 1423 4783 bucca
1448 4724 1658 4779 dicitur.
1687 4720 1737 4772 in
1760 4714 2095 4771 confessione

2200 4726 2446 4797 discipuli
2476 4738 2610 4795 quos
2635 4729 2759 4775 ante
2778 4733 2835 4773 se
2856 4716 3115 4771 Dominus
3142 4706 3416 4781 przemisit,
3448 4702 3779 4757 intellectum

532 4829 741 4885 Domini
788 4835 1028 4896 apertum
1072 4823 1271 4885 habet,
1330 4818 1513 4872 dicens
1572 4827 1693 4867 cum
1734 4808 2017 4863 Psalmista
2079 4826 2093 4859 :

537 4941 553 4972 ε
592 4922 1034 4987 Praeoecupemus
1081 4913 1272 4966 faciem
1316 4907 1430 4975 ejus
1470 4905 1523 4957 in
1573 4901 1928 4960 confessione,
1960 4906 2014 4951 et
2043 4897 2097 4951 in

534 5010 751 5085 psalmis
770 5006 1060 5075 jubilemus
1087 5001 1134 5055 ei
1162 4996 1330 5070 (Psal.
1362 4993 1524 5061 χειν).
1564 5011 1581 5042 ›
1618 4988 1943 5059 Spiritaliter
1968 5000 2099 5042 vero

533 5081 717 5155 eadem
755 5094 993 5151 Ecclesia
1020 5108 1050 5146 a
1074 5089 1183 5144 Deo
1222 5083 1458 5139 reficitur
1487 5096 1549 5136 ac
1571 5081 1826 5150 pascitur,
1857 5091 1976 5145 qua:
2001 5091 2100 5145 po-

533 5199 639 5245 test
661 5188 839 5242 dicere
875 5199 995 5239 cum
1033 5179 1297 5246 Pmpheta
1331 5191 1343 5226 :
1381 5192 1398 5223 ‹
1435 5173 1690 5228 Dominus
1719 5168 1890 5239 pascit
1915 5180 2020 5229 me,
2048 5174 2104 5220 et

536 5283 667 5340 nihil
686 5276 1020 5338 mihidleerit,
1058 5292 1079 5322 1
1107 5278 1161 5324 et
1187 5269 1389 5337 reliqua
1422 5264 1594 5338 (Paul.
1624 5266 1777 5333 xx").
1807 5262 1946 5314 Bene
1976 5274 2105 5328 ergo

534 5376 845 5445 Bcthphage
866 5372 920 5424 in
944 5367 1110 5421 latere
1134 5363 1330 5418 montis
1370 5361 1563 5418 Oliveti
1585 5374 1701 5414 esse
1729 5358 1944 5420 dicitur,
1979 5356 2103 5424 quia

537 5467 606 5522 de
632 5465 800 5519 latere
820 5458 1020 5516 Christi
1051 5454 1328 5525 pendentis
1360 5454 1412 5506 in
1435 5467 1594 5507 cruce
1621 5448 1859 5504 Ecclesia
1878 5447 2107 5501 formata

540 5564 645 5620 est,
682 5551 897 5624 quando
936 5562 1073 5601 unus
1097 5544 1323 5599 militum
1359 5544 1543 5599 lancea
1568 5542 1707 5595 latus
1728 5540 1845 5610 ejus
1874 5537 2106 5607 aperuit,

541 5656 599 5703 et
644 5643 896 5701 continuo
930 5637 1095 5691 exivit
1133 5635 1348 5706 sanguis
1399 5631 1802 5701 redemptionis,
1859 5636 1915 5683 et
1971 5641 2109 5696 aqua

542 5731 1239 5807 baptismatis.Hierusalem
1261 5730 1475 5799 quippe,
1499 5742 1619 5796 qua:
1641 5726 1766 5780 visio
1792 5725 1933 5793 pacis
1948 5723 2111 5777 inter-

544 5837 803 5899 pretatur,
836 5824 1108 5882 cwlestem
1154 5822 1383 5895 patriam
1424 5818 1710 5891 signiﬁcat,
1765 5817 1853 5870 ubi
1903 5829 2111 5870 summa

2203 4828 2258 4874 et
2296 4794 2663 4889 operationem
2718 4808 3024 4880 significant
3067 4821 3079 4856 :
3128 4798 3250 4871 quia
3290 4794 3658 4863 unusquisque
3687 4794 3779 4863 qui

2205 4882 2438 4978 regimen
2471 4900 2901 4959 ecclesiasticum
2929 4890 3235 4960 assumpsit,
3269 4896 3324 4941 et
3347 4892 3674 4956 potestatem
3710 4882 3780 4936 li-

2205 4972 2363 5068 gandi
2412 5003 2573 5062 atque
2617 4985 2879 5049 solvendi,
2938 4980 3155 5052 expedit
3182 4977 3232 5031 ei
3274 4983 3333 5030 ut
3380 4972 3687 5028 intellectus
3726 4980 3785 5027 et

2206 5064 2445 5154 operatio
2488 5078 2754 5151 praecedat
2785 5094 2797 5128 :
2832 5074 2956 5143 quia
3005 5085 3170 5125 unmn
3202 5067 3404 5135 absque
3430 5064 3597 5118 altero
3631 5078 3781 5118 sum-

2208 5188 2353 5228 mum
2378 5181 2536 5240 atque
2561 5166 2886 5239 praecipuum
2914 5161 3054 5230 apud
3085 5158 3395 5214 Creatorem
3419 5170 3539 5211 esse
3564 5168 3668 5208 non
3690 5167 3784 5221 po-

2212 5270 2335 5324 test,
2356 5261 2445 5328 qni
2471 5259 2605 5313 dixit
2625 5253 2905 5324 discipulis
2924 5251 3037 5305 suis
3057 5267 3069 5303 :
3096 5267 3115 5299 (
3137 5247 3301 5302 Scitis
3314 5247 3450 5309 haec,
3465 5243 3605 5299 beati
3630 5242 3791 5297 eritis

2213 5353 2256 5409 si
2296 5350 2531 5405 feceritis
2562 5362 2624 5403 ea
2665 5345 2845 5417 (Joun.
2890 5350 3032 5413 xm).
3073 5361 3091 5393 ι
3126 5339 3367 5395 Primum
3398 5349 3525 5406 ergo
3551 5332 3784 5404 discipu-

2214 5444 2250 5498 li
2279 5442 2606 5515 praacedunt,
2632 5446 2818 5508 postea
2858 5434 3014 5491 Jesus
3043 5433 3306 5503 sequitur,
3350 5427 3475 5497 quia
3503 5424 3568 5479 ad
3596 5439 3785 5481 eorum

2210 5535 2368 5590 corda
2418 5531 2676 5587 Dominus
2702 5528 2872 5593 venit,
2907 5526 2998 5596 qui
3029 5523 3361 5579 intellectum
3384 5524 3531 5573 recte
3560 5516 3773 5572 oroden.

2210 5627 2288 5693 di,
2336 5635 2389 5681 et
2432 5623 2797 5695 operationem
2846 5619 2984 5675 bene
3030 5612 3240 5669 vivendi
3297 5609 3517 5672 habent,
3572 5606 3791 5663 dicente

2214 5715 2492 5785 Scriptura
2524 5732 2536 5767 :
2573 5734 2591 5765 ι
2628 5711 2936 5767 Intellectus
2962 5707 3133 5761 bonus
3166 5699 3417 5756 omnibus
3465 5695 3785 5752 facientibus

2213 5824 2334 5865 eum
2369 5826 2381 5862 :
2421 5807 2655 5862 laudatio
2690 5805 2807 5875 ejus
2834 5808 3016 5857 manet
3037 5798 3090 5851 in
3120 5794 3373 5851 saeculum
3402 5790 3580 5847 saeculi
3609 5786 3781 5858 (Psal.
