4038 6352
264 420 333 479 ιε
1432 367 1436 371 ’
1476 411 1779 471 HOMILhE
1820 412 1845 464 ι

1948 406 2291 465 TEMPORE.
2414 368 2419 374 ’
3436 404 3502 460 ιι

258 536 370 607 ex).
424 555 444 586 ι
494 534 781 592 Castellum
829 541 1006 588 autem
1053 532 1119 586 ad
1163 531 1304 600 quod
1344 529 1647 601 mittuntur,
1676 525 1831 593 juxta
1857 522 2268 593 ASynagogam
2317 516 2714 591 praedicandum
2760 532 2854 576 eos
2910 517 3219 584 destinavit,
3270 518 3500 574 dicens:

258 629 496 683 litteram
519 626 849 682 Hierusalem
889 625 1159 680 civitatem
1195 620 1541 691 intelligimus
1558 659 1571 685 ,
1599 632 1695 673 nec
1721 617 1835 671 cui-

257 732 419 788 quam
450 719 743 774 absurdum
775 718 932 773 debet
961 715 1149 777 videri,
1206 714 1252 769 si
1296 713 1425 767 urbs
1455 710 1599 781 regia
1638 708 1834 765 castel-

256 812 364 864 lum
409 811 742 872 nominatur,
771 809 895 877 quia
925 822 1055 861 usus
1094 804 1386 874 Scriptum
1413 809 1514 866 est,
1554 798 1837 868 aliquando

257 899 544 954 castellum
573 912 689 969 ,ιιι-ο
720 898 957 963 civitate,
986 904 1040 951 et
1065 895 1334 950 civitatem
1376 906 1474 962 pro
1499 890 1719 946 castello
1745 903 1839 944 vo-

255 996 401 1046 e'are.
453 988 783 1059 Spiritaliter
819 994 1000 1041 autem
1036 974 1315 1041 castellum
1346 980 1413 1036 ad
1441 981 1585 1053 quod
1613 979 1834 1034 mittun-

259 1091 368 1149 tur,
392 1082 656 1137 mundum
684 1079 968 1150 signiﬁcat,
1002 1079 1143 1149 quod
1185 1084 1372 1133 contra
1395 1088 1489 1131 eos
1512 1075 1677 1129 fuisse
1704 1073 1837 1127 diei-

257 1182 363 1239 tur,
387 1174 521 1244 quia
548 1172 605 1227 in
629 1170 850 1228 exordio
868 1168 1265 1239 pradieationis
1282 1166 1513 1221 mundus
1533 1178 1717 1219 eorum
1749 1163 1839 1218 do-

256 1266 448 1320 ctrinae
497 1271 727 1319 conatus
767 1269 851 1317 est
880 1260 1151 1324 resistere,
1194 1258 1334 1312 sicut
1379 1253 1635 1324 apostolis
1669 1250 1839 1307 Judaei

257 1354 519 1407 dixerunt
553 1370 565 1406 :
610 1371 628 1403 c
661 1353 735 1406 De
764 1359 906 1406 secta
937 1356 1117 1405 autem
1139 1349 1242 1404 hac
1266 1347 1529 1410 novimus,
1558 1345 1698 1414 quod
1724 1343 1841 1397 ubi-

256 1460 360 1515 que
383 1445 434 1499 ei
458 1444 850 1499 contradicitur
872 1443 1008 1514 (Act.
1031 1440 1246 1508 xxviii).
1279 1458 1299 1491 ι
1325 1438 1427 1506 Qui
1462 1445 1516 1493 et
1536 1437 1603 1492 ab
1629 1444 1840 1505 aposto-

257 1533 321 1588 lis
349 1533 773 1603 improperando
825 1532 1109 1586 audierunt
1141 1548 1154 1584 :
1192 1547 1211 1579 ι
1254 1528 1410 1583 Vobis
1434 1528 1650 1597 quidem
1677 1538 1838 1595 opor-

259 1624 359 1676 tuit
389 1623 628 1691 primum
659 1620 801 1690 loqui
838 1621 1061 1675 verbum
1085 1618 1199 1685 Dei,
1236 1622 1330 1672 sed
1353 1616 1477 1686 quia
1501 1614 1757 1684 repellitis
1779 1613 1842 1667 il—

257 1713 368 1778 iud,
394 1722 452 1767 et
478 1713 725 1782 indignos
746 1726 841 1765 vos
858 1709 1111 1779 judicatis
1138 1717 1350 1762 aeternae
1379 1708 1522 1770 vitm,
1561 1720 1687 1760 ecce
1712 1719 1840 1759 eon-

256 1810 527 1862 vertimur
547 1808 614 1861 ad
635 1812 820 1878 gentes
844 1804 978 1874 (Act.
1012 1803 1153 1872 χιιι).
1184 1821 1205 1855 ι
1237 1799 1390 1867 Quod
1417 1808 1592 1853 autem
1616 1798 1839 1868 subjun-

1942 620 1975 665 ο·
1994 612 2052 666 in
2075 612 2214 667 viam
2243 611 2481 682 gentium
2511 624 2579 665 ne
2603 610 2861 675 abieritis,
2883 610 3009 664 etin
3040 609 3285 664 civitates
3316 607 3505 664 Sama-

1935 706 2235 761 ritanorum
2264 718 2330 759 ne
2351 702 2700 767 intraveritis,
2728 704 2818 757 sed
2845 703 3020 771 potius
3040 702 3112 756 ite
3141 701 3206 755 ad
3231 715 3359 756 oves
3384 716 3507 771 qua:

1936 796 2212 868 perierunt
2234 795 2423 851 domus
2444 793 2608 850 lsrael
2637 791 2849 863 (Matth.
2868 795 2946 863 ιι).
2982 812 2999 845 ι
3031 792 3193 860 Quasi
3216 792 3281 846 ad
3304 777 3509 862 pullum

1936 890 2104 955 misit,
2133 887 2349 959 quando
2387 894 2510 958 post
2538 901 2691 942 suam
2725 886 3169 941 resurrectionem
3196 884 3274 939 eis
3306 897 3509 954 praece-

1936 982 2036 1053 pit,
2066 981 2249 1038 dicens
2282 999 2295 1034 :
2332 999 2351 1031 ε
2381 979 2581 1035 Euntes
2612 978 2666 1034 in
2689 976 2945 1032 mundum
2968 978 3295 1041 universum,
3323 979 3539 1043 docete,

1938 1087 2125 1129 omnes
2145 1079 2350 1144 gentes,
2378 1070 2712 1142 baptizautes
2756 1083 2850 1124 eos
2894 1068 2949 1122 in
2976 1069 3193 1123 nomine
3219 1068 3411 1133 Patris,
3456 1074 3519 1123 et

1937 1159 2081 1226 Filii,
2107 1171 2161 1216 et
2200 1160 2430 1231 Spiritus
2459 1160 2628 1216 sancti
2657 1158 2868 1231 (Matth.
2899 1156 3111 1228 xxviii).
3149 1175 3167 1209 ι
3211 1157 3349 1226 Quid
3378 1171 3510 1215 vero

1939 1252 2245 1324 subjungit?

2016 1360 2037 1391 ‹
2074 1342 2138 1395 Ει
2172 1341 2217 1396 si
2250 1340 2371 1410 quis
2398 1339 2598 1411 aliquid
2624 1339 2777 1395 vobis
2818 1338 3032 1404 dixerit,
3062 1337 3227 1392 dicite
3246 1338 3368 1407 quia
3401 1337 3511 1394 Do-

1945 1450 1965 1483 ‹
2012 1432 2191 1485 minus
2216 1430 2300 1484 his
2320 1444 2455 1500 opus
2480 1431 2663 1495 habet,
2690 1437 2745 1484 et
2766 1427 3048 1485 confestim
3072 1427 3306 1483 dimittet
3331 1442 3445 1483 eos.
3486 1448 3506 1482 ι

1941 1519 2054 1575 Hoc
2082 1520 2325 1588 estquod
2350 1518 2504 1586 juxta
2530 1518 2733 1573 Lucam
2751 1518 3136 1590 evangelistam
3154 1516 3329 1586 pullus
3349 1531 3512 1587 quem

1942 1611 2186 1681 discipuli
2217 1612 2512 1678 solverunt,
2538 1611 2734 1667 multos
2760 1610 3004 1666 dominos
3029 1610 3281 1665 habuisse
3316 1610 3508 1677 fertur,

1943 1704 2068 1773 quia
2098 1702 2399 1757 Judamrum
2431 1711 2486 1757 et
2528 1701 2766 1773 gentium
2801 1700 3026 1771 populus
3053 1716 3158 1755 non
3200 1700 3288 1754 uni
3317 1700 3513 1766 errori,

1950 1795 2043 1850 sed
2078 1793 2263 1849 multis
2290 1801 2410 1847 erat
2437 1793 2665 1847 deditus.
2711 1790 2922 1846 Domini
2952 1799 3133 1846 autem
3157 1790 3249 1860 qui
3288 1788 3519 1845 solutio-

257 1897 333 1967 git
383 1911 398 1951 :
448 1917 471 1948 ε
522 1897 590 1951 Et
638 1896 815 1951 statim
875 1895 1160 1950 invenietis
1202 1894 1409 1946 asinam
1461 1890 1732 1961 alligatam
1785 1881 2065 1943 etB-nem
2107 1882 2565 1947 eoutradicebant,
2604 1880 2864 1935 immundi
2893 1880 3112 1950 spiritus
3142 1888 3268 1934 sunt
3316 1880 3517 1934 intelli-

262 2004 283 2036 α
310 1987 523 2056 pullum
566 2002 686 2041 cum
731 1999 809 2048 ea,
848 1984 1039 2038 solvite
1083 1991 1137 2037 et
1163 1981 1413 2035 adducite
1452 1981 1607 2043 mihi,
1644 1997 1663 2030 ι
1685 1977 1837 2045 juxta

255 2090 470 2131 morem
525 2076 813 2145 provinciae
863 2074 1117 2144 loquitur.
1150 2073 1287 2127 Usus
1314 2072 1456 2127 enim
1487 2079 1603 2126 erat
1651 2072 1703 2124 in
1735 2069 1840 2124 illis

256 2167 596 2233 regionibus,
626 2174 681 2221 et
710 2166 764 2219 in
812 2157 1032 2235 singulis
1080 2163 1386 2217 civitatibus
1429 2160 1511 2215 vel
1547 2160 1750 2224 viculis,
1782 2168 1842 2212 ut

255 2258 450 2313 asinus
479 2258 563 2311 vel
613 2257 886 2327 quodlibet
938 2255 1135 2310 animal
1185 2255 1251 2309 ad
1304 2253 1597 2309 sedendum
1634 2260 1837 2319 aptum,

254 2353 624 2416 praeparatum
654 2345 972 2409 haberetur;
1005 2352 1058 2398 et
1094 2345 1137 2398 si
1167 2343 1253 2397 cui
1277 2358 1344 2397 ex
1374 2342 1581 2396 civibus
1624 2354 1845 2394 necesse

252 2446 411 2492 esset
439 2437 631 2489 itinere
670 2436 832 2489 unius
861 2436 984 2499 diei,
1015 2435 1172 2503 hujus
1198 2432 1429 2503 vehiculi
1452 2431 1844 2486 sustentatione

256 2510 518 2580 uteretur
548 2545 562 2579 :
588 2525 924 2579 habitatores
950 2533 1129 2579 autem
1162 2525 1314 2579 urbis
1342 2524 1407 2577 de
1456 2523 1851 2577 sustentatioue'

259 2614 500 2669 vehiculi
527 2615 885 2668 communiter
908 2614 1234 2683 cogitabant.
1270 2611 1384 2665 Mos
1410 2611 1570 2681 igitur
1596 2612 1694 2665 iste
1717 2611 1843 2665 Hie-

262 2707 554 2777 rosolymis
595 2707 941 2768 servabatur,
998 2705 1212 2773 quando
1252 2704 1509 2757 Dominus
1553 2702 1844 2770 discipulos

266 2813 396 2853 suos
433 2797 524 2851 illo
552 2796 720 2860 misit,
772 2796 998 2849 dicens:
1044 2811 1062 2843 ι
1104 2793 1171 2846 Et
1211 2792 1493 2847 invenietis
1529 2790 1737 2845 asinam
1768 2791 1846 2843 al«

268 2890 486 2961 ligatam
531 2897 587 2943 et
611 2887 812 2957 pullum
856 2901 977 2941 cum
1006 2899 1089 2951 ea,
1125 2904 1143 2937 ι
1170 2891 1273 2939 etc.
1316 2882 1640 2953 Spiritaliter
1667 2892 1847 2937 autem

270 2996 369 3051 per
397 2980 602 3035 asinam
656 2992 775 3048 quae
804 2979 1005 3045 domita
1054 2986 1192 3042 erat,
1223 2976 1505 3049 Synagoga
1558 2975 1840 3041 ﬁguratur,

273 3086 396 3142 qua:
430 3071 554 3140 jugo
584 3069 713 3139 legis
758 3069 931 3123 fuerat
960 3076 1235 3123 mansueta
1277 3078 1332 3122 et
1367 3067 1569 3129 attrita,
1602 3073 1657 3120 et
1685 3066 1738 3120 in
1769 3065 1847 3119 le-

1937 1973 2117 2043 gendi,
2168 1974 2259 2042 qui
2301 1973 2570 2042 quondam
2601 1970 2931 2043 tyrannidem
2978 1980 3101 2040 post
3140 1980 3418 2041 peccatum
3460 1972 3514 2025 in

1938 2069 2175 2124 humano
2222 2079 2417 2136 genere
2450 2064 2553 2119 sibi
2605 2063 2965 2118 vindicabant.
2998 2063 3238 2133 Cumque
3262 2078 3359 2133 per
3380 2079 3519 2133 pra:-

1941 2159 2262 2214 dicationem
2309 2156 2671 2225 apostolorum
2703 2169 2798 2210 eos
2820 2154 2887 2209 ad
2934 2154 3094 2209 ﬁdem
3126 2156 3371 2211 converti
3401 2172 3520 2211 cer-

1940 2256 2152 2311 nereut,
2180 2248 2468 2302 dixerunt:
2502 2243 2569 2302 Ut
2591 2245 2717 2314 quid
2752 2245 2961 2300 solvitis
2987 2246 3225 2316 pullum?
3250 2246 3515 2312 Quoniam

1940 2338 2087 2394 omni
2125 2330 2512 2393 studio‘conati
2559 2344 2718 2391 erant
2747 2351 2932 2391 eorum
2964 2336 3345 2405 praedicatione
3383 2337 3520 2390 resi-

1943 2437 2109 2492 stere,
2138 2427 2458 2482 suscitantes
2492 2441 2649 2496 reges
2677 2436 2733 2482 et
2752 2435 3007 2497 tyrannos
3028 2427 3095 2479 ad
3118 2441 3303 2481 eorum
3331 2427 3525 2496 praedi-

1945 2516 2233 2580 cationem,
2292 2531 2361 2570 ne
2405 2531 2575 2587 genus
2617 2518 2908 2571 humanum
2957 2518 3026 2572 ab
3062 2533 3247 2572 eorum
3289 2517 3523 2573 vinculis

1946 2607 2265 2661 solveretur.
2315 2607 2421 2661 Sed
2454 2616 2739 2678 postquam
2769 2608 3015 2678 discipuli
3040 2608 3310 2673 dixerunt,
3369 2628 3386 2660 ι
3425 2609 3524 2663 Do-

1945 2698 2127 2752 minus
2158 2699 2242 2753 his
2270 2714 2404 2768 opus
2436 2700 2615 2765 habet,
2662 2718 2682 2750 ι
2715 2697 2995 2753 confestim
3029 2699 3351 2754 dimiserunt
3380 2714 3473 2754 eos
3502 2714 3520 2753 :

1945 2791 2071 2860 quia
2093 2798 2377 2859 postquam
2407 2790 2529 2846 talia
2550 2791 2701 2863 signa
2724 2800 2779 2846 et
2816 2792 3093 2857 miracula,
3122 2792 3325 2847 scilicet
3348 2794 3522 2848 suscib

1946 2888 2123 2938 tantes
2151 2891 2480 2947 mortuos,et
2496 2884 2565 2939 ab
2578 2884 2814 2939 humano
2834 2898 3060 2953 corpore
3086 2884 3388 2941 immundos
3420 2886 3524 2955 spi-

1944 2975 2083 3030 ritus
2131 2975 2476 3044 expellentes,
2535 2986 2590 3031 et
2642 2985 2832 3032 caetera
2865 2977 3203 3048 quamplura,
3232 2988 3290 3032 ut
3335 2993 3364 3031 a
3412 2976 3524 3033 Deo

1946 3074 2402 3137 eognoseerentur
2431 3081 2550 3122 esse
2578 3067 2746 3132 missi,
2772 3068 2946 3124 coacti
2975 3068 3324 3139 nolentesque
3352 3084 3524 3142 genus

274 3162 480 3233 galibus
493 3160 824 3215 caeremoniis
851 3160 1202 3215 observandis
1230 3159 1483 3214 edomita.
1516 3157 1620 3211 Per
1641 3156 1843 3226 pullum
1878 3221 1916 3233 _
1947 3158 2242 3214 humanum
2268 3160 2594 3229 relinquere.
2623 3160 2894 3215 Inﬁrmata
2917 3170 3000 3217 est
3018 3171 3194 3218 autem
3221 3163 3389 3218 virtus
3416 3165 3526 3220 da:-

277 3221 669 3306 verolascivum
685 3260 739 3304 et
756 3250 1092 3313 indomitum,
1116 3250 1206 3319 qui
1234 3250 1432 3318 absque
1455 3247 1623 3303 frenis
1642 3221 1747 3301 huc
1775 3245 1841 3300 ιι-
1872 3221 1923 3284 C
1947 3249 2272 3315 moniorum,
2306 3221 2443 3305 mox.
2468 3259 2529 3305 ut
2569 3250 2701 3306 ﬁdes
2728 3250 2924 3307 Christi
2946 3253 3118 3322 patuit
3142 3267 3239 3323 per
3262 3238 3523 3322 pradica-

280 3342 476 3409 lueque
504 3342 852 3406 discurrebat,
890 3342 1103 3411 gentilis
1129 3342 1353 3411 populus
1378 3341 1705 3410 designatur,
1752 3339 1847 3407 qui

285 3429 434 3483 nulla
459 3429 590 3500 legis
622 3431 857 3486 doctrina
881 3432 1222 3497 constrictus,
1246 3431 1391 3485 nulla
1420 3430 1515 3484 Dei
1538 3429 1729 3484 notitia
1755 3430 1844 3482 in-

281 3528 535 3586 structus,
565 3521 816 3585 incertus,
840 3531 894 3577 et
914 3534 1130 3585 errans,
1154 3530 1275 3592 post
1294 3521 1431 3577 idola
1448 3535 1700 3575 manuum
1729 3534 1849 3575 sua-e

282 3624 401 3663 rum
423 3611 686 3665 currebat.
716 3612 791 3665 De
812 3627 919 3682 quo
936 3611 1073 3668 bene
1088 3611 1243 3679 juxta
1273 3612 1434 3665 alium
1461 3610 1846 3681 evangelistam

278 3700 474 3755 dicitur
524 3717 541 3756 :
591 3719 612 3753 ‹
648 3702 823 3773 Super
866 3719 1025 3775 quem
1074 3704 1250 3760 nullus
1300 3704 1575 3760 hominum
1624 3703 1779 3758 sedit.
1820 3716 1847 3754 ν

276 3793 413 3861 Quia
438 3809 596 3866 super
638 3797 887 3867 gentilem
929 3798 1181 3868 populum
1226 3797 1403 3852 nullus
1439 3798 1847 3866 prophetarum,

278 3886 454 3940 nullus
498 3888 945 3957 patriarcharum,
984 3902 1137 3943 suam
1170 3887 1602 3957 praedicationem
1631 3895 1686 3941 et
1716 3898 1846 3940 eru-

277 3976 536 4031 ditionem
587 3976 759 4032 adhue
786 3987 1120 4033 exercuerat.
1157 3977 1271 4033 Non
1319 3977 1490 4032 solum
1522 3977 1665 4031 enim
1693 3977 1851 4031 asina

279 4068 510 4140 alligata,
540 4070 632 4123 sed
671 4071 831 4124 etiam
862 4071 1037 4140 pullus
1074 4069 1303 4124 inveniri
1332 4068 1529 4123 dicitur
1552 4086 1564 4121 :
1589 4068 1713 4138 quia
1742 4082 1848 4122 non

278 4160 448 4215 solum
479 4162 693 4231 gentilis
730 4163 976 4231 pepulus,
1022 4162 1113 4218 sed
1147 4163 1307 4215 etiam
1353 4158 1683 4224 Iudaeorum,
1726 4174 1849 4228 pec-

281 4250 378 4303 cati
411 4251 643 4307 vinculis
666 4261 781 4307 erat
802 4253 1074 4317 astrictus,
1105 4261 1239 4308 teste
1260 4251 1535 4322 Apostolo,
1561 4251 1650 4320 qui
1679 4250 1754 4304 ait
1792 4251 1848 4305 in

279 4339 514 4408 Epistola
536 4342 604 4395 ad
634 4340 904 4396 Romanos
938 4360 950 4395 :
985 4361 1004 4393 ι
1034 4340 1147 4397 Non
1179 4342 1321 4397 enim
1345 4350 1428 4396 est
1450 4340 1721 4395 distinctio
1746 4338 1845 4395 Ju-

282 4428 374 4482 daei
409 4437 466 4484 et
493 4428 684 4485 Graeci.
733 4430 932 4486 Omnes
977 4432 1118 4487 enim
1162 4440 1543 4501 peccaverunt,
1590 4438 1646 4484 et
1690 4439 1851 4499 egent

284 4519 451 4586 gloria
492 4521 583 4574 Dei
629 4520 800 4592 (liam.
847 4522 922 4591 ιι).
969 4541 988 4572 ι
1024 4523 1091 4575 Et
1133 4523 1368 4576 iterum:
1405 4540 1424 4572 ι
1469 4520 1766 4575 Tribulatio
1792 4529 1848 4575 et

1951 3340 2151 3395 tionem
2180 3341 2544 3408 apostolorum
2564 3382 2579 3408 ,
2610 3343 2663 3397 iu
2693 3350 2894 3397 tantum
2933 3351 2993 3397 ut
3017 3343 3231 3399 illorum
3275 3344 3527 3399 manibus

1950 3430 2091 3485 idola
2123 3431 2549 3497 destruerentur,
2592 3444 2819 3501 quorum
2868 3445 3081 3503 sumptu
3112 3447 3163 3490 et
3199 3436 3384 3490 labore
3412 3435 3528 3492 fue-

1951 3530 2073 3577 rant
2097 3522 2378 3577 aediﬁcata.
2413 3520 2566 3579 Unde
2595 3532 2649 3578 et
2686 3538 2782 3593 per
2820 3522 3098 3579 obsessum
3121 3526 3391 3579 hominem
3421 3526 3526 3581 Do-

1952 3610 2099 3665 mino
2116 3611 2370 3665 dixerunt
2398 3629 2411 3665 :
2441 3611 2578 3679 Quid
2610 3612 2762 3668 nobis
2788 3622 2843 3667 et
2866 3613 2990 3679 tibi,
3015 3612 3116 3668 Fili
3161 3614 3290 3670 Dei?
3326 3616 3523 3673 venisti

1951 3711 2076 3757 ante
2109 3711 2321 3772 tempus
2347 3713 2597 3774 torquere
2624 3720 2721 3760 nos
2753 3703 2943 3777 (Matii.
2977 3706 3134 3777 vni)?

2027 3814 2046 3847 ι
2085 3797 2197 3852 Hoc
2240 3804 2419 3852 autem
2466 3807 2634 3853 totum
2664 3797 2864 3854 factum
2906 3808 2991 3853 est
3033 3808 3091 3853 ut
3142 3799 3529 3870 adimpleretur

1956 3907 1976 3941 ι
2009 3891 2155 3960 quod
2184 3890 2384 3945 dictum
2413 3899 2498 3945 est
2530 3904 2627 3960 per
2654 3893 2969 3961 prophetam
3012 3891 3277 3947 dicentem
3306 3908 3319 3944 :
3355 3891 3531 3948 Dicite

1956 3994 1978 4031 ‹
2013 3981 2135 4035 ﬁlia:
2161 3979 2327 4035 Sion:
2355 3981 2492 4037 Ecce
2522 3995 2616 4036 rex
2642 3990 2765 4036 tuus
2798 3983 2946 4037 venit
2978 3983 3073 4037 tibi
3105 3993 3440 4051 mansuetus,
3470 3992 3531 4042 et

1955 4091 1976 4123 ι
2013 4073 2206 4127 sedens
2230 4087 2393 4141 super
2416 4072 2622 4127 asinam
2648 4081 2701 4128 et
2723 4073 2926 4149 pullum
2956 4073 3120 4128 ﬁlium
3143 4074 3460 4146 subjugalis.
3499 4092 3529 4128 σ

1952 4163 2152 4218 Morem
2184 4178 2336 4217 suum
2370 4164 2422 4217 in
2453 4164 2553 4218 hoc
2589 4162 2705 4218 loco
2736 4163 3017 4219 Mattlneus
3042 4166 3372 4237 evangelista
3410 4182 3529 4223 sera

1950 4261 2058 4306 vat.
2112 4254 2210 4318 Qui
2255 4253 2396 4307 enim
2448 4252 2686 4309 Hebraeis
2742 4254 2967 4310 Hebraeo
3014 4271 3263 4312 sermone
3311 4260 3530 4330 scripsit

1950 4345 2294 4416 Evangelium
2344 4346 2647 4415 ubicunque
2689 4362 2747 4402 se
2797 4348 2898 4402 loci
2938 4351 3307 4418 opportunitas
3347 4352 3528 4419 dedit,

1952 4453 2103 4493 suam
2137 4438 2498 4494 narrationem
2543 4439 2675 4510 legis
2699 4448 2754 4494 et
2796 4440 3179 4509 prophetarum
3202 4441 3527 4497 testimoniis

1953 4528 2307 4585 conﬁrmavit.
2342 4527 2495 4584 Unde
2541 4544 2662 4584 cum
2713 4530 2936 4585 dixisset
2983 4530 3265 4584 Dominum
3311 4530 3526 4585 misisse

283 4610 525 4678 angustia
590 4611 645 4664 in
695 4626 908 4665 omnem
986 4612 1220 4665 animam
1287 4611 1520 4667 hominis
1578 4613 1851 4680 Operanlis
1875 4600 1932 4663 D
1958 4619 2247 4688 discipulos
2266 4618 2332 4672 ad
2358 4618 2664 4673 solvendam
2700 4619 2908 4673 asinam
2941 4628 2993 4674 et
3014 4619 3238 4688 pullum,
3271 4619 3529 4676 continuo

283 4700 497 4766 malum,
521 4695 688 4756 Judaei
710 4703 939 4770 primum
963 4713 1017 4757 et
1045 4702 1217 4758 Graeci
1250 4701 1426 4774 (Rom.
1451 4702 1534 4775 ιι).
1570 4720 1590 4754 ι
1624 4702 1692 4756 Et
1714 4703 1853 4757 bene

280 4790 427 4859 prius
448 4791 658 4846 solvere
682 4795 952 4863 pnccepit,
983 4803 1038 4849 et
1061 4795 1163 4849 sibi
1185 4805 1373 4864 postea
1403 4795 1692 4861 adducere,
1722 4795 1849 4865 quia

281 4881 408 4936 ordo
432 4895 611 4936 rerum
638 4884 897 4951 poscebat
927 4893 986 4938 ut
1011 4885 1163 4953 prius
1187 4885 1432 4940 homines
1470 4884 1538 4939 ab
1566 4883 1851 4939 inﬁdelita-

282 4972 346 5027 tis
389 4973 622 5028 vinculis
667 4975 1023 5041 solverentur,
1079 4988 1135 5033 et
1166 4986 1348 5047 postea
1403 4992 1501 5047 per
1538 4978 1697 5034 ﬁdem
1749 4978 1850 5033 sibi

282 5072 755 5129 praesentarentur.
804 5065 1025 5122 Vincula
1074 5069 1217 5123 enim
1247 5076 1468 5137 peccata
1515 5078 1660 5135 sunt,
1688 5074 1744 5123 ut
1774 5067 1856 5123 ait

285 5153 576 5214 Salomon:
615 5177 635 5211 ε
663 5159 955 5218 Funieulus
998 5172 1343 5232 peccatorum
1412 5174 1629 5218 suorum
1685 5177 1853 5217 unus-

281 5246 509 5316 quisque
547 5250 938 5318 constringitur
982 5248 1165 5321 (Prov.
1217 5250 1295 5323 v).
1352 5272 1384 5303 »ε
1413 5251 1482 5306 Et
1519 5251 1608 5306 alii
1637 5251 1854 5321 quidem

282 5340 620 5411 evangelista:
651 5352 855 5397 tantum
902 5344 1105 5413 pullum
1150 5354 1465 5415 posuerunt,
1520 5346 1856 5401 vocationem

282 5435 520 5502 gentium
546 5435 880 5493 solummodo
907 5440 1210 5508 exprimere
1246 5441 1541 5510 cupientes.
1572 5438 1857 5495 Matth“

284 5534 459 5580 autem
504 5536 791 5599 utrumque
841 5530 1037 5584 animal
1089 5532 1286 5599 posuit,
1342 5531 1552 5587 asinam
1602 5529 1855 5586 ﬁdelia

284 5618 569 5687 etpullum,
602 5630 659 5675 ut
685 5624 1013 5693 signiﬁcaret
1047 5637 1111 5677 ex
1150 5633 1376 5691 utroque
1414 5625 1608 5694 populo
1645 5624 1854 5694 alique!

287 5707 337 5761 in
373 5705 592 5765 Christo
636 5726 754 5768 esse
782 5715 1101 5770 credituros.
1160 5714 1322 5781 Quasi
1374 5716 1517 5768 enim
1552 5715 1617 5769 ad
1646 5715 1856 5770 solven-

287 5799 641 5862 dam'asintun
685 5806 958 5876 apostolos
1004 5806 1165 5871 misit,
1201 5806 1414 5874 quando
1455 5805 1759 5874 specialiter
1786 5804 1854 5858 ad

1959 4711 2323 4767 testimonium
2369 4712 2644 4781 prapheta:
2683 4712 2943 4773 adhibuit,
2992 4710 3179 4766 «licens
3226 4727 3239 4765 :
3287 4728 3305 4761 ι
3356 4712 3529 4768 Dicite

1957 4804 2079 4861 filia:
2104 4802 2261 4860 Sion:
2281 4803 2420 4859 Ecce
2441 4816 2537 4859 rex
2564 4813 2686 4857 tuus
2707 4802 2873 4866 venit,
2904 4823 2922 4854 ι
2948 4812 3052 4857 etc.
3079 4801 3264 4874 (Zach.
3287 4804 3388 4877 ix.)
3412 4804 3528 4862 Hoc

1958 4894 2318 4949 testimonium
2363 4894 2418 4947 in
2465 4891 2723 4946 Zacharia
2763 4892 3021 4962 propheta
3063 4900 3179 4959 est,
3234 4894 3377 4964 quod
3421 4910 3527 4950 non

1959 4984 2131 5040 solum
2165 4984 2441 5054 impletum
2462 4990 2568 5047 est,
2590 4982 2716 5052 quia
2739 4984 3051 5053 praedictum
3073 4992 3212 5049 erat,
3242 4985 3334 5039 sed
3359 4985 3526 5041 etiam

1954 5081 2111 5128 antea
2132 5073 2446 5143 praedictum
2466 5080 2569 5137 est,
2592 5072 2715 5141 quia
2742 5072 3067 5143 implendum
3097 5081 3234 5128 erat.
3257 5073 3326 5132 Ut
3346 5083 3527 5135 autem

1954 5176 2169 5218 omnem
2211 5162 2607 5218 excusationem
2638 5162 2953 5232 ignorantiae
2981 5176 3012 5216 a
3039 5161 3238 5219 Iudaeis
3266 5164 3525 5233 auferret,

1957 5267 2087 5309 cum.
2109 5253 2320 5309 Domini
2349 5252 2632 5307 adventum
2675 5251 2992 5322 praediceret
3032 5255 3326 5321 propheta,
3352 5254 3526 5325 ipsam

1956 5344 2269 5416 qualitatem
2327 5342 2547 5397 Domini-
2588 5341 2926 5397 advenientis
2982 5343 3251 5408 ostendit,
3303 5343 3525 5403 dicens:

1963 5452 1995 5488 «υ
2014 5436 2185 5491 Dicite
2223 5433 2347 5489 ιιιιω
2387 5432 2550 5499 Sion,
2580 5451 2600 5486 ι
2633 5441 2743 5489 θκί
2767 5431 3128 5488 Historialiter
3156 5441 3333 5489 autem
3362 5434 3527 5490 ﬁliam

1959 5526 2097 5583 Sion:
2127 5524 2427 5582 Jerus‘atem
2464 5525 2731 5598 appellet,
2770 5525 2822 5580 in
2873 5521 3027 5593 cuius
3070 5524 3365 5579 sublimiori
3409 5524 3530 5581 loco

1959 5618 2099 5674 Sion-
2117 5619 2291 5689 posita
2318 5629 2459 5683 erat,
2490 5635 2594 5675 non
2621 5619 2795 5674 solum
2824 5617 2891 5671 ad
2913 5616 3304 5672 defendendum
3339 5615 3527 5682 tutior,

1958 5710 2234 5765 sed'etiam
2265 5709 2333 5764 ad
2362 5708 2825 5779 contemplaan
2857 5706 3134 5761 sublimior
3168 5705 3332 5758 locus.
3376 5705 3454 5762 Ac
3481 5707 3530 5763 si

1961 5802 2159 5857 diceret
2189 5804 2443 5874 propheta
2478 5820 2488 5853 :
2523 5800 2566 5855 0
2593 5816 2685 5855 vos
2724 5799 2889 5854 Jmlmi
2913 5840 2925 5859 ,
2956 5812 3091 5867 quos
3137 5796 3221 5852 ille
3268 5796 3530 5859 adventus
