  <div class='ocr_page' id='page_1' title='image "/cluster/home/n/w/nwhite01/storage/ocr_20150623/118/hvd.32044015466907/013.png"; bbox 0 0 4038 6352; ppageno 0'>
   <div class='ocr_carea' id='block_1_1' title="bbox 487 350 3742 448">
    <p class='ocr_par' dir='ltr' id='par_1_1' title="bbox 487 350 3742 448">
     <span class='ocr_line' id='line_1_1' title="bbox 487 350 3742 448; baseline 0.008 -25"><span class='ocrx_word' id='word_1_1' title='bbox 487 367 554 423; x_wconf 75' lang='lat' dir='ltr'><strong>i5</strong></span> <span class='ocrx_word' id='word_1_2' title='bbox 1100 369 1451 427; x_wconf 81' lang='lat' dir='ltr'><strong>HAYMONIS</strong></span> <span class='ocrx_word' id='word_1_3' title='bbox 1488 369 1965 427; x_wconf 80' lang='lat' dir='ltr'><strong>HALBERSTAT.</strong></span> <span class='ocrx_word' id='word_1_4' title='bbox 2006 372 2218 431; x_wconf 85' lang='lat' dir='ltr'><strong>EPISC.</strong></span> <span class='ocrx_word' id='word_1_5' title='bbox 2259 374 2409 432; x_wconf 87' lang='lat' dir='ltr'><strong>OPP.</strong></span> <span class='ocrx_word' id='word_1_6' title='bbox 2445 356 2624 434; x_wconf 58' lang='lat' dir='ltr'><strong>PARS</strong></span> <span class='ocrx_word' id='word_1_7' title='bbox 2658 378 2721 433; x_wconf 91' lang='lat' dir='ltr'><strong>ll.</strong></span> <span class='ocrx_word' id='word_1_8' title='bbox 2760 409 2831 421; x_wconf 91' lang='lat'><strong>—</strong></span> <span class='ocrx_word' id='word_1_9' title='bbox 2868 379 3101 438; x_wconf 84' lang='lat' dir='ltr'><strong>HOMIL.</strong></span> <span class='ocrx_word' id='word_1_10' title='bbox 3644 350 3742 448; x_wconf 26' lang='lat'><strong>‘16</strong></span> 
     </span>
    </p>
   </div>
   <div class='ocr_carea' id='block_1_2' title="bbox 482 482 3739 574">
    <p class='ocr_par' dir='ltr' id='par_1_2' title="bbox 482 482 3739 574">
     <span class='ocr_line' id='line_1_2' title="bbox 482 482 3739 574; baseline 0.009 -37"><span class='ocrx_word' id='word_1_11' title='bbox 482 483 695 538; x_wconf 85' lang='lat' dir='ltr'><strong>Domini</strong></span> <span class='ocrx_word' id='word_1_12' title='bbox 741 482 795 537; x_wconf 92' lang='lat' dir='ltr'><strong>in</strong></span> <span class='ocrx_word' id='word_1_13' title='bbox 840 497 1002 540; x_wconf 88' lang='lat' dir='ltr'><strong>carne</strong></span> <span class='ocrx_word' id='word_1_14' title='bbox 1035 483 1351 539; x_wconf 78' lang='lat' dir='ltr'><strong>inventurus</strong></span> <span class='ocrx_word' id='word_1_15' title='bbox 1381 494 1491 549; x_wconf 90' lang='lat' dir='ltr'><strong>est,</strong></span> <span class='ocrx_word' id='word_1_16' title='bbox 1538 487 1623 541; x_wconf 87' lang='lat' dir='ltr'><strong>his</strong></span> <span class='ocrx_word' id='word_1_17' title='bbox 1665 487 1833 558; x_wconf 81' lang='lat' dir='ltr'><strong>signis</strong></span> <span class='ocrx_word' id='word_1_18' title='bbox 1876 502 2056 557; x_wconf 81' lang='lat' dir='ltr'><strong>regem</strong></span> <span class='ocrx_word' id='word_1_19' title='bbox 2083 490 2136 550; x_wconf 81' lang='grc' dir='ltr'><strong>Α</strong></span> <span class='ocrx_word' id='word_1_20' title='bbox 2162 500 2395 546; x_wconf 91' lang='lat' dir='ltr'><strong>mentem</strong></span> <span class='ocrx_word' id='word_1_21' title='bbox 2447 493 2773 558; x_wconf 87' lang='lat' dir='ltr'><strong>inhabitans,</strong></span> <span class='ocrx_word' id='word_1_22' title='bbox 2814 496 2882 550; x_wconf 88' lang='lat' dir='ltr'><strong>ad</strong></span> <span class='ocrx_word' id='word_1_23' title='bbox 2918 497 3179 553; x_wconf 80' lang='lat' dir='ltr'><strong>visionem</strong></span> <span class='ocrx_word' id='word_1_24' title='bbox 3210 499 3412 556; x_wconf 84' lang='lat' dir='ltr'><strong>intimae</strong></span> <span class='ocrx_word' id='word_1_25' title='bbox 3442 506 3590 574; x_wconf 83' lang='lat' dir='ltr'><strong>pacis</strong></span> <span class='ocrx_word' id='word_1_26' title='bbox 3617 519 3739 564; x_wconf 86' lang='lat' dir='ltr'><strong>eam</strong></span> 
     </span>
    </p>
   </div>
   <div class='ocr_carea' id='block_1_3' title="bbox 481 572 2071 644">
    <p class='ocr_par' dir='ltr' id='par_1_3' title="bbox 481 572 2071 644">
     <span class='ocr_line' id='line_1_3' title="bbox 481 572 2071 644; baseline 0.002 -18"><span class='ocrx_word' id='word_1_27' title='bbox 481 584 723 628; x_wconf 89' lang='lat' dir='ltr'><strong>vestrum</strong></span> <span class='ocrx_word' id='word_1_28' title='bbox 768 573 1074 644; x_wconf 74' lang='lat' dir='ltr'><strong>cognoscite</strong></span> <span class='ocrx_word' id='word_1_29' title='bbox 1102 591 1115 625; x_wconf 92' lang='lat'><strong>:</strong></span> <span class='ocrx_word' id='word_1_30' title='bbox 1145 572 1278 627; x_wconf 88' lang='lat' dir='ltr'><strong>Cum</strong></span> <span class='ocrx_word' id='word_1_31' title='bbox 1316 574 1560 629; x_wconf 88' lang='lat' dir='ltr'><strong>videritis</strong></span> <span class='ocrx_word' id='word_1_32' title='bbox 1593 591 1717 629; x_wconf 90' lang='lat' dir='ltr'><strong>eum</strong></span> <span class='ocrx_word' id='word_1_33' title='bbox 1752 577 2071 631; x_wconf 74' lang='lat' dir='ltr'><strong>venientem.</strong></span> 
     </span>
    </p>
   </div>
   <div class='ocr_carea' id='block_1_4' title="bbox 480 662 2053 729">
    <p class='ocr_par' dir='ltr' id='par_1_4' title="bbox 480 662 2053 729">
     <span class='ocr_line' id='line_1_4' title="bbox 480 662 2053 729; baseline 0.001 -13"><span class='ocrx_word' id='word_1_34' title='bbox 480 668 842 725; x_wconf 88' lang='lat' dir='ltr'><strong>mansuetum,</strong></span> <span class='ocrx_word' id='word_1_35' title='bbox 884 676 989 715; x_wconf 93' lang='lat' dir='ltr'><strong>non</strong></span> <span class='ocrx_word' id='word_1_36' title='bbox 1016 662 1334 729; x_wconf 91' lang='lat' dir='ltr'><strong>superbum,</strong></span> <span class='ocrx_word' id='word_1_37' title='bbox 1360 663 1453 717; x_wconf 91' lang='lat' dir='ltr'><strong>sed</strong></span> <span class='ocrx_word' id='word_1_38' title='bbox 1485 664 1740 718; x_wconf 87' lang='lat' dir='ltr'><strong>humilem</strong></span> <span class='ocrx_word' id='word_1_39' title='bbox 1776 683 1787 717; x_wconf 91' lang='lat'><strong>:</strong></span> <span class='ocrx_word' id='word_1_40' title='bbox 1824 680 1931 718; x_wconf 90' lang='lat' dir='ltr'><strong>non</strong></span> <span class='ocrx_word' id='word_1_41' title='bbox 1962 680 2053 718; x_wconf 91' lang='lat' dir='ltr'><strong>ar-</strong></span> 
     </span>
    </p>
   </div>
   <div class='ocr_carea' id='block_1_5' title="bbox 477 751 2083 833">
    <p class='ocr_par' dir='ltr' id='par_1_5' title="bbox 477 751 2083 833">
     <span class='ocr_line' id='line_1_5' title="bbox 477 751 2083 833; baseline 0.002 -27"><span class='ocrx_word' id='word_1_42' title='bbox 477 751 994 833; x_wconf 12' lang='lat' dir='ltr'><strong>morum‘splendore</strong></span> <span class='ocrx_word' id='word_1_43' title='bbox 1021 751 1334 819; x_wconf 82' lang='lat' dir='ltr'><strong>terribilem,</strong></span> <span class='ocrx_word' id='word_1_44' title='bbox 1356 761 1417 806; x_wconf 91' lang='lat' dir='ltr'><strong>ut</strong></span> <span class='ocrx_word' id='word_1_45' title='bbox 1437 754 1705 823; x_wconf 88' lang='lat' dir='ltr'><strong>quondam</strong></span> <span class='ocrx_word' id='word_1_46' title='bbox 1730 756 1795 809; x_wconf 90' lang='lat' dir='ltr'><strong>ad</strong></span> <span class='ocrx_word' id='word_1_47' title='bbox 1819 763 2054 810; x_wconf 83' lang='lat' dir='ltr'><strong>vestram</strong></span> <span class='ocrx_word' id='word_1_48' title='bbox 2080 808 2083 815; x_wconf 87' lang='grc'>,</span> 
     </span>
    </p>
   </div>
   <div class='ocr_carea' id='block_1_6' title="bbox 479 834 2056 901">
    <p class='ocr_par' dir='ltr' id='par_1_6' title="bbox 479 834 2056 901">
     <span class='ocr_line' id='line_1_6' title="bbox 479 834 2056 901; baseline 0 -1"><span class='ocrx_word' id='word_1_49' title='bbox 479 845 898 901; x_wconf 87' lang='lat' dir='ltr'><strong>destructionem</strong></span> <span class='ocrx_word' id='word_1_50' title='bbox 942 834 1436 900; x_wconf 86' lang='lat' dir='ltr'><strong>Nabuchodonosor</strong></span> <span class='ocrx_word' id='word_1_51' title='bbox 1477 856 1531 900; x_wconf 91' lang='lat' dir='ltr'><strong>et</strong></span> <span class='ocrx_word' id='word_1_52' title='bbox 1557 846 1856 901; x_wconf 75' lang='lat' dir='ltr'><strong>Antiochus</strong></span> <span class='ocrx_word' id='word_1_53' title='bbox 1896 860 2056 901; x_wconf 84' lang='lat' dir='ltr'><strong>vene-</strong></span> 
     </span>
    </p>
   </div>
   <div class='ocr_carea' id='block_1_7' title="bbox 476 935 2056 1007">
    <p class='ocr_par' dir='ltr' id='par_1_7' title="bbox 476 935 2056 1007">
     <span class='ocr_line' id='line_1_7' title="bbox 476 935 2056 1007; baseline 0.002 -17"><span class='ocrx_word' id='word_1_54' title='bbox 476 945 626 1000; x_wconf 85' lang='lat' dir='ltr'><strong>runt,</strong></span> <span class='ocrx_word' id='word_1_55' title='bbox 672 936 765 990; x_wconf 89' lang='lat' dir='ltr'><strong>sed</strong></span> <span class='ocrx_word' id='word_1_56' title='bbox 792 935 860 989; x_wconf 90' lang='lat' dir='ltr'><strong>ad</strong></span> <span class='ocrx_word' id='word_1_57' title='bbox 906 937 1350 992; x_wconf 82' lang='lat' dir='ltr'><strong>restaurationem</strong></span> <span class='ocrx_word' id='word_1_58' title='bbox 1383 954 1396 991; x_wconf 90' lang='lat'><strong>:</strong></span> <span class='ocrx_word' id='word_1_59' title='bbox 1438 953 1544 994; x_wconf 92' lang='lat' dir='ltr'><strong>non</strong></span> <span class='ocrx_word' id='word_1_60' title='bbox 1593 939 1864 994; x_wconf 88' lang='lat' dir='ltr'><strong>sedentem</strong></span> <span class='ocrx_word' id='word_1_61' title='bbox 1895 954 2056 1007; x_wconf 86' lang='lat' dir='ltr'><strong>super</strong></span> 
     </span>
    </p>
   </div>
   <div class='ocr_carea' id='block_1_8' title="bbox 477 1027 2053 1101">
    <p class='ocr_par' dir='ltr' id='par_1_8' title="bbox 477 1027 2053 1101">
     <span class='ocr_line' id='line_1_8' title="bbox 477 1027 2053 1101; baseline 0.001 -19"><span class='ocrx_word' id='word_1_62' title='bbox 477 1041 759 1098; x_wconf 83' lang='lat' dir='ltr'><strong>spumeum</strong></span> <span class='ocrx_word' id='word_1_63' title='bbox 806 1040 1005 1096; x_wconf 89' lang='lat' dir='ltr'><strong>equum</strong></span> <span class='ocrx_word' id='word_1_64' title='bbox 1046 1027 1324 1083; x_wconf 73' lang='lat' dir='ltr'><strong>discordia:</strong></span> <span class='ocrx_word' id='word_1_65' title='bbox 1371 1041 1700 1093; x_wconf 88' lang='lat' dir='ltr'><strong>amatorem,</strong></span> <span class='ocrx_word' id='word_1_66' title='bbox 1729 1030 1819 1099; x_wconf 87' lang='lat' dir='ltr'><strong>qui</strong></span> <span class='ocrx_word' id='word_1_67' title='bbox 1856 1030 2053 1101; x_wconf 90' lang='lat' dir='ltr'><strong>ungula</strong></span> 
     </span>
    </p>
   </div>
   <div class='ocr_carea' id='block_1_9' title="bbox 476 1115 2056 1189">
    <p class='ocr_par' dir='ltr' id='par_1_9' title="bbox 476 1115 2056 1189">
     <span class='ocr_line' id='line_1_9' title="bbox 476 1115 2056 1189; baseline 0.001 -16"><span class='ocrx_word' id='word_1_68' title='bbox 476 1127 676 1173; x_wconf 86' lang='lat' dir='ltr'><strong>terram</strong></span> <span class='ocrx_word' id='word_1_69' title='bbox 706 1115 895 1184; x_wconf 81' lang='lat' dir='ltr'><strong>fodiat,</strong></span> <span class='ocrx_word' id='word_1_70' title='bbox 930 1125 985 1173; x_wconf 91' lang='lat' dir='ltr'><strong>et</strong></span> <span class='ocrx_word' id='word_1_71' title='bbox 1022 1119 1207 1188; x_wconf 87' lang='lat' dir='ltr'><strong>procul</strong></span> <span class='ocrx_word' id='word_1_72' title='bbox 1235 1120 1491 1175; x_wconf 89' lang='lat' dir='ltr'><strong>odoretur</strong></span> <span class='ocrx_word' id='word_1_73' title='bbox 1518 1121 1736 1185; x_wconf 90' lang='lat' dir='ltr'><strong>bellum,</strong></span> <span class='ocrx_word' id='word_1_74' title='bbox 1770 1121 1865 1175; x_wconf 91' lang='lat' dir='ltr'><strong>sed</strong></span> <span class='ocrx_word' id='word_1_75' title='bbox 1894 1135 2056 1189; x_wconf 85' lang='lat' dir='ltr'><strong>super</strong></span> 
     </span>
    </p>
   </div>
   <div class='ocr_carea' id='block_1_10' title="bbox 474 1209 2072 1283">
    <p class='ocr_par' dir='ltr' id='par_1_10' title="bbox 474 1209 2072 1283">
     <span class='ocr_line' id='line_1_10' title="bbox 474 1209 2072 1283; baseline 0.001 -22"><span class='ocrx_word' id='word_1_76' title='bbox 474 1209 682 1263; x_wconf 87' lang='lat' dir='ltr'><strong>asinam</strong></span> <span class='ocrx_word' id='word_1_77' title='bbox 705 1209 855 1278; x_wconf 82' lang='lat' dir='ltr'><strong>pacis</strong></span> <span class='ocrx_word' id='word_1_78' title='bbox 877 1209 1129 1273; x_wconf 87' lang='lat' dir='ltr'><strong>amicam,</strong></span> <span class='ocrx_word' id='word_1_79' title='bbox 1152 1210 1235 1264; x_wconf 88' lang='lat' dir='ltr'><strong>vel</strong></span> <span class='ocrx_word' id='word_1_80' title='bbox 1260 1227 1417 1281; x_wconf 87' lang='lat' dir='ltr'><strong>super</strong></span> <span class='ocrx_word' id='word_1_81' title='bbox 1439 1211 1641 1281; x_wconf 91' lang='lat' dir='ltr'><strong>pullum</strong></span> <span class='ocrx_word' id='word_1_82' title='bbox 1663 1212 1829 1265; x_wconf 91' lang='lat' dir='ltr'><strong>ﬁlium</strong></span> <span class='ocrx_word' id='word_1_83' title='bbox 1853 1212 2017 1265; x_wconf 63' lang='lat' dir='ltr'><strong>asinae</strong></span> <span class='ocrx_word' id='word_1_84' title='bbox 2034 1227 2072 1283; x_wconf 16' lang='grc' dir='ltr'><strong>ε.</strong></span> 
     </span>
    </p>
   </div>
   <div class='ocr_carea' id='block_1_11' title="bbox 472 1287 2052 1374">
    <p class='ocr_par' dir='ltr' id='par_1_11' title="bbox 472 1287 2052 1374">
     <span class='ocr_line' id='line_1_11' title="bbox 472 1287 2052 1374; baseline 0 -18"><span class='ocrx_word' id='word_1_85' title='bbox 472 1287 579 1356; x_wconf 82' lang='lat' dir='ltr'><strong>non</strong></span> <span class='ocrx_word' id='word_1_86' title='bbox 620 1312 679 1356; x_wconf 93' lang='lat' dir='ltr'><strong>ut</strong></span> <span class='ocrx_word' id='word_1_87' title='bbox 708 1302 917 1356; x_wconf 80' lang='lat' dir='ltr'><strong>auferat</strong></span> <span class='ocrx_word' id='word_1_88' title='bbox 945 1318 976 1355; x_wconf 91' lang='lat' dir='ltr'><strong>a</strong></span> <span class='ocrx_word' id='word_1_89' title='bbox 1021 1311 1072 1357; x_wconf 91' lang='lat' dir='ltr'><strong>te</strong></span> <span class='ocrx_word' id='word_1_90' title='bbox 1103 1304 1398 1373; x_wconf 89' lang='lat' dir='ltr'><strong>temporale</strong></span> <span class='ocrx_word' id='word_1_91' title='bbox 1438 1319 1660 1374; x_wconf 81' lang='lat' dir='ltr'><strong>regnum</strong></span> <span class='ocrx_word' id='word_1_92' title='bbox 1697 1311 1858 1372; x_wconf 89' lang='lat' dir='ltr'><strong>atque</strong></span> <span class='ocrx_word' id='word_1_93' title='bbox 1886 1312 2052 1356; x_wconf 87' lang='lat' dir='ltr'><strong>terre-</strong></span> 
     </span>
    </p>
   </div>
   <div class='ocr_carea' id='block_1_12' title="bbox 473 1394 2054 1460">
    <p class='ocr_par' dir='ltr' id='par_1_12' title="bbox 473 1394 2054 1460">
     <span class='ocr_line' id='line_1_12' title="bbox 473 1394 2054 1460; baseline -0.001 -11"><span class='ocrx_word' id='word_1_94' title='bbox 473 1411 636 1460; x_wconf 88' lang='lat' dir='ltr'><strong>num,</strong></span> <span class='ocrx_word' id='word_1_95' title='bbox 680 1395 773 1449; x_wconf 90' lang='lat' dir='ltr'><strong>sed</strong></span> <span class='ocrx_word' id='word_1_96' title='bbox 815 1394 1095 1450; x_wconf 83' lang='lat' dir='ltr'><strong>conferens</strong></span> <span class='ocrx_word' id='word_1_97' title='bbox 1125 1394 1250 1459; x_wconf 89' lang='lat' dir='ltr'><strong>tibi,</strong></span> <span class='ocrx_word' id='word_1_98' title='bbox 1281 1396 1325 1449; x_wconf 89' lang='lat' dir='ltr'><strong>si</strong></span> <span class='ocrx_word' id='word_1_99' title='bbox 1366 1396 1694 1459; x_wconf 86' lang='lat' dir='ltr'><strong>credideris,</strong></span> <span class='ocrx_word' id='word_1_100' title='bbox 1734 1394 1951 1449; x_wconf 77' lang='lat' dir='ltr'><strong>C(eleste</strong></span> <span class='ocrx_word' id='word_1_101' title='bbox 1998 1402 2054 1448; x_wconf 92' lang='lat' dir='ltr'><strong>et</strong></span> 
     </span>
    </p>
   </div>
   <div class='ocr_carea' id='block_1_13' title="bbox 460 1485 2051 1556">
    <p class='ocr_par' dir='ltr' id='par_1_13' title="bbox 460 1485 2051 1556">
     <span class='ocr_line' id='line_1_13' title="bbox 460 1485 2051 1556; baseline -0.001 -15"><span class='ocrx_word' id='word_1_102' title='bbox 460 1487 856 1556; x_wconf 84' lang='lat' dir='ltr'><strong>sempiternum</strong></span> <span class='ocrx_word' id='word_1_103' title='bbox 897 1504 908 1539; x_wconf 94' lang='lat'>:</span> <span class='ocrx_word' id='word_1_104' title='bbox 942 1502 1048 1540; x_wconf 92' lang='lat' dir='ltr'><strong>non</strong></span> <span class='ocrx_word' id='word_1_105' title='bbox 1096 1495 1154 1539; x_wconf 94' lang='lat' dir='ltr'><strong>ut</strong></span> <span class='ocrx_word' id='word_1_106' title='bbox 1199 1487 1357 1540; x_wconf 88' lang='lat' dir='ltr'><strong>ducat</strong></span> <span class='ocrx_word' id='word_1_107' title='bbox 1397 1495 1447 1540; x_wconf 91' lang='lat' dir='ltr'><strong>te</strong></span> <span class='ocrx_word' id='word_1_108' title='bbox 1482 1487 1533 1539; x_wconf 90' lang='lat' dir='ltr'><strong>in</strong></span> <span class='ocrx_word' id='word_1_109' title='bbox 1579 1495 1777 1540; x_wconf 90' lang='lat' dir='ltr'><strong>terram</strong></span> <span class='ocrx_word' id='word_1_110' title='bbox 1822 1485 2051 1539; x_wconf 90' lang='lat' dir='ltr'><strong>alienam</strong></span> 
     </span>
    </p>
   </div>
   <div class='ocr_carea' id='block_1_14' title="bbox 469 1576 2052 1647">
    <p class='ocr_par' dir='ltr' id='par_1_14' title="bbox 469 1576 2052 1647">
     <span class='ocr_line' id='line_1_14' title="bbox 469 1576 2052 1647; baseline 0 -16"><span class='ocrx_word' id='word_1_111' title='bbox 469 1580 734 1643; x_wconf 90' lang='lat' dir='ltr'><strong>vinctum,</strong></span> <span class='ocrx_word' id='word_1_112' title='bbox 762 1578 855 1633; x_wconf 89' lang='lat' dir='ltr'><strong>sed</strong></span> <span class='ocrx_word' id='word_1_113' title='bbox 896 1588 959 1632; x_wconf 90' lang='lat' dir='ltr'><strong>ut</strong></span> <span class='ocrx_word' id='word_1_114' title='bbox 1000 1578 1249 1633; x_wconf 82' lang='lat' dir='ltr'><strong>restituat</strong></span> <span class='ocrx_word' id='word_1_115' title='bbox 1275 1578 1328 1631; x_wconf 92' lang='lat' dir='ltr'><strong>in</strong></span> <span class='ocrx_word' id='word_1_116' title='bbox 1363 1577 1579 1647; x_wconf 89' lang='lat' dir='ltr'><strong>propria</strong></span> <span class='ocrx_word' id='word_1_117' title='bbox 1618 1576 1866 1631; x_wconf 90' lang='lat' dir='ltr'><strong>liberum.</strong></span> <span class='ocrx_word' id='word_1_118' title='bbox 1899 1576 2052 1642; x_wconf 90' lang='lat' dir='ltr'><strong>Quod</strong></span> 
     </span>
    </p>
   </div>
   <div class='ocr_carea' id='block_1_15' title="bbox 472 1667 2052 1735">
    <p class='ocr_par' dir='ltr' id='par_1_15' title="bbox 472 1667 2052 1735">
     <span class='ocr_line' id='line_1_15' title="bbox 472 1667 2052 1735; baseline -0.003 -9"><span class='ocrx_word' id='word_1_119' title='bbox 472 1681 656 1727; x_wconf 86' lang='lat' dir='ltr'><strong>autem</strong></span> <span class='ocrx_word' id='word_1_120' title='bbox 684 1672 779 1735; x_wconf 86' lang='lat' dir='ltr'><strong>ait,</strong></span> <span class='ocrx_word' id='word_1_121' title='bbox 814 1689 831 1721; x_wconf 83' lang='lat' dir='ltr'><strong>t</strong></span> <span class='ocrx_word' id='word_1_122' title='bbox 872 1679 1013 1735; x_wconf 89' lang='lat' dir='ltr'><strong>tuus,</strong></span> <span class='ocrx_word' id='word_1_123' title='bbox 1057 1691 1075 1722; x_wconf 71' lang='grc' dir='ltr'><strong><em>ι</em></strong></span> <span class='ocrx_word' id='word_1_124' title='bbox 1105 1670 1208 1725; x_wconf 83' lang='lat' dir='ltr'><strong>tale</strong></span> <span class='ocrx_word' id='word_1_125' title='bbox 1237 1678 1320 1724; x_wconf 88' lang='lat' dir='ltr'><strong>cst</strong></span> <span class='ocrx_word' id='word_1_126' title='bbox 1350 1684 1414 1723; x_wconf 91' lang='lat' dir='ltr'><strong>ac</strong></span> <span class='ocrx_word' id='word_1_127' title='bbox 1440 1670 1485 1723; x_wconf 86' lang='lat' dir='ltr'><strong>si</strong></span> <span class='ocrx_word' id='word_1_128' title='bbox 1503 1670 1707 1723; x_wconf 91' lang='lat' dir='ltr'><strong>diceret</strong></span> <span class='ocrx_word' id='word_1_129' title='bbox 1732 1685 1745 1722; x_wconf 89' lang='lat'><strong>:</strong></span> <span class='ocrx_word' id='word_1_130' title='bbox 1775 1668 1940 1734; x_wconf 89' lang='lat' dir='ltr'><strong>Tuus,</strong></span> <span class='ocrx_word' id='word_1_131' title='bbox 1969 1667 2052 1721; x_wconf 86' lang='lat' dir='ltr'><strong>in-</strong></span> 
     </span>
    </p>
   </div>
   <div class='ocr_carea' id='block_1_16' title="bbox 468 1761 2048 1834">
    <p class='ocr_par' dir='ltr' id='par_1_16' title="bbox 468 1761 2048 1834">
     <span class='ocr_line' id='line_1_16' title="bbox 468 1761 2048 1834; baseline -0.001 -17"><span class='ocrx_word' id='word_1_132' title='bbox 468 1780 649 1834; x_wconf 91' lang='lat' dir='ltr'><strong>quam,</strong></span> <span class='ocrx_word' id='word_1_133' title='bbox 683 1780 787 1819; x_wconf 92' lang='lat' dir='ltr'><strong>non</strong></span> <span class='ocrx_word' id='word_1_134' title='bbox 814 1763 1038 1827; x_wconf 84' lang='lat' dir='ltr'><strong>alienus,</strong></span> <span class='ocrx_word' id='word_1_135' title='bbox 1072 1777 1179 1816; x_wconf 92' lang='lat' dir='ltr'><strong>non</strong></span> <span class='ocrx_word' id='word_1_136' title='bbox 1204 1772 1524 1827; x_wconf 81' lang='lat' dir='ltr'><strong>extraneus,</strong></span> <span class='ocrx_word' id='word_1_137' title='bbox 1556 1761 1651 1817; x_wconf 91' lang='lat' dir='ltr'><strong>sed</strong></span> <span class='ocrx_word' id='word_1_138' title='bbox 1689 1762 1958 1832; x_wconf 88' lang='lat' dir='ltr'><strong>proprius,</strong></span> <span class='ocrx_word' id='word_1_139' title='bbox 1982 1775 2048 1816; x_wconf 83' lang='lat' dir='ltr'><strong>ex</strong></span> 
     </span>
    </p>
   </div>
   <div class='ocr_carea' id='block_1_17' title="bbox 2157 582 3737 655">
    <p class='ocr_par' dir='ltr' id='par_1_17' title="bbox 2157 582 3737 655">
     <span class='ocr_line' id='line_1_17' title="bbox 2157 582 3737 655; baseline 0.013 -21"><span class='ocrx_word' id='word_1_140' title='bbox 2157 582 2411 637; x_wconf 91' lang='lat' dir='ltr'><strong>ardenter</strong></span> <span class='ocrx_word' id='word_1_141' title='bbox 2450 582 2703 639; x_wconf 82' lang='lat' dir='ltr'><strong>festinare</strong></span> <span class='ocrx_word' id='word_1_142' title='bbox 2732 586 2905 642; x_wconf 89' lang='lat' dir='ltr'><strong>docet.</strong></span> <span class='ocrx_word' id='word_1_143' title='bbox 2936 587 3087 654; x_wconf 84' lang='lat' dir='ltr'><strong>Quod</strong></span> <span class='ocrx_word' id='word_1_144' title='bbox 3122 591 3259 646; x_wconf 84' lang='lat' dir='ltr'><strong>bene</strong></span> <span class='ocrx_word' id='word_1_145' title='bbox 3305 593 3356 646; x_wconf 91' lang='lat' dir='ltr'><strong>iu</strong></span> <span class='ocrx_word' id='word_1_146' title='bbox 3393 610 3547 650; x_wconf 87' lang='lat' dir='ltr'><strong>sacra</strong></span> <span class='ocrx_word' id='word_1_147' title='bbox 3584 614 3737 655; x_wconf 83' lang='lat' dir='ltr'><strong>vera-</strong></span> 
     </span>
    </p>
   </div>
   <div class='ocr_carea' id='block_1_18' title="bbox 2155 669 3737 754">
    <p class='ocr_par' dir='ltr' id='par_1_18' title="bbox 2155 669 3737 754">
     <span class='ocr_line' id='line_1_18' title="bbox 2155 669 3737 754; baseline 0.014 -31"><span class='ocrx_word' id='word_1_148' title='bbox 2155 669 2312 739; x_wconf 90' lang='lat' dir='ltr'><strong>cique</strong></span> <span class='ocrx_word' id='word_1_149' title='bbox 2340 672 2561 727; x_wconf 86' lang='lat' dir='ltr'><strong>historia</strong></span> <span class='ocrx_word' id='word_1_150' title='bbox 2592 674 2834 745; x_wconf 80' lang='lat' dir='ltr'><strong>signatur</strong></span> <span class='ocrx_word' id='word_1_151' title='bbox 2860 676 3059 748; x_wconf 81' lang='lat' dir='ltr'><strong>(Judic.</strong></span> <span class='ocrx_word' id='word_1_152' title='bbox 3091 678 3154 748; x_wconf 85' lang='lat' dir='ltr'><strong>t),</strong></span> <span class='ocrx_word' id='word_1_153' title='bbox 3186 696 3308 735; x_wconf 89' lang='lat' dir='ltr'><strong>cum</strong></span> <span class='ocrx_word' id='word_1_154' title='bbox 3339 684 3574 741; x_wconf 76' lang='lat' dir='ltr'><strong>Acbsam</strong></span> <span class='ocrx_word' id='word_1_155' title='bbox 3593 728 3609 754; x_wconf 92' lang='lat'><strong>,</strong></span> <span class='ocrx_word' id='word_1_156' title='bbox 3634 689 3737 746; x_wconf 88' lang='lat' dir='ltr'><strong>Ca-</strong></span> 
     </span>
    </p>
   </div>
   <div class='ocr_carea' id='block_1_19' title="bbox 2154 766 3734 851">
    <p class='ocr_par' dir='ltr' id='par_1_19' title="bbox 2154 766 3734 851">
     <span class='ocr_line' id='line_1_19' title="bbox 2154 766 3734 851; baseline 0.013 -32"><span class='ocrx_word' id='word_1_157' title='bbox 2154 766 2241 821; x_wconf 91' lang='lat' dir='ltr'><strong>leb</strong></span> <span class='ocrx_word' id='word_1_158' title='bbox 2272 766 2404 833; x_wconf 88' lang='lat' dir='ltr'><strong>ﬁlia,</strong></span> <span class='ocrx_word' id='word_1_159' title='bbox 2441 783 2602 838; x_wconf 88' lang='lat' dir='ltr'><strong>super</strong></span> <span class='ocrx_word' id='word_1_160' title='bbox 2647 770 2852 824; x_wconf 88' lang='lat' dir='ltr'><strong>asinam</strong></span> <span class='ocrx_word' id='word_1_161' title='bbox 2906 773 3131 837; x_wconf 89' lang='lat' dir='ltr'><strong>sedens,</strong></span> <span class='ocrx_word' id='word_1_162' title='bbox 3176 777 3473 845; x_wconf 85' lang='lat' dir='ltr'><strong>suspirasse</strong></span> <span class='ocrx_word' id='word_1_163' title='bbox 3501 779 3734 851; x_wconf 80' lang='lat' dir='ltr'><strong>legitur:</strong></span> 
     </span>
    </p>
   </div>
   <div class='ocr_carea' id='block_1_20' title="bbox 2154 860 3737 943">
    <p class='ocr_par' dir='ltr' id='par_1_20' title="bbox 2154 860 3737 943">
     <span class='ocr_line' id='line_1_20' title="bbox 2154 860 3737 943; baseline 0.011 -31"><span class='ocrx_word' id='word_1_164' title='bbox 2154 860 2308 929; x_wconf 90' lang='lat' dir='ltr'><strong>quasi</strong></span> <span class='ocrx_word' id='word_1_165' title='bbox 2334 860 2477 913; x_wconf 92' lang='lat' dir='ltr'><strong>enim</strong></span> <span class='ocrx_word' id='word_1_166' title='bbox 2501 860 2733 915; x_wconf 80' lang='lat' dir='ltr'><strong>Achsam</strong></span> <span class='ocrx_word' id='word_1_167' title='bbox 2759 861 2921 917; x_wconf 89' lang='lat' dir='ltr'><strong>Caleb</strong></span> <span class='ocrx_word' id='word_1_168' title='bbox 2947 862 3055 917; x_wconf 91' lang='lat' dir='ltr'><strong>ﬁlia</strong></span> <span class='ocrx_word' id='word_1_169' title='bbox 3094 864 3302 920; x_wconf 84' lang='lat' dir='ltr'><strong>asinam</strong></span> <span class='ocrx_word' id='word_1_170' title='bbox 3334 868 3529 925; x_wconf 90' lang='lat' dir='ltr'><strong>sedens</strong></span> <span class='ocrx_word' id='word_1_171' title='bbox 3563 874 3737 943; x_wconf 90' lang='lat' dir='ltr'><strong>suspi-</strong></span> 
     </span>
    </p>
   </div>
   <div class='ocr_carea' id='block_1_21' title="bbox 2155 951 3736 1026">
    <p class='ocr_par' dir='ltr' id='par_1_21' title="bbox 2155 951 3736 1026">
     <span class='ocr_line' id='line_1_21' title="bbox 2155 951 3736 1026; baseline 0.01 -22"><span class='ocrx_word' id='word_1_172' title='bbox 2155 959 2274 1016; x_wconf 88' lang='lat' dir='ltr'><strong>rat,</strong></span> <span class='ocrx_word' id='word_1_173' title='bbox 2316 951 2529 1019; x_wconf 90' lang='lat' dir='ltr'><strong>quando</strong></span> <span class='ocrx_word' id='word_1_174' title='bbox 2555 966 2710 1006; x_wconf 91' lang='lat' dir='ltr'><strong>mens</strong></span> <span class='ocrx_word' id='word_1_175' title='bbox 2750 952 3011 1024; x_wconf 90' lang='lat' dir='ltr'><strong>simplicis</strong></span> <span class='ocrx_word' id='word_1_176' title='bbox 3056 955 3159 1011; x_wconf 90' lang='lat' dir='ltr'><strong>viri</strong></span> <span class='ocrx_word' id='word_1_177' title='bbox 3194 972 3291 1026; x_wconf 91' lang='lat' dir='ltr'><strong>pro</strong></span> <span class='ocrx_word' id='word_1_178' title='bbox 3336 958 3570 1018; x_wconf 76' lang='lat' dir='ltr'><strong>caelestis</strong></span> <span class='ocrx_word' id='word_1_179' title='bbox 3613 965 3736 1021; x_wconf 65' lang='lat' dir='ltr'><strong>vita</strong></span> 
     </span>
    </p>
   </div>
   <div class='ocr_carea' id='block_1_22' title="bbox 2154 1040 3735 1116">
    <p class='ocr_par' dir='ltr' id='par_1_22' title="bbox 2154 1040 3735 1116">
     <span class='ocr_line' id='line_1_22' title="bbox 2154 1040 3735 1116; baseline 0.011 -21"><span class='ocrx_word' id='word_1_180' title='bbox 2154 1040 2422 1097; x_wconf 89' lang='lat' dir='ltr'><strong>desiderio</strong></span> <span class='ocrx_word' id='word_1_181' title='bbox 2468 1043 2789 1113; x_wconf 88' lang='lat' dir='ltr'><strong>ingemiscit.</strong></span> <span class='ocrx_word' id='word_1_182' title='bbox 2828 1045 3043 1101; x_wconf 90' lang='lat' dir='ltr'><strong>Domini</strong></span> <span class='ocrx_word' id='word_1_183' title='bbox 3076 1045 3376 1116; x_wconf 77' lang='lat' dir='ltr'><strong>iussionem</strong></span> <span class='ocrx_word' id='word_1_184' title='bbox 3429 1053 3735 1113; x_wconf 88' lang='lat' dir='ltr'><strong>obedientia</strong></span> 
     </span>
    </p>
   </div>
   <div class='ocr_carea' id='block_1_23' title="bbox 2155 1133 3418 1202">
    <p class='ocr_par' dir='ltr' id='par_1_23' title="bbox 2155 1133 3418 1202">
     <span class='ocr_line' id='line_1_23' title="bbox 2155 1133 3418 1202; baseline 0.007 -15"><span class='ocrx_word' id='word_1_185' title='bbox 2155 1141 2334 1187; x_wconf 89' lang='lat' dir='ltr'><strong>secuta</strong></span> <span class='ocrx_word' id='word_1_186' title='bbox 2357 1141 2440 1187; x_wconf 91' lang='lat' dir='ltr'><strong>est</strong></span> <span class='ocrx_word' id='word_1_187' title='bbox 2460 1133 2843 1202; x_wconf 88' lang='lat' dir='ltr'><strong>apostolorum.</strong></span> <span class='ocrx_word' id='word_1_188' title='bbox 2873 1135 3027 1193; x_wconf 85' lang='lat' dir='ltr'><strong>Unde</strong></span> <span class='ocrx_word' id='word_1_189' title='bbox 3048 1145 3104 1192; x_wconf 87' lang='lat' dir='ltr'><strong>et</strong></span> <span class='ocrx_word' id='word_1_190' title='bbox 3128 1139 3376 1196; x_wconf 90' lang='lat' dir='ltr'><strong>subditur</strong></span> <span class='ocrx_word' id='word_1_191' title='bbox 3406 1160 3418 1195; x_wconf 92' lang='lat'><strong>:</strong></span> 
     </span>
    </p>
   </div>
   <div class='ocr_carea' id='block_1_24' title="bbox 2230 1221 3737 1307">
    <p class='ocr_par' dir='ltr' id='par_1_24' title="bbox 2230 1221 3737 1307">
     <span class='ocr_line' id='line_1_24' title="bbox 2230 1221 3737 1307; baseline 0.015 -36"><span class='ocrx_word' id='word_1_192' title='bbox 2230 1238 2248 1270; x_wconf 75' lang='grc' dir='ltr'>ι</span> <span class='ocrx_word' id='word_1_193' title='bbox 2278 1221 2479 1276; x_wconf 89' lang='lat' dir='ltr'><strong>Euntes</strong></span> <span class='ocrx_word' id='word_1_194' title='bbox 2504 1231 2681 1277; x_wconf 90' lang='lat' dir='ltr'><strong>autem</strong></span> <span class='ocrx_word' id='word_1_195' title='bbox 2708 1224 2977 1295; x_wconf 88' lang='lat' dir='ltr'><strong>discipuli,</strong></span> <span class='ocrx_word' id='word_1_196' title='bbox 3012 1226 3259 1284; x_wconf 79' lang='lat' dir='ltr'><strong>fecerunt</strong></span> <span class='ocrx_word' id='word_1_197' title='bbox 3300 1233 3444 1288; x_wconf 90' lang='lat' dir='ltr'><strong>sicut</strong></span> <span class='ocrx_word' id='word_1_198' title='bbox 3480 1238 3737 1307; x_wconf 59' lang='lat' dir='ltr'><strong>praecepit</strong></span> 
     </span>
    </p>
   </div>
   <div class='ocr_carea' id='block_1_25' title="bbox 2160 1312 3734 1396">
    <p class='ocr_par' dir='ltr' id='par_1_25' title="bbox 2160 1312 3734 1396">
     <span class='ocr_line' id='line_1_25' title="bbox 2160 1312 3734 1396; baseline 0.013 -31"><span class='ocrx_word' id='word_1_199' title='bbox 2160 1330 2178 1363; x_wconf 79' lang='lat' dir='ltr'><strong>t</strong></span> <span class='ocrx_word' id='word_1_200' title='bbox 2216 1312 2294 1367; x_wconf 90' lang='lat' dir='ltr'><strong>eis</strong></span> <span class='ocrx_word' id='word_1_201' title='bbox 2320 1312 2475 1369; x_wconf 87' lang='lat' dir='ltr'><strong>Jesus</strong></span> <span class='ocrx_word' id='word_1_202' title='bbox 2518 1323 2572 1369; x_wconf 92' lang='lat' dir='ltr'><strong>et</strong></span> <span class='ocrx_word' id='word_1_203' title='bbox 2611 1317 2952 1375; x_wconf 81' lang='lat' dir='ltr'><strong>adduxerunt</strong></span> <span class='ocrx_word' id='word_1_204' title='bbox 2991 1320 3199 1377; x_wconf 82' lang='lat' dir='ltr'><strong>asinam</strong></span> <span class='ocrx_word' id='word_1_205' title='bbox 3225 1332 3279 1378; x_wconf 91' lang='lat' dir='ltr'><strong>et</strong></span> <span class='ocrx_word' id='word_1_206' title='bbox 3312 1326 3537 1396; x_wconf 91' lang='lat' dir='ltr'><strong>pullum.</strong></span> <span class='ocrx_word' id='word_1_207' title='bbox 3570 1347 3588 1379; x_wconf 73' lang='grc' dir='ltr'><strong><em>ι</em></strong></span> <span class='ocrx_word' id='word_1_208' title='bbox 3614 1328 3734 1385; x_wconf 82' lang='lat' dir='ltr'><strong>Jam</strong></span> 
     </span>
    </p>
   </div>
   <div class='ocr_carea' id='block_1_26' title="bbox 2153 1404 3747 1489">
    <p class='ocr_par' dir='ltr' id='par_1_26' title="bbox 2153 1404 3747 1489">
     <span class='ocr_line' id='line_1_26' title="bbox 2153 1404 3747 1489; baseline 0.013 -32"><span class='ocrx_word' id='word_1_209' title='bbox 2153 1404 2401 1473; x_wconf 86' lang='lat' dir='ltr'><strong>superius</strong></span> <span class='ocrx_word' id='word_1_210' title='bbox 2442 1421 2537 1474; x_wconf 90' lang='lat' dir='ltr'><strong>per</strong></span> <span class='ocrx_word' id='word_1_211' title='bbox 2576 1408 2780 1462; x_wconf 85' lang='lat' dir='ltr'><strong>asinam</strong></span> <span class='ocrx_word' id='word_1_212' title='bbox 2808 1418 2864 1464; x_wconf 92' lang='lat' dir='ltr'><strong>et</strong></span> <span class='ocrx_word' id='word_1_213' title='bbox 2908 1410 3111 1480; x_wconf 90' lang='lat' dir='ltr'><strong>pullum</strong></span> <span class='ocrx_word' id='word_1_214' title='bbox 3152 1422 3441 1486; x_wconf 90' lang='lat' dir='ltr'><strong>utrumque</strong></span> <span class='ocrx_word' id='word_1_215' title='bbox 3481 1419 3747 1489; x_wconf 74' lang='lat' dir='ltr'><strong>populum</strong></span> 
     </span>
    </p>
   </div>
   <div class='ocr_carea' id='block_1_27' title="bbox 2153 1494 3734 1576">
    <p class='ocr_par' dir='ltr' id='par_1_27' title="bbox 2153 1494 3734 1576">
     <span class='ocr_line' id='line_1_27' title="bbox 2153 1494 3734 1576; baseline 0.011 -29"><span class='ocrx_word' id='word_1_216' title='bbox 2153 1494 2387 1548; x_wconf 78' lang='lat' dir='ltr'><strong>diximus</strong></span> <span class='ocrx_word' id='word_1_217' title='bbox 2411 1496 2651 1567; x_wconf 88' lang='lat' dir='ltr'><strong>ﬁgurari,</strong></span> <span class='ocrx_word' id='word_1_218' title='bbox 2667 1497 2975 1556; x_wconf 80' lang='lat' dir='ltr'><strong>Judaeorum</strong></span> <span class='ocrx_word' id='word_1_219' title='bbox 2996 1502 3202 1558; x_wconf 78' lang='lat' dir='ltr'><strong>scilicet</strong></span> <span class='ocrx_word' id='word_1_220' title='bbox 3221 1514 3275 1560; x_wconf 92' lang='lat' dir='ltr'><strong>et</strong></span> <span class='ocrx_word' id='word_1_221' title='bbox 3291 1509 3551 1575; x_wconf 88' lang='lat' dir='ltr'><strong>gentium.</strong></span> <span class='ocrx_word' id='word_1_222' title='bbox 3567 1508 3734 1576; x_wconf 84' lang='lat' dir='ltr'><strong>Quasi</strong></span> 
     </span>
    </p>
   </div>
   <div class='ocr_carea' id='block_1_28' title="bbox 2151 1586 3734 1667">
    <p class='ocr_par' dir='ltr' id='par_1_28' title="bbox 2151 1586 3734 1667">
     <span class='ocr_line' id='line_1_28' title="bbox 2151 1586 3734 1667; baseline 0.01 -28"><span class='ocrx_word' id='word_1_223' title='bbox 2151 1599 2280 1654; x_wconf 86' lang='lat' dir='ltr'><strong>ergo</strong></span> <span class='ocrx_word' id='word_1_224' title='bbox 2331 1586 2481 1641; x_wconf 88' lang='lat' dir='ltr'><strong>missi</strong></span> <span class='ocrx_word' id='word_1_225' title='bbox 2530 1588 2775 1657; x_wconf 87' lang='lat' dir='ltr'><strong>discipuli</strong></span> <span class='ocrx_word' id='word_1_226' title='bbox 2826 1590 3036 1645; x_wconf 89' lang='lat' dir='ltr'><strong>asinam</strong></span> <span class='ocrx_word' id='word_1_227' title='bbox 3092 1592 3464 1664; x_wconf 76' lang='lat' dir='ltr'><strong>adduxerunt,</strong></span> <span class='ocrx_word' id='word_1_228' title='bbox 3520 1602 3734 1667; x_wconf 88' lang='lat' dir='ltr'><strong>quando</strong></span> 
     </span>
    </p>
   </div>
   <div class='ocr_carea' id='block_1_29' title="bbox 2150 1676 3736 1749">
    <p class='ocr_par' dir='ltr' id='par_1_29' title="bbox 2150 1676 3736 1749">
     <span class='ocr_line' id='line_1_29' title="bbox 2150 1676 3736 1749; baseline 0.01 -20"><span class='ocrx_word' id='word_1_229' title='bbox 2150 1676 2436 1730; x_wconf 90' lang='lat' dir='ltr'><strong>nonnullos</strong></span> <span class='ocrx_word' id='word_1_230' title='bbox 2461 1692 2526 1731; x_wconf 81' lang='lat' dir='ltr'><strong>ex</strong></span> <span class='ocrx_word' id='word_1_231' title='bbox 2558 1677 2841 1749; x_wconf 85' lang='lat' dir='ltr'><strong>Synagoga</strong></span> <span class='ocrx_word' id='word_1_232' title='bbox 2869 1681 2938 1735; x_wconf 91' lang='lat' dir='ltr'><strong>ad</strong></span> <span class='ocrx_word' id='word_1_233' title='bbox 2967 1681 3125 1737; x_wconf 91' lang='lat' dir='ltr'><strong>ﬁdem</strong></span> <span class='ocrx_word' id='word_1_234' title='bbox 3153 1682 3353 1740; x_wconf 88' lang='lat' dir='ltr'><strong>Christi</strong></span> <span class='ocrx_word' id='word_1_235' title='bbox 3382 1688 3567 1743; x_wconf 90' lang='lat' dir='ltr'><strong>venire</strong></span> <span class='ocrx_word' id='word_1_236' title='bbox 3597 1689 3736 1745; x_wconf 83' lang='lat' dir='ltr'><strong>fece-</strong></span> 
     </span>
    </p>
   </div>
   <div class='ocr_carea' id='block_1_30' title="bbox 2151 1769 3735 1852">
    <p class='ocr_par' dir='ltr' id='par_1_30' title="bbox 2151 1769 3735 1852">
     <span class='ocr_line' id='line_1_30' title="bbox 2151 1769 3735 1852; baseline 0.01 -30"><span class='ocrx_word' id='word_1_237' title='bbox 2151 1777 2303 1833; x_wconf 89' lang='lat' dir='ltr'><strong>runt,</strong></span> <span class='ocrx_word' id='word_1_238' title='bbox 2348 1769 2486 1824; x_wconf 90' lang='lat' dir='ltr'><strong>sicut</strong></span> <span class='ocrx_word' id='word_1_239' title='bbox 2534 1771 2588 1824; x_wconf 92' lang='lat' dir='ltr'><strong>in</strong></span> <span class='ocrx_word' id='word_1_240' title='bbox 2640 1773 2862 1828; x_wconf 88' lang='lat' dir='ltr'><strong>Actibus</strong></span> <span class='ocrx_word' id='word_1_241' title='bbox 2904 1775 3268 1844; x_wconf 88' lang='lat' dir='ltr'><strong>apostolorum</strong></span> <span class='ocrx_word' id='word_1_242' title='bbox 3311 1778 3573 1850; x_wconf 76' lang='lat' dir='ltr'><strong>legimus,</strong></span> <span class='ocrx_word' id='word_1_243' title='bbox 3605 1783 3735 1852; x_wconf 87' lang='lat' dir='ltr'><strong>quia</strong></span> 
     </span>
    </p>
   </div>
   <div class='ocr_carea' id='block_1_31' title="bbox 468 1852 3733 1941">
    <p class='ocr_par' dir='ltr' id='par_1_31' title="bbox 468 1852 3733 1941">
     <span class='ocr_line' id='line_1_31' title="bbox 468 1852 3733 1941; baseline 0.006 -29"><span class='ocrx_word' id='word_1_244' title='bbox 468 1863 522 1910; x_wconf 83' lang='lat' dir='ltr'><strong>te</strong></span> <span class='ocrx_word' id='word_1_245' title='bbox 560 1864 737 1919; x_wconf 87' lang='lat' dir='ltr'><strong>natus,</strong></span> <span class='ocrx_word' id='word_1_246' title='bbox 768 1862 825 1909; x_wconf 89' lang='lat' dir='ltr'><strong>et</strong></span> <span class='ocrx_word' id='word_1_247' title='bbox 864 1855 917 1908; x_wconf 92' lang='lat' dir='ltr'><strong>in</strong></span> <span class='ocrx_word' id='word_1_248' title='bbox 960 1856 1012 1908; x_wconf 78' lang='lat' dir='ltr'><strong>te</strong></span> <span class='ocrx_word' id='word_1_249' title='bbox 1055 1855 1308 1919; x_wconf 81' lang='lat' dir='ltr'><strong>nutritus,</strong></span> <span class='ocrx_word' id='word_1_250' title='bbox 1349 1864 1402 1908; x_wconf 92' lang='lat' dir='ltr'><strong>et</strong></span> <span class='ocrx_word' id='word_1_251' title='bbox 1433 1855 1499 1908; x_wconf 85' lang='lat' dir='ltr'><strong>ad</strong></span> <span class='ocrx_word' id='word_1_252' title='bbox 1533 1862 1675 1907; x_wconf 84' lang='lat' dir='ltr'><strong>tuam</strong></span> <span class='ocrx_word' id='word_1_253' title='bbox 1706 1854 1932 1909; x_wconf 75' lang='lat' dir='ltr'><strong>salutem</strong></span> <span class='ocrx_word' id='word_1_254' title='bbox 1960 1869 2050 1907; x_wconf 75' lang='lat' dir='ltr'><strong>ve—</strong></span> <span class='ocrx_word' id='word_1_255' title='bbox 2076 1852 2124 1912; x_wconf 90' lang='lat' dir='ltr'><strong>B</strong></span> <span class='ocrx_word' id='word_1_256' title='bbox 2150 1862 2474 1930; x_wconf 51' lang='lat' dir='ltr'><strong>praedicante</strong></span> <span class='ocrx_word' id='word_1_257' title='bbox 2499 1863 2681 1929; x_wconf 90' lang='lat' dir='ltr'><strong>Petro,</strong></span> <span class='ocrx_word' id='word_1_258' title='bbox 2708 1880 2814 1919; x_wconf 89' lang='lat' dir='ltr'><strong>una</strong></span> <span class='ocrx_word' id='word_1_259' title='bbox 2836 1866 2922 1921; x_wconf 91' lang='lat' dir='ltr'><strong>die</strong></span> <span class='ocrx_word' id='word_1_260' title='bbox 2952 1869 3297 1924; x_wconf 89' lang='lat' dir='ltr'><strong>crediderunt</strong></span> <span class='ocrx_word' id='word_1_261' title='bbox 3325 1872 3428 1927; x_wconf 90' lang='lat' dir='ltr'><strong>tria</strong></span> <span class='ocrx_word' id='word_1_262' title='bbox 3454 1874 3645 1941; x_wconf 87' lang='lat' dir='ltr'><strong>millia,</strong></span> <span class='ocrx_word' id='word_1_263' title='bbox 3675 1885 3733 1932; x_wconf 88' lang='lat' dir='ltr'><strong>et</strong></span> 
     </span>
    </p>
   </div>
   <div class='ocr_carea' id='block_1_32' title="bbox 470 1944 2051 2015">
    <p class='ocr_par' dir='ltr' id='par_1_32' title="bbox 470 1944 2051 2015">
     <span class='ocr_line' id='line_1_32' title="bbox 470 1944 2051 2015; baseline -0.002 -13"><span class='ocrx_word' id='word_1_264' title='bbox 470 1947 647 2002; x_wconf 87' lang='lat' dir='ltr'><strong>niens.</strong></span> <span class='ocrx_word' id='word_1_265' title='bbox 669 1944 821 2012; x_wconf 86' lang='lat' dir='ltr'><strong>Quod</strong></span> <span class='ocrx_word' id='word_1_266' title='bbox 842 1959 972 1999; x_wconf 89' lang='lat' dir='ltr'><strong>vero</strong></span> <span class='ocrx_word' id='word_1_267' title='bbox 996 1946 1355 2015; x_wconf 72' lang='lat' dir='ltr'><strong>subiungitur,</strong></span> <span class='ocrx_word' id='word_1_268' title='bbox 1377 1964 1394 1996; x_wconf 85' lang='lat' dir='ltr'><strong>t</strong></span> <span class='ocrx_word' id='word_1_269' title='bbox 1418 1954 1747 2009; x_wconf 90' lang='lat' dir='ltr'><strong>mansuetus,</strong></span> <span class='ocrx_word' id='word_1_270' title='bbox 1775 1965 1793 1997; x_wconf 74' lang='grc' dir='ltr'><strong><em>ι</em></strong></span> <span class='ocrx_word' id='word_1_271' title='bbox 1814 1944 2051 2001; x_wconf 86' lang='lat' dir='ltr'><strong>ostendit</strong></span> 
     </span>
    </p>
   </div>
   <div class='ocr_carea' id='block_1_33' title="bbox 470 2037 2048 2099">
    <p class='ocr_par' dir='ltr' id='par_1_33' title="bbox 470 2037 2048 2099">
     <span class='ocr_line' id='line_1_33' title="bbox 470 2037 2048 2099; baseline -0.002 -6"><span class='ocrx_word' id='word_1_272' title='bbox 470 2054 623 2094; x_wconf 91' lang='lat' dir='ltr'><strong>suam</strong></span> <span class='ocrx_word' id='word_1_273' title='bbox 649 2037 1114 2093; x_wconf 87' lang='lat' dir='ltr'><strong>mansuetudinem</strong></span> <span class='ocrx_word' id='word_1_274' title='bbox 1138 2053 1242 2092; x_wconf 90' lang='lat' dir='ltr'><strong>non</strong></span> <span class='ocrx_word' id='word_1_275' title='bbox 1267 2037 1437 2092; x_wconf 91' lang='lat' dir='ltr'><strong>solum</strong></span> <span class='ocrx_word' id='word_1_276' title='bbox 1464 2039 1518 2092; x_wconf 91' lang='lat' dir='ltr'><strong>in</strong></span> <span class='ocrx_word' id='word_1_277' title='bbox 1542 2039 1738 2099; x_wconf 91' lang='lat' dir='ltr'><strong>verbis,</strong></span> <span class='ocrx_word' id='word_1_278' title='bbox 1765 2037 1857 2093; x_wconf 91' lang='lat' dir='ltr'><strong>sed</strong></span> <span class='ocrx_word' id='word_1_279' title='bbox 1886 2038 2048 2093; x_wconf 90' lang='lat' dir='ltr'><strong>etiam</strong></span> 
     </span>
    </p>
   </div>
   <div class='ocr_carea' id='block_1_34' title="bbox 468 2127 2087 2200">
    <p class='ocr_par' dir='ltr' id='par_1_34' title="bbox 468 2127 2087 2200">
     <span class='ocr_line' id='line_1_34' title="bbox 468 2127 2087 2200; baseline -0.002 -16"><span class='ocrx_word' id='word_1_280' title='bbox 468 2129 524 2185; x_wconf 91' lang='lat' dir='ltr'><strong>in</strong></span> <span class='ocrx_word' id='word_1_281' title='bbox 540 2128 801 2200; x_wconf 86' lang='lat' dir='ltr'><strong>subjugali</strong></span> <span class='ocrx_word' id='word_1_282' title='bbox 829 2130 1091 2184; x_wconf 91' lang='lat' dir='ltr'><strong>sessione.</strong></span> <span class='ocrx_word' id='word_1_283' title='bbox 1123 2127 1454 2199; x_wconf 86' lang='lat' dir='ltr'><strong>Spiritaliter</strong></span> <span class='ocrx_word' id='word_1_284' title='bbox 1480 2145 1714 2198; x_wconf 88' lang='lat' dir='ltr'><strong>namque</strong></span> <span class='ocrx_word' id='word_1_285' title='bbox 1736 2128 1898 2194; x_wconf 84' lang='lat' dir='ltr'><strong>Sion,</strong></span> <span class='ocrx_word' id='word_1_286' title='bbox 1932 2142 2051 2198; x_wconf 64' lang='lat' dir='ltr'><strong>quae</strong></span> <span class='ocrx_word' id='word_1_287' title='bbox 2080 2147 2087 2152; x_wconf 94' lang='grc'><strong>·</strong></span> 
     </span>
    </p>
   </div>
   <div class='ocr_carea' id='block_1_35' title="bbox 468 2219 2051 2291">
    <p class='ocr_par' dir='ltr' id='par_1_35' title="bbox 468 2219 2051 2291">
     <span class='ocr_line' id='line_1_35' title="bbox 468 2219 2051 2291; baseline -0.001 -17"><span class='ocrx_word' id='word_1_288' title='bbox 468 2220 753 2290; x_wconf 75' lang='lat' dir='ltr'><strong>speculam</strong></span> <span class='ocrx_word' id='word_1_289' title='bbox 799 2220 1207 2289; x_wconf 85' lang='lat' dir='ltr'><strong>interpretatur,</strong></span> <span class='ocrx_word' id='word_1_290' title='bbox 1245 2219 1541 2275; x_wconf 84' lang='lat' dir='ltr'><strong>Eeclesiam</strong></span> <span class='ocrx_word' id='word_1_291' title='bbox 1587 2221 1889 2291; x_wconf 90' lang='lat' dir='ltr'><strong>signiﬁcat,</strong></span> <span class='ocrx_word' id='word_1_292' title='bbox 1932 2234 2051 2290; x_wconf 82' lang='lat' dir='ltr'><strong>quae</strong></span> 
     </span>
    </p>
   </div>
   <div class='ocr_carea' id='block_1_36' title="bbox 468 2310 2047 2391">
    <p class='ocr_par' dir='ltr' id='par_1_36' title="bbox 468 2310 2047 2391">
     <span class='ocr_line' id='line_1_36' title="bbox 468 2310 2047 2391; baseline -0.001 -24"><span class='ocrx_word' id='word_1_293' title='bbox 468 2312 670 2391; x_wconf 87' lang='lat' dir='ltr'><strong>mundo</strong></span> <span class='ocrx_word' id='word_1_294' title='bbox 711 2312 871 2366; x_wconf 91' lang='lat' dir='ltr'><strong>corde</strong></span> <span class='ocrx_word' id='word_1_295' title='bbox 911 2312 1151 2381; x_wconf 86' lang='lat' dir='ltr'><strong>quotidie</strong></span> <span class='ocrx_word' id='word_1_296' title='bbox 1178 2311 1572 2381; x_wconf 84' lang='lat' dir='ltr'><strong>contemplatur</strong></span> <span class='ocrx_word' id='word_1_297' title='bbox 1600 2326 1722 2365; x_wconf 89' lang='lat' dir='ltr'><strong>eum</strong></span> <span class='ocrx_word' id='word_1_298' title='bbox 1752 2310 1843 2380; x_wconf 91' lang='lat' dir='ltr'><strong>qui</strong></span> <span class='ocrx_word' id='word_1_299' title='bbox 1871 2310 2005 2364; x_wconf 79' lang='lat' dir='ltr'><strong>dixit</strong></span> <span class='ocrx_word' id='word_1_300' title='bbox 2033 2328 2047 2365; x_wconf 92' lang='lat'><strong>:</strong></span> 
     </span>
    </p>
   </div>
   <div class='ocr_carea' id='block_1_37' title="bbox 478 2403 2044 2475">
    <p class='ocr_par' dir='ltr' id='par_1_37' title="bbox 478 2403 2044 2475">
     <span class='ocr_line' id='line_1_37' title="bbox 478 2403 2044 2475; baseline -0.002 -18"><span class='ocrx_word' id='word_1_301' title='bbox 478 2426 497 2457; x_wconf 75' lang='grc' dir='ltr'>ι</span> <span class='ocrx_word' id='word_1_302' title='bbox 534 2405 646 2475; x_wconf 84' lang='lat' dir='ltr'><strong>Ego</strong></span> <span class='ocrx_word' id='word_1_303' title='bbox 674 2404 995 2474; x_wconf 83' lang='lat' dir='ltr'><strong>principium</strong></span> <span class='ocrx_word' id='word_1_304' title='bbox 1033 2404 1123 2473; x_wconf 92' lang='lat' dir='ltr'><strong>qui</strong></span> <span class='ocrx_word' id='word_1_305' title='bbox 1154 2411 1210 2457; x_wconf 92' lang='lat' dir='ltr'><strong>et</strong></span> <span class='ocrx_word' id='word_1_306' title='bbox 1230 2403 1421 2472; x_wconf 90' lang='lat' dir='ltr'><strong>loquor</strong></span> <span class='ocrx_word' id='word_1_307' title='bbox 1448 2403 1601 2457; x_wconf 89' lang='lat' dir='ltr'><strong>vobis</strong></span> <span class='ocrx_word' id='word_1_308' title='bbox 1636 2422 1655 2452; x_wconf 74' lang='grc' dir='ltr'><strong><em>ι</em></strong></span> <span class='ocrx_word' id='word_1_309' title='bbox 1685 2420 1700 2465; x_wconf 88' lang='lat'><strong>;</strong></span> <span class='ocrx_word' id='word_1_310' title='bbox 1733 2411 1788 2456; x_wconf 89' lang='lat' dir='ltr'><strong>et</strong></span> <span class='ocrx_word' id='word_1_311' title='bbox 1813 2403 2006 2457; x_wconf 87' lang='lat' dir='ltr'><strong>iterum</strong></span> <span class='ocrx_word' id='word_1_312' title='bbox 2032 2420 2044 2455; x_wconf 92' lang='lat'>:</span> 
     </span>
    </p>
   </div>
   <div class='ocr_carea' id='block_1_38' title="bbox 474 2492 2051 2569">
    <p class='ocr_par' dir='ltr' id='par_1_38' title="bbox 474 2492 2051 2569">
     <span class='ocr_line' id='line_1_38' title="bbox 474 2492 2051 2569; baseline -0.002 -21"><span class='ocrx_word' id='word_1_313' title='bbox 474 2516 492 2548; x_wconf 77' lang='grc' dir='ltr'>ι</span> <span class='ocrx_word' id='word_1_314' title='bbox 533 2497 647 2567; x_wconf 87' lang='lat' dir='ltr'><strong>Ego</strong></span> <span class='ocrx_word' id='word_1_315' title='bbox 689 2511 807 2551; x_wconf 91' lang='lat' dir='ltr'><strong>sum</strong></span> <span class='ocrx_word' id='word_1_316' title='bbox 830 2495 917 2548; x_wconf 73' lang='lat' dir='ltr'><strong>lux</strong></span> <span class='ocrx_word' id='word_1_317' title='bbox 947 2493 1338 2569; x_wconf 79' lang='lat' dir='ltr'><strong>mundi(Joan.</strong></span> <span class='ocrx_word' id='word_1_318' title='bbox 1366 2493 1506 2563; x_wconf 79' lang='lat' dir='ltr'><strong>VIII).</strong></span> <span class='ocrx_word' id='word_1_319' title='bbox 1542 2511 1650 2544; x_wconf 73' lang='lat' dir='ltr'><strong>t—</strong></span> <span class='ocrx_word' id='word_1_320' title='bbox 1671 2511 1690 2543; x_wconf 77' lang='lat' dir='ltr'><strong>t</strong></span> <span class='ocrx_word' id='word_1_321' title='bbox 1724 2492 1896 2546; x_wconf 87' lang='lat' dir='ltr'><strong>Dicite</strong></span> <span class='ocrx_word' id='word_1_322' title='bbox 1921 2506 2051 2561; x_wconf 89' lang='lat' dir='ltr'><strong>ergo</strong></span> 
     </span>
    </p>
   </div>
   <div class='ocr_carea' id='block_1_39' title="bbox 464 2582 2052 2651">
    <p class='ocr_par' dir='ltr' id='par_1_39' title="bbox 464 2582 2052 2651">
     <span class='ocr_line' id='line_1_39' title="bbox 464 2582 2052 2651; baseline -0.004 -11"><span class='ocrx_word' id='word_1_323' title='bbox 464 2588 590 2640; x_wconf 85' lang='lat' dir='ltr'><strong>ﬁliae</strong></span> <span class='ocrx_word' id='word_1_324' title='bbox 630 2586 779 2651; x_wconf 86' lang='lat' dir='ltr'><strong>Sion,</strong></span> <span class='ocrx_word' id='word_1_325' title='bbox 822 2606 839 2636; x_wconf 72' lang='grc' dir='ltr'><strong><em>ι</em></strong></span> <span class='ocrx_word' id='word_1_326' title='bbox 872 2586 926 2639; x_wconf 92' lang='lat' dir='ltr'><strong>id</strong></span> <span class='ocrx_word' id='word_1_327' title='bbox 963 2596 1047 2639; x_wconf 85' lang='lat' dir='ltr'><strong>est</strong></span> <span class='ocrx_word' id='word_1_328' title='bbox 1069 2584 1319 2639; x_wconf 87' lang='lat' dir='ltr'><strong>Ecclesiae</strong></span> <span class='ocrx_word' id='word_1_329' title='bbox 1351 2602 1364 2637; x_wconf 87' lang='lat'><strong>:</strong></span> <span class='ocrx_word' id='word_1_330' title='bbox 1400 2604 1417 2635; x_wconf 84' lang='grc'><em>‹</em></span> <span class='ocrx_word' id='word_1_331' title='bbox 1455 2584 1594 2638; x_wconf 88' lang='lat' dir='ltr'><strong>Ecce</strong></span> <span class='ocrx_word' id='word_1_332' title='bbox 1616 2598 1709 2637; x_wconf 80' lang='lat' dir='ltr'><strong>rex</strong></span> <span class='ocrx_word' id='word_1_333' title='bbox 1753 2591 1874 2637; x_wconf 90' lang='lat' dir='ltr'><strong>tuus</strong></span> <span class='ocrx_word' id='word_1_334' title='bbox 1903 2582 2052 2636; x_wconf 90' lang='lat' dir='ltr'><strong>venit</strong></span> 
     </span>
    </p>
   </div>
   <div class='ocr_carea' id='block_1_40' title="bbox 466 2674 2049 2747">
    <p class='ocr_par' dir='ltr' id='par_1_40' title="bbox 466 2674 2049 2747">
     <span class='ocr_line' id='line_1_40' title="bbox 466 2674 2049 2747; baseline -0.004 -14"><span class='ocrx_word' id='word_1_335' title='bbox 466 2679 660 2733; x_wconf 89' lang='lat' dir='ltr'><strong>sedens</strong></span> <span class='ocrx_word' id='word_1_336' title='bbox 696 2677 859 2747; x_wconf 85' lang='lat' dir='ltr'><strong>super</strong></span> <span class='ocrx_word' id='word_1_337' title='bbox 896 2676 1103 2730; x_wconf 89' lang='lat' dir='ltr'><strong>asinam</strong></span> <span class='ocrx_word' id='word_1_338' title='bbox 1142 2684 1197 2729; x_wconf 89' lang='lat' dir='ltr'><strong>et</strong></span> <span class='ocrx_word' id='word_1_339' title='bbox 1220 2674 1445 2743; x_wconf 91' lang='lat' dir='ltr'><strong>pullum,</strong></span> <span class='ocrx_word' id='word_1_340' title='bbox 1480 2694 1499 2725; x_wconf 76' lang='grc' dir='ltr'><strong><em>ι</em></strong></span> <span class='ocrx_word' id='word_1_341' title='bbox 1531 2675 1583 2728; x_wconf 90' lang='lat' dir='ltr'><strong>id</strong></span> <span class='ocrx_word' id='word_1_342' title='bbox 1612 2681 1694 2727; x_wconf 92' lang='lat' dir='ltr'><strong>est</strong></span> <span class='ocrx_word' id='word_1_343' title='bbox 1724 2688 1829 2727; x_wconf 92' lang='lat' dir='ltr'><strong>non</strong></span> <span class='ocrx_word' id='word_1_344' title='bbox 1860 2687 2049 2742; x_wconf 88' lang='lat' dir='ltr'><strong>super-</strong></span> 
     </span>
    </p>
   </div>
   <div class='ocr_carea' id='block_1_41' title="bbox 466 2766 2049 2833">
    <p class='ocr_par' dir='ltr' id='par_1_41' title="bbox 466 2766 2049 2833">
     <span class='ocr_line' id='line_1_41' title="bbox 466 2766 2049 2833; baseline -0.003 -9"><span class='ocrx_word' id='word_1_345' title='bbox 466 2769 693 2833; x_wconf 84' lang='lat' dir='ltr'><strong>borum,</strong></span> <span class='ocrx_word' id='word_1_346' title='bbox 715 2769 807 2824; x_wconf 87' lang='lat' dir='ltr'><strong>sed</strong></span> <span class='ocrx_word' id='word_1_347' title='bbox 849 2768 1131 2823; x_wconf 90' lang='lat' dir='ltr'><strong>humilium</strong></span> <span class='ocrx_word' id='word_1_348' title='bbox 1160 2776 1367 2823; x_wconf 88' lang='lat' dir='ltr'><strong>mentes</strong></span> <span class='ocrx_word' id='word_1_349' title='bbox 1409 2767 1746 2830; x_wconf 88' lang='lat' dir='ltr'><strong>inhabitans,</strong></span> <span class='ocrx_word' id='word_1_350' title='bbox 1776 2775 1836 2820; x_wconf 93' lang='lat' dir='ltr'><strong>ut</strong></span> <span class='ocrx_word' id='word_1_351' title='bbox 1872 2766 2049 2819; x_wconf 89' lang='lat' dir='ltr'><strong>discas</strong></span> 
     </span>
    </p>
   </div>
   <div class='ocr_carea' id='block_1_42' title="bbox 466 2844 2051 2933">
    <p class='ocr_par' dir='ltr' id='par_1_42' title="bbox 466 2844 2051 2933">
     <span class='ocr_line' id='line_1_42' title="bbox 466 2844 2051 2933; baseline -0.003 -16"><span class='ocrx_word' id='word_1_352' title='bbox 466 2863 534 2918; x_wconf 91' lang='lat' dir='ltr'><strong>ab</strong></span> <span class='ocrx_word' id='word_1_353' title='bbox 560 2880 625 2919; x_wconf 89' lang='lat' dir='ltr'><strong>eo</strong></span> <span class='ocrx_word' id='word_1_354' title='bbox 653 2864 745 2933; x_wconf 92' lang='lat' dir='ltr'><strong>qui</strong></span> <span class='ocrx_word' id='word_1_355' title='bbox 776 2863 920 2917; x_wconf 92' lang='lat' dir='ltr'><strong>mitis</strong></span> <span class='ocrx_word' id='word_1_356' title='bbox 949 2870 1033 2916; x_wconf 92' lang='lat' dir='ltr'><strong>est</strong></span> <span class='ocrx_word' id='word_1_357' title='bbox 1056 2870 1112 2916; x_wconf 91' lang='lat' dir='ltr'><strong>et</strong></span> <span class='ocrx_word' id='word_1_358' title='bbox 1134 2860 1350 2916; x_wconf 91' lang='lat' dir='ltr'><strong>humilis</strong></span> <span class='ocrx_word' id='word_1_359' title='bbox 1380 2860 1542 2915; x_wconf 90' lang='lat' dir='ltr'><strong>corde</strong></span> <span class='ocrx_word' id='word_1_360' title='bbox 1573 2876 1587 2913; x_wconf 90' lang='lat'><strong>:</strong></span> <span class='ocrx_word' id='word_1_361' title='bbox 1620 2859 1745 2929; x_wconf 89' lang='lat' dir='ltr'><strong>quia</strong></span> <span class='ocrx_word' id='word_1_362' title='bbox 1774 2844 1863 2928; x_wconf 90' lang='lat' dir='ltr'><strong>qui</strong></span> <span class='ocrx_word' id='word_1_363' title='bbox 1892 2857 2051 2926; x_wconf 87' lang='lat' dir='ltr'><strong>hujus</strong></span> 
     </span>
    </p>
   </div>
   <div class='ocr_carea' id='block_1_43' title="bbox 466 2952 2048 3027">
    <p class='ocr_par' dir='ltr' id='par_1_43' title="bbox 466 2952 2048 3027">
     <span class='ocr_line' id='line_1_43' title="bbox 466 2952 2048 3027; baseline -0.001 -18"><span class='ocrx_word' id='word_1_364' title='bbox 466 2956 613 3027; x_wconf 86' lang='lat' dir='ltr'><strong>regis</strong></span> <span class='ocrx_word' id='word_1_365' title='bbox 652 2955 799 3025; x_wconf 82' lang='lat' dir='ltr'><strong>regni</strong></span> <span class='ocrx_word' id='word_1_366' title='bbox 834 2955 1104 3024; x_wconf 85' lang='lat' dir='ltr'><strong>particeps</strong></span> <span class='ocrx_word' id='word_1_367' title='bbox 1149 2969 1269 3009; x_wconf 91' lang='lat' dir='ltr'><strong>esse</strong></span> <span class='ocrx_word' id='word_1_368' title='bbox 1311 2952 1619 3019; x_wconf 87' lang='lat' dir='ltr'><strong>desiderat,</strong></span> <span class='ocrx_word' id='word_1_369' title='bbox 1666 2967 1888 3007; x_wconf 87' lang='lat' dir='ltr'><strong>necesse</strong></span> <span class='ocrx_word' id='word_1_370' title='bbox 1933 2960 2048 3018; x_wconf 89' lang='lat' dir='ltr'><strong>est,</strong></span> 
     </span>
    </p>
   </div>
   <div class='ocr_carea' id='block_1_44' title="bbox 466 3042 2051 3110">
    <p class='ocr_par' dir='ltr' id='par_1_44' title="bbox 466 3042 2051 3110">
     <span class='ocr_line' id='line_1_44' title="bbox 466 3042 2051 3110; baseline -0.002 -10"><span class='ocrx_word' id='word_1_371' title='bbox 466 3053 527 3100; x_wconf 88' lang='lat' dir='ltr'><strong>ut</strong></span> <span class='ocrx_word' id='word_1_372' title='bbox 551 3045 766 3099; x_wconf 88' lang='lat' dir='ltr'><strong>humilis</strong></span> <span class='ocrx_word' id='word_1_373' title='bbox 797 3045 867 3098; x_wconf 90' lang='lat' dir='ltr'><strong>sit</strong></span> <span class='ocrx_word' id='word_1_374' title='bbox 898 3053 951 3096; x_wconf 91' lang='lat' dir='ltr'><strong>et</strong></span> <span class='ocrx_word' id='word_1_375' title='bbox 981 3053 1314 3108; x_wconf 87' lang='lat' dir='ltr'><strong>mansuetus,</strong></span> <span class='ocrx_word' id='word_1_376' title='bbox 1339 3059 1441 3098; x_wconf 93' lang='lat' dir='ltr'><strong>non</strong></span> <span class='ocrx_word' id='word_1_377' title='bbox 1467 3043 1699 3097; x_wconf 86' lang='lat' dir='ltr'><strong>reddens</strong></span> <span class='ocrx_word' id='word_1_378' title='bbox 1726 3042 1923 3096; x_wconf 88' lang='lat' dir='ltr'><strong>malum</strong></span> <span class='ocrx_word' id='word_1_379' title='bbox 1951 3056 2051 3110; x_wconf 89' lang='lat' dir='ltr'><strong>pro</strong></span> 
     </span>
    </p>
   </div>
   <div class='ocr_carea' id='block_1_45' title="bbox 468 3135 2046 3206">
    <p class='ocr_par' dir='ltr' id='par_1_45' title="bbox 468 3135 2046 3206">
     <span class='ocr_line' id='line_1_45' title="bbox 468 3135 2046 3206; baseline -0.003 -15"><span class='ocrx_word' id='word_1_380' title='bbox 468 3138 644 3202; x_wconf 87' lang='lat' dir='ltr'><strong>malo,</strong></span> <span class='ocrx_word' id='word_1_381' title='bbox 697 3153 797 3192; x_wconf 88' lang='lat' dir='ltr'><strong>nec</strong></span> <span class='ocrx_word' id='word_1_382' title='bbox 839 3137 1180 3191; x_wconf 89' lang='lat' dir='ltr'><strong>maledictum</strong></span> <span class='ocrx_word' id='word_1_383' title='bbox 1212 3152 1310 3206; x_wconf 91' lang='lat' dir='ltr'><strong>pro</strong></span> <span class='ocrx_word' id='word_1_384' title='bbox 1345 3135 1651 3199; x_wconf 88' lang='lat' dir='ltr'><strong>maledicto,</strong></span> <span class='ocrx_word' id='word_1_385' title='bbox 1683 3136 1825 3189; x_wconf 91' lang='lat' dir='ltr'><strong>utin</strong></span> <span class='ocrx_word' id='word_1_386' title='bbox 1862 3150 2046 3190; x_wconf 89' lang='lat' dir='ltr'><strong>eorum</strong></span> 
     </span>
    </p>
   </div>
   <div class='ocr_carea' id='block_1_46' title="bbox 2151 1951 3735 2029">
    <p class='ocr_par' dir='ltr' id='par_1_46' title="bbox 2151 1951 3735 2029">
     <span class='ocr_line' id='line_1_46' title="bbox 2151 1951 3735 2029; baseline 0.011 -26"><span class='ocrx_word' id='word_1_387' title='bbox 2151 1951 2320 2005; x_wconf 89' lang='lat' dir='ltr'><strong>altera</strong></span> <span class='ocrx_word' id='word_1_388' title='bbox 2350 1951 2436 2005; x_wconf 88' lang='lat' dir='ltr'><strong>die</strong></span> <span class='ocrx_word' id='word_1_389' title='bbox 2479 1952 2827 2008; x_wconf 89' lang='lat' dir='ltr'><strong>crediderunt</strong></span> <span class='ocrx_word' id='word_1_390' title='bbox 2866 1955 3102 2026; x_wconf 91' lang='lat' dir='ltr'><strong>quinque</strong></span> <span class='ocrx_word' id='word_1_391' title='bbox 3142 1959 3306 2013; x_wconf 90' lang='lat' dir='ltr'><strong>millia</strong></span> <span class='ocrx_word' id='word_1_392' title='bbox 3340 1962 3655 2029; x_wconf 88' lang='lat' dir='ltr'><strong>hominum,</strong></span> <span class='ocrx_word' id='word_1_393' title='bbox 3679 1972 3735 2021; x_wconf 89' lang='lat' dir='ltr'><strong>et</strong></span> 
     </span>
    </p>
   </div>
   <div class='ocr_carea' id='block_1_47' title="bbox 2150 2042 3733 2119">
    <p class='ocr_par' dir='ltr' id='par_1_47' title="bbox 2150 2042 3733 2119">
     <span class='ocr_line' id='line_1_47' title="bbox 2150 2042 3733 2119; baseline 0.01 -24"><span class='ocrx_word' id='word_1_394' title='bbox 2150 2042 2319 2097; x_wconf 89' lang='lat' dir='ltr'><strong>multa</strong></span> <span class='ocrx_word' id='word_1_395' title='bbox 2351 2044 2507 2098; x_wconf 90' lang='lat' dir='ltr'><strong>turba</strong></span> <span class='ocrx_word' id='word_1_396' title='bbox 2531 2048 2872 2102; x_wconf 89' lang='lat' dir='ltr'><strong>sacerdotum</strong></span> <span class='ocrx_word' id='word_1_397' title='bbox 2896 2046 3219 2104; x_wconf 87' lang='lat' dir='ltr'><strong>obediebant</strong></span> <span class='ocrx_word' id='word_1_398' title='bbox 3250 2050 3392 2107; x_wconf 88' lang='lat' dir='ltr'><strong>ﬁdei.</strong></span> <span class='ocrx_word' id='word_1_399' title='bbox 3416 2052 3578 2119; x_wconf 89' lang='lat' dir='ltr'><strong>Quasi</strong></span> <span class='ocrx_word' id='word_1_400' title='bbox 3604 2071 3733 2111; x_wconf 91' lang='lat' dir='ltr'><strong>vero</strong></span> 
     </span>
    </p>
   </div>
   <div class='ocr_carea' id='block_1_48' title="bbox 2150 2135 3733 2215">
    <p class='ocr_par' dir='ltr' id='par_1_48' title="bbox 2150 2135 3733 2215">
     <span class='ocr_line' id='line_1_48' title="bbox 2150 2135 3733 2215; baseline 0.007 -25"><span class='ocrx_word' id='word_1_401' title='bbox 2150 2135 2490 2190; x_wconf 84' lang='lat' dir='ltr'><strong>adduxerunt</strong></span> <span class='ocrx_word' id='word_1_402' title='bbox 2519 2145 2575 2190; x_wconf 92' lang='lat' dir='ltr'><strong>et</strong></span> <span class='ocrx_word' id='word_1_403' title='bbox 2601 2136 2823 2207; x_wconf 90' lang='lat' dir='ltr'><strong>pullum,</strong></span> <span class='ocrx_word' id='word_1_404' title='bbox 2852 2139 3065 2208; x_wconf 91' lang='lat' dir='ltr'><strong>quando</strong></span> <span class='ocrx_word' id='word_1_405' title='bbox 3094 2140 3200 2195; x_wconf 91' lang='lat' dir='ltr'><strong>illis</strong></span> <span class='ocrx_word' id='word_1_406' title='bbox 3230 2142 3466 2198; x_wconf 87' lang='lat' dir='ltr'><strong>maxima</strong></span> <span class='ocrx_word' id='word_1_407' title='bbox 3489 2159 3557 2199; x_wconf 79' lang='lat' dir='ltr'><strong>ex</strong></span> <span class='ocrx_word' id='word_1_408' title='bbox 3577 2155 3733 2215; x_wconf 88' lang='lat' dir='ltr'><strong>parte</strong></span> 
     </span>
    </p>
   </div>
   <div class='ocr_carea' id='block_1_49' title="bbox 2149 2227 3731 2305">
    <p class='ocr_par' dir='ltr' id='par_1_49' title="bbox 2149 2227 3731 2305">
     <span class='ocr_line' id='line_1_49' title="bbox 2149 2227 3731 2305; baseline 0.007 -25"><span class='ocrx_word' id='word_1_409' title='bbox 2149 2240 2259 2280; x_wconf 90' lang='lat' dir='ltr'><strong>non</strong></span> <span class='ocrx_word' id='word_1_410' title='bbox 2306 2227 2695 2294; x_wconf 87' lang='lat' dir='ltr'><strong>credentibus,</strong></span> <span class='ocrx_word' id='word_1_411' title='bbox 2752 2227 2979 2299; x_wconf 82' lang='lat' dir='ltr'><strong>profecti</strong></span> <span class='ocrx_word' id='word_1_412' title='bbox 3029 2231 3460 2300; x_wconf 71' lang='lat' dir='ltr'><strong>prtedicaverunt</strong></span> <span class='ocrx_word' id='word_1_413' title='bbox 3499 2236 3731 2305; x_wconf 88' lang='lat' dir='ltr'><strong>ubique,</strong></span> 
     </span>
    </p>
   </div>
   <div class='ocr_carea' id='block_1_50' title="bbox 2149 2315 3729 2386">
    <p class='ocr_par' dir='ltr' id='par_1_50' title="bbox 2149 2315 3729 2386">
     <span class='ocr_line' id='line_1_50' title="bbox 2149 2315 3729 2386; baseline 0.008 -17"><span class='ocrx_word' id='word_1_414' title='bbox 2149 2315 2379 2370; x_wconf 90' lang='lat' dir='ltr'><strong>Domino</strong></span> <span class='ocrx_word' id='word_1_415' title='bbox 2423 2325 2747 2386; x_wconf 87' lang='lat' dir='ltr'><strong>cooperante</strong></span> <span class='ocrx_word' id='word_1_416' title='bbox 2790 2327 2845 2372; x_wconf 91' lang='lat' dir='ltr'><strong>et</strong></span> <span class='ocrx_word' id='word_1_417' title='bbox 2894 2333 3198 2375; x_wconf 90' lang='lat' dir='ltr'><strong>sermonem</strong></span> <span class='ocrx_word' id='word_1_418' title='bbox 3245 2322 3599 2379; x_wconf 89' lang='lat' dir='ltr'><strong>conﬁrmante</strong></span> <span class='ocrx_word' id='word_1_419' title='bbox 3632 2328 3729 2380; x_wconf 77' lang='lat' dir='ltr'><strong>se-</strong></span> 
     </span>
    </p>
   </div>
   <div class='ocr_carea' id='block_1_51' title="bbox 2149 2407 3734 2485">
    <p class='ocr_par' dir='ltr' id='par_1_51' title="bbox 2149 2407 3734 2485">
     <span class='ocr_line' id='line_1_51' title="bbox 2149 2407 3734 2485; baseline 0.008 -26"><span class='ocrx_word' id='word_1_420' title='bbox 2149 2407 2438 2477; x_wconf 90' lang='lat' dir='ltr'><strong>quentibus</strong></span> <span class='ocrx_word' id='word_1_421' title='bbox 2464 2408 2652 2478; x_wconf 79' lang='lat' dir='ltr'><strong>signis.</strong></span> <span class='ocrx_word' id='word_1_422' title='bbox 2703 2409 2809 2464; x_wconf 86' lang='lat' dir='ltr'><strong>Sed</strong></span> <span class='ocrx_word' id='word_1_423' title='bbox 2836 2411 2959 2480; x_wconf 88' lang='lat' dir='ltr'><strong>quia</strong></span> <span class='ocrx_word' id='word_1_424' title='bbox 3009 2412 3141 2467; x_wconf 91' lang='lat' dir='ltr'><strong>ordo</strong></span> <span class='ocrx_word' id='word_1_425' title='bbox 3170 2415 3433 2470; x_wconf 91' lang='lat' dir='ltr'><strong>orationis</strong></span> <span class='ocrx_word' id='word_1_426' title='bbox 3475 2417 3650 2485; x_wconf 89' lang='lat' dir='ltr'><strong>poscit</strong></span> <span class='ocrx_word' id='word_1_427' title='bbox 3673 2425 3734 2471; x_wconf 90' lang='lat' dir='ltr'><strong>ut</strong></span> 
     </span>
    </p>
   </div>
   <div class='ocr_carea' id='block_1_52' title="bbox 2147 2498 3730 2567">
    <p class='ocr_par' dir='ltr' id='par_1_52' title="bbox 2147 2498 3730 2567">
     <span class='ocr_line' id='line_1_52' title="bbox 2147 2498 3730 2567; baseline 0.007 -16"><span class='ocrx_word' id='word_1_428' title='bbox 2147 2498 2301 2567; x_wconf 91' lang='lat' dir='ltr'><strong>prius</strong></span> <span class='ocrx_word' id='word_1_429' title='bbox 2333 2498 2632 2552; x_wconf 91' lang='lat' dir='ltr'><strong>instruatur</strong></span> <span class='ocrx_word' id='word_1_430' title='bbox 2661 2499 2823 2555; x_wconf 91' lang='lat' dir='ltr'><strong>homo</strong></span> <span class='ocrx_word' id='word_1_431' title='bbox 2852 2501 2905 2555; x_wconf 91' lang='lat' dir='ltr'><strong>in</strong></span> <span class='ocrx_word' id='word_1_432' title='bbox 2938 2501 3066 2566; x_wconf 90' lang='lat' dir='ltr'><strong>ﬁde,</strong></span> <span class='ocrx_word' id='word_1_433' title='bbox 3102 2519 3168 2559; x_wconf 89' lang='lat' dir='ltr'><strong>ac</strong></span> <span class='ocrx_word' id='word_1_434' title='bbox 3195 2506 3386 2560; x_wconf 91' lang='lat' dir='ltr'><strong>deinde</strong></span> <span class='ocrx_word' id='word_1_435' title='bbox 3412 2507 3579 2561; x_wconf 91' lang='lat' dir='ltr'><strong>Deum</strong></span> <span class='ocrx_word' id='word_1_436' title='bbox 3610 2522 3730 2563; x_wconf 89' lang='lat' dir='ltr'><strong>ses-</strong></span> 
     </span>
    </p>
   </div>
   <div class='ocr_carea' id='block_1_53' title="bbox 2151 2590 3367 2664">
    <p class='ocr_par' dir='ltr' id='par_1_53' title="bbox 2151 2590 3367 2664">
     <span class='ocr_line' id='line_1_53' title="bbox 2151 2590 3367 2664; baseline 0.004 -21"><span class='ocrx_word' id='word_1_437' title='bbox 2151 2604 2329 2644; x_wconf 91' lang='lat' dir='ltr'><strong>sorem</strong></span> <span class='ocrx_word' id='word_1_438' title='bbox 2362 2590 2563 2644; x_wconf 88' lang='lat' dir='ltr'><strong>habere</strong></span> <span class='ocrx_word' id='word_1_439' title='bbox 2595 2590 2782 2659; x_wconf 91' lang='lat' dir='ltr'><strong>possit,</strong></span> <span class='ocrx_word' id='word_1_440' title='bbox 2817 2601 2963 2647; x_wconf 91' lang='lat' dir='ltr'><strong>recte</strong></span> <span class='ocrx_word' id='word_1_441' title='bbox 2992 2593 3367 2664; x_wconf 86' lang='lat' dir='ltr'><strong>subjungitur:</strong></span> 
     </span>
    </p>
   </div>
   <div class='ocr_carea' id='block_1_54' title="bbox 2228 2682 3732 2755">
    <p class='ocr_par' dir='ltr' id='par_1_54' title="bbox 2228 2682 3732 2755">
     <span class='ocr_line' id='line_1_54' title="bbox 2228 2682 3732 2755; baseline 0.009 -22"><span class='ocrx_word' id='word_1_442' title='bbox 2228 2700 2246 2733; x_wconf 83' lang='grc'><em>‹</em></span> <span class='ocrx_word' id='word_1_443' title='bbox 2284 2682 2351 2736; x_wconf 87' lang='grc' dir='ltr'><strong>Ει</strong></span> <span class='ocrx_word' id='word_1_444' title='bbox 2389 2682 2761 2752; x_wconf 86' lang='lat' dir='ltr'><strong>imposuerunt</strong></span> <span class='ocrx_word' id='word_1_445' title='bbox 2801 2700 2965 2755; x_wconf 88' lang='lat' dir='ltr'><strong>super</strong></span> <span class='ocrx_word' id='word_1_446' title='bbox 2992 2701 3113 2742; x_wconf 90' lang='lat' dir='ltr'><strong>eum</strong></span> <span class='ocrx_word' id='word_1_447' title='bbox 3162 2688 3479 2743; x_wconf 87' lang='lat' dir='ltr'><strong>vestimenta</strong></span> <span class='ocrx_word' id='word_1_448' title='bbox 3509 2704 3640 2755; x_wconf 90' lang='lat' dir='ltr'><strong>sua,</strong></span> <span class='ocrx_word' id='word_1_449' title='bbox 3676 2698 3732 2746; x_wconf 90' lang='lat' dir='ltr'><strong>et</strong></span> 
     </span>
    </p>
   </div>
   <div class='ocr_carea' id='block_1_55' title="bbox 2155 2772 3733 2850">
    <p class='ocr_par' dir='ltr' id='par_1_55' title="bbox 2155 2772 3733 2850">
     <span class='ocr_line' id='line_1_55' title="bbox 2155 2772 3733 2850; baseline 0.01 -29"><span class='ocrx_word' id='word_1_450' title='bbox 2155 2789 2175 2821; x_wconf 74' lang='grc' dir='ltr'><strong><em>ι</em></strong></span> <span class='ocrx_word' id='word_1_451' title='bbox 2212 2785 2335 2825; x_wconf 92' lang='lat' dir='ltr'><strong>eum</strong></span> <span class='ocrx_word' id='word_1_452' title='bbox 2380 2772 2610 2842; x_wconf 87' lang='lat' dir='ltr'><strong>desuper</strong></span> <span class='ocrx_word' id='word_1_453' title='bbox 2651 2773 2841 2829; x_wconf 90' lang='lat' dir='ltr'><strong>sedere</strong></span> <span class='ocrx_word' id='word_1_454' title='bbox 2896 2775 3159 2832; x_wconf 77' lang='lat' dir='ltr'><strong>fecerunt.</strong></span> <span class='ocrx_word' id='word_1_455' title='bbox 3199 2796 3217 2828; x_wconf 77' lang='grc' dir='ltr'><strong><em>ι</em></strong></span> <span class='ocrx_word' id='word_1_456' title='bbox 3242 2778 3575 2835; x_wconf 80' lang='lat' dir='ltr'><strong>Vestimenta</strong></span> <span class='ocrx_word' id='word_1_457' title='bbox 3605 2796 3733 2850; x_wconf 81' lang='lat' dir='ltr'><strong>apo—</strong></span> 
     </span>
    </p>
   </div>
   <div class='ocr_carea' id='block_1_56' title="bbox 2151 2860 3731 2941">
    <p class='ocr_par' dir='ltr' id='par_1_56' title="bbox 2151 2860 3731 2941">
     <span class='ocr_line' id='line_1_56' title="bbox 2151 2860 3731 2941; baseline 0.006 -26"><span class='ocrx_word' id='word_1_458' title='bbox 2151 2860 2415 2915; x_wconf 90' lang='lat' dir='ltr'><strong>stolorum</strong></span> <span class='ocrx_word' id='word_1_459' title='bbox 2465 2876 2652 2916; x_wconf 91' lang='lat' dir='ltr'><strong>eorum</strong></span> <span class='ocrx_word' id='word_1_460' title='bbox 2682 2861 2985 2918; x_wconf 89' lang='lat' dir='ltr'><strong>doctrinam</strong></span> <span class='ocrx_word' id='word_1_461' title='bbox 3035 2865 3360 2937; x_wconf 86' lang='lat' dir='ltr'><strong>signiﬁcant.</strong></span> <span class='ocrx_word' id='word_1_462' title='bbox 3394 2868 3558 2936; x_wconf 88' lang='lat' dir='ltr'><strong>Quasi</strong></span> <span class='ocrx_word' id='word_1_463' title='bbox 3602 2884 3731 2941; x_wconf 88' lang='lat' dir='ltr'><strong>ergo</strong></span> 
     </span>
    </p>
   </div>
   <div class='ocr_carea' id='block_1_57' title="bbox 2151 2951 3729 3029">
    <p class='ocr_par' dir='ltr' id='par_1_57' title="bbox 2151 2951 3729 3029">
     <span class='ocr_line' id='line_1_57' title="bbox 2151 2951 3729 3029; baseline 0.006 -24"><span class='ocrx_word' id='word_1_464' title='bbox 2151 2965 2312 3019; x_wconf 90' lang='lat' dir='ltr'><strong>super</strong></span> <span class='ocrx_word' id='word_1_465' title='bbox 2340 2951 2549 3005; x_wconf 86' lang='lat' dir='ltr'><strong>asinam</strong></span> <span class='ocrx_word' id='word_1_466' title='bbox 2572 2960 2626 3005; x_wconf 92' lang='lat' dir='ltr'><strong>et</strong></span> <span class='ocrx_word' id='word_1_467' title='bbox 2647 2952 2850 3022; x_wconf 82' lang='lat' dir='ltr'><strong>pullum</strong></span> <span class='ocrx_word' id='word_1_468' title='bbox 2875 2955 3195 3029; x_wconf 84' lang='lat' dir='ltr'><strong>vestimenta</strong></span> <span class='ocrx_word' id='word_1_469' title='bbox 3216 2972 3310 3012; x_wconf 90' lang='lat' dir='ltr'><strong>sua</strong></span> <span class='ocrx_word' id='word_1_470' title='bbox 3339 2958 3729 3029; x_wconf 90' lang='lat' dir='ltr'><strong>imposuerunt,</strong></span> 
     </span>
    </p>
   </div>
   <div class='ocr_carea' id='block_1_58' title="bbox 2150 3028 3732 3114">
    <p class='ocr_par' dir='ltr' id='par_1_58' title="bbox 2150 3028 3732 3114">
     <span class='ocr_line' id='line_1_58' title="bbox 2150 3028 3732 3114; baseline 0.006 -20"><span class='ocrx_word' id='word_1_471' title='bbox 2150 3048 2210 3094; x_wconf 91' lang='lat' dir='ltr'><strong>ut</strong></span> <span class='ocrx_word' id='word_1_472' title='bbox 2242 3040 2401 3095; x_wconf 86' lang='lat' dir='ltr'><strong>Jesus</strong></span> <span class='ocrx_word' id='word_1_473' title='bbox 2428 3042 2641 3097; x_wconf 91' lang='lat' dir='ltr'><strong>mollius</strong></span> <span class='ocrx_word' id='word_1_474' title='bbox 2671 3044 2905 3108; x_wconf 89' lang='lat' dir='ltr'><strong>sederet,</strong></span> <span class='ocrx_word' id='word_1_475' title='bbox 2937 3028 3153 3114; x_wconf 75' lang='lat' dir='ltr'><strong>quando</strong></span> <span class='ocrx_word' id='word_1_476' title='bbox 3174 3062 3270 3101; x_wconf 93' lang='lat' dir='ltr'><strong>sua</strong></span> <span class='ocrx_word' id='word_1_477' title='bbox 3294 3047 3536 3101; x_wconf 91' lang='lat' dir='ltr'><strong>doctrina</strong></span> <span class='ocrx_word' id='word_1_478' title='bbox 3567 3050 3732 3103; x_wconf 86' lang='lat' dir='ltr'><strong>corda</strong></span> 
     </span>
    </p>
   </div>
   <div class='ocr_carea' id='block_1_59' title="bbox 2153 3133 3728 3200">
    <p class='ocr_par' dir='ltr' id='par_1_59' title="bbox 2153 3133 3728 3200">
     <span class='ocr_line' id='line_1_59' title="bbox 2153 3133 3728 3200; baseline 0.004 -13"><span class='ocrx_word' id='word_1_479' title='bbox 2153 3133 2429 3188; x_wconf 87' lang='lat' dir='ltr'><strong>hominum</strong></span> <span class='ocrx_word' id='word_1_480' title='bbox 2459 3134 2851 3200; x_wconf 76' lang='lat' dir='ltr'><strong>instruxerunt,</strong></span> <span class='ocrx_word' id='word_1_481' title='bbox 2875 3143 2934 3189; x_wconf 92' lang='lat' dir='ltr'><strong>ut</strong></span> <span class='ocrx_word' id='word_1_482' title='bbox 2953 3135 3121 3191; x_wconf 90' lang='lat' dir='ltr'><strong>Deum</strong></span> <span class='ocrx_word' id='word_1_483' title='bbox 3144 3137 3502 3192; x_wconf 87' lang='lat' dir='ltr'><strong>habitatorem</strong></span> <span class='ocrx_word' id='word_1_484' title='bbox 3528 3140 3728 3194; x_wconf 88' lang='lat' dir='ltr'><strong>habere</strong></span> 
     </span>
    </p>
   </div>
   <div class='ocr_carea' id='block_1_60' title="bbox 466 3203 3729 3299">
    <p class='ocr_par' dir='ltr' id='par_1_60' title="bbox 466 3203 3729 3299">
     <span class='ocr_line' id='line_1_60' title="bbox 466 3203 3729 3299; baseline 0.001 -18"><span class='ocrx_word' id='word_1_485' title='bbox 466 3244 696 3283; x_wconf 91' lang='lat' dir='ltr'><strong>numero</strong></span> <span class='ocrx_word' id='word_1_486' title='bbox 723 3227 1022 3297; x_wconf 85' lang='lat' dir='ltr'><strong>computari</strong></span> <span class='ocrx_word' id='word_1_487' title='bbox 1053 3203 1246 3298; x_wconf 81' lang='lat' dir='ltr'><strong>possit,</strong></span> <span class='ocrx_word' id='word_1_488' title='bbox 1270 3228 1335 3282; x_wconf 89' lang='lat' dir='ltr'><strong>de</strong></span> <span class='ocrx_word' id='word_1_489' title='bbox 1355 3228 1551 3297; x_wconf 92' lang='lat' dir='ltr'><strong>quibus</strong></span> <span class='ocrx_word' id='word_1_490' title='bbox 1579 3227 1773 3281; x_wconf 90' lang='lat' dir='ltr'><strong>dicitur</strong></span> <span class='ocrx_word' id='word_1_491' title='bbox 1804 3245 1817 3280; x_wconf 87' lang='lat'><strong>:</strong></span> <span class='ocrx_word' id='word_1_492' title='bbox 1852 3245 1870 3277; x_wconf 72' lang='grc' dir='ltr'><strong><em>ι</em></strong></span> <span class='ocrx_word' id='word_1_493' title='bbox 1901 3226 2048 3279; x_wconf 84' lang='lat' dir='ltr'><strong>Man-</strong></span> <span class='ocrx_word' id='word_1_494' title='bbox 2075 3203 2121 3267; x_wconf 82' lang='lat' dir='ltr'>C</span> <span class='ocrx_word' id='word_1_495' title='bbox 2152 3236 2390 3297; x_wconf 85' lang='lat' dir='ltr'><strong>possent.</strong></span> <span class='ocrx_word' id='word_1_496' title='bbox 2443 3226 2713 3294; x_wconf 59' lang='lat' dir='ltr'><strong>Quaeritur</strong></span> <span class='ocrx_word' id='word_1_497' title='bbox 2762 3236 2944 3281; x_wconf 88' lang='lat' dir='ltr'><strong>autem</strong></span> <span class='ocrx_word' id='word_1_498' title='bbox 2994 3228 3261 3299; x_wconf 91' lang='lat' dir='ltr'><strong>quomodo</strong></span> <span class='ocrx_word' id='word_1_499' title='bbox 3306 3230 3359 3282; x_wconf 91' lang='lat' dir='ltr'><strong>in</strong></span> <span class='ocrx_word' id='word_1_500' title='bbox 3417 3239 3528 3283; x_wconf 88' lang='lat' dir='ltr'><strong>tam</strong></span> <span class='ocrx_word' id='word_1_501' title='bbox 3578 3230 3729 3285; x_wconf 86' lang='lat' dir='ltr'><strong>brevi</strong></span> 
     </span>
    </p>
   </div>
   <div class='ocr_carea' id='block_1_61' title="bbox 470 3318 2048 3381">
    <p class='ocr_par' dir='ltr' id='par_1_61' title="bbox 470 3318 2048 3381">
     <span class='ocr_line' id='line_1_61' title="bbox 470 3318 2048 3381; baseline 0 -8"><span class='ocrx_word' id='word_1_502' title='bbox 470 3320 609 3373; x_wconf 90' lang='lat' dir='ltr'><strong>sueti</strong></span> <span class='ocrx_word' id='word_1_503' title='bbox 635 3318 1030 3374; x_wconf 61' lang='lat' dir='ltr'><strong>hatreditabunt</strong></span> <span class='ocrx_word' id='word_1_504' title='bbox 1059 3327 1283 3381; x_wconf 87' lang='lat' dir='ltr'><strong>terram,</strong></span> <span class='ocrx_word' id='word_1_505' title='bbox 1314 3327 1367 3373; x_wconf 90' lang='lat' dir='ltr'><strong>et</strong></span> <span class='ocrx_word' id='word_1_506' title='bbox 1410 3318 1786 3373; x_wconf 88' lang='lat' dir='ltr'><strong>inhabitabunt</strong></span> <span class='ocrx_word' id='word_1_507' title='bbox 1805 3318 1861 3373; x_wconf 86' lang='lat' dir='ltr'><strong>in</strong></span> <span class='ocrx_word' id='word_1_508' title='bbox 1882 3333 2048 3373; x_wconf 65' lang='lat' dir='ltr'><strong>saecu-</strong></span> 
     </span>
    </p>
   </div>
   <div class='ocr_carea' id='block_1_62' title="bbox 465 3406 2043 3480">
    <p class='ocr_par' dir='ltr' id='par_1_62' title="bbox 465 3406 2043 3480">
     <span class='ocr_line' id='line_1_62' title="bbox 465 3406 2043 3480; baseline 0.003 -20"><span class='ocrx_word' id='word_1_509' title='bbox 465 3407 576 3462; x_wconf 90' lang='lat' dir='ltr'><strong>lum</strong></span> <span class='ocrx_word' id='word_1_510' title='bbox 619 3408 797 3463; x_wconf 66' lang='lat' dir='ltr'><strong>smeuli</strong></span> <span class='ocrx_word' id='word_1_511' title='bbox 842 3423 1005 3478; x_wconf 88' lang='lat' dir='ltr'><strong>super</strong></span> <span class='ocrx_word' id='word_1_512' title='bbox 1043 3424 1161 3462; x_wconf 87' lang='lat' dir='ltr'><strong>eam</strong></span> <span class='ocrx_word' id='word_1_513' title='bbox 1203 3406 1375 3478; x_wconf 72' lang='lat' dir='ltr'><strong>(Paul.</strong></span> <span class='ocrx_word' id='word_1_514' title='bbox 1410 3408 1619 3480; x_wconf 74' lang='lat' dir='ltr'><strong>xxxvn).</strong></span> <span class='ocrx_word' id='word_1_515' title='bbox 1652 3429 1671 3461; x_wconf 77' lang='grc' dir='ltr'><strong><em>ι</em></strong></span> <span class='ocrx_word' id='word_1_516' title='bbox 1702 3409 1769 3462; x_wconf 88' lang='lat' dir='ltr'><strong>Et</strong></span> <span class='ocrx_word' id='word_1_517' title='bbox 1799 3409 1993 3465; x_wconf 89' lang='lat' dir='ltr'><strong>iterum</strong></span> <span class='ocrx_word' id='word_1_518' title='bbox 2030 3428 2043 3464; x_wconf 86' lang='lat'><strong>:</strong></span> 
     </span>
    </p>
   </div>
   <div class='ocr_carea' id='block_1_63' title="bbox 472 3499 2046 3575">
    <p class='ocr_par' dir='ltr' id='par_1_63' title="bbox 472 3499 2046 3575">
     <span class='ocr_line' id='line_1_63' title="bbox 472 3499 2046 3575; baseline 0.003 -24"><span class='ocrx_word' id='word_1_519' title='bbox 472 3519 490 3551; x_wconf 77' lang='grc' dir='ltr'>ι</span> <span class='ocrx_word' id='word_1_520' title='bbox 543 3500 692 3554; x_wconf 85' lang='lat' dir='ltr'><strong>Beati</strong></span> <span class='ocrx_word' id='word_1_521' title='bbox 749 3501 943 3575; x_wconf 82' lang='lat' dir='ltr'><strong>mites,</strong></span> <span class='ocrx_word' id='word_1_522' title='bbox 982 3499 1236 3569; x_wconf 90' lang='lat' dir='ltr'><strong>quoniam</strong></span> <span class='ocrx_word' id='word_1_523' title='bbox 1287 3501 1388 3570; x_wconf 87' lang='lat' dir='ltr'><strong>ipsi</strong></span> <span class='ocrx_word' id='word_1_524' title='bbox 1440 3500 1795 3570; x_wconf 87' lang='lat' dir='ltr'><strong>possidebunt</strong></span> <span class='ocrx_word' id='word_1_525' title='bbox 1848 3510 2046 3556; x_wconf 84' lang='lat' dir='ltr'><strong>terram</strong></span> 
     </span>
    </p>
   </div>
   <div class='ocr_carea' id='block_1_64' title="bbox 467 3590 2049 3663">
    <p class='ocr_par' dir='ltr' id='par_1_64' title="bbox 467 3590 2049 3663">
     <span class='ocr_line' id='line_1_64' title="bbox 467 3590 2049 3663; baseline 0.001 -19"><span class='ocrx_word' id='word_1_526' title='bbox 467 3590 682 3663; x_wconf 80' lang='lat' dir='ltr'><strong>(Matth.</strong></span> <span class='ocrx_word' id='word_1_527' title='bbox 715 3593 789 3659; x_wconf 91' lang='lat' dir='ltr'><strong>v).</strong></span> <span class='ocrx_word' id='word_1_528' title='bbox 824 3611 841 3640; x_wconf 77' lang='grc' dir='ltr'><strong><em>ι</em></strong></span> <span class='ocrx_word' id='word_1_529' title='bbox 874 3590 1186 3645; x_wconf 86' lang='lat' dir='ltr'><strong>Mansuetus</strong></span> <span class='ocrx_word' id='word_1_530' title='bbox 1210 3603 1389 3644; x_wconf 86' lang='lat' dir='ltr'><strong>autem</strong></span> <span class='ocrx_word' id='word_1_531' title='bbox 1424 3606 1540 3656; x_wconf 79' lang='lat' dir='ltr'><strong>rex,</strong></span> <span class='ocrx_word' id='word_1_532' title='bbox 1590 3600 1896 3646; x_wconf 83' lang='lat' dir='ltr'><strong>mansuetos</strong></span> <span class='ocrx_word' id='word_1_533' title='bbox 1936 3591 2049 3645; x_wconf 82' lang='lat' dir='ltr'><strong>vult</strong></span> 
     </span>
    </p>
   </div>
   <div class='ocr_carea' id='block_1_65' title="bbox 464 3680 2044 3758">
    <p class='ocr_par' dir='ltr' id='par_1_65' title="bbox 464 3680 2044 3758">
     <span class='ocr_line' id='line_1_65' title="bbox 464 3680 2044 3758; baseline -0.001 -22"><span class='ocrx_word' id='word_1_534' title='bbox 464 3683 665 3736; x_wconf 89' lang='lat' dir='ltr'><strong>habere</strong></span> <span class='ocrx_word' id='word_1_535' title='bbox 695 3682 959 3745; x_wconf 87' lang='lat' dir='ltr'><strong>subditos,</strong></span> <span class='ocrx_word' id='word_1_536' title='bbox 983 3681 1124 3735; x_wconf 90' lang='lat' dir='ltr'><strong>sicut</strong></span> <span class='ocrx_word' id='word_1_537' title='bbox 1151 3682 1267 3749; x_wconf 89' lang='lat' dir='ltr'><strong>ipse</strong></span> <span class='ocrx_word' id='word_1_538' title='bbox 1286 3680 1417 3735; x_wconf 88' lang='lat' dir='ltr'><strong>dicit</strong></span> <span class='ocrx_word' id='word_1_539' title='bbox 1445 3698 1459 3736; x_wconf 90' lang='lat'><strong>:</strong></span> <span class='ocrx_word' id='word_1_540' title='bbox 1487 3700 1504 3731; x_wconf 77' lang='grc' dir='ltr'>ι</span> <span class='ocrx_word' id='word_1_541' title='bbox 1538 3681 1734 3758; x_wconf 73' lang='lat' dir='ltr'><strong>Discite</strong></span> <span class='ocrx_word' id='word_1_542' title='bbox 1755 3696 1785 3735; x_wconf 89' lang='lat' dir='ltr'><strong>a</strong></span> <span class='ocrx_word' id='word_1_543' title='bbox 1811 3696 1897 3736; x_wconf 92' lang='lat' dir='ltr'><strong>me</strong></span> <span class='ocrx_word' id='word_1_544' title='bbox 1921 3682 2044 3750; x_wconf 87' lang='lat' dir='ltr'><strong>quia</strong></span> 
     </span>
    </p>
   </div>
   <div class='ocr_carea' id='block_1_66' title="bbox 464 3774 2043 3843">
    <p class='ocr_par' dir='ltr' id='par_1_66' title="bbox 464 3774 2043 3843">
     <span class='ocr_line' id='line_1_66' title="bbox 464 3774 2043 3843; baseline -0.002 -15"><span class='ocrx_word' id='word_1_545' title='bbox 464 3775 614 3829; x_wconf 90' lang='lat' dir='ltr'><strong>mitis</strong></span> <span class='ocrx_word' id='word_1_546' title='bbox 661 3789 779 3828; x_wconf 92' lang='lat' dir='ltr'><strong>sum</strong></span> <span class='ocrx_word' id='word_1_547' title='bbox 825 3783 877 3827; x_wconf 92' lang='lat' dir='ltr'><strong>et</strong></span> <span class='ocrx_word' id='word_1_548' title='bbox 921 3774 1141 3828; x_wconf 90' lang='lat' dir='ltr'><strong>humilis</strong></span> <span class='ocrx_word' id='word_1_549' title='bbox 1167 3774 1357 3840; x_wconf 90' lang='lat' dir='ltr'><strong>corde,</strong></span> <span class='ocrx_word' id='word_1_550' title='bbox 1388 3783 1443 3828; x_wconf 92' lang='lat' dir='ltr'><strong>et</strong></span> <span class='ocrx_word' id='word_1_551' title='bbox 1485 3774 1772 3829; x_wconf 85' lang='lat' dir='ltr'><strong>invenietis</strong></span> <span class='ocrx_word' id='word_1_552' title='bbox 1802 3774 2043 3843; x_wconf 86' lang='lat' dir='ltr'><strong>requiem</strong></span> 
     </span>
    </p>
   </div>
   <div class='ocr_carea' id='block_1_67' title="bbox 467 3864 2047 3937">
    <p class='ocr_par' dir='ltr' id='par_1_67' title="bbox 467 3864 2047 3937">
     <span class='ocr_line' id='line_1_67' title="bbox 467 3864 2047 3937; baseline -0.002 -16"><span class='ocrx_word' id='word_1_553' title='bbox 467 3865 750 3921; x_wconf 86' lang='lat' dir='ltr'><strong>animabus</strong></span> <span class='ocrx_word' id='word_1_554' title='bbox 776 3866 970 3920; x_wconf 88' lang='lat' dir='ltr'><strong>vestris</strong></span> <span class='ocrx_word' id='word_1_555' title='bbox 998 3864 1210 3935; x_wconf 79' lang='lat' dir='ltr'><strong>(Matth.</strong></span> <span class='ocrx_word' id='word_1_556' title='bbox 1245 3865 1341 3937; x_wconf 75' lang='grc' dir='ltr'><strong>χι).</strong></span> <span class='ocrx_word' id='word_1_557' title='bbox 1376 3885 1394 3917; x_wconf 84' lang='grc'><strong>›</strong></span> <span class='ocrx_word' id='word_1_558' title='bbox 1422 3864 1618 3920; x_wconf 77' lang='lat' dir='ltr'><strong>Asinus</strong></span> <span class='ocrx_word' id='word_1_559' title='bbox 1645 3866 1788 3920; x_wconf 91' lang='lat' dir='ltr'><strong>enim</strong></span> <span class='ocrx_word' id='word_1_560' title='bbox 1811 3866 1863 3918; x_wconf 92' lang='lat' dir='ltr'><strong>in</strong></span> <span class='ocrx_word' id='word_1_561' title='bbox 1901 3865 2047 3919; x_wconf 83' lang='lat' dir='ltr'><strong>Scri-</strong></span> 
     </span>
    </p>
   </div>
   <div class='ocr_carea' id='block_1_68' title="bbox 466 3957 2045 4031">
    <p class='ocr_par' dir='ltr' id='par_1_68' title="bbox 466 3957 2045 4031">
     <span class='ocr_line' id='line_1_68' title="bbox 466 3957 2045 4031; baseline -0.002 -19"><span class='ocrx_word' id='word_1_562' title='bbox 466 3960 644 4031; x_wconf 85' lang='lat' dir='ltr'><strong>pturis</strong></span> <span class='ocrx_word' id='word_1_563' title='bbox 696 3974 795 4012; x_wconf 87' lang='lat' dir='ltr'><strong>nec</strong></span> <span class='ocrx_word' id='word_1_564' title='bbox 839 3973 1051 4027; x_wconf 87' lang='lat' dir='ltr'><strong>semper</strong></span> <span class='ocrx_word' id='word_1_565' title='bbox 1099 3958 1150 4011; x_wconf 94' lang='lat' dir='ltr'><strong>in</strong></span> <span class='ocrx_word' id='word_1_566' title='bbox 1195 3958 1368 4021; x_wconf 88' lang='lat' dir='ltr'><strong>malo,</strong></span> <span class='ocrx_word' id='word_1_567' title='bbox 1413 3973 1511 4012; x_wconf 90' lang='lat' dir='ltr'><strong>nec</strong></span> <span class='ocrx_word' id='word_1_568' title='bbox 1552 3974 1763 4028; x_wconf 86' lang='lat' dir='ltr'><strong>semper</strong></span> <span class='ocrx_word' id='word_1_569' title='bbox 1814 3957 1865 4011; x_wconf 89' lang='lat' dir='ltr'><strong>in</strong></span> <span class='ocrx_word' id='word_1_570' title='bbox 1905 3957 2045 4010; x_wconf 90' lang='lat' dir='ltr'><strong>bono</strong></span> 
     </span>
    </p>
   </div>
   <div class='ocr_carea' id='block_1_69' title="bbox 463 4046 2044 4119">
    <p class='ocr_par' dir='ltr' id='par_1_69' title="bbox 463 4046 2044 4119">
     <span class='ocr_line' id='line_1_69' title="bbox 463 4046 2044 4119; baseline -0.001 -17"><span class='ocrx_word' id='word_1_571' title='bbox 463 4048 703 4119; x_wconf 87' lang='lat' dir='ltr'><strong>ponitur,</strong></span> <span class='ocrx_word' id='word_1_572' title='bbox 747 4047 841 4101; x_wconf 89' lang='lat' dir='ltr'><strong>sed</strong></span> <span class='ocrx_word' id='word_1_573' title='bbox 882 4047 1167 4115; x_wconf 89' lang='lat' dir='ltr'><strong>aliquando</strong></span> <span class='ocrx_word' id='word_1_574' title='bbox 1215 4047 1489 4101; x_wconf 87' lang='lat' dir='ltr'><strong>asinorum</strong></span> <span class='ocrx_word' id='word_1_575' title='bbox 1539 4047 1781 4111; x_wconf 87' lang='lat' dir='ltr'><strong>nomine,</strong></span> <span class='ocrx_word' id='word_1_576' title='bbox 1828 4046 2044 4100; x_wconf 77' lang='lat' dir='ltr'><strong>fatuitas</strong></span> 
     </span>
    </p>
   </div>
   <div class='ocr_carea' id='block_1_70' title="bbox 467 4137 2057 4209">
    <p class='ocr_par' dir='ltr' id='par_1_70' title="bbox 467 4137 2057 4209">
     <span class='ocr_line' id='line_1_70' title="bbox 467 4137 2057 4209; baseline -0.003 -14"><span class='ocrx_word' id='word_1_577' title='bbox 467 4140 754 4195; x_wconf 87' lang='lat' dir='ltr'><strong>stultorum</strong></span> <span class='ocrx_word' id='word_1_578' title='bbox 803 4137 1167 4209; x_wconf 85' lang='lat' dir='ltr'><strong>signiﬁcatur,</strong></span> <span class='ocrx_word' id='word_1_579' title='bbox 1207 4139 1495 4209; x_wconf 87' lang='lat' dir='ltr'><strong>aliquando</strong></span> <span class='ocrx_word' id='word_1_580' title='bbox 1534 4139 1915 4193; x_wconf 81' lang='lat' dir='ltr'><strong>luxuriantium</strong></span> <span class='ocrx_word' id='word_1_581' title='bbox 1955 4152 2057 4205; x_wconf 50' lang='lat' dir='ltr'><strong>per</strong></span> 
     </span>
    </p>
   </div>
   <div class='ocr_carea' id='block_1_71' title="bbox 470 4228 2043 4305">
    <p class='ocr_par' dir='ltr' id='par_1_71' title="bbox 470 4228 2043 4305">
     <span class='ocr_line' id='line_1_71' title="bbox 470 4228 2043 4305; baseline -0.003 -18"><span class='ocrx_word' id='word_1_582' title='bbox 470 4231 728 4293; x_wconf 89' lang='lat' dir='ltr'><strong>tulantia,</strong></span> <span class='ocrx_word' id='word_1_583' title='bbox 775 4229 1063 4299; x_wconf 83' lang='lat' dir='ltr'><strong>aliquando</strong></span> <span class='ocrx_word' id='word_1_584' title='bbox 1111 4230 1425 4301; x_wconf 87' lang='lat' dir='ltr'><strong>simplicitas</strong></span> <span class='ocrx_word' id='word_1_585' title='bbox 1470 4231 1569 4305; x_wconf 77' lang='lat' dir='ltr'><strong>viri</strong></span> <span class='ocrx_word' id='word_1_586' title='bbox 1602 4228 1755 4297; x_wconf 87' lang='lat' dir='ltr'><strong>justi.</strong></span> <span class='ocrx_word' id='word_1_587' title='bbox 1802 4228 2043 4282; x_wconf 86' lang='lat' dir='ltr'><strong>Fatuitas</strong></span> 
     </span>
    </p>
   </div>
   <div class='ocr_carea' id='block_1_72' title="bbox 466 4317 2041 4390">
    <p class='ocr_par' dir='ltr' id='par_1_72' title="bbox 466 4317 2041 4390">
     <span class='ocr_line' id='line_1_72' title="bbox 466 4317 2041 4390; baseline -0.004 -12"><span class='ocrx_word' id='word_1_588' title='bbox 466 4322 752 4380; x_wconf 89' lang='lat' dir='ltr'><strong>stultorum</strong></span> <span class='ocrx_word' id='word_1_589' title='bbox 779 4362 794 4385; x_wconf 91' lang='lat'><strong>,</strong></span> <span class='ocrx_word' id='word_1_590' title='bbox 841 4321 979 4375; x_wconf 90' lang='lat' dir='ltr'><strong>sicut</strong></span> <span class='ocrx_word' id='word_1_591' title='bbox 1014 4321 1270 4390; x_wconf 88' lang='lat' dir='ltr'><strong>scriptum</strong></span> <span class='ocrx_word' id='word_1_592' title='bbox 1317 4328 1398 4374; x_wconf 87' lang='lat' dir='ltr'><strong>est</strong></span> <span class='ocrx_word' id='word_1_593' title='bbox 1441 4320 1616 4390; x_wconf 83' lang='lat' dir='ltr'><strong>(Deut.</strong></span> <span class='ocrx_word' id='word_1_594' title='bbox 1663 4324 1836 4383; x_wconf 80' lang='lat' dir='ltr'><strong>xxn):</strong></span> <span class='ocrx_word' id='word_1_595' title='bbox 1869 4337 1887 4369; x_wconf 72' lang='grc' dir='ltr'><strong>ε</strong></span> <span class='ocrx_word' id='word_1_596' title='bbox 1929 4317 2041 4373; x_wconf 87' lang='lat' dir='ltr'><strong>Non</strong></span> 
     </span>
    </p>
   </div>
   <div class='ocr_carea' id='block_1_73' title="bbox 417 4409 2043 4482">
    <p class='ocr_par' dir='ltr' id='par_1_73' title="bbox 417 4409 2043 4482">
     <span class='ocr_line' id='line_1_73' title="bbox 417 4409 2043 4482; baseline -0.003 -13"><span class='ocrx_word' id='word_1_597' title='bbox 417 4479 421 4482; x_wconf 21' lang='grc' dir='ltr'>μ</span> <span class='ocrx_word' id='word_1_598' title='bbox 467 4415 649 4469; x_wconf 86' lang='lat' dir='ltr'><strong>arabis</strong></span> <span class='ocrx_word' id='word_1_599' title='bbox 677 4414 727 4467; x_wconf 92' lang='lat' dir='ltr'><strong>in</strong></span> <span class='ocrx_word' id='word_1_600' title='bbox 773 4413 908 4466; x_wconf 87' lang='lat' dir='ltr'><strong>bove</strong></span> <span class='ocrx_word' id='word_1_601' title='bbox 951 4413 1108 4467; x_wconf 89' lang='lat' dir='ltr'><strong>simul</strong></span> <span class='ocrx_word' id='word_1_602' title='bbox 1139 4422 1192 4467; x_wconf 92' lang='lat' dir='ltr'><strong>et</strong></span> <span class='ocrx_word' id='word_1_603' title='bbox 1220 4413 1401 4476; x_wconf 88' lang='lat' dir='ltr'><strong>asino,</strong></span> <span class='ocrx_word' id='word_1_604' title='bbox 1449 4432 1466 4461; x_wconf 76' lang='grc' dir='ltr'><strong><em>ι</em></strong></span> <span class='ocrx_word' id='word_1_605' title='bbox 1501 4412 1551 4464; x_wconf 91' lang='lat' dir='ltr'><strong>id</strong></span> <span class='ocrx_word' id='word_1_606' title='bbox 1589 4418 1672 4465; x_wconf 87' lang='lat' dir='ltr'><strong>est</strong></span> <span class='ocrx_word' id='word_1_607' title='bbox 1708 4409 1927 4464; x_wconf 89' lang='lat' dir='ltr'><strong>stultum</strong></span> <span class='ocrx_word' id='word_1_608' title='bbox 1957 4426 2043 4465; x_wconf 89' lang='lat' dir='ltr'><strong>sa-</strong></span> 
     </span>
    </p>
   </div>
   <div class='ocr_carea' id='block_1_74' title="bbox 463 4499 2036 4573">
    <p class='ocr_par' dir='ltr' id='par_1_74' title="bbox 463 4499 2036 4573">
     <span class='ocr_line' id='line_1_74' title="bbox 463 4499 2036 4573; baseline -0.003 -13"><span class='ocrx_word' id='word_1_609' title='bbox 463 4504 633 4573; x_wconf 83' lang='lat' dir='ltr'><strong>pienti</strong></span> <span class='ocrx_word' id='word_1_610' title='bbox 688 4503 740 4556; x_wconf 92' lang='lat' dir='ltr'><strong>in</strong></span> <span class='ocrx_word' id='word_1_611' title='bbox 784 4503 1164 4571; x_wconf 67' lang='lat' dir='ltr'><strong>praedicatione</strong></span> <span class='ocrx_word' id='word_1_612' title='bbox 1220 4519 1323 4556; x_wconf 89' lang='lat' dir='ltr'><strong>non</strong></span> <span class='ocrx_word' id='word_1_613' title='bbox 1383 4501 1575 4553; x_wconf 89' lang='lat' dir='ltr'><strong>socics.</strong></span> <span class='ocrx_word' id='word_1_614' title='bbox 1628 4499 2036 4555; x_wconf 84' lang='lat' dir='ltr'><strong>Luxuriantium</strong></span> 
     </span>
    </p>
   </div>
   <div class='ocr_carea' id='block_1_75' title="bbox 464 4587 2039 4665">
    <p class='ocr_par' dir='ltr' id='par_1_75' title="bbox 464 4587 2039 4665">
     <span class='ocr_line' id='line_1_75' title="bbox 464 4587 2039 4665; baseline -0.002 -18"><span class='ocrx_word' id='word_1_615' title='bbox 464 4594 801 4665; x_wconf 83' lang='lat' dir='ltr'><strong>petulantia,</strong></span> <span class='ocrx_word' id='word_1_616' title='bbox 855 4594 994 4648; x_wconf 90' lang='lat' dir='ltr'><strong>sicut</strong></span> <span class='ocrx_word' id='word_1_617' title='bbox 1047 4610 1142 4664; x_wconf 91' lang='lat' dir='ltr'><strong>per</strong></span> <span class='ocrx_word' id='word_1_618' title='bbox 1190 4591 1505 4662; x_wconf 78' lang='lat' dir='ltr'><strong>prophetam</strong></span> <span class='ocrx_word' id='word_1_619' title='bbox 1562 4589 1760 4642; x_wconf 85' lang='lat' dir='ltr'><strong>dicitur</strong></span> <span class='ocrx_word' id='word_1_620' title='bbox 1809 4587 2039 4658; x_wconf 75' lang='lat' dir='ltr'><strong>(Ezech.</strong></span> 
     </span>
    </p>
   </div>
   <div class='ocr_carea' id='block_1_76' title="bbox 465 4682 2042 4762">
    <p class='ocr_par' dir='ltr' id='par_1_76' title="bbox 465 4682 2042 4762">
     <span class='ocr_line' id='line_1_76' title="bbox 465 4682 2042 4762; baseline -0.004 -17"><span class='ocrx_word' id='word_1_621' title='bbox 465 4688 662 4762; x_wconf 75' lang='lat' dir='ltr'><strong>nul):</strong></span> <span class='ocrx_word' id='word_1_622' title='bbox 702 4709 719 4740; x_wconf 73' lang='grc' dir='ltr'>ι</span> <span class='ocrx_word' id='word_1_623' title='bbox 750 4688 987 4756; x_wconf 86' lang='lat' dir='ltr'><strong>Quorum</strong></span> <span class='ocrx_word' id='word_1_624' title='bbox 1030 4701 1221 4741; x_wconf 89' lang='lat' dir='ltr'><strong>carnes</strong></span> <span class='ocrx_word' id='word_1_625' title='bbox 1270 4692 1394 4738; x_wconf 90' lang='lat' dir='ltr'><strong>sunt</strong></span> <span class='ocrx_word' id='word_1_626' title='bbox 1432 4690 1487 4735; x_wconf 93' lang='lat' dir='ltr'><strong>ut</strong></span> <span class='ocrx_word' id='word_1_627' title='bbox 1524 4696 1721 4737; x_wconf 85' lang='lat' dir='ltr'><strong>carnes</strong></span> <span class='ocrx_word' id='word_1_628' title='bbox 1744 4682 2042 4751; x_wconf 85' lang='lat' dir='ltr'><strong>asinorum,</strong></span> 
     </span>
    </p>
   </div>
   <div class='ocr_carea' id='block_1_77' title="bbox 467 4771 2045 4844">
    <p class='ocr_par' dir='ltr' id='par_1_77' title="bbox 467 4771 2045 4844">
     <span class='ocr_line' id='line_1_77' title="bbox 467 4771 2045 4844; baseline -0.005 -7"><span class='ocrx_word' id='word_1_629' title='bbox 467 4791 522 4837; x_wconf 89' lang='lat' dir='ltr'><strong>et</strong></span> <span class='ocrx_word' id='word_1_630' title='bbox 565 4780 739 4835; x_wconf 76' lang='lat' dir='ltr'><strong>ﬂuxus</strong></span> <span class='ocrx_word' id='word_1_631' title='bbox 783 4795 971 4834; x_wconf 91' lang='lat' dir='ltr'><strong>eorum</strong></span> <span class='ocrx_word' id='word_1_632' title='bbox 1019 4787 1078 4832; x_wconf 90' lang='lat' dir='ltr'><strong>ut</strong></span> <span class='ocrx_word' id='word_1_633' title='bbox 1109 4776 1281 4830; x_wconf 82' lang='lat' dir='ltr'><strong>ﬂuxus</strong></span> <span class='ocrx_word' id='word_1_634' title='bbox 1329 4787 1612 4842; x_wconf 85' lang='lat' dir='ltr'><strong>equorum.</strong></span> <span class='ocrx_word' id='word_1_635' title='bbox 1664 4771 2045 4844; x_wconf 76' lang='lat' dir='ltr'><strong>tSimplicitas</strong></span> 
     </span>
    </p>
   </div>
   <div class='ocr_carea' id='block_1_78' title="bbox 464 4864 2047 4936">
    <p class='ocr_par' dir='ltr' id='par_1_78' title="bbox 464 4864 2047 4936">
     <span class='ocr_line' id='line_1_78' title="bbox 464 4864 2047 4936; baseline -0.006 -9"><span class='ocrx_word' id='word_1_636' title='bbox 464 4875 568 4928; x_wconf 91' lang='lat' dir='ltr'><strong>viri</strong></span> <span class='ocrx_word' id='word_1_637' title='bbox 599 4872 927 4932; x_wconf 88' lang='lat' dir='ltr'><strong>innocentis,</strong></span> <span class='ocrx_word' id='word_1_638' title='bbox 960 4870 1097 4923; x_wconf 91' lang='lat' dir='ltr'><strong>sicut</strong></span> <span class='ocrx_word' id='word_1_639' title='bbox 1131 4882 1228 4936; x_wconf 91' lang='lat' dir='ltr'><strong>per</strong></span> <span class='ocrx_word' id='word_1_640' title='bbox 1272 4864 1462 4919; x_wconf 83' lang='lat' dir='ltr'><strong>Isaiam</strong></span> <span class='ocrx_word' id='word_1_641' title='bbox 1506 4866 1821 4936; x_wconf 81' lang='lat' dir='ltr'><strong>prophetam</strong></span> <span class='ocrx_word' id='word_1_642' title='bbox 1848 4866 2047 4919; x_wconf 87' lang='lat' dir='ltr'><strong>dicitur</strong></span> 
     </span>
    </p>
   </div>
   <div class='ocr_carea' id='block_1_79' title="bbox 467 4956 2046 5037">
    <p class='ocr_par' dir='ltr' id='par_1_79' title="bbox 467 4956 2046 5037">
     <span class='ocr_line' id='line_1_79' title="bbox 467 4956 2046 5037; baseline -0.006 -18"><span class='ocrx_word' id='word_1_643' title='bbox 467 4964 614 5037; x_wconf 77' lang='lat' dir='ltr'><strong>(Isa.</strong></span> <span class='ocrx_word' id='word_1_644' title='bbox 664 4962 849 5033; x_wconf 76' lang='lat' dir='ltr'><strong>xxx&quot;)</strong></span> <span class='ocrx_word' id='word_1_645' title='bbox 885 4979 897 5015; x_wconf 92' lang='lat'><strong>:</strong></span> <span class='ocrx_word' id='word_1_646' title='bbox 935 4978 953 5011; x_wconf 81' lang='lat' dir='ltr'><strong>t</strong></span> <span class='ocrx_word' id='word_1_647' title='bbox 994 4958 1140 5013; x_wconf 91' lang='lat' dir='ltr'><strong>Beati</strong></span> <span class='ocrx_word' id='word_1_648' title='bbox 1191 4956 1283 5025; x_wconf 91' lang='lat' dir='ltr'><strong>qui</strong></span> <span class='ocrx_word' id='word_1_649' title='bbox 1331 4956 1611 5011; x_wconf 88' lang='lat' dir='ltr'><strong>seminatis</strong></span> <span class='ocrx_word' id='word_1_650' title='bbox 1651 4972 1810 5026; x_wconf 89' lang='lat' dir='ltr'><strong>super</strong></span> <span class='ocrx_word' id='word_1_651' title='bbox 1857 4971 2046 5011; x_wconf 90' lang='lat' dir='ltr'><strong>omnes</strong></span> 
     </span>
    </p>
   </div>
   <div class='ocr_carea' id='block_1_80' title="bbox 467 5050 2045 5130">
    <p class='ocr_par' dir='ltr' id='par_1_80' title="bbox 467 5050 2045 5130">
     <span class='ocr_line' id='line_1_80' title="bbox 467 5050 2045 5130; baseline -0.006 -17"><span class='ocrx_word' id='word_1_652' title='bbox 467 5075 661 5130; x_wconf 90' lang='lat' dir='ltr'><strong>aquas,</strong></span> <span class='ocrx_word' id='word_1_653' title='bbox 690 5054 1036 5112; x_wconf 88' lang='lat' dir='ltr'><strong>immittentes</strong></span> <span class='ocrx_word' id='word_1_654' title='bbox 1078 5050 1269 5123; x_wconf 76' lang='lat' dir='ltr'><strong>pedem</strong></span> <span class='ocrx_word' id='word_1_655' title='bbox 1307 5053 1457 5105; x_wconf 81' lang='lat' dir='ltr'><strong>bovis</strong></span> <span class='ocrx_word' id='word_1_656' title='bbox 1495 5063 1549 5106; x_wconf 92' lang='lat' dir='ltr'><strong>et</strong></span> <span class='ocrx_word' id='word_1_657' title='bbox 1577 5052 1734 5105; x_wconf 90' lang='lat' dir='ltr'><strong>asini.</strong></span> <span class='ocrx_word' id='word_1_658' title='bbox 1765 5070 1784 5101; x_wconf 74' lang='grc' dir='ltr'>ι</span> <span class='ocrx_word' id='word_1_659' title='bbox 1820 5050 1961 5120; x_wconf 89' lang='lat' dir='ltr'><strong>Ergo</strong></span> <span class='ocrx_word' id='word_1_660' title='bbox 1991 5050 2045 5104; x_wconf 91' lang='lat' dir='ltr'><strong>in</strong></span> 
     </span>
    </p>
   </div>
   <div class='ocr_carea' id='block_1_81' title="bbox 466 5140 2045 5213">
    <p class='ocr_par' dir='ltr' id='par_1_81' title="bbox 466 5140 2045 5213">
     <span class='ocr_line' id='line_1_81' title="bbox 466 5140 2045 5213; baseline -0.008 -8"><span class='ocrx_word' id='word_1_661' title='bbox 466 5150 571 5207; x_wconf 90' lang='lat' dir='ltr'><strong>hoc</strong></span> <span class='ocrx_word' id='word_1_662' title='bbox 598 5150 715 5205; x_wconf 92' lang='lat' dir='ltr'><strong>loco</strong></span> <span class='ocrx_word' id='word_1_663' title='bbox 742 5148 891 5202; x_wconf 88' lang='lat' dir='ltr'><strong>asina</strong></span> <span class='ocrx_word' id='word_1_664' title='bbox 922 5144 1005 5197; x_wconf 90' lang='lat' dir='ltr'><strong>vel</strong></span> <span class='ocrx_word' id='word_1_665' title='bbox 1032 5143 1225 5213; x_wconf 91' lang='lat' dir='ltr'><strong>pullus,</strong></span> <span class='ocrx_word' id='word_1_666' title='bbox 1254 5143 1345 5212; x_wconf 91' lang='lat' dir='ltr'><strong>qui</strong></span> <span class='ocrx_word' id='word_1_667' title='bbox 1391 5143 1457 5195; x_wconf 90' lang='lat' dir='ltr'><strong>ad</strong></span> <span class='ocrx_word' id='word_1_668' title='bbox 1484 5141 1775 5196; x_wconf 90' lang='lat' dir='ltr'><strong>sedendum</strong></span> <span class='ocrx_word' id='word_1_669' title='bbox 1816 5140 2045 5194; x_wconf 89' lang='lat' dir='ltr'><strong>Domino</strong></span> 
     </span>
    </p>
   </div>
   <div class='ocr_carea' id='block_1_82' title="bbox 467 5230 2045 5303">
    <p class='ocr_par' dir='ltr' id='par_1_82' title="bbox 467 5230 2045 5303">
     <span class='ocr_line' id='line_1_82' title="bbox 467 5230 2045 5303; baseline -0.006 -8"><span class='ocrx_word' id='word_1_670' title='bbox 467 5242 826 5302; x_wconf 90' lang='lat' dir='ltr'><strong>adducuntur,</strong></span> <span class='ocrx_word' id='word_1_671' title='bbox 870 5233 1166 5303; x_wconf 90' lang='lat' dir='ltr'><strong>simplicem</strong></span> <span class='ocrx_word' id='word_1_672' title='bbox 1212 5233 1309 5297; x_wconf 35' lang='lat' dir='ltr'><strong>vel,</strong></span> <span class='ocrx_word' id='word_1_673' title='bbox 1340 5233 1681 5287; x_wconf 87' lang='lat' dir='ltr'><strong>innocentem</strong></span> <span class='ocrx_word' id='word_1_674' title='bbox 1739 5230 2045 5302; x_wconf 88' lang='lat' dir='ltr'><strong>signiﬁcant</strong></span> 
     </span>
    </p>
   </div>
   <div class='ocr_carea' id='block_1_83' title="bbox 467 5323 2045 5394">
    <p class='ocr_par' dir='ltr' id='par_1_83' title="bbox 467 5323 2045 5394">
     <span class='ocr_line' id='line_1_83' title="bbox 467 5323 2045 5394; baseline -0.007 -6"><span class='ocrx_word' id='word_1_675' title='bbox 467 5332 728 5388; x_wconf 87' lang='lat' dir='ltr'><strong>animam.</strong></span> <span class='ocrx_word' id='word_1_676' title='bbox 760 5325 1024 5382; x_wconf 88' lang='lat' dir='ltr'><strong>Dominus</strong></span> <span class='ocrx_word' id='word_1_677' title='bbox 1044 5324 1186 5379; x_wconf 92' lang='lat' dir='ltr'><strong>enim</strong></span> <span class='ocrx_word' id='word_1_678' title='bbox 1217 5338 1380 5394; x_wconf 90' lang='lat' dir='ltr'><strong>super</strong></span> <span class='ocrx_word' id='word_1_679' title='bbox 1405 5324 1612 5378; x_wconf 90' lang='lat' dir='ltr'><strong>asinam</strong></span> <span class='ocrx_word' id='word_1_680' title='bbox 1634 5324 1806 5388; x_wconf 88' lang='lat' dir='ltr'><strong>sedet,</strong></span> <span class='ocrx_word' id='word_1_681' title='bbox 1830 5323 2045 5391; x_wconf 91' lang='lat' dir='ltr'><strong>quando</strong></span> 
     </span>
    </p>
   </div>
   <div class='ocr_carea' id='block_1_84' title="bbox 465 5417 2047 5497">
    <p class='ocr_par' dir='ltr' id='par_1_84' title="bbox 465 5417 2047 5497">
     <span class='ocr_line' id='line_1_84' title="bbox 465 5417 2047 5497; baseline -0.008 -16"><span class='ocrx_word' id='word_1_682' title='bbox 465 5425 765 5497; x_wconf 84' lang='lat' dir='ltr'><strong>simplicem</strong></span> <span class='ocrx_word' id='word_1_683' title='bbox 794 5428 1027 5475; x_wconf 88' lang='lat' dir='ltr'><strong>mentem</strong></span> <span class='ocrx_word' id='word_1_684' title='bbox 1053 5418 1337 5482; x_wconf 88' lang='lat' dir='ltr'><strong>inhabitat,</strong></span> <span class='ocrx_word' id='word_1_685' title='bbox 1364 5418 1505 5473; x_wconf 92' lang='lat' dir='ltr'><strong>sicut</strong></span> <span class='ocrx_word' id='word_1_686' title='bbox 1525 5417 1592 5471; x_wconf 90' lang='lat' dir='ltr'><strong>ab</strong></span> <span class='ocrx_word' id='word_1_687' title='bbox 1613 5432 1677 5472; x_wconf 90' lang='lat' dir='ltr'><strong>eo</strong></span> <span class='ocrx_word' id='word_1_688' title='bbox 1699 5432 1795 5487; x_wconf 89' lang='lat' dir='ltr'><strong>per</strong></span> <span class='ocrx_word' id='word_1_689' title='bbox 1818 5417 2047 5487; x_wconf 89' lang='lat' dir='ltr'><strong>prophe-</strong></span> 
     </span>
    </p>
   </div>
   <div class='ocr_carea' id='block_1_85' title="bbox 466 5509 2042 5583">
    <p class='ocr_par' dir='ltr' id='par_1_85' title="bbox 466 5509 2042 5583">
     <span class='ocr_line' id='line_1_85' title="bbox 466 5509 2042 5583; baseline -0.006 -11"><span class='ocrx_word' id='word_1_690' title='bbox 466 5528 580 5573; x_wconf 82' lang='lat' dir='ltr'><strong>tam</strong></span> <span class='ocrx_word' id='word_1_691' title='bbox 604 5514 801 5572; x_wconf 91' lang='lat' dir='ltr'><strong>dicitur</strong></span> <span class='ocrx_word' id='word_1_692' title='bbox 827 5530 838 5565; x_wconf 94' lang='lat'><strong>:</strong></span> <span class='ocrx_word' id='word_1_693' title='bbox 866 5531 883 5562; x_wconf 74' lang='grc' dir='ltr'>ι</span> <span class='ocrx_word' id='word_1_694' title='bbox 914 5510 1088 5581; x_wconf 90' lang='lat' dir='ltr'><strong>Super</strong></span> <span class='ocrx_word' id='word_1_695' title='bbox 1108 5527 1268 5583; x_wconf 91' lang='lat' dir='ltr'><strong>quem</strong></span> <span class='ocrx_word' id='word_1_696' title='bbox 1292 5510 1595 5580; x_wconf 89' lang='lat' dir='ltr'><strong>requiescet</strong></span> <span class='ocrx_word' id='word_1_697' title='bbox 1619 5509 1852 5580; x_wconf 88' lang='lat' dir='ltr'><strong>Spiritus</strong></span> <span class='ocrx_word' id='word_1_698' title='bbox 1873 5524 2042 5573; x_wconf 89' lang='lat' dir='ltr'><strong>meus,</strong></span> 
     </span>
    </p>
   </div>
   <div class='ocr_carea' id='block_1_86' title="bbox 468 5602 2048 5673">
    <p class='ocr_par' dir='ltr' id='par_1_86' title="bbox 468 5602 2048 5673">
     <span class='ocr_line' id='line_1_86' title="bbox 468 5602 2048 5673; baseline -0.005 -13"><span class='ocrx_word' id='word_1_699' title='bbox 468 5606 570 5660; x_wconf 88' lang='lat' dir='ltr'><strong>nisi</strong></span> <span class='ocrx_word' id='word_1_700' title='bbox 608 5619 767 5673; x_wconf 86' lang='lat' dir='ltr'><strong>super</strong></span> <span class='ocrx_word' id='word_1_701' title='bbox 796 5602 1050 5657; x_wconf 90' lang='lat' dir='ltr'><strong>humilem</strong></span> <span class='ocrx_word' id='word_1_702' title='bbox 1090 5612 1144 5657; x_wconf 91' lang='lat' dir='ltr'><strong>et</strong></span> <span class='ocrx_word' id='word_1_703' title='bbox 1184 5602 1447 5673; x_wconf 88' lang='lat' dir='ltr'><strong>quietum,</strong></span> <span class='ocrx_word' id='word_1_704' title='bbox 1477 5608 1533 5655; x_wconf 92' lang='lat' dir='ltr'><strong>et</strong></span> <span class='ocrx_word' id='word_1_705' title='bbox 1581 5608 1896 5655; x_wconf 89' lang='lat' dir='ltr'><strong>trementem</strong></span> <span class='ocrx_word' id='word_1_706' title='bbox 1933 5613 2048 5653; x_wconf 87' lang='lat' dir='ltr'><strong>ser-</strong></span> 
     </span>
    </p>
   </div>
   <div class='ocr_carea' id='block_1_87' title="bbox 467 5691 2046 5767">
    <p class='ocr_par' dir='ltr' id='par_1_87' title="bbox 467 5691 2046 5767">
     <span class='ocr_line' id='line_1_87' title="bbox 467 5691 2046 5767; baseline -0.003 -19"><span class='ocrx_word' id='word_1_707' title='bbox 467 5708 657 5748; x_wconf 90' lang='lat' dir='ltr'><strong>mones</strong></span> <span class='ocrx_word' id='word_1_708' title='bbox 695 5693 883 5748; x_wconf 76' lang='lat' dir='ltr'><strong>meos?</strong></span> <span class='ocrx_word' id='word_1_709' title='bbox 918 5712 937 5746; x_wconf 77' lang='grc' dir='ltr'><strong><em>ι</em></strong></span> <span class='ocrx_word' id='word_1_710' title='bbox 988 5693 1119 5765; x_wconf 78' lang='lat' dir='ltr'><strong>(ha.</strong></span> <span class='ocrx_word' id='word_1_711' title='bbox 1172 5693 1345 5767; x_wconf 80' lang='lat' dir='ltr'><strong>LXVI.)</strong></span> <span class='ocrx_word' id='word_1_712' title='bbox 1388 5692 1551 5760; x_wconf 87' lang='lat' dir='ltr'><strong>Quasi</strong></span> <span class='ocrx_word' id='word_1_713' title='bbox 1598 5692 1741 5746; x_wconf 92' lang='lat' dir='ltr'><strong>enim</strong></span> <span class='ocrx_word' id='word_1_714' title='bbox 1787 5691 2046 5745; x_wconf 90' lang='lat' dir='ltr'><strong>Dominus</strong></span> 
     </span>
    </p>
   </div>
   <div class='ocr_carea' id='block_1_88' title="bbox 469 5784 2043 5855">
    <p class='ocr_par' dir='ltr' id='par_1_88' title="bbox 469 5784 2043 5855">
     <span class='ocr_line' id='line_1_88' title="bbox 469 5784 2043 5855; baseline -0.001 -15"><span class='ocrx_word' id='word_1_715' title='bbox 469 5784 692 5841; x_wconf 86' lang='lat' dir='ltr'><strong>asellum</strong></span> <span class='ocrx_word' id='word_1_716' title='bbox 739 5787 932 5843; x_wconf 91' lang='lat' dir='ltr'><strong>sedens</strong></span> <span class='ocrx_word' id='word_1_717' title='bbox 972 5786 1265 5844; x_wconf 78' lang='lat' dir='ltr'><strong>Jerusalem</strong></span> <span class='ocrx_word' id='word_1_718' title='bbox 1314 5788 1514 5853; x_wconf 90' lang='lat' dir='ltr'><strong>tendit,</strong></span> <span class='ocrx_word' id='word_1_719' title='bbox 1569 5801 1692 5841; x_wconf 90' lang='lat' dir='ltr'><strong>cum</strong></span> <span class='ocrx_word' id='word_1_720' title='bbox 1746 5784 2043 5855; x_wconf 89' lang='lat' dir='ltr'><strong>simplicem</strong></span> 
     </span>
    </p>
   </div>
   <div class='ocr_carea' id='block_1_89' title="bbox 2150 3317 3728 3391">
    <p class='ocr_par' dir='ltr' id='par_1_89' title="bbox 2150 3317 3728 3391">
     <span class='ocr_line' id='line_1_89' title="bbox 2150 3317 3728 3391; baseline 0.003 -20"><span class='ocrx_word' id='word_1_721' title='bbox 2150 3318 2323 3386; x_wconf 90' lang='lat' dir='ltr'><strong>spatio</strong></span> <span class='ocrx_word' id='word_1_722' title='bbox 2362 3317 2572 3371; x_wconf 89' lang='lat' dir='ltr'><strong>itineris</strong></span> <span class='ocrx_word' id='word_1_723' title='bbox 2618 3333 2781 3388; x_wconf 88' lang='lat' dir='ltr'><strong>super</strong></span> <span class='ocrx_word' id='word_1_724' title='bbox 2821 3327 3107 3391; x_wconf 91' lang='lat' dir='ltr'><strong>utrumque</strong></span> <span class='ocrx_word' id='word_1_725' title='bbox 3136 3319 3337 3374; x_wconf 91' lang='lat' dir='ltr'><strong>animal</strong></span> <span class='ocrx_word' id='word_1_726' title='bbox 3363 3321 3566 3377; x_wconf 85' lang='lat' dir='ltr'><strong>sedisse</strong></span> <span class='ocrx_word' id='word_1_727' title='bbox 3592 3321 3728 3376; x_wconf 84' lang='lat' dir='ltr'><strong>dici-</strong></span> 
     </span>
    </p>
   </div>
   <div class='ocr_carea' id='block_1_90' title="bbox 2150 3404 3731 3483">
    <p class='ocr_par' dir='ltr' id='par_1_90' title="bbox 2150 3404 3731 3483">
     <span class='ocr_line' id='line_1_90' title="bbox 2150 3404 3731 3483; baseline 0.004 -22"><span class='ocrx_word' id='word_1_728' title='bbox 2150 3404 2283 3464; x_wconf 62' lang='lat' dir='ltr'><strong>tur&#39;:</strong></span> <span class='ocrx_word' id='word_1_729' title='bbox 2316 3408 2361 3462; x_wconf 91' lang='lat' dir='ltr'><strong>si</strong></span> <span class='ocrx_word' id='word_1_730' title='bbox 2411 3408 2558 3462; x_wconf 92' lang='lat' dir='ltr'><strong>enim</strong></span> <span class='ocrx_word' id='word_1_731' title='bbox 2607 3424 2770 3478; x_wconf 88' lang='lat' dir='ltr'><strong>super</strong></span> <span class='ocrx_word' id='word_1_732' title='bbox 2822 3411 3028 3465; x_wconf 90' lang='lat' dir='ltr'><strong>asinam</strong></span> <span class='ocrx_word' id='word_1_733' title='bbox 3078 3410 3253 3476; x_wconf 91' lang='lat' dir='ltr'><strong>sedit,</strong></span> <span class='ocrx_word' id='word_1_734' title='bbox 3302 3410 3479 3482; x_wconf 91' lang='lat' dir='ltr'><strong>pullus</strong></span> <span class='ocrx_word' id='word_1_735' title='bbox 3525 3413 3731 3483; x_wconf 88' lang='lat' dir='ltr'><strong>absque</strong></span> 
     </span>
    </p>
   </div>
   <div class='ocr_carea' id='block_1_91' title="bbox 2148 3500 3731 3571">
    <p class='ocr_par' dir='ltr' id='par_1_91' title="bbox 2148 3500 3731 3571">
     <span class='ocr_line' id='line_1_91' title="bbox 2148 3500 3731 3571; baseline 0.004 -18"><span class='ocrx_word' id='word_1_736' title='bbox 2148 3514 2358 3554; x_wconf 89' lang='lat' dir='ltr'><strong>sessore</strong></span> <span class='ocrx_word' id='word_1_737' title='bbox 2410 3500 2512 3553; x_wconf 83' lang='lat' dir='ltr'><strong>fuit</strong></span> <span class='ocrx_word' id='word_1_738' title='bbox 2556 3518 2568 3553; x_wconf 92' lang='lat'><strong>:</strong></span> <span class='ocrx_word' id='word_1_739' title='bbox 2615 3501 2657 3553; x_wconf 91' lang='lat' dir='ltr'><strong>si</strong></span> <span class='ocrx_word' id='word_1_740' title='bbox 2708 3510 2888 3554; x_wconf 91' lang='lat' dir='ltr'><strong>autem</strong></span> <span class='ocrx_word' id='word_1_741' title='bbox 2939 3517 3101 3570; x_wconf 90' lang='lat' dir='ltr'><strong>super</strong></span> <span class='ocrx_word' id='word_1_742' title='bbox 3146 3502 3347 3570; x_wconf 89' lang='lat' dir='ltr'><strong>pullum</strong></span> <span class='ocrx_word' id='word_1_743' title='bbox 3386 3502 3562 3571; x_wconf 89' lang='lat' dir='ltr'><strong>(quod</strong></span> <span class='ocrx_word' id='word_1_744' title='bbox 3609 3503 3731 3571; x_wconf 88' lang='lat' dir='ltr'><strong>plus</strong></span> 
     </span>
    </p>
   </div>
   <div class='ocr_carea' id='block_1_92' title="bbox 2147 3591 3730 3664">
    <p class='ocr_par' dir='ltr' id='par_1_92' title="bbox 2147 3591 3730 3664">
     <span class='ocr_line' id='line_1_92' title="bbox 2147 3591 3730 3664; baseline 0.006 -19"><span class='ocrx_word' id='word_1_745' title='bbox 2147 3591 2422 3661; x_wconf 91' lang='lat' dir='ltr'><strong>competit)</strong></span> <span class='ocrx_word' id='word_1_746' title='bbox 2449 3592 2607 3659; x_wconf 89' lang='lat' dir='ltr'><strong>sedit,</strong></span> <span class='ocrx_word' id='word_1_747' title='bbox 2636 3594 2788 3646; x_wconf 92' lang='lat' dir='ltr'><strong>asina</strong></span> <span class='ocrx_word' id='word_1_748' title='bbox 2813 3608 2842 3646; x_wconf 90' lang='lat' dir='ltr'><strong>a</strong></span> <span class='ocrx_word' id='word_1_749' title='bbox 2878 3608 3090 3648; x_wconf 89' lang='lat' dir='ltr'><strong>sessore</strong></span> <span class='ocrx_word' id='word_1_750' title='bbox 3128 3595 3299 3650; x_wconf 87' lang='lat' dir='ltr'><strong>libera</strong></span> <span class='ocrx_word' id='word_1_751' title='bbox 3323 3596 3545 3651; x_wconf 85' lang='lat' dir='ltr'><strong>mansit.</strong></span> <span class='ocrx_word' id='word_1_752' title='bbox 3574 3596 3730 3664; x_wconf 88' lang='lat' dir='ltr'><strong>Quod</strong></span> 
     </span>
    </p>
   </div>
   <div class='ocr_carea' id='block_1_93' title="bbox 2147 3680 3732 3751">
    <p class='ocr_par' dir='ltr' id='par_1_93' title="bbox 2147 3680 3732 3751">
     <span class='ocr_line' id='line_1_93' title="bbox 2147 3680 3732 3751; baseline 0.005 -17"><span class='ocrx_word' id='word_1_753' title='bbox 2147 3680 2264 3735; x_wconf 89' lang='lat' dir='ltr'><strong>ﬁeri</strong></span> <span class='ocrx_word' id='word_1_754' title='bbox 2307 3689 2507 3750; x_wconf 89' lang='lat' dir='ltr'><strong>potest,</strong></span> <span class='ocrx_word' id='word_1_755' title='bbox 2541 3690 2599 3736; x_wconf 94' lang='lat' dir='ltr'><strong>ut</strong></span> <span class='ocrx_word' id='word_1_756' title='bbox 2639 3682 2794 3751; x_wconf 91' lang='lat' dir='ltr'><strong>prius</strong></span> <span class='ocrx_word' id='word_1_757' title='bbox 2841 3697 3005 3751; x_wconf 92' lang='lat' dir='ltr'><strong>super</strong></span> <span class='ocrx_word' id='word_1_758' title='bbox 3031 3683 3243 3738; x_wconf 90' lang='lat' dir='ltr'><strong>asinam</strong></span> <span class='ocrx_word' id='word_1_759' title='bbox 3272 3684 3502 3751; x_wconf 88' lang='lat' dir='ltr'><strong>sederit,</strong></span> <span class='ocrx_word' id='word_1_760' title='bbox 3535 3684 3732 3742; x_wconf 90' lang='lat' dir='ltr'><strong>deinde</strong></span> 
     </span>
    </p>
   </div>
   <div class='ocr_carea' id='block_1_94' title="bbox 2145 3772 3727 3843">
    <p class='ocr_par' dir='ltr' id='par_1_94' title="bbox 2145 3772 3727 3843">
     <span class='ocr_line' id='line_1_94' title="bbox 2145 3772 3727 3843; baseline 0.002 -16"><span class='ocrx_word' id='word_1_761' title='bbox 2145 3772 2530 3843; x_wconf 83' lang='lat' dir='ltr'><strong>Hierosolymis</strong></span> <span class='ocrx_word' id='word_1_762' title='bbox 2556 3773 3017 3842; x_wconf 91' lang='lat' dir='ltr'><strong>appropinquans,</strong></span> <span class='ocrx_word' id='word_1_763' title='bbox 3055 3772 3226 3827; x_wconf 90' lang='lat' dir='ltr'><strong>turbis</strong></span> <span class='ocrx_word' id='word_1_764' title='bbox 3246 3773 3348 3827; x_wconf 90' lang='lat' dir='ltr'><strong>sibi</strong></span> <span class='ocrx_word' id='word_1_765' title='bbox 3369 3775 3727 3841; x_wconf 89' lang='lat' dir='ltr'><strong>obviantibus,</strong></span> 
     </span>
    </p>
   </div>
   <div class='ocr_carea' id='block_1_95' title="bbox 2145 3863 3730 3934">
    <p class='ocr_par' dir='ltr' id='par_1_95' title="bbox 2145 3863 3730 3934">
     <span class='ocr_line' id='line_1_95' title="bbox 2145 3863 3730 3934; baseline 0.003 -15"><span class='ocrx_word' id='word_1_766' title='bbox 2145 3879 2307 3934; x_wconf 90' lang='lat' dir='ltr'><strong>super</strong></span> <span class='ocrx_word' id='word_1_767' title='bbox 2352 3864 2575 3919; x_wconf 90' lang='lat' dir='ltr'><strong>asellum</strong></span> <span class='ocrx_word' id='word_1_768' title='bbox 2624 3864 2815 3918; x_wconf 90' lang='lat' dir='ltr'><strong>sedere</strong></span> <span class='ocrx_word' id='word_1_769' title='bbox 2859 3863 3127 3929; x_wconf 89' lang='lat' dir='ltr'><strong>voluerit,</strong></span> <span class='ocrx_word' id='word_1_770' title='bbox 3157 3864 3297 3919; x_wconf 91' lang='lat' dir='ltr'><strong>sicut</strong></span> <span class='ocrx_word' id='word_1_771' title='bbox 3327 3866 3458 3920; x_wconf 91' lang='lat' dir='ltr'><strong>dicit</strong></span> <span class='ocrx_word' id='word_1_772' title='bbox 3489 3866 3730 3923; x_wconf 85' lang='lat' dir='ltr'><strong>Joannes</strong></span> 
     </span>
    </p>
   </div>
   <div class='ocr_carea' id='block_1_96' title="bbox 2144 3955 3727 4032">
    <p class='ocr_par' dir='ltr' id='par_1_96' title="bbox 2144 3955 3727 4032">
     <span class='ocr_line' id='line_1_96' title="bbox 2144 3955 3727 4032; baseline 0.003 -20"><span class='ocrx_word' id='word_1_773' title='bbox 2144 3955 2471 4026; x_wconf 81' lang='lat' dir='ltr'><strong>evangelista</strong></span> <span class='ocrx_word' id='word_1_774' title='bbox 2511 3972 2523 4009; x_wconf 85' lang='lat'><em>;</em></span> <span class='ocrx_word' id='word_1_775' title='bbox 2560 3976 2578 4006; x_wconf 86' lang='grc'><strong>‹</strong></span> <span class='ocrx_word' id='word_1_776' title='bbox 2609 3955 3062 4026; x_wconf 85' lang='lat' dir='ltr'><strong>Appropinquans</strong></span> <span class='ocrx_word' id='word_1_777' title='bbox 3100 3955 3257 4012; x_wconf 77' lang='lat' dir='ltr'><strong>Jesus</strong></span> <span class='ocrx_word' id='word_1_778' title='bbox 3303 3956 3727 4032; x_wconf 84' lang='lat' dir='ltr'><strong>Hierosolymis,</strong></span> 
     </span>
    </p>
   </div>
   <div class='ocr_carea' id='block_1_97' title="bbox 2147 4047 3816 4122">
    <p class='ocr_par' dir='ltr' id='par_1_97' title="bbox 2147 4047 3816 4122">
     <span class='ocr_line' id='line_1_97' title="bbox 2147 4047 3816 4122; baseline 0.002 -20"><span class='ocrx_word' id='word_1_779' title='bbox 2147 4048 2353 4102; x_wconf 90' lang='lat' dir='ltr'><strong>invenit</strong></span> <span class='ocrx_word' id='word_1_780' title='bbox 2384 4047 2611 4103; x_wconf 87' lang='lat' dir='ltr'><strong>asellum</strong></span> <span class='ocrx_word' id='word_1_781' title='bbox 2642 4056 2696 4103; x_wconf 88' lang='lat' dir='ltr'><strong>et</strong></span> <span class='ocrx_word' id='word_1_782' title='bbox 2724 4048 2865 4104; x_wconf 91' lang='lat' dir='ltr'><strong>sedit</strong></span> <span class='ocrx_word' id='word_1_783' title='bbox 2887 4064 3049 4117; x_wconf 89' lang='lat' dir='ltr'><strong>super</strong></span> <span class='ocrx_word' id='word_1_784' title='bbox 3074 4065 3216 4105; x_wconf 89' lang='lat' dir='ltr'><strong>eum.</strong></span> <span class='ocrx_word' id='word_1_785' title='bbox 3252 4068 3272 4103; x_wconf 75' lang='grc' dir='ltr'><strong><em>ι</em></strong></span> <span class='ocrx_word' id='word_1_786' title='bbox 3300 4050 3408 4105; x_wconf 90' lang='lat' dir='ltr'><strong>Sed</strong></span> <span class='ocrx_word' id='word_1_787' title='bbox 3434 4051 3586 4122; x_wconf 81' lang='lat' dir='ltr'><strong>juxta</strong></span> <span class='ocrx_word' id='word_1_788' title='bbox 3615 4052 3729 4122; x_wconf 91' lang='lat' dir='ltr'><strong>spi-</strong></span> <span class='ocrx_word' id='word_1_789' title='bbox 3813 4073 3816 4076; x_wconf 57' lang='grc'><strong>’</strong></span> 
     </span>
    </p>
   </div>
   <div class='ocr_carea' id='block_1_98' title="bbox 2162 4137 3734 4213">
    <p class='ocr_par' dir='ltr' id='par_1_98' title="bbox 2162 4137 3734 4213">
     <span class='ocr_line' id='line_1_98' title="bbox 2162 4137 3734 4213; baseline 0.005 -22"><span class='ocrx_word' id='word_1_790' title='bbox 2162 4137 2409 4191; x_wconf 89' lang='lat' dir='ltr'><strong>ritualem</strong></span> <span class='ocrx_word' id='word_1_791' title='bbox 2455 4138 2859 4208; x_wconf 84' lang='lat' dir='ltr'><strong>intelligentiam</strong></span> <span class='ocrx_word' id='word_1_792' title='bbox 2909 4139 3005 4207; x_wconf 90' lang='lat' dir='ltr'><strong>(ut</strong></span> <span class='ocrx_word' id='word_1_793' title='bbox 3061 4155 3222 4213; x_wconf 90' lang='lat' dir='ltr'><strong>supra</strong></span> <span class='ocrx_word' id='word_1_794' title='bbox 3270 4141 3536 4213; x_wconf 82' lang='lat' dir='ltr'><strong>diximus)</strong></span> <span class='ocrx_word' id='word_1_795' title='bbox 3585 4151 3734 4212; x_wconf 89' lang='lat' dir='ltr'><strong>patet</strong></span> 
     </span>
    </p>
   </div>
   <div class='ocr_carea' id='block_1_99' title="bbox 2167 4230 3726 4303">
    <p class='ocr_par' dir='ltr' id='par_1_99' title="bbox 2167 4230 3726 4303">
     <span class='ocr_line' id='line_1_99' title="bbox 2167 4230 3726 4303; baseline 0.006 -20"><span class='ocrx_word' id='word_1_796' title='bbox 2167 4245 2362 4285; x_wconf 86' lang='lat' dir='ltr'><strong>sensus</strong></span> <span class='ocrx_word' id='word_1_797' title='bbox 2389 4230 2513 4299; x_wconf 88' lang='lat' dir='ltr'><strong>quia</strong></span> <span class='ocrx_word' id='word_1_798' title='bbox 2547 4246 2708 4301; x_wconf 89' lang='lat' dir='ltr'><strong>super</strong></span> <span class='ocrx_word' id='word_1_799' title='bbox 2737 4241 3024 4302; x_wconf 90' lang='lat' dir='ltr'><strong>utrumque</strong></span> <span class='ocrx_word' id='word_1_800' title='bbox 3052 4232 3251 4288; x_wconf 90' lang='lat' dir='ltr'><strong>animal</strong></span> <span class='ocrx_word' id='word_1_801' title='bbox 3285 4236 3490 4290; x_wconf 91' lang='lat' dir='ltr'><strong>sedisse</strong></span> <span class='ocrx_word' id='word_1_802' title='bbox 3511 4235 3726 4303; x_wconf 90' lang='lat' dir='ltr'><strong>dicitur,</strong></span> 
     </span>
    </p>
   </div>
   <div class='ocr_carea' id='block_1_100' title="bbox 2144 4323 3731 4395">
    <p class='ocr_par' dir='ltr' id='par_1_100' title="bbox 2144 4323 3731 4395">
     <span class='ocr_line' id='line_1_100' title="bbox 2144 4323 3731 4395; baseline 0.006 -20"><span class='ocrx_word' id='word_1_803' title='bbox 2144 4323 2398 4391; x_wconf 89' lang='lat' dir='ltr'><strong>quoniam</strong></span> <span class='ocrx_word' id='word_1_804' title='bbox 2425 4338 2491 4378; x_wconf 83' lang='lat' dir='ltr'><strong>ex</strong></span> <span class='ocrx_word' id='word_1_805' title='bbox 2513 4332 2740 4394; x_wconf 91' lang='lat' dir='ltr'><strong>utroque</strong></span> <span class='ocrx_word' id='word_1_806' title='bbox 2766 4325 2962 4395; x_wconf 89' lang='lat' dir='ltr'><strong>populo</strong></span> <span class='ocrx_word' id='word_1_807' title='bbox 2984 4326 3268 4381; x_wconf 89' lang='lat' dir='ltr'><strong>nonnullos</strong></span> <span class='ocrx_word' id='word_1_808' title='bbox 3294 4327 3361 4381; x_wconf 89' lang='lat' dir='ltr'><strong>ad</strong></span> <span class='ocrx_word' id='word_1_809' title='bbox 3383 4342 3537 4382; x_wconf 88' lang='lat' dir='ltr'><strong>suam</strong></span> <span class='ocrx_word' id='word_1_810' title='bbox 3566 4328 3731 4384; x_wconf 89' lang='lat' dir='ltr'><strong>ﬁdem</strong></span> 
     </span>
    </p>
   </div>
   <div class='ocr_carea' id='block_1_101' title="bbox 2145 4416 2380 4469">
    <p class='ocr_par' dir='ltr' id='par_1_101' title="bbox 2145 4416 2380 4469">
     <span class='ocr_line' id='line_1_101' title="bbox 2145 4416 2380 4469; baseline 0.009 -2"><span class='ocrx_word' id='word_1_811' title='bbox 2145 4416 2380 4469; x_wconf 85' lang='lat' dir='ltr'><strong>vocavit.</strong></span> 
     </span>
    </p>
   </div>
   <div class='ocr_carea' id='block_1_102' title="bbox 2223 4506 3731 4565">
    <p class='ocr_par' dir='ltr' id='par_1_102' title="bbox 2223 4506 3731 4565">
     <span class='ocr_line' id='line_1_102' title="bbox 2223 4506 3731 4565; baseline 0.005 -7"><span class='ocrx_word' id='word_1_812' title='bbox 2223 4526 2240 4558; x_wconf 75' lang='grc' dir='ltr'><strong><em>ι</em></strong></span> <span class='ocrx_word' id='word_1_813' title='bbox 2271 4506 2512 4561; x_wconf 87' lang='lat' dir='ltr'><strong>Plurima</strong></span> <span class='ocrx_word' id='word_1_814' title='bbox 2550 4516 2730 4563; x_wconf 89' lang='lat' dir='ltr'><strong>autem</strong></span> <span class='ocrx_word' id='word_1_815' title='bbox 2758 4507 2913 4563; x_wconf 90' lang='lat' dir='ltr'><strong>turba</strong></span> <span class='ocrx_word' id='word_1_816' title='bbox 2941 4517 3253 4565; x_wconf 86' lang='lat' dir='ltr'><strong>straverunt</strong></span> <span class='ocrx_word' id='word_1_817' title='bbox 3276 4510 3599 4565; x_wconf 89' lang='lat' dir='ltr'><strong>vestimenta</strong></span> <span class='ocrx_word' id='word_1_818' title='bbox 3636 4526 3731 4565; x_wconf 89' lang='lat' dir='ltr'><strong>sua</strong></span> 
     </span>
    </p>
   </div>
   <div class='ocr_carea' id='block_1_103' title="bbox 2153 4597 3729 4667">
    <p class='ocr_par' dir='ltr' id='par_1_103' title="bbox 2153 4597 3729 4667">
     <span class='ocr_line' id='line_1_103' title="bbox 2153 4597 3729 4667; baseline 0.004 -20"><span class='ocrx_word' id='word_1_819' title='bbox 2153 4615 2171 4647; x_wconf 70' lang='grc' dir='ltr'><strong><em>ι</em></strong></span> <span class='ocrx_word' id='word_1_820' title='bbox 2205 4597 2258 4651; x_wconf 94' lang='lat' dir='ltr'><strong>in</strong></span> <span class='ocrx_word' id='word_1_821' title='bbox 2290 4598 2394 4651; x_wconf 89' lang='lat' dir='ltr'><strong>via.</strong></span> <span class='ocrx_word' id='word_1_822' title='bbox 2429 4598 2534 4651; x_wconf 82' lang='lat' dir='ltr'><strong>Alii</strong></span> <span class='ocrx_word' id='word_1_823' title='bbox 2571 4607 2751 4652; x_wconf 89' lang='lat' dir='ltr'><strong>autem</strong></span> <span class='ocrx_word' id='word_1_824' title='bbox 2779 4599 3057 4654; x_wconf 63' lang='lat' dir='ltr'><strong>catdehant</strong></span> <span class='ocrx_word' id='word_1_825' title='bbox 3084 4615 3264 4655; x_wconf 88' lang='lat' dir='ltr'><strong>ramos</strong></span> <span class='ocrx_word' id='word_1_826' title='bbox 3305 4602 3371 4654; x_wconf 90' lang='lat' dir='ltr'><strong>de</strong></span> <span class='ocrx_word' id='word_1_827' title='bbox 3402 4600 3689 4667; x_wconf 81' lang='lat' dir='ltr'><strong>arboribus</strong></span> <span class='ocrx_word' id='word_1_828' title='bbox 3712 4639 3729 4665; x_wconf 93' lang='lat'><strong>,</strong></span> 
     </span>
    </p>
   </div>
   <div class='ocr_carea' id='block_1_104' title="bbox 2152 4685 3730 4756">
    <p class='ocr_par' dir='ltr' id='par_1_104' title="bbox 2152 4685 3730 4756">
     <span class='ocr_line' id='line_1_104' title="bbox 2152 4685 3730 4756; baseline 0.003 -19"><span class='ocrx_word' id='word_1_829' title='bbox 2152 4704 2170 4736; x_wconf 74' lang='grc' dir='ltr'>ι</span> <span class='ocrx_word' id='word_1_830' title='bbox 2208 4693 2261 4740; x_wconf 93' lang='lat' dir='ltr'><strong>et</strong></span> <span class='ocrx_word' id='word_1_831' title='bbox 2292 4686 2603 4740; x_wconf 90' lang='lat' dir='ltr'><strong>sternebant</strong></span> <span class='ocrx_word' id='word_1_832' title='bbox 2628 4686 2682 4740; x_wconf 93' lang='lat' dir='ltr'><strong>in</strong></span> <span class='ocrx_word' id='word_1_833' title='bbox 2707 4687 2814 4740; x_wconf 86' lang='lat' dir='ltr'><strong>via.</strong></span> <span class='ocrx_word' id='word_1_834' title='bbox 2846 4685 3039 4742; x_wconf 68' lang='lat' dir='ltr'><strong>Turbae</strong></span> <span class='ocrx_word' id='word_1_835' title='bbox 3086 4696 3263 4741; x_wconf 88' lang='lat' dir='ltr'><strong>autem</strong></span> <span class='ocrx_word' id='word_1_836' title='bbox 3292 4701 3412 4756; x_wconf 63' lang='lat' dir='ltr'><strong>qua</strong></span> <span class='ocrx_word' id='word_1_837' title='bbox 3455 4687 3730 4755; x_wconf 59' lang='lat' dir='ltr'><strong>precede-</strong></span> 
     </span>
    </p>
   </div>
   <div class='ocr_carea' id='block_1_105' title="bbox 2153 4775 3727 4847">
    <p class='ocr_par' dir='ltr' id='par_1_105' title="bbox 2153 4775 3727 4847">
     <span class='ocr_line' id='line_1_105' title="bbox 2153 4775 3727 4847; baseline 0.003 -19"><span class='ocrx_word' id='word_1_838' title='bbox 2153 4794 2171 4827; x_wconf 66' lang='grc' dir='ltr'><em>ς</em></span> <span class='ocrx_word' id='word_1_839' title='bbox 2209 4775 2339 4830; x_wconf 89' lang='lat' dir='ltr'><strong>bant</strong></span> <span class='ocrx_word' id='word_1_840' title='bbox 2381 4785 2437 4831; x_wconf 92' lang='lat' dir='ltr'><strong>et</strong></span> <span class='ocrx_word' id='word_1_841' title='bbox 2474 4792 2593 4846; x_wconf 63' lang='lat' dir='ltr'><strong>quae</strong></span> <span class='ocrx_word' id='word_1_842' title='bbox 2639 4778 3025 4847; x_wconf 87' lang='lat' dir='ltr'><strong>sequebantur,</strong></span> <span class='ocrx_word' id='word_1_843' title='bbox 3071 4777 3404 4840; x_wconf 89' lang='lat' dir='ltr'><strong>clamabant,</strong></span> <span class='ocrx_word' id='word_1_844' title='bbox 3447 4776 3727 4832; x_wconf 87' lang='lat' dir='ltr'><strong>dicentes:</strong></span> 
     </span>
    </p>
   </div>
   <div class='ocr_carea' id='block_1_106' title="bbox 2153 4864 3733 4934">
    <p class='ocr_par' dir='ltr' id='par_1_106' title="bbox 2153 4864 3733 4934">
     <span class='ocr_line' id='line_1_106' title="bbox 2153 4864 3733 4934; baseline 0.002 -16"><span class='ocrx_word' id='word_1_845' title='bbox 2153 4884 2172 4918; x_wconf 76' lang='grc' dir='ltr'>ι</span> <span class='ocrx_word' id='word_1_846' title='bbox 2205 4865 2454 4920; x_wconf 87' lang='lat' dir='ltr'><strong>Hosanna</strong></span> <span class='ocrx_word' id='word_1_847' title='bbox 2476 4865 2585 4920; x_wconf 90' lang='lat' dir='ltr'><strong>ﬁlio</strong></span> <span class='ocrx_word' id='word_1_848' title='bbox 2606 4866 2792 4930; x_wconf 88' lang='lat' dir='ltr'><strong>David,</strong></span> <span class='ocrx_word' id='word_1_849' title='bbox 2824 4865 3139 4921; x_wconf 90' lang='lat' dir='ltr'><strong>benedictus</strong></span> <span class='ocrx_word' id='word_1_850' title='bbox 3156 4865 3246 4934; x_wconf 92' lang='lat' dir='ltr'><strong>qui</strong></span> <span class='ocrx_word' id='word_1_851' title='bbox 3273 4864 3418 4919; x_wconf 89' lang='lat' dir='ltr'><strong>venit</strong></span> <span class='ocrx_word' id='word_1_852' title='bbox 3440 4866 3491 4918; x_wconf 93' lang='lat' dir='ltr'><strong>in</strong></span> <span class='ocrx_word' id='word_1_853' title='bbox 3514 4866 3733 4921; x_wconf 92' lang='lat' dir='ltr'><strong>nomine</strong></span> 
     </span>
    </p>
   </div>
   <div class='ocr_carea' id='block_1_107' title="bbox 2156 4955 3733 5025">
    <p class='ocr_par' dir='ltr' id='par_1_107' title="bbox 2156 4955 3733 5025">
     <span class='ocr_line' id='line_1_107' title="bbox 2156 4955 3733 5025; baseline 0.002 -16"><span class='ocrx_word' id='word_1_854' title='bbox 2156 4977 2175 5009; x_wconf 84' lang='grc'><em>‹</em></span> <span class='ocrx_word' id='word_1_855' title='bbox 2210 4958 2440 5013; x_wconf 89' lang='lat' dir='ltr'><strong>Domini.</strong></span> <span class='ocrx_word' id='word_1_856' title='bbox 2480 4978 2498 5009; x_wconf 83' lang='grc'><strong>›</strong></span> <span class='ocrx_word' id='word_1_857' title='bbox 2542 4958 3002 5013; x_wconf 89' lang='lat' dir='ltr'><strong>Considerandum</strong></span> <span class='ocrx_word' id='word_1_858' title='bbox 3045 4965 3129 5010; x_wconf 89' lang='lat' dir='ltr'><strong>est</strong></span> <span class='ocrx_word' id='word_1_859' title='bbox 3177 4957 3230 5010; x_wconf 91' lang='lat' dir='ltr'><strong>in</strong></span> <span class='ocrx_word' id='word_1_860' title='bbox 3275 4956 3378 5010; x_wconf 90' lang='lat' dir='ltr'><strong>hoc</strong></span> <span class='ocrx_word' id='word_1_861' title='bbox 3415 4956 3533 5012; x_wconf 88' lang='lat' dir='ltr'><strong>loco</strong></span> <span class='ocrx_word' id='word_1_862' title='bbox 3578 4955 3733 5025; x_wconf 80' lang='lat' dir='ltr'><strong>juxta</strong></span> 
     </span>
    </p>
   </div>
   <div class='ocr_carea' id='block_1_108' title="bbox 2152 5047 3731 5120">
    <p class='ocr_par' dir='ltr' id='par_1_108' title="bbox 2152 5047 3731 5120">
     <span class='ocr_line' id='line_1_108' title="bbox 2152 5047 3731 5120; baseline -0.003 -13"><span class='ocrx_word' id='word_1_863' title='bbox 2152 5052 2397 5107; x_wconf 90' lang='lat' dir='ltr'><strong>ordinem</strong></span> <span class='ocrx_word' id='word_1_864' title='bbox 2440 5066 2822 5120; x_wconf 88' lang='lat' dir='ltr'><strong>personarum,</strong></span> <span class='ocrx_word' id='word_1_865' title='bbox 2852 5049 3084 5119; x_wconf 88' lang='lat' dir='ltr'><strong>qualitas</strong></span> <span class='ocrx_word' id='word_1_866' title='bbox 3116 5047 3433 5103; x_wconf 89' lang='lat' dir='ltr'><strong>meritorum</strong></span> <span class='ocrx_word' id='word_1_867' title='bbox 3468 5066 3482 5103; x_wconf 89' lang='lat'><strong>:</strong></span> <span class='ocrx_word' id='word_1_868' title='bbox 3515 5048 3606 5104; x_wconf 87' lang='lat' dir='ltr'><strong>alii</strong></span> <span class='ocrx_word' id='word_1_869' title='bbox 3638 5065 3731 5106; x_wconf 87' lang='lat' dir='ltr'><strong>su-</strong></span> 
     </span>
    </p>
   </div>
   <div class='ocr_carea' id='block_1_109' title="bbox 2150 5137 3734 5212">
    <p class='ocr_par' dir='ltr' id='par_1_109' title="bbox 2150 5137 3734 5212">
     <span class='ocr_line' id='line_1_109' title="bbox 2150 5137 3734 5212; baseline -0.001 -18"><span class='ocrx_word' id='word_1_870' title='bbox 2150 5157 2248 5212; x_wconf 88' lang='lat' dir='ltr'><strong>per</strong></span> <span class='ocrx_word' id='word_1_871' title='bbox 2294 5140 2499 5194; x_wconf 86' lang='lat' dir='ltr'><strong>asinam</strong></span> <span class='ocrx_word' id='word_1_872' title='bbox 2553 5140 2875 5195; x_wconf 87' lang='lat' dir='ltr'><strong>vestimenta</strong></span> <span class='ocrx_word' id='word_1_873' title='bbox 2930 5153 3026 5192; x_wconf 90' lang='lat' dir='ltr'><strong>sua</strong></span> <span class='ocrx_word' id='word_1_874' title='bbox 3079 5137 3430 5207; x_wconf 89' lang='lat' dir='ltr'><strong>imponebant</strong></span> <span class='ocrx_word' id='word_1_875' title='bbox 3474 5147 3535 5194; x_wconf 92' lang='lat' dir='ltr'><strong>ut</strong></span> <span class='ocrx_word' id='word_1_876' title='bbox 3575 5138 3734 5195; x_wconf 79' lang='lat' dir='ltr'><strong>Jesus</strong></span> 
     </span>
    </p>
   </div>
   <div class='ocr_carea' id='block_1_110' title="bbox 2151 5228 3731 5303">
    <p class='ocr_par' dir='ltr' id='par_1_110' title="bbox 2151 5228 3731 5303">
     <span class='ocr_line' id='line_1_110' title="bbox 2151 5228 3731 5303; baseline -0.001 -18"><span class='ocrx_word' id='word_1_877' title='bbox 2151 5230 2365 5285; x_wconf 86' lang='lat' dir='ltr'><strong>mollius</strong></span> <span class='ocrx_word' id='word_1_878' title='bbox 2409 5229 2622 5284; x_wconf 85' lang='lat' dir='ltr'><strong>sederet</strong></span> <span class='ocrx_word' id='word_1_879' title='bbox 2650 5247 2664 5283; x_wconf 88' lang='lat'><strong>:</strong></span> <span class='ocrx_word' id='word_1_880' title='bbox 2690 5228 2780 5283; x_wconf 92' lang='lat' dir='ltr'><strong>alii</strong></span> <span class='ocrx_word' id='word_1_881' title='bbox 2821 5228 3141 5282; x_wconf 90' lang='lat' dir='ltr'><strong>vestimenta</strong></span> <span class='ocrx_word' id='word_1_882' title='bbox 3187 5242 3281 5282; x_wconf 89' lang='lat' dir='ltr'><strong>sua</strong></span> <span class='ocrx_word' id='word_1_883' title='bbox 3323 5229 3631 5303; x_wconf 83' lang='lat' dir='ltr'><strong>sternebant</strong></span> <span class='ocrx_word' id='word_1_884' title='bbox 3675 5229 3731 5283; x_wconf 90' lang='lat' dir='ltr'><strong>in</strong></span> 
     </span>
    </p>
   </div>
   <div class='ocr_carea' id='block_1_111' title="bbox 2151 5317 3734 5388">
    <p class='ocr_par' dir='ltr' id='par_1_111' title="bbox 2151 5317 3734 5388">
     <span class='ocr_line' id='line_1_111' title="bbox 2151 5317 3734 5388; baseline -0.001 -14"><span class='ocrx_word' id='word_1_885' title='bbox 2151 5320 2262 5384; x_wconf 86' lang='lat' dir='ltr'><strong>via,</strong></span> <span class='ocrx_word' id='word_1_886' title='bbox 2289 5334 2355 5373; x_wconf 91' lang='lat' dir='ltr'><strong>ne</strong></span> <span class='ocrx_word' id='word_1_887' title='bbox 2383 5333 2480 5388; x_wconf 86' lang='lat' dir='ltr'><strong>pes</strong></span> <span class='ocrx_word' id='word_1_888' title='bbox 2508 5318 2672 5372; x_wconf 67' lang='lat' dir='ltr'><strong>asinae</strong></span> <span class='ocrx_word' id='word_1_889' title='bbox 2696 5318 3017 5387; x_wconf 88' lang='lat' dir='ltr'><strong>impingeret</strong></span> <span class='ocrx_word' id='word_1_890' title='bbox 3048 5334 3062 5371; x_wconf 89' lang='lat'>:</span> <span class='ocrx_word' id='word_1_891' title='bbox 3093 5317 3183 5371; x_wconf 90' lang='lat' dir='ltr'><strong>alii</strong></span> <span class='ocrx_word' id='word_1_892' title='bbox 3219 5332 3400 5372; x_wconf 89' lang='lat' dir='ltr'><strong>ramos</strong></span> <span class='ocrx_word' id='word_1_893' title='bbox 3430 5319 3497 5372; x_wconf 92' lang='lat' dir='ltr'><strong>de</strong></span> <span class='ocrx_word' id='word_1_894' title='bbox 3526 5318 3734 5373; x_wconf 86' lang='lat' dir='ltr'><strong>arbori-</strong></span> 
     </span>
    </p>
   </div>
   <div class='ocr_carea' id='block_1_112' title="bbox 2152 5408 3732 5479">
    <p class='ocr_par' dir='ltr' id='par_1_112' title="bbox 2152 5408 3732 5479">
     <span class='ocr_line' id='line_1_112' title="bbox 2152 5408 3732 5479; baseline -0.001 -13"><span class='ocrx_word' id='word_1_895' title='bbox 2152 5411 2253 5466; x_wconf 92' lang='lat' dir='ltr'><strong>bus</strong></span> <span class='ocrx_word' id='word_1_896' title='bbox 2275 5411 2327 5464; x_wconf 92' lang='lat' dir='ltr'><strong>in</strong></span> <span class='ocrx_word' id='word_1_897' title='bbox 2356 5410 2441 5463; x_wconf 87' lang='lat' dir='ltr'><strong>via</strong></span> <span class='ocrx_word' id='word_1_898' title='bbox 2471 5410 2807 5477; x_wconf 87' lang='lat' dir='ltr'><strong>sternebant,</strong></span> <span class='ocrx_word' id='word_1_899' title='bbox 2835 5420 2895 5465; x_wconf 94' lang='lat' dir='ltr'><strong>ut</strong></span> <span class='ocrx_word' id='word_1_900' title='bbox 2924 5411 3028 5464; x_wconf 87' lang='lat' dir='ltr'><strong>iter</strong></span> <span class='ocrx_word' id='word_1_901' title='bbox 3055 5410 3221 5466; x_wconf 87' lang='lat' dir='ltr'><strong>asinae</strong></span> <span class='ocrx_word' id='word_1_902' title='bbox 3249 5410 3465 5479; x_wconf 89' lang='lat' dir='ltr'><strong>planum</strong></span> <span class='ocrx_word' id='word_1_903' title='bbox 3494 5416 3551 5464; x_wconf 91' lang='lat' dir='ltr'><strong>et</strong></span> <span class='ocrx_word' id='word_1_904' title='bbox 3569 5408 3732 5464; x_wconf 80' lang='lat' dir='ltr'><strong>deco-</strong></span> 
     </span>
    </p>
   </div>
   <div class='ocr_carea' id='block_1_113' title="bbox 2153 5488 3730 5574">
    <p class='ocr_par' dir='ltr' id='par_1_113' title="bbox 2153 5488 3730 5574">
     <span class='ocr_line' id='line_1_113' title="bbox 2153 5488 3730 5574; baseline -0.002 -16"><span class='ocrx_word' id='word_1_905' title='bbox 2153 5518 2272 5558; x_wconf 91' lang='lat' dir='ltr'><strong>rum</strong></span> <span class='ocrx_word' id='word_1_906' title='bbox 2302 5502 2589 5558; x_wconf 87' lang='lat' dir='ltr'><strong>redderent</strong></span> <span class='ocrx_word' id='word_1_907' title='bbox 2620 5520 2633 5557; x_wconf 90' lang='lat'><strong>:</strong></span> <span class='ocrx_word' id='word_1_908' title='bbox 2665 5511 2722 5558; x_wconf 90' lang='lat' dir='ltr'><strong>et</strong></span> <span class='ocrx_word' id='word_1_909' title='bbox 2757 5505 2849 5574; x_wconf 88' lang='lat' dir='ltr'><strong>qui</strong></span> <span class='ocrx_word' id='word_1_910' title='bbox 2894 5488 3123 5559; x_wconf 80' lang='lat' dir='ltr'><strong>vicinius</strong></span> <span class='ocrx_word' id='word_1_911' title='bbox 3170 5501 3600 5572; x_wconf 88' lang='lat' dir='ltr'><strong>appropinquare</strong></span> <span class='ocrx_word' id='word_1_912' title='bbox 3631 5517 3730 5557; x_wconf 84' lang='lat' dir='ltr'><strong>ne-</strong></span> 
     </span>
    </p>
   </div>
   <div class='ocr_carea' id='block_1_114' title="bbox 2151 5593 3732 5667">
    <p class='ocr_par' dir='ltr' id='par_1_114' title="bbox 2151 5593 3732 5667">
     <span class='ocr_line' id='line_1_114' title="bbox 2151 5593 3732 5667; baseline 0.001 -18"><span class='ocrx_word' id='word_1_913' title='bbox 2151 5596 2418 5665; x_wconf 89' lang='lat' dir='ltr'><strong>quibanl,</strong></span> <span class='ocrx_word' id='word_1_914' title='bbox 2479 5604 2767 5667; x_wconf 91' lang='lat' dir='ltr'><strong>sequentes</strong></span> <span class='ocrx_word' id='word_1_915' title='bbox 2830 5597 3138 5652; x_wconf 85' lang='lat' dir='ltr'><strong>clamabant</strong></span> <span class='ocrx_word' id='word_1_916' title='bbox 3191 5612 3203 5647; x_wconf 92' lang='lat'><strong>:</strong></span> <span class='ocrx_word' id='word_1_917' title='bbox 3254 5611 3273 5643; x_wconf 80' lang='grc' dir='ltr'>ι</span> <span class='ocrx_word' id='word_1_918' title='bbox 3322 5593 3572 5649; x_wconf 81' lang='lat' dir='ltr'><strong>Hosanna</strong></span> <span class='ocrx_word' id='word_1_919' title='bbox 3619 5595 3732 5651; x_wconf 91' lang='lat' dir='ltr'><strong>ﬁlio</strong></span> 
     </span>
    </p>
   </div>
   <div class='ocr_carea' id='block_1_115' title="bbox 2153 5686 3728 5759">
    <p class='ocr_par' dir='ltr' id='par_1_115' title="bbox 2153 5686 3728 5759">
     <span class='ocr_line' id='line_1_115' title="bbox 2153 5686 3728 5759; baseline 0 -17"><span class='ocrx_word' id='word_1_920' title='bbox 2153 5687 2342 5752; x_wconf 89' lang='lat' dir='ltr'><strong>David,</strong></span> <span class='ocrx_word' id='word_1_921' title='bbox 2379 5708 2397 5739; x_wconf 73' lang='grc' dir='ltr'><strong><em>ι</em></strong></span> <span class='ocrx_word' id='word_1_922' title='bbox 2436 5698 2540 5744; x_wconf 87' lang='lat' dir='ltr'><strong>etc.</strong></span> <span class='ocrx_word' id='word_1_923' title='bbox 2569 5688 2670 5755; x_wconf 88' lang='lat' dir='ltr'><strong>Qui</strong></span> <span class='ocrx_word' id='word_1_924' title='bbox 2700 5703 2829 5759; x_wconf 88' lang='lat' dir='ltr'><strong>ergo</strong></span> <span class='ocrx_word' id='word_1_925' title='bbox 2856 5689 3174 5744; x_wconf 86' lang='lat' dir='ltr'><strong>vestimenta</strong></span> <span class='ocrx_word' id='word_1_926' title='bbox 3197 5700 3295 5741; x_wconf 91' lang='lat' dir='ltr'><strong>sua</strong></span> <span class='ocrx_word' id='word_1_927' title='bbox 3327 5701 3487 5755; x_wconf 89' lang='lat' dir='ltr'><strong>super</strong></span> <span class='ocrx_word' id='word_1_928' title='bbox 3522 5686 3728 5742; x_wconf 87' lang='lat' dir='ltr'><strong>asinam</strong></span> 
     </span>
    </p>
   </div>
   <div class='ocr_carea' id='block_1_116' title="bbox 2153 5777 3731 5855">
    <p class='ocr_par' dir='ltr' id='par_1_116' title="bbox 2153 5777 3731 5855">
     <span class='ocr_line' id='line_1_116' title="bbox 2153 5777 3731 5855; baseline -0.001 -20"><span class='ocrx_word' id='word_1_929' title='bbox 2153 5778 2552 5850; x_wconf 86' lang='lat' dir='ltr'><strong>imposuerunt,</strong></span> <span class='ocrx_word' id='word_1_930' title='bbox 2589 5780 2813 5849; x_wconf 89' lang='lat' dir='ltr'><strong>apostoli</strong></span> <span class='ocrx_word' id='word_1_931' title='bbox 2872 5779 3122 5847; x_wconf 86' lang='lat' dir='ltr'><strong>fuerunt,</strong></span> <span class='ocrx_word' id='word_1_932' title='bbox 3170 5777 3299 5855; x_wconf 86' lang='lat' dir='ltr'><strong>quia</strong></span> <span class='ocrx_word' id='word_1_933' title='bbox 3342 5777 3585 5834; x_wconf 89' lang='lat' dir='ltr'><strong>doctrina</strong></span> <span class='ocrx_word' id='word_1_934' title='bbox 3634 5792 3731 5833; x_wconf 90' lang='lat' dir='ltr'><strong>sua</strong></span> 
     </span>
    </p>
   </div>
  </div>
