4038 6352
278 410 342 466 ιτ
1503 391 1807 453 HOMILl/E
1848 389 1936 447 DE
1976 389 2328 446 TEMPORE.
3462 389 3526 447 ιε

275 528 479 578 mentes
504 516 780 572 hominum
809 519 867 566 ut
887 507 1254 567 habitaculum
1281 508 1377 564 Dei
1404 516 1607 573 essent,
1637 519 1843 575 praepa-
1869 506 1916 566 Α
1946 502 2218 573 prmdictre
2262 501 2586 557 recoluntur.
2637 502 2812 559 Minus
2852 502 2995 559 enim
3032 497 3211 573 jacula
3242 503 3404 557 ferire
3433 518 3524 559 so.

278 617 547 667 raverunt.
577 606 678 673 Qui
721 611 902 658 autem
946 601 1265 657 vestimenta
1292 615 1388 655 sua
1434 600 1485 653 in
1522 599 1607 653 via
1644 603 1848 653 strave-

276 710 427 765 runt,
473 698 647 754 sancti
701 704 967 767 martyres
1006 702 1149 760 sunt,
1199 692 1290 763 qui
1320 691 1448 746 dum
1481 704 1706 760 corpora
1752 702 1849 741 sua

276 804 490 868 propter
520 794 689 847 Deum
717 790 782 845 ad
811 787 1071 859 supplicia
1103 785 1472 853 tradiderunt,
1506 782 1658 853 quasi
1687 779 1850 835 vcsti-

274 894 451 941 menta
495 899 592 937 sua
621 888 953 944 straverunt,
982 878 1086 933 iter
1112 875 1529 945 simplicioribus
1556 871 1847 928 ostenden-

275 986 373 1043 tes,
394 990 493 1045 per
513 973 654 1044 quod
688 971 754 1026 ad
784 970 977 1026 cmlum
1008 966 1288 1037 pervenire
1315 973 1555 1035 possent.
1589 962 1690 1029 Qui
1721 974 1850 1015 vero

274 1080 449 1121 ramos
493 1066 560 1119 de
604 1061 889 1117 arboribus
929 1056 1325 1129 pmidebant,
1371 1064 1427 1111 et
1455 1054 1765 1110 sternebant
1795 1050 1851 1105 in

272 1155 376 1221 via,
402 1154 577 1210 sancti
610 1151 950 1207 confessores
978 1156 1124 1214 sunt,
1154 1149 1248 1217 qui
1272 1147 1397 1202 dum
1428 1145 1724 1201 sententias
1750 1142 1850 1196 Pa-

274 1255 409 1302 trum
456 1243 875 1316 praacedentium
921 1238 1245 1309 multiplices
1297 1246 1350 1294 et
1404 1235 1738 1292 necessarias
1782 1233 1851 1288 ad

270 1347 510 1393 nostram
541 1335 842 1391 doctrinam
871 1330 1175 1403 proferunt,
1199 1330 1351 1400 quasi
1392 1329 1458 1384 dc
1483 1324 1850 1397 spiritualibus

269 1428 553 1482 arboribus
586 1440 767 1481 ramos
787 1424 1088 1487 caedentes,
1115 1420 1351 1475 cmlestis
1380 1419 1569 1489 patriae
1612 1417 1716 1471 iter
1754 1415 1849 1469 de-

268 1526 476 1571 corant.
530 1516 723 1571 Turbae
779 1522 958 1567 autem
1014 1511 1379 1581 praecedentes
1426 1518 1480 1563 et
1526 1515 1846 1577 sequentes,

269 1609 548 1677 utriusque
577 1603 908 1659 Testamenti
957 1600 1332 1671 signiﬁcabant
1379 1597 1595 1663 ﬁdeles,
1638 1596 1848 1652 Veteris

268 1698 474 1753 scilicet
517 1711 580 1751 ac
611 1694 764 1749 Novi.
800 1692 918 1749 Una
947 1692 1091 1747 enim
1133 1705 1265 1745 voce
1293 1689 1564 1752 clamant,
1592 1687 1717 1755 quia
1741 1701 1847 1740 una

266 1798 344 1845 est
373 1788 509 1843 ﬁdes
537 1786 956 1856 praecedentium
978 1783 1267 1837 adventum
1294 1780 1523 1843 Domini,
1549 1787 1603 1834 et
1624 1794 1847 1849 sequen-

1952 594 2082 659 lent,
2103 609 2220 663 qua:
2239 580 2520 663 praevideri
2542 582 2784 663 possunt.
2808 596 2877 651 Et
2900 595 3056 651 electi
3079 597 3169 665 qui
3195 597 3339 651 circa
3364 596 3524 653 ﬁnem

1951 688 2127 743 sreculi
2153 687 2315 743 futuri
2339 698 2463 743 sunt
2488 689 2539 742 in
2568 704 2749 755 carne,
2779 692 3150 747 tribulationes
3170 700 3224 748 et
3243 706 3527 762 pressuras

1950 778 2133 831 mundi
2177 787 2324 833 tanto
2355 779 2520 833 levius
2551 764 2870 846 tolerabunt,
2898 793 3100 852 quanto
3126 770 3223 839 eas
3262 784 3413 854 prius
3458 783 3529 838 ab

1950 869 2066 938 ipso
2096 869 2450 940 Redemptore
2475 873 2759 940 praedictas
2792 876 3155 930 meminerint.
3186 876 3323 931 Nam
3350 877 3523 931 inter-

1949 969 2167 1030 rogatus
2197 961 2456 1017 Dominus
2484 978 2515 1015 a
2547 963 2820 1033 discipulis
2849 964 2914 1018 de
2952 966 3181 1022 adventu
3214 982 3341 1032 suo,
3370 974 3423 1021 et
3458 964 3526 1021 de

1949 1053 2409 1110 consummatione
2436 1053 2641 1120 saeculi,
2670 1062 2729 1108 ut
2762 1071 2923 1125 supra
2955 1039 3285 1127 evangelista
3315 1056 3522 1123 retulit,

1949 1144 2224 1212 respondit
2251 1159 2266 1198 :
2720 1157 2744 1173 ὀ

2024 1252 2043 1284 ι
2075 1232 2323 1289 Audituri
2352 1235 2496 1289 enim
2526 1236 2656 1291 estis
2683 1236 2865 1305 praelia
2892 1243 2946 1292 et
2977 1236 3270 1292 seditiones
3305 1237 3520 1307 praelio-

1953 1343 1973 1376 ‹
2008 1340 2164 1391 rum,
2212 1326 2377 1382 nolite
2426 1328 2637 1382 terreri.
2680 1328 2904 1398 Oportet
2943 1329 3177 1399 primum
3222 1329 3336 1383 haec
3381 1330 3520 1394 ﬁeri,

1953 1435 1972 1467 ι
2010 1418 2101 1472 sed
2130 1418 2365 1472 nondum
2393 1419 2574 1473 statim
2598 1418 2738 1473 ﬁnis.
2758 1402 2909 1475 Tunc
2937 1420 3149 1474 dicebat
3170 1420 3304 1474 illis:
3326 1421 3523 1491 Surget

1953 1527 1970 1559 ι
2004 1523 2134 1578 gens
2157 1518 2343 1564 contra
2375 1518 2587 1581 gentem
2606 1553 2620 1577 ,
2651 1520 2705 1567 et
2731 1528 2955 1582 regnum
2984 1515 3242 1568 adversus
3272 1529 3520 1584 regnum,

1952 1618 1971 1652 ι
2007 1610 2061 1655 et
2101 1609 2262 1655 erunt
2305 1610 2642 1658 tcrrmmotus
2687 1605 2862 1673 magni
2911 1619 3006 1673 per
3051 1604 3166 1659 loca
3196 1645 3209 1670 ,
3256 1613 3310 1659 et
3356 1604 3523 1673 pesti-

1952 1709 1969 1742 ‹
2011 1689 2187 1745 lentiae
2215 1700 2269 1745 et
2299 1691 2490 1757 fames,
2519 1702 2857 1763 terroresque
2880 1695 2944 1749 de
2969 1695 3127 1759 coelo,
3156 1704 3211 1749 et
3232 1696 3381 1765 signa
3408 1712 3523 1750 ma-

1952 1802 1970 1834 ί
2007 1800 2109 1854 gna
2129 1794 2306 1839 erunt.
2334 1806 2351 1838 ι
2373 1786 2436 1839 Et
2458 1786 2776 1855 quibusdam
2797 1788 2861 1841 de
2883 1789 3252 1858 persecutione
3273 1789 3524 1858 reprobo—

268 1880 419 1943 tium,
453 1887 591 1933 teste
636 1874 878 1946 apostolo
916 1874 1077 1928 Petro
1121 1872 1212 1942 qui
1260 1872 1335 1926 ait
1365 1889 1379 1925 :
1416 1890 1433 1921 ‹
1466 1870 1571 1925 Per
1616 1870 1843 1941 gratiam
1870 1865 1919 1925 B
1946 1891 2064 1929 rum
2092 1884 2146 1930 ct
2169 1877 2422 1945 patientia
2449 1878 2741 1933 electorum
2774 1880 3126 1948 interpositis,
3151 1879 3393 1949 adjunxit
3420 1880 3523 1936 hoc

265 1969 480 2024 Domini
506 1967 632 2022 Jesu
661 1966 932 2022 credimus
964 1963 1158 2019 salvari
1181 1961 1631 2033 quemadmodum
1657 1969 1713 2015 et
1746 1960 1842 2016 illi.

264 2061 417 2128 Quod
443 2061 589 2116 enim
615 2059 688 2114 illi
719 2058 1083 2128 praedixerunt
1112 2054 1372 2119 futurum,
1402 2068 1500 2107 nos
1531 2052 1641 2122 jam
1673 2052 1847 2108 credi-

264 2167 383 2214 mus
421 2152 620 2207 factum
666 2149 813 2221 (Act.
856 2148 980 2218 xv).
1014 2167 1032 2198 ι
1062 2146 1214 2213 Quod
1236 2154 1414 2201 autem
1447 2145 1709 2210 clamant,
1752 2159 1848 2197 au-

262 2241 479 2296 diamus
512 2260 525 2296 :
558 2261 575 2293 ι
620 2240 871 2294 Ilosanna
918 2237 1029 2293 ﬁlio
1078 2236 1265 2290 David.
1309 2254 1327 2286 ι
1362 2233 1614 2289 Hosanna
1651 2232 1847 2303 quippe

258 2346 368 2385 vox
393 2338 479 2384 est
506 2329 890 2385 exsultantium
922 2327 1235 2397 pariterque
1264 2324 1620 2379 laudantium.
1652 2322 1844 2375 Filium

258 2438 485 2492 quoque
512 2423 676 2477 David
700 2423 1040 2491 proﬁtentur,
1068 2419 1191 2487 quia
1214 2419 1279 2472 de
1307 2418 1477 2471 David
1502 2418 1669 2485 stirpe
1689 2425 1848 2470 natus

261 2515 329 2568 ad
384 2529 488 2567 nos
534 2513 787 2567 Salvator
830 2510 1145 2575 descendit,
1195 2510 1337 2564 sicut
1384 2509 1460 2562 ait
1507 2508 1790 2578 Apostolus
1832 2526 1846 2561 :

267 2624 284 2656 ι
313 2604 418 2671 Qui
446 2602 620 2657 factus
639 2610 725 2656 est
743 2602 791 2657 ei
815 2617 881 2655 ex
904 2600 1109 2654 semine
1130 2599 1296 2653 David
1318 2598 1611 2653 secundum
1631 2612 1848 2651 carnem

264 2696 447 2767 (Rom.
492 2695 557 2765 ι).
596 2713 614 2745 ι
650 2691 960 2748 Versiculus
988 2698 1165 2746 autem
1209 2691 1308 2744 iste
1337 2704 1499 2758 quem
1529 2696 1583 2742 et
1609 2687 1760 2757 pueri
1794 2687 1846 2740 in

266 2787 489 2841 introitu
515 2783 695 2853 templi
726 2781 952 2836 Domino
980 2786 1357 2843 cantaverunt,
1398 2785 1643 2845 sumptus
1677 2785 1759 2829 est
1783 2776 1848 2830 de

268 2877 561 2933 centesimo
590 2873 818 2944 septimo
853 2871 1063 2926 decimo
1089 2869 1317 2940 psalmo,
1342 2867 1433 2938 qui
1463 2882 1596 2937 pene
1621 2873 1763 2920 totus
1792 2867 1847 2920 in

269 2981 502 3038 persona
541 2963 751 3019 Domini
792 2961 1026 3026 canitur,
1060 2968 1114 3015 et
1153 2961 1267 3014 haec
1301 2958 1368 3012 ad
1414 2958 1530 3028 ejus
1557 2957 1846 3011 adventum

268 3060 557 3131 pertinent.
591 3057 724 3112 Cum
755 3055 904 3116 enim
931 3053 1158 3114 dixisset
1183 3051 1455 3121 Propheta
1488 3068 1500 3102 :
1538 3070 1554 3095 ο
1589 3049 1844 3119 Lapidem

271 3166 430 3221 quem
476 3149 899 3219 reprobaverunt
943 3144 1298 3210 aedificantes,
1331 3143 1418 3199 hic
1456 3142 1630 3198 factus
1662 3151 1745 3197 est
1789 3142 1843 3196 in

1946 1967 2087 2034 quod
2134 1966 2187 2019 in
2218 1968 2395 2036 capite
2437 1969 2596 2038 hujus
2638 1969 2884 2024 lectionis
2927 1972 3255 2034 audivimus,
3290 1972 3519 2026 dicens:

1952 2076 1971 2109 ι
2008 2059 2175 2113 Erunt
2209 2059 2359 2129 signa
2391 2060 2441 2113 in
2472 2062 2583 2116 sole
2609 2070 2662 2115 et
2689 2062 2813 2116 luna
2846 2072 2900 2117 et
2927 2064 3116 2118 stellis.
3148 2084 3163 2115 ι
3202 2064 3304 2120 Ubi
3334 2074 3525 2119 notan-

1946 2147 2069 2201 dum
2098 2156 2181 2203 est
2210 2150 2330 2218 quia
2359 2150 2425 2204 ad
2457 2151 2711 2205 ultionem
2738 2155 3083 2221 reproborum
3110 2156 3386 2208 hominum
3410 2156 3526 2224 ipsa

1946 2237 2106 2292 etiam
2139 2239 2398 2294 elementa
2432 2242 2614 2295 mundi
2647 2243 2858 2296 turbata
2881 2243 3153 2309 dicuntur,
3177 2260 3296 2315 qua:
3328 2230 3533 2315 sigilla-'

1946 2330 2041 2382 tim
2072 2331 2331 2385 Dominus
2353 2344 2636 2388 enumerat
2663 2335 2846 2390 dicens
2870 2354 2882 2390 :
2920 2356 2936 2386 ι
2969 2335 3166 2407 Surget
3188 2352 3319 2406 gens
3339 2346 3527 2392 contra

1948 2431 2183 2489 gentem,
2229 2430 2284 2475 et
2329 2437 2554 2492 regnum
2602 2426 2862 2479 adversus
2906 2442 3150 2496 regnum.
3183 2447 3202 2478 ι
3235 2427 3374 2483 Ecce
3399 2443 3528 2482 con-

1949 2512 2181 2566 turbatio
2220 2513 2519 2569 hominum.
2567 2534 2586 2566 ‹
2623 2516 2983 2573 Terraunotus
3019 2521 3197 2590 magni
3238 2530 3397 2576 erunt
3434 2537 3533 2591 per

1948 2600 2085 2655 loca.
2132 2623 2150 2654 ι
2179 2602 2315 2657 Ecce
2339 2614 2613 2671 respectus
2641 2606 2733 2660 irae
2761 2607 3009 2676 desuper.
3034 2627 3052 2659 ς
3078 2609 3248 2663 Erunt
3271 2611 3529 2679 pestilen-

1950 2691 2052 2744 ti:e.
2081 2711 2097 2741 ι
2123 2692 2614 2762 Εορείιιίιξίιυειιίιαε
2632 2710 2940 2764 corporum.
2963 2718 2980 2749 ε
3006 2697 3323 2755 Eritfames.
3348 2722 3366 2752 ι
3389 2701 3529 2757 Ecce

1946 2781 2199 2835 sterilitas
2218 2791 2392 2838 terrae.
2414 2803 2431 2834 ι
2453 2783 2893 2856 Terroresquede
2910 2788 3064 2856 ccelo,
3088 2791 3313 2862 etsigna
3336 2807 3530 2864 magna

1946 2880 2122 2926 erunt.
2155 2893 2173 2925 ι
2205 2873 2343 2929 Ecce
2372 2875 2708 2946 inzeqnalitas
2728 2880 2886 2934 acris.
2924 2899 2942 2931 ι
2972 2881 3142 2936 Erunt
3167 2884 3315 2953 signa
3341 2885 3393 2939 in
3417 2886 3530 2941 sole

1945 2970 1999 3017 et
2034 2962 2159 3017 luna
2194 2975 2248 3019 et
2284 2965 2472 3021 stellis.
2506 2985 2524 3018 ι
2564 2966 2705 3022 Ecce
2740 2970 3029 3026 commotio
3067 2972 3325 3028 siderum.
3363 2992 3382 3025 ι
3412 2973 3531 3030 Prze

1946 3054 2262 3112 confusione
2289 3057 2498 3112 sonitus
2527 3059 2696 3114 maris
2724 3068 2779 3114 et
2818 3060 3098 3117 fluctuum.
3130 3084 3149 3116 ι
3183 3064 3322 3120 Ecce
3348 3065 3510 3120 confu

1948 3147 2029 3201 sio
2060 3145 2360 3202 ﬂuminum.
2387 3147 2598 3203 Justum
2629 3157 2710 3203 est
2735 3151 2876 3205 enim
2906 3160 2966 3205 ut
2992 3152 3249 3209 insensati
3286 3156 3532 3211 homines

274 3252 434 3313 caput
478 3242 655 3312 anguli
704 3239 874 3312 (Psal.
926 3239 1126 3311 cxvu),
1174 3258 1193 3291 ι
1229 3239 1473 3309 quaedam
1532 3237 1848 3306 interposita
1875 3223 1920 3286 C
1950 3239 2041 3307 qui
2071 3238 2121 3292 in
2161 3240 2371 3294 cunctis
2399 3250 2792 3310 peccaverunt,
2827 3242 2880 3296 in
2913 3244 3122 3299 cunctis
3151 3244 3447 3312 feriantur,
3476 3248 3531 3301 id

278 3333 515 3399 adiunxit
547 3350 561 3383 ;
599 3353 616 3381 ι
649 3330 692 3386 0
718 3331 972 3397 Domine,
1014 3330 1224 3385 salvum
1260 3344 1347 3384 me
1395 3327 1510 3393 fac,
1544 3328 1846 3392 oDomine,

280 3423 417 3476 bene
442 3435 778 3491 prOSperare,
809 3421 1120 3477 benedictus
1150 3421 1240 3490 qui
1270 3428 1528 3475 venturus
1553 3429 1635 3475 est
1670 3420 1721 3474 in
1750 3436 1850 3474 no-

278 3513 423 3566 mine
450 3512 677 3566 Domini.
709 3530 727 3563 ι
756 3510 858 3565 Pro
880 3528 986 3582 quo
1013 3512 1068 3566 in
1093 3511 1319 3567 Hebraeo
1342 3512 1571 3566 habetur
1596 3510 1850 3585 Hgsanna

273 3603 478 3657 Δάοιιαὶ
508 3602 780 3669 Hosamm,
810 3619 967 3673 quem
1002 3604 1356 3676 Symmachus
1382 3619 1531 3660 more
1557 3619 1654 3659 suo
1680 3619 1746 3673 ap
1761 3620 1844 3657 er-

274 3700 377 3753 tius
420 3698 725 3762 transtulit,
749 3697 974 3753 dicens:
1018 3717 1037 3749 4
1074 3688 1329 3763 ObSeoro,
1372 3697 1617 3764 Domine,
1641 3697 1850 3752 salvum

271 3808 355 3848 me
392 3792 494 3849 fac.
536 3814 556 3846 ι
591 3792 841 3848 llosanna
873 3808 1004 3864 ergo
1031 3792 1248 3863 proprie
1288 3790 1638 3846 Hebraeorum
1670 3806 1850 3847 sermo

272 3893 386 3950 est,
439 3895 494 3940 et
542 3886 932 3955 interpretatur
976 3884 1031 3938 in
1074 3892 1260 3939 nostra
1285 3882 1496 3954 lingua,
1528 3882 1709 3947 salva,
1737 3883 1851 3939 sive

272 3978 504 4047 miriﬁca
536 3994 556 4032 :
586 3979 673 4033 cui
703 3992 832 4049 ergo
870 3977 1038 4032 turbae
1061 3976 1207 4032 salva
1233 3976 1345 4032 sive
1372 3975 1605 4046 salvi/ica
1647 3976 1849 4031 clama-

273 4069 422 4136 bant,
448 4070 632 4138 utique
658 4068 993 4124 Salvatorem
1016 4067 1325 4123 credebant.
1351 4066 1693 4123 Benedictum
1718 4084 1852 4138 quo-

276 4174 375 4226 que
406 4167 693 4213 venturum
724 4160 776 4213 in
810 4159 1026 4215 nomine
1053 4159 1263 4215 Domini
1284 4159 1699 4230 proﬁtebantur,
1724 4160 1850 4230 quia

275 4247 437 4303 Filius
462 4264 569 4303 non
595 4248 649 4302 in
675 4263 773 4303 suo
793 4250 1027 4315 nomine,
1049 4250 1143 4305 sed
1164 4250 1218 4303 in
1240 4249 1455 4304 nomine
1476 4249 1651 4305 Patris
1670 4252 1844 4306 venit:

275 4354 370 4394 nec
402 4354 577 4404 suam,
630 4340 724 4395 sed
767 4338 943 4395 Patris
982 4340 1207 4407 gloriam
1253 4340 1531 4407 quaesivit,
1560 4340 1700 4395 sicut
1736 4342 1851 4411 ipse

275 4430 467 4487 Judacis
493 4447 598 4487 non
628 4433 973 4489 credentibus
999 4433 1133 4487 dixit
1162 4449 1177 4484 :
1212 4450 1230 4482 ι
1261 4432 1373 4503 Ego
1400 4432 1522 4486 veni
1554 4432 1607 4485 in
1632 4433 1850 4487 nomine

275 4521 449 4577 Patris
475 4524 598 4588 mei,
629 4518 683 4579 et
710 4539 818 4579 non
845 4523 1157 4593 suscepistis
1187 4539 1294 4589 me,
1322 4524 1367 4578 si
1399 4523 1535 4578 alius
1561 4524 1770 4579 venerit
1794 4525 1847 4579 in

1950 3338 2032 3383 est
2070 3329 2114 3383 si
2146 3340 2505 3398 peccaverunt
2542 3346 2640 3399 per
2680 3333 2824 3387 aeris
2856 3335 3221 3402 serenitatem,
3270 3335 3533 3395 feriantur

1947 3433 2044 3488 per
2073 3425 2470 3488 tempestatem.
2502 3419 2595 3474 Sic
2636 3423 2701 3475 de
2733 3423 2956 3492 reliquis
2990 3425 3057 3478 ab
3087 3425 3218 3492 ipsis
3246 3426 3534 3484 insensatis

1934 3508 2109 3563 rebus
2148 3508 2448 3575 feriantur,
2482 3519 2538 3564 et
2570 3511 2859 3580 impleatur
2900 3511 3030 3568 illud
3079 3515 3221 3583 quod
3271 3519 3536 3584 scriptum

1948 3609 2030 3656 est
2066 3601 2118 3655 in
2147 3599 2435 3656 Salomone
2464 3615 2479 3655 :
2516 3620 2535 3653 ς
2562 3601 2831 3672 Pugnabit
2858 3617 2956 3674 pro
2985 3619 3050 3660 eo
3081 3603 3229 3659 orbis
3264 3612 3533 3660 terrarum

1948 3702 2135 3748 contra
2182 3693 2483 3748 insensatos
2532 3692 2681 3764 (δίῳ,
2725 3701 2799 3763 v).
2837 3714 2855 3745 ›
2886 3695 3017 3762 Quae
3054 3703 3234 3751 autem
3279 3696 3431 3768 signa
3478 3697 3531 3753 in

1949 3783 2061 3841 sole
2089 3793 2143 3838 et
2180 3783 2305 3837 luna
2333 3793 2386 3839 et
2423 3783 2592 3839 stellis
2619 3782 2799 3839 futura
2838 3795 2981 3848 sunt,
3011 3786 3148 3842 alius
3177 3787 3530 3861 evangelista,

1948 3874 2234 3929 Matthzeus
2256 3875 2480 3940 scilicet,
2506 3874 2850 3931 manifestius
2875 3876 3141 3945 declarat,
3167 3879 3352 3935 dicens
3376 3894 3390 3934 :
3422 3898 3441 3931 ε
3474 3879 3533 3935 1η

1949 3968 2135 4023 diebus
2166 3967 2272 4022 illis
2299 3968 2377 4023 sol
2407 3969 2803 4036 obscurabitur,
2831 3980 2886 4026 et
2909 3972 3033 4026 luna
3056 3988 3163 4027 non
3181 3973 3328 4029 dabit
3352 3973 3535 4031 lumen

1949 4073 2127 4123 suum,
2159 4067 2213 4112 et
2236 4058 2404 4113 stellm
2425 4060 2622 4113 cadent
2653 4061 2717 4115 de
2745 4061 2900 4117 caelo.
2935 4082 2953 4113 ι
2988 4063 3087 4120 Ubi
3107 4065 3421 4136 spiritaliter
3449 4083 3536 4121 so-

1934 4150 2016 4205 lis
2050 4150 2266 4203 nomine
2307 4149 2565 4206 Dominus
2603 4146 2760 4207 Jesus
2802 4151 3049 4210 Christus
3083 4156 3413 4228 intelligitur.
3457 4158 3536 4212 De

1950 4258 2057 4312 quo
2084 4242 2344 4311 scriptum
2383 4250 2466 4296 est
2490 4261 2502 4295 :
2530 4241 2695 4298 Vobis
2724 4252 2903 4299 autem
2947 4247 3038 4315 qui
3085 4246 3286 4303 timetis
3325 4248 3531 4317 Deum,

1949 4335 2155 4392 orietur
2182 4335 2259 4389 sol
2281 4335 2519 4404 justitire.
2543 4334 2610 4388 Et
2635 4336 2829 4390 iterum
2856 4354 2869 4391 :
2901 4355 2920 4388 ί
2941 4336 3103 4393 Ortus
3123 4348 3205 4392 est
3231 4338 3311 4393 sol
3331 4344 3386 4395 et
3405 4354 3532 4394 con-

1951 4427 2154 4498 gregati
2193 4435 2317 4480 sunt
2362 4423 2532 4496 (Paul.
2575 4425 2712 4498 cm).
2755 4447 2773 4478 ι
2817 4429 2982 4484 Luna:
3010 4438 3187 4485 autem
3228 4431 3448 4485 nomine
3475 4431 3530 4483 in

1952 4517 2056 4573 hoc
2084 4518 2204 4574 loco
2248 4518 2486 4573 Ecclesia
2516 4519 2861 4589 designatur,
2890 4522 3029 4577 sicut
3057 4521 3316 4590 scriptum
3347 4528 3432 4575 est
3474 4522 3530 4575 in

274 4614 489 4670 nomine
512 4584 633 4681 suo,
663 4615 812 4672 illum
834 4584 1142 4686 suscipietis
1168 4584 1346 4687 (Jonn.
1371 4615 1449 4686 v).
1482 4635 1500 4668 ι
1532 4615 1596 4670 Et
1616 4616 1846 4671 iterum:
1874 4584 1929 4644 D
1955 4611 2242 4666 Habacuc:
2282 4630 2299 4662 ι
2348 4611 2601 4666 Elevatus
2636 4584 2729 4668 est
2768 4584 2854 4668 sol
2890 4614 2946 4667 in
2992 4623 3111 4667 ortu
3142 4584 3260 4678 suo,
3296 4620 3352 4668 et
3398 4612 3523 4669 luna

281 4719 300 4753 ι
329 4702 438 4775 Ego
469 4720 498 4759 a
527 4705 734 4775 meipso
767 4721 875 4763 non
904 4706 1050 4773 veni,
1087 4707 1183 4762 sed
1212 4707 1372 4762 Pater
1400 4722 1554 4763 meus
1585 4708 1734 4763 misit
1762 4723 1848 4765 me

275 4796 452 4868 (Joan.
477 4800 618 4871 vm).
658 4820 678 4852 ι
730 4792 731 4795 ‘

870 4932 1152 4992 HOMILIA
1188 4934 1251 4991 Il.

616 5059 872 5101 DOIINICA
908 5028 1162 5102 SEfﬂINDAI
1186 5061 1485 5102 ADVENTUS.

339 5152 490 5224 (Luc.
519 5156 657 5229 xxx.)
687 5177 704 5209 c
734 5158 792 5213 ln
814 5158 903 5215 illo
930 5168 1193 5230 tempore,
1226 5161 1363 5216 dixit
1384 5158 1543 5216 Jesus
1571 5160 1847 5231 discipulis

273 5263 291 5296 ε
325 5249 439 5301 suis
467 5264 482 5300 :
514 5248 687 5303 Erunt
730 5249 884 5321 signa
911 5251 966 5305 in
998 5251 1110 5307 sole
1151 5262 1207 5308 et
1245 5250 1369 5306 luna
1397 5259 1452 5307 et
1480 5250 1670 5317 stellis,
1700 5259 1756 5307 et
1790 5251 1845 5306 in

272 5357 289 5389 ι
327 5340 488 5395 terris
515 5355 773 5411 pressura
817 5343 1085 5413 gentium,
1134 5359 1245 5414 prae
1292 5344 1607 5399 confusione
1634 5343 1845 5399 sonitus

271 5445 291 5480 ι
325 5432 493 5486 maris
514 5442 567 5487 et
586 5431 870 5497 ﬂuctuum,
901 5453 919 5484 ι
951 5441 1006 5488 et
1025 5434 1572 5510 reliqua.Pr2evidens
1593 5434 1677 5488 vel
1709 5448 1840 5488 con-

266 5519 599 5577 descendens
615 5533 671 5578 et
690 5523 978 5601 consulens
992 5523 1250 5579 Dominus
1281 5526 1526 5579 humana:
1541 5524 1837 5596 fragilitati,

264 5610 639 5669 tribulationes
669 5623 725 5669 et
766 5629 1085 5684 pressuras,
1133 5630 1253 5685 qua:
1293 5616 1437 5670 circa
1468 5616 1626 5670 ﬁnem
1660 5615 1839 5671 smculi

261 5713 500 5759 venturae
527 5715 675 5771 sunt,
701 5705 858 5776 longe
884 5715 1007 5763 ante
1034 5707 1213 5761 dicere
1245 5706 1430 5771 voluit,
1459 5716 1519 5760 ut
1542 5716 1687 5762 tamtu
1711 5708 1840 5762 faci-

258 5791 363 5851 lius
390 5796 686 5854 tolerentur
710 5814 831 5855 cum
858 5800 1125 5866 venerint,
1161 5806 1362 5870 quanto
1393 5799 1459 5854 ab
1484 5800 1600 5871 ipso
1627 5802 1837 5873 longius

1955 4703 2103 4759 stetit
2133 4703 2185 4757 in
2212 4703 2400 4759 ordine
2442 4719 2539 4758 suo
2578 4702 2804 4775 (Habuc.
2836 4702 2939 4774 ιιι).
2983 4722 3001 4753 ι
3036 4702 3093 4757 ιιι
3125 4704 3312 4760 diebus
3352 4716 3531 4762 autem

1953 4792 2079 4857 illis,
2108 4792 2161 4847 id
2190 4800 2272 4848 est
2299 4793 2355 4847 in
2386 4792 2477 4847 illa
2500 4792 2686 4845 ultima
2715 4791 3077 4857 tribulatione,
3111 4811 3129 4844 ε
3168 4792 3248 4848 sol
3273 4795 3532 4851 obscura-

1953 4883 2130 4947 bitur,
2175 4903 2193 4934 ι
2228 4882 2353 4951 quia
2390 4880 2652 4935 Dominus
2692 4879 2849 4936 Jesus
2885 4882 3132 4939 Christus
3169 4885 3384 4942 virtutis
3418 4903 3530 4942 sua:

1954 4972 2251 5044 potentiam
2273 4987 2379 5027 non
2400 4971 2782 5028 manifestabit.
2820 4993 2838 5025 ι
2867 4973 3016 5029 Luna
3039 4960 3220 5030 autem
3244 4992 3350 5031 non
3381 4977 3529 5033 dabit

1938 5068 2132 5127 lumen
2178 5086 2354 5136 suum,
2397 5090 2415 5121 ι
2454 5071 2591 5139 quia
2623 5070 2859 5126 Ecclesia
2888 5073 3270 5128 miraculorum
3321 5073 3532 5145 fulgore

1950 5176 2057 5216 non
2092 5160 2469 5229 resplendebit.
2504 5157 2653 5214 Unde
2690 5176 2786 5230 per
2812 5159 3072 5216 Joannem
3107 5162 3160 5216 in
3207 5162 3527 5234 Apocalypsi

1949 5252 2181 5308 dicitur:
2216 5270 2232 5302 ι
2261 5250 2329 5305 Ει
2357 5249 2531 5305 factus
2564 5259 2647 5306 est
2673 5252 2752 5306 sol
2788 5251 2937 5322 niger
2964 5252 3103 5309 sicut
3139 5268 3330 5308 saccus
3354 5253 3525 5308 cilici-

1946 5361 2066 5409 nus,
2100 5354 2154 5400 et
2178 5344 2301 5398 luna
2326 5351 2436 5398 tota
2466 5341 2607 5399 facta
2639 5353 2721 5400 est
2750 5345 2889 5400 sicut
2928 5346 3148 5417 sanguis
3181 5345 3362 5419 (Apoc.
3398 5346 3459 5417 ι).
3499 5366 3517 5397 ι

1930 5436 2016 5492 ‘Et
2058 5436 2385 5506 Apostolus:
2425 5453 2443 5486 ι
2486 5435 2707 5507 Oportet
2751 5438 2982 5492 haereses
3025 5452 3166 5504 esse,
3214 5444 3273 5491 ut
3313 5435 3526 5507 probati

1936 5528 2219 5583 manifesti
2268 5527 2400 5582 ﬁant
2439 5526 2490 5599 (Ι
2512 5527 2632 5582 Cor.
2666 5528 2763 5600 XI).
2792 5529 3091 5596 iQuoniam
3132 5544 3251 5584 cum
3266 5525 3525 5581 Dominus

1947 5620 2240 5690 potentiam
2267 5621 2481 5674 virtutis
2506 5636 2610 5674 non
2637 5623 2901 5687 ostendet,
2933 5620 3169 5676 Ecclesia
3197 5634 3296 5688 pro
3324 5617 3525 5672 verita-

1948 5713 2015 5765 tis
2048 5711 2352 5765 testimonio
2396 5711 2638 5781 martyrii
2679 5727 2871 5767 cruore
2899 5711 3191 5781 sanguinea
3224 5707 3349 5774 erit,
3383 5709 3525 5765 sicut

1948 5818 2043 5872 per
2068 5800 2269 5857 Joclem
2302 5803 2620 5872 prophetam
2648 5802 2882 5859 dicitur:
2913 5822 2930 5853 ί
2965 5799 3054 5855 Sol
3093 5807 3442 5856 convertetur
3466 5799 3526 5859 in
