4038 6352
536 356 605 413 ιθ
1150 340 1497 409 HAvMONIs
1535 350 2005 407 HALBERSTAT.
2046 351 2084 404 E

2185 349 2255 405 lC.
2298 350 2447 405 OPP.
2486 349 2662 405 PAllS
2700 351 2761 405 li.
2797 382 2868 392 —
2898 351 3130 410 HOMIL.
3492 388 3497 391 η
3710 359 3780 417 20

529 472 816 539 tenebras,
863 480 917 528 et
953 472 1078 526 luna
1108 471 1166 526 in
1205 469 1552 540 sanguinem,
1596 476 1881 538 antequam
1920 465 2100 520 veniat
2124 470 2175 531 Α
2203 471 2503 516 moventur.
2538 462 2675 518 Hinc
2704 480 2803 535 per
2828 464 3091 521 Joannem
3116 466 3171 519 in
3194 465 3515 537 Apocalypsi
3541 467 3781 526 dicitur:

524 562 649 620 dies
678 562 888 621 Domini
924 573 1149 631 magnus
1183 567 1238 617 et
1266 557 1586 613 manifestus
1614 556 1770 627 (loci.
1799 556 1881 626 ιι).
1914 576 1933 606 ι
1962 553 2099 609 Stel-

527 651 705 711 larum
746 661 930 709 autem
975 650 1193 705 nomine
1229 649 1284 704 in
1329 650 1434 707 hoc
1476 648 1594 704 loco
1630 647 1924 720 hypocrita:
1954 645 2098 701 desi-

528 751 782 813 gnantur,
808 742 899 812 qui
926 742 1054 797 dum
1075 738 1465 811 professionem
1492 738 1615 794 ﬁdei
1653 739 1883 803 habent,
1914 737 1970 791 in
1994 735 2097 790 Ec-

526 832 695 889 clesia
732 832 889 903 quasi
915 830 1086 887 stellae
1112 838 1168 888 et
1204 838 1353 887 astra
1382 828 1606 901 fulgent.
1640 829 1747 885 Sed
1775 828 1964 883 ultima
2000 827 2099 883 tri-

527 921 802 979 bulatione
841 920 1186 987 imminente,
1231 919 1400 975 stellae
1427 921 1623 974 cadent
1667 920 1731 975 de
1769 917 1937 984 coelo,
1971 918 2099 989 quia

526 1009 745 1082 plurimi
770 1017 896 1067 tunc
915 1012 983 1065 ab
1008 1010 1250 1067 Ecclesia
1279 1010 1531 1066 recedent
1559 1010 1626 1065 de
1652 1024 1902 1080 corpore,
1928 1024 1962 1063 a
1991 1024 2101 1081 qua

525 1103 677 1171 prius
702 1112 1039 1159 recesserant
1087 1111 1285 1159 mente.
1332 1102 1613 1157 Permittet
1647 1102 1790 1156 enim
1842 1101 2099 1157 Dominus

516 1189 912 1249 Antichristum
937 1193 1124 1248 saevire
1154 1193 1207 1247 in
1230 1193 1429 1248 sanctis
1446 1233 1461 1259 ,
1487 1200 1542 1247 et
1568 1207 1718 1248 suam
1759 1191 2014 1247 saevitiam
2043 1191 2097 1245 in

523 1276 604 1339 eis
642 1287 879 1355 grassari
916 1285 1286 1354 pertinaciter,
1315 1294 1374 1340 ut
1400 1286 1654 1357 patientia
1696 1301 1881 1341 eorum
1907 1287 2099 1357 probe-

486 1382 490 1397 '
523 1382 631 1428 tur.
672 1375 743 1430 Ut
767 1377 1055 1447 Apostolus
1088 1378 1218 1432 dicit
1249 1376 1336 1449 (II
1375 1377 1524 1433 Thes.
1564 1378 1627 1449 ιι)
1664 1396 1677 1432 :
1714 1397 1733 1430 ι
1772 1378 1873 1446 Qui
1905 1379 2098 1433 adver-

520 1473 671 1520 satur
694 1474 748 1521 et
776 1466 1049 1522 extollitur
1068 1482 1227 1538 supra
1253 1482 1411 1522 omne
1430 1468 1572 1536 quod
1595 1467 1791 1523 dicitur
1819 1467 1980 1533 Deus,
2003 1474 2098 1522 aut

518 1554 661 1625 quod
709 1556 921 1611 colitur.
971 1577 989 1609 ι
1036 1557 1187 1613 Unde
1230 1559 1282 1612 in
1328 1558 1647 1630 Apocalypsi
1695 1558 1890 1614 dicitur
1923 1573 1937 1611 :
1976 1578 1995 1611 ‹
2028 1559 2097 1615 Ει

516 1647 666 1702 misit
698 1647 858 1704 draco
894 1649 1120 1704 caudam
1150 1665 1334 1715 suam,
1363 1658 1419 1704 et
1452 1649 1613 1703 traxit
1638 1650 1850 1705 tertiam
1882 1657 2095 1721 partem

520 1739 793 1796 stellarum
831 1740 953 1797 celi
979 1741 1162 1813 (Apoc.
1195 1741 1315 1813 xu).
1354 1762 1372 1795 ι
1414 1741 1550 1797 Hinc
1582 1742 1802 1807 Daniel,
1835 1758 1957 1798 cum
1985 1742 2093 1798 An-

2206 571 2225 603 ι
2258 553 2321 608 Et
2346 570 2494 609 mare
2512 552 2623 622 jam
2654 572 2762 612 non
2792 562 2895 611 est.
2927 576 2946 609 ι

2274 663 2291 693 ι
2324 643 2706 700 Arescontibus
2732 646 3056 702 hominibus.
3083 665 3101 696 ι
3130 644 3575 715 Spiritualiterlin
3594 648 3785 708 ultima

2201 733 2545 790 tribulatione
2586 736 2829 792 homines
2867 752 3146 803 arescere,
3184 746 3267 792 est
3304 739 3564 808 reprobus
3604 756 3635 794 a
3665 742 3785 811 pin-

2192 824 2424 895 guedine
2450 824 2572 880 ﬁdei
2600 836 2653 882 et
2681 826 2961 883 charitatis
2992 828 3241 883 deﬁcere.
3270 827 3416 882 Multi
3448 829 3592 883 enim
3616 831 3668 885 in
3692 832 3783 888 illa

2198 913 2543 968 tribulatione
2572 929 2602 969 a
2634 915 2735 970 ﬁde
2781 926 3046 982 arescent,
3091 917 3182 986 qui
3227 918 3606 985 prosperitatis
3642 928 3781 975 tem-

2196 1020 2325 1077 pore
2380 1005 2561 1062 ﬁdeles
2608 1009 2957 1078 putabantur,
2992 1009 3130 1064 sicut
3180 1010 3440 1067 Dominus
3470 1013 3535 1068 de
3560 1012 3782 1080 iactatis

2197 1097 2491 1152 seminibus
2521 1113 2679 1168 supra
2723 1108 2930 1168 petram
2959 1098 3072 1153 ait:
3103 1115 3123 1149 ι
3157 1098 3292 1166 Quia
3334 1110 3455 1157 orto
3484 1102 3596 1158 sole
3619 1119 3780 1157 arue-

2198 1198 2344 1243 runt.
2393 1208 2411 1240 ι
2440 1188 2589 1244 Hanc
2639 1192 2942 1246 ariditatem
2992 1190 3152 1246 fatum
3199 1192 3434 1263 virgines
3483 1196 3777 1264 patientur,

2197 1275 2412 1346 quando
2458 1277 2813 1347 prudentibus
2856 1278 3074 1332 dicent:
3114 1297 3133 1329 ι
3167 1279 3300 1335 Date
3349 1283 3502 1337 nobis
3551 1285 3615 1338 de
3660 1284 3779 1340 oleo

2195 1375 2377 1422 vestro
2397 1406 2413 1432 ,
2442 1368 2564 1436 quia
2594 1367 2868 1438 lampades
2891 1376 3089 1423 nostra:
3115 1372 3527 1440 exstinguuntur
3558 1374 3773 1444 (Matth.

2194 1461 2347 1531 xxv).
2377 1479 2395 1512 ι
2422 1459 2590 1516 Recte
2624 1471 2801 1515 autem
2825 1460 3021 1516 dicitur
3048 1479 3061 1514 :
3102 1483 3118 1511 ι
3142 1462 3259 1516 Prae
3290 1464 3481 1519 timore
3508 1472 3563 1519 et
3586 1482 3778 1537 exspe-

2202 1570 2220 1604 ι
2243 1553 2495 1617 ctatione,
2514 1569 2634 1622 qua:
2654 1555 3030 1623 supervenient
3052 1556 3302 1611 universo
3322 1559 3459 1611 orbi.
3486 1579 3502 1610 ι
3524 1560 3614 1613 illa
3629 1562 3773 1616 enim

2196 1644 2469 1699 tribulatio
2498 1655 2769 1716 utcunque
2806 1647 3098 1702 tolerabilis
3127 1658 3241 1713 est,
3272 1658 3394 1718 post
3425 1650 3579 1721 cujus
3612 1652 3773 1708 ﬁnem

2196 1733 2447 1801 gaudium
2480 1743 2764 1803 speratur:
2792 1735 2879 1790 illa
2919 1737 3079 1800 dura,
3112 1752 3300 1806 aspera
3331 1738 3773 1806 etintolerabilis,

520 1827 749 1884 tichristi
778 1840 1016 1901 tempora
1043 1832 1377 1900 ριιαιάίοει-θι,
1409 1833 1484 1887 ait
1509 1832 1648 1887 inter
1677 1840 1868 1888 cetera
1897 1851 1908 1885 ε
1941 1850 1959 1883 ‹
1991 1831 2094 1888 Ro.
2118 1823 2166 1893 Β
2194 1839 2314 1894 qua:
2360 1841 2480 1879 cum
2528 1827 2939 1896 praesentialiter
2966 1829 3201 1891 cruciat,
3244 1830 3298 1885 in
3345 1829 3527 1888 futuro
3565 1833 3773 1902 majora

513 1919 617 1973 bur
643 1920 825 1974 datum
851 1930 933 1976 est
958 1922 1006 1975 ei
1029 1931 1215 1976 contra
1230 1923 1356 1993 juge
1377 1923 1696 1977 sacriﬁcium
1722 1938 1821 1992 pro
1846 1930 2089 1994 peccato,

513 2017 567 2064 et
601 2018 969 2079 prosternetur
1006 2013 1210 2067 veritas
1243 2012 1299 2066 in
1327 2022 1493 2080 terra,
1520 2021 1574 2067 et
1613 2014 1775 2068 faciet
1794 2021 1851 2068 et
1878 2026 2092 2083 prospe-

516 2100 723 2155 rabitur
754 2101 915 2173 (Dan.
944 2103 1084 2173 vm).
1121 2123 1139 2155 ›
1171 2103 1235 2158 Et
1286 2104 1479 2159 iterum
1507 2121 1520 2157 :
1553 2123 1573 2156 ‹
1604 2104 1668 2158 Et
1697 2120 1866 2174 usque
1908 2103 1975 2158 ad
2008 2103 2088 2158 al-

492 2188 792 2257 _titudinem
820 2191 941 2246 coeli
967 2192 1203 2249 elevatus
1238 2203 1353 2258 est,
1390 2205 1445 2249 et
1470 2193 1663 2262 dejecit
1697 2196 1749 2249 in
1780 2194 2091 2253 fortitudine

511 2282 648 2336 etde
671 2282 859 2347 stellis,
887 2285 1416 2342 etcouculcaviteas.
1444 2306 1563 2338 ι-ι
1593 2287 1659 2341 Et
1686 2287 1740 2341 in
1766 2288 1928 2341 terris
1943 2303 2090 2357 pres—

516 2389 535 2422 ι
565 2386 687 2426 sura
717 2373 974 2441 gentium.
1007 2394 1025 2426 ι
1053 2375 1169 2430 Νοιι
1192 2375 1456 2431 sulIlcient
1488 2378 1553 2431 ad
1580 2377 1871 2432 vindictam
1904 2394 2090 2449 repro-

510 2463 701 2519 borum
733 2464 1009 2518 hominum
1050 2464 1199 2534 signa
1235 2466 1300 2521 de
1327 2466 1495 2529 coelo,
1529 2466 1621 2521 sed
1652 2467 1814 2521 etiam
1843 2467 1897 2521 in
1929 2468 2087 2524 terris

510 2569 778 2625 pressurae
839 2557 1075 2625 gentium
1131 2566 1307 2611 erunt.
1362 2557 1614 2626 Ejusdem
1675 2567 1829 2614 terra:
1899 2561 2088 2616 incolis

511 2645 741 2699 invicem
769 2661 827 2701 se
854 2648 1219 2716 prementibus
1239 2689 1252 2713 ,
1282 2657 1335 2705 et
1362 2650 1622 2704 invidiosa
1662 2652 2004 2705 contentione
2032 2652 2087 2707 in

511 2748 569 2789 se
606 2738 1074 2805 consurgentibus,
1108 2741 1247 2795 sicut
1284 2738 1542 2795 Dominus
1581 2742 1694 2795 ait:
1736 2760 1754 2792 ‹
1785 2742 2088 2815 Consurget

507 2836 664 2897 pater
697 2828 749 2884 in
778 2829 966 2894 ﬁlium,
989 2840 1043 2884 et
1065 2830 1204 2886 illius
1225 2832 1277 2885 in
1303 2841 1529 2901 patrem,
1560 2843 1615 2887 et
1642 2833 1749 2887 ﬁlia
1775 2835 1826 2888 in
1856 2844 2086 2890 matrem

512 2933 663 2974 suam
686 2960 700 2985 ,
730 2930 783 2974 et
823 2936 989 2975 nurus
1020 2922 1278 2978 adversus
1319 2936 1534 2977 socrum
1580 2940 1757 2986 suam,
1792 2932 1846 2978 et
1880 2924 2085 2978 inimici

510 3014 745 3069 hominis
770 3014 1046 3069 domestici
1075 3014 1192 3084 ejus
1219 3013 1368 3086 (Luc.
1406 3014 1523 3084 xu).
1554 3033 1572 3064 ι
1604 3014 1752 3071 Unde
1781 3015 1945 3071 lsaias
1969 3016 2044 3070 ait
2068 3035 2080 3070 :

508 3099 534 3154 ἀ
567 3103 737 3159 lrruet
789 3105 868 3157 vir
914 3106 967 3158 in
1015 3106 1210 3169 virum,
1263 3106 1628 3175 unusquisque
1676 3106 1728 3159 in
1780 3102 2082 3175 proximum

412 3212 413 3215 ‘
512 3211 687 3251 suum.
723 3194 1156 3261 Tumultuabitur
1198 3212 1331 3267 puer
1367 3208 1554 3252 contra
1597 3212 1808 3262 senem,
1839 3198 2085 3269 ignobilis

510 3293 698 3341 contra
729 3287 960 3342 nobilem
1006 3286 1139 3359 (Isa.
1168 3290 1271 3357 ιιι).
1303 3308 1322 3340 ι
1353 3288 1417 3343 Ει
1446 3288 1642 3343 Paulus
1670 3307 1681 3341 :
1715 3306 1734 3339 ι
1769 3288 1823 3342 ln
1855 3290 2084 3344 novissi-

511 3378 614 3432 mis
647 3376 835 3432 diebus
875 3378 1152 3432 instabunt
1183 3388 1423 3448 tempora
1458 3379 1759 3448 periculosa
1780 3420 1794 3444 ,
1832 3390 1887 3435 et
1923 3390 2084 3434 erunt

511 3468 757 3524 homines
792 3469 998 3541 seipsos
1028 3480 1303 3535 amantes,
1330 3481 1385 3524 et
1415 3485 1445 3523 a
1472 3470 1698 3525 veritate
1734 3471 1950 3540 quidem
1982 3488 2080 3526 au-

509 3562 679 3616 ditum
714 3571 959 3617 averteut
982 3602 998 3627 ,
1029 3563 1095 3617 ad
1124 3560 1336 3617 fabulas
1369 3572 1550 3616 autem
1587 3572 1968 3617 convertentur
1994 3562 2080 3630 (II

512 3654 646 3711 Tim.
698 3655 802 3726 ιιι).
850 3674 869 3708 ι
919 3652 1071 3711 Unde
1117 3653 1396 3709 Matthaeus
1438 3655 1673 3724 ejusdem
1722 3654 2080 3710 tribulationis

508 3745 931 3817 magnitudinem
966 3746 1275 3815 expressius
1308 3745 1637 3809 describens,
1673 3747 1785 3800 ait:
1824 3764 1841 3797 ι
1887 3746 1954 3801 Ει
1977 3746 2081 3800 erit

511 3848 639 3891 tunc
674 3835 796 3891 talis
835 3836 1110 3891 tribulatio
1148 3834 1322 3907 qualis
1348 3850 1456 3891 non
1483 3835 1583 3890 fuit
1615 3837 1683 3892 ab
1720 3836 1872 3891 initio
1907 3850 2079 3906 usque

504 3944 679 3993 nunc,
715 3943 888 3998 neque
925 3929 1035 3983 ﬁet.
1065 3947 1084 3980 ι
1112 3927 1221 3984 Nec
1241 3928 1413 3984 solum
1444 3928 1637 3984 coelum
1674 3938 1727 3984 et
1771 3938 1945 3993 terra,
1983 3926 2080 3984 sed

506 4019 667 4075 etiam
695 4033 844 4074 mare
877 4028 930 4074 et
956 4017 1173 4074 ﬁumina
1204 4019 1269 4074 ad
1311 4018 1567 4075 ultionem
1597 4019 1948 4088 reproborum
1980 4018 2079 4073 ho-

506 4110 710 4167 minum
736 4119 1078 4182 consurgent.
1114 4108 1265 4167 Unde
1286 4119 1340 4166 et
1380 4109 1663 4167 subditur:
1693 4128 1713 4160 ι
1743 4109 1860 4165 Prae
1886 4107 2075 4163 confu-

505 4204 659 4258 sione
687 4203 892 4258 sonitus
932 4202 1097 4257 maris
1132 4210 1187 4258 et
1212 4201 1488 4258 fluctuum.
1521 4222 1537 4254 ι
1565 4199 1841 4266 Confusio,
1871 4201 2079 4258 sonitus

505 4295 669 4350 maris
695 4302 750 4350 et
771 4293 1031 4349 ﬂuctuum
1058 4293 1293 4349 nondum
1320 4308 1455 4348 nova
1490 4302 1677 4351 exorta
1704 4301 1806 4357 est,
1834 4293 1929 4347 sed
1948 4307 2077 4349 cum

502 4386 737 4442 maxima
793 4402 857 4442 ex
916 4393 1069 4456 parte
1113 4401 1232 4456 qua:
1277 4385 1533 4456 praedicta
1592 4392 1750 4450 sunt,
1811 4382 2078 4453 completa

503 4476 796 4543 cernimus,
826 4478 891 4531 de
918 4475 1153 4531 minimis
1177 4490 1295 4544 qua:
1324 4481 1529 4530 restant
1553 4473 1799 4528 dubitare
1826 4487 1933 4527 non
1960 4489 2079 4544 pos-

2196 1915 2572 1970 comminatur.
2607 1916 2905 1987 Utrun‘que
2918 1919 3061 1972 enim
3083 1920 3328 1989 reprobis
3354 1921 3407 1974 in
3436 1922 3521 1976 illa
3550 1922 3771 1977 tribula-

2196 2008 2339 2062 tione
2367 2010 2670 2080 continget,
2702 2010 2826 2080 quia
2848 2021 2901 2063 et
2923 2012 3335 2080 praesentialiter
3364 2014 3503 2069 mala
3536 2017 3771 2071 sustine-

2193 2100 2349 2165 bunt,
2378 2109 2433 2153 et
2458 2101 2511 2154 in
2535 2100 2714 2155 futuro
2742 2101 2945 2172 majora
2975 2104 3379 2172 exspectabunt,
3410 2107 3533 2177 quia
3562 2117 3617 2163 et
3640 2106 3772 2163 foris

2190 2202 2403 2261 poenas,
2435 2198 2488 2245 et
2516 2191 2662 2247 intus
2693 2192 2938 2247 timorem
2968 2194 3258 2262 habebunt,
3291 2211 3390 2251 nec
3426 2199 3490 2252 de
3520 2198 3769 2267 praesenti

2193 2298 2367 2352 neque
2390 2282 2456 2337 de
2487 2282 2668 2340 futuro
2688 2284 3033 2340 securitatem
3056 2287 3249 2341 anima:
3276 2288 3474 2344 habere
3492 2300 3764 2361 poterunt.

2192 2373 2260 2427 Et
2290 2374 2408 2428 ideo
2437 2384 2583 2429 recte
2611 2376 2808 2428 dicitur
2833 2394 2845 2429 :
2876 2395 2894 2427 ι
2929 2376 3045 2431 Pra:
3075 2378 3266 2433 timore
3286 2388 3340 2434 et
3362 2383 3766 2452 exspectatione

2192 2477 2311 2530 qua:
2340 2464 2721 2531 supervenient
2751 2464 3004 2521 universo
3038 2467 3177 2523 orbi.
3210 2488 3228 2521 ›

2270 2571 2287 2603 ι
2338 2551 2467 2606 Nam
2496 2553 2726 2607 virtutes
2753 2555 3011 2610 caelorum
3042 2557 3416 2624 movebuntur;
3443 2568 3497 2614 et
3530 2568 3656 2615 tunc
3685 2561 3767 2615 vi-

2198 2666 2216 2696 ι
2264 2647 2463 2700 debunt
2496 2645 2689 2700 Filium
2735 2647 2966 2703 hominis
3010 2648 3309 2703 venientem
3343 2650 3394 2705 in
3441 2651 3607 2713 nube,
3642 2668 3763 2707 cum

2197 2754 2215 2786 ι
2256 2745 2521 2804 potestate
2573 2753 2763 2807 magna
2806 2748 2859 2791 et
2899 2736 3200 2807 majestate.
3240 2760 3258 2791 ι
3304 2740 3528 2807 Quidam
3570 2740 3624 2795 in
3662 2742 3765 2797 hoc

2192 2828 2326 2892 loco,
2359 2829 2586 2883 virtutes
2612 2828 2894 2891 cwlorum,
2922 2831 3206 2900 magistros
3233 2841 3287 2887 et
3317 2843 3552 2889 rectores
3579 2835 3765 2891 Eccle-

2190 2900 2607 2988 siae'intelligcre
2654 2919 2857 2974 volunt.
2889 2920 2945 2975 Si
2971 2922 3134 2985 enim,
3178 2924 3360 2987 aiunt,
3391 2924 3625 2980 Ecclesia
3657 2925 3764 2995 spi-

2193 3013 2460 3067 ritualiter
2489 3013 2682 3066 coelum
2710 3023 2826 3078 est,
2861 3021 2919 3067 ut
2962 3021 3045 3068 est
3094 3014 3218 3068 illud
3258 3034 3270 3067 :
3318 3036 3335 3066 ι
3376 3016 3581 3069 leum
3626 3016 3759 3071 mihi

2190 3107 2345 3160 sedes
2372 3114 2453 3160 est
2493 3106 2623 3176 (Isa.
2660 3106 2841 3175 exn);
2877 3126 2893 3155 ι
2928 3116 3019 3159 et:
3052 3125 3069 3156 ι
3105 3107 3294 3159 Anima
3317 3108 3448 3173 justi
3487 3108 3642 3163 sedes
3676 3116 3760 3162 est

2112 3177 2158 3238 Ο
2190 3198 2465 3266 sapientia:
2494 3197 2641 3267 (δίη).
2677 3196 2792 3267 vn),
2826 3218 2841 3248 ι
2877 3197 3303 3275 noulincongrue
3332 3198 3555 3252 virtutes
3588 3197 3755 3252 caelo-

2190 3306 2306 3343 rum
2340 3298 2574 3343 rectores
2603 3287 2857 3343 Ecclesiae
2888 3287 3288 3358 intelliguntur,
3340 3288 3571 3357 episcOpi
3615 3286 3760 3342 scili-

2188 3392 2271 3437 cet
2316 3392 2370 3437 et
2412 3384 2737 3440 sacerdotes.
2777 3385 2845 3440 Et
2892 3386 2958 3440 de
2999 3385 3084 3440 his
3124 3384 3345 3454 intelligi
3389 3383 3573 3437 volunt
3615 3381 3757 3451 quod

2187 3476 2445 3543 scriptum
2480 3485 2599 3529 est:
2632 3477 2823 3545 Angeli
2850 3478 3019 3529 territi
3048 3476 3414 3545 purgabuntur
3442 3473 3575 3536 (lsa.
3608 3473 3751 3543 xu),

2185 3564 2495 3633 angelorum
2538 3565 2754 3618 nomine
2788 3579 2949 3634 super
2977 3564 3281 3618 sacerdotes
3312 3563 3753 3631 interpretantes,

2176 3654 2330 3725 juxta
2368 3653 2495 3708 illud
2522 3652 2796 3709 Malachia:
2823 3669 2837 3706 :
2883 3673 2901 3704 ι
2934 3652 3095 3707 Labia
3123 3652 3413 3707 sacerdotis
3445 3652 3753 3707 custodiunt

2184 3746 2484 3811 scientiam,
2518 3758 2572 3801 et
2602 3746 2770 3818 legem
2803 3748 3086 3817 requirunt
3118 3761 3182 3800 ex
3211 3761 3305 3802 ore
3334 3746 3467 3816 ejus,
3499 3747 3625 3817 quia
3655 3763 3753 3802 an-

2180 3838 2332 3910 gelus
2356 3838 2564 3894 Domini
2594 3839 2927 3894 exercituum
2950 3849 3033 3893 est
3061 3837 3315 3909 (Malach.
3348 3840 3430 3909 ιι).
3462 3859 3479 3889 ι
3507 3837 3753 3893 Comum-

2179 3930 2293 3984 veri
2329 3940 2506 3985 autem
2536 3931 2763 3986 virtutes
2794 3931 3050 3987 etnlorum
3079 3930 3360 3995 dicuntur,
3400 3930 3525 4000 quia
3568 3930 3623 3984 in
3661 3930 3751 3985 illo

2178 4019 2425 4075 districto
2463 4019 2667 4088 judicio
2708 4022 2870 4077 etiam
2908 4021 3162 4092 praesules
3202 4019 3550 4076 ecclesiarum
3592 4019 3752 4075 ratio-

2178 4123 2299 4163 nem
2321 4108 2599 4166 exsolvent
2623 4126 2727 4167 non
2749 4112 2921 4167 solum
2946 4126 3043 4181 pro
3072 4111 3182 4166 suis
3205 4110 3432 4176 actibus,
3461 4109 3556 4165 sed
3584 4108 3748 4163 etiam

2178 4216 2276 4272 pro
2305 4203 2606 4260 commissis
2651 4204 2757 4260 sibi
2790 4204 3094 4269 animabus,
3141 4203 3281 4258 sicut
3322 4201 3581 4257 Dominus
3626 4201 3742 4256 ait:

2178 4293 2390 4350 Homini
2421 4296 2506 4352 cui
2534 4296 2759 4351 multum
2790 4296 3133 4352 conunissum
3173 4304 3275 4360 est,
3306 4293 3529 4348 multum
3554 4292 3749 4363 quaeri-

2180 4391 2267 4439 tur
2295 4384 2362 4441 ab
2386 4398 2469 4441 eo.
2499 4384 2565 4440 Et
2595 4385 2675 4441 sic
2693 4385 2795 4441 alia
2828 4385 3105 4455 Scriptura
3124 4385 3255 4439 dicit
3282 4402 3294 4437 :
3329 4402 3347 4435 ι
3374 4382 3627 4438 Potentes
3656 4395 3750 4450 po—

2180 4482 2359 4531 tenter
2414 4484 2677 4533 tormenta
2707 4476 2981 4547 patientur
3022 4474 3167 4547 (Sap.
3210 4475 3310 4547 vi).
3358 4494 3375 4528 ι
3420 4473 3529 4528 Nos
3570 4481 3750 4528 autem

502 4586 705 4628 sumus.
742 4568 860 4626 lam
890 4570 1033 4627 enim
1064 4579 1248 4640 gentes
1281 4576 1466 4624 contra
1494 4575 1729 4636 gentem,
1769 4574 1827 4619 et
1851 4580 2075 4638 regnum
2101 4540 2156 4611 θ
2180 4570 2408 4624 virtutes
2440 4570 2700 4626 etelorum
2749 4569 3051 4640 specialiter
3092 4568 3145 4622 in
3187 4568 3289 4622 hoc
3314 4565 3431 4620 loco
3450 4606 3464 4630 ,
3494 4563 3746 4634 angelos,

502 4660 761 4716 adversus
792 4674 1011 4732 regnum
1039 4657 1360 4722 surrexisse,
1391 4664 1449 4710 ut
1467 4655 1699 4710 vidimus
1724 4663 1778 4710 et
1803 4655 2071 4724 audimus,

504 4764 842 4812 terrainiotus
879 4770 976 4825 per
1009 4753 1124 4809 loca
1153 4752 1315 4808 fuisse
1337 4750 1544 4823 experti
1569 4764 1753 4806 sumus
1780 4764 1794 4802 :
1818 4748 2074 4821 pestilen-

503 4848 629 4913 tias,
658 4855 713 4904 et
737 4845 928 4912 fames,
980 4854 1321 4916 terroresque
1349 4844 1415 4907 de
1444 4842 1601 4908 caelo,
1631 4849 1687 4897 et
1706 4842 1857 4913 signa
1881 4856 2073 4912 magna

502 4937 668 4995 fuisse
688 4953 795 4994 non
829 4938 1136 5009 ignoramus
1162 4952 1175 4988 :
1202 4934 1350 5005 signa
1383 4933 1436 4988 in
1462 4932 1572 4988 sole
1594 4940 1649 4986 et
1674 4930 1800 4985 luna
1830 4938 1883 4984 et
1906 4928 2075 4986 stellis

503 5048 532 5087 ι
569 5030 888 5101 quibusdam
923 5026 1233 5096 frequenter
1261 5026 1376 5080 visa
1409 5038 1530 5079 esse
1571 5021 1914 5077 referuntur:
1940 5034 2070 5075 con»

501 5122 641 5178 fusio
663 5130 841 5176 autem
867 5117 1073 5175 sonitus
1097 5114 1263 5169 maris
1290 5120 1343 5170 et
1366 5110 1643 5175 ﬂuctuum,
1679 5110 1805 5179 quia
1833 5107 2071 5163 nondum

503 5213 678 5279 venit,
723 5214 840 5268 sine
877 5211 1037 5266 dubio
1074 5216 1302 5263 ventura
1344 5206 1603 5262 creditur.
1645 5204 1887 5260 Tradunt
1926 5202 2070 5257 enim

502 5304 763 5370 nonnulli,
788 5304 930 5376 quod
952 5302 1095 5358 circa
1139 5300 1299 5354 ﬁnem
1347 5297 1526 5354 saeculi
1572 5312 1740 5362 mare,
1771 5294 1990 5351 ﬁumina
2016 5301 2074 5350 et

502 5395 680 5464 rivuli,
703 5394 856 5464 juxta
885 5393 1194 5465 qualitatem
1237 5400 1290 5444 et
1330 5390 1686 5461 quantitatem
1709 5403 1880 5453 suam,
1912 5401 2073 5443 voces

501 5498 556 5547 et
583 5488 815 5558 mugitus
838 5486 1104 5549 emittent,
1136 5483 1411 5538 interitum
1447 5495 1605 5537 suum
1638 5480 1958 5552 quibusdam
1989 5479 2071 5533 lu-

502 5578 706 5634 ctuosis
728 5575 949 5631 vocibus
983 5573 1324 5645 deplorantes
1341 5614 1356 5639 ,
1386 5581 1439 5629 et
1462 5587 1558 5643 per
1586 5573 1689 5628 hoc
1715 5586 1824 5626 non
1850 5584 2073 5642 parvum

502 5676 749 5729 timorem
786 5670 1089 5725 hominibus
1111 5670 1448 5725 audientibus
1473 5670 1753 5725 incutient.
1773 5668 1909 5735 Quia
1929 5667 2074 5722 enim

500 5761 680 5819 omnia
707 5757 936 5815 ﬁnienda
967 5770 1087 5816 sunt
1111 5802 1124 5829 ,
1152 5760 1295 5818 circa
1323 5760 1485 5817 ﬁnem
1513 5758 1693 5817 saeculi
1727 5758 1907 5817 omnia
1930 5773 2075 5816 com-

2179 4659 2549 4731 archangelos,
2595 4660 2841 4726 thronos,
2872 4658 3282 4724 dominationes,
3317 4657 3563 4722 virtutes,
3594 4656 3745 4726 prin-

2176 4749 2383 4818 cipatus
2411 4757 2465 4802 et
2505 4757 2818 4819 potestates,
2850 4749 3126 4805 cherubim
3158 4761 3214 4803 et
3241 4747 3511 4817 seraphim
3543 4746 3745 4817 accipi-

2177 4854 2315 4904 mus,
2341 4839 2406 4892 de
2433 4839 2628 4909 quibus
2674 4841 2931 4909 scriptum
2962 4849 3044 4894 est
3071 4857 3082 4892 :
3123 4859 3140 4889 ι
3173 4838 3409 4893 Laudato
3439 4837 3745 4902 Dominum,

2174 4943 2361 4983 omnes
2392 4929 2565 4998 angeli
2593 4930 2727 5000 ejus,
2755 4929 2968 4984 laudate
2988 4944 3132 4994 eum,
3158 4944 3344 4982 omnes
3372 4929 3597 4981 virtutes
3630 4925 3746 4993 ejus

2175 5014 2607 5089 (Psal.cxr.vm).
2648 5037 2667 5069 ι
2697 5017 2826 5084 Qum
2846 5018 3071 5074 virtutes
3101 5017 3302 5072 moveri
3324 5017 3597 5080 dicuntur,
3620 5014 3745 5084 quia

2174 5110 2347 5179 angeli
2393 5127 2498 5165 non
2529 5110 2702 5166 solum
2739 5111 3025 5165 adventum
3076 5110 3281 5165 Domini
3324 5109 3741 5172 comitabuntur,

2174 5201 2265 5257 sed
2288 5202 2450 5256 etiam
2476 5202 2787 5270 prtecessuri
2812 5210 2955 5267 sunt,
2979 5202 3115 5256 sicut
3137 5202 3394 5257 Dominus
3414 5203 3491 5254 ait
3511 5199 3561 5253 in
3576 5198 3749 5253 Evan-

2173 5291 2312 5364 gelio
2338 5311 2350 5346 :
2385 5310 2403 5343 ι
2435 5291 2607 5347 Mittct
2637 5291 2802 5347 Filius
2828 5294 3059 5347 hominis
3091 5294 3308 5363 angelos
3336 5307 3489 5357 Suos,
3515 5299 3569 5345 et
3593 5289 3746 5343 colli-

2178 5392 2305 5455 gent
2325 5384 2389 5439 de
2412 5399 2574 5454 regno
2599 5382 2714 5452 ejus
2732 5385 2913 5439 omnia
2940 5385 3188 5440 scandala
3215 5381 3423 5454 (Malm.
3458 5378 3600 5449 xm).
3633 5397 3651 5430 ι
3682 5378 3752 5433 Et

2181 5475 2412 5531 iterum:
2442 5492 2461 5526 ι
2495 5474 2729 5529 Exibunt
2773 5475 2966 5546 angeli,
3018 5484 3072 5529 et
3113 5472 3437 5541 scparabunt
3477 5469 3651 5525 malos
3682 5470 3750 5525 de
3822 5532 3826 5539 I

2182 5565 2358 5619 medio
2383 5564 2672 5635 justorum.
2705 5583 2722 5615 ι
2755 5564 2821 5620 Et
2851 5564 2975 5619 alibi
3004 5582 3015 5616 :
3051 5581 3069 5614 ‹
3109 5562 3367 5615 Dominus
3394 5560 3460 5614 ad
3484 5559 3749 5628 judicium

2182 5657 2359 5712 veniet
2392 5673 2512 5712 cum
2550 5657 2766 5712 senibus
2795 5656 2929 5727 (lsa.
2962 5656 3063 5724 ιιι).
3113 5672 3132 5705 ι
3170 5651 3245 5705 Et
3261 5644 3553 5708 Salomon:
3594 5670 3612 5703 ι
3645 5648 3752 5705 Νο-

2184 5749 2303 5805 bilis
2332 5750 2385 5804 in
2420 5749 2589 5823 portis
2614 5749 2699 5804 vir
2725 5748 2840 5820 ejus
2864 5746 3075 5819 quando
3104 5744 3303 5802 sederit
3331 5760 3453 5800 cum
3484 5743 3749 5801 senatori-
