4038 6352
264 381 328 436 21
902 432 905 433 ,
1512 378 1814 436 "OL".le

1983 378 2305 439 ΤΕΜΡΟΒΕ
2316 423 2329 435 .
3453 388 3522 447 22

260 504 364 561 bus
415 510 578 560 terra:
637 500 820 575 (Prov.
870 501 1042 575 χχιιι).
1081 520 1100 555 ι
1157 500 1254 557 Vel
1318 510 1463 559 certe
1521 502 1625 559 alio
1682 503 1840 557 modo
1867 505 1923 565 Α
1946 504 2087 574 quod
2117 503 2372 574 palatium
2397 506 2479 559 vel
2507 506 2778 562 civitatem
2810 517 3065 564 venturus
3088 519 3187 575 cst,
3220 512 3391 566 nuntii
3427 511 3520 567 alii

264 594 599 651 commoveri
647 595 915 659 dicuntur,
957 602 1015 648 ut
1066 602 1242 653 terror
1280 602 1335 649 et
1378 594 1639 649 districtio
1658 593 1845 662 judicii

262 689 602 746 ostendatur.
636 687 788 743 Sicut
815 688 981 751 enim,
1008 687 1155 742 verbi
1190 687 1383 758 gratia,
1410 703 1531 743 cum
1571 703 1661 743 rex
1693 702 1844 742 seve—

260 793 382 834 rum
405 785 465 835 et
494 777 798 832 districtum
833 776 1093 847 judicium
1122 776 1175 831 in
1199 775 1452 844 subjectis
1477 784 1712 842 exercet,
1739 792 1844 839 non

260 868 433 923 solum
462 868 538 922 illi
571 869 762 924 timent
786 868 877 937 qui
905 883 1001 939 pro
1028 867 1140 923 suis
1168 866 1374 922 meritis
1392 865 1723 934 judicantur,
1752 867 1845 923 sed

258 960 421 1014 etiam
470 960 548 1015 illi
593 960 683 1031 qui
731 960 847 1032 ejus
890 958 1043 1013 lateri
1076 958 1349 1014 adhaerere
1375 957 1587 1013 solent:
1620 958 1697 1013 sic
1724 972 1843 1013 cum

256 1049 399 1106 Deus
423 1051 770 1121 omnipotens
801 1050 855 1105 in
879 1048 1084 1117 judicio
1126 1046 1385 1119 reprobos
1413 1048 1620 1118 puniet,
1650 1056 1706 1100 ut
1736 1056 1845 1101 ter-

256 1147 429 1197 roret
461 1140 731 1196 districtio
752 1138 938 1211 judicii
972 1138 1319 1204 ostendatur,
1347 1137 1509 1191 etiam
1548 1136 1622 1190 illi
1653 1136 1844 1190 timere

253 1232 534 1299 dicuntur,
574 1234 664 1304 qui
703 1242 908 1288 aeterna
940 1232 1233 1289 stabilitate
1264 1232 1463 1287 ﬁrmati
1504 1239 1644 1286 sunt.
1694 1229 1844 1285 Unde

251 1325 389 1380 bene
417 1342 524 1396 per
547 1326 761 1382 beatum
790 1324 891 1381 Job
925 1324 1154 1380 dicitur:
1192 1345 1210 1376 ί
1255 1323 1526 1380 Columna;
1562 1323 1682 1378 cceli
1711 1338 1840 1378 con-

250 1416 582 1471 tremiscunt
618 1425 672 1472 et
707 1416 901 1487 pavent
946 1416 1014 1471 ad
1053 1424 1241 1470 nutum
1284 1414 1398 1484 ejus
1441 1414 1581 1483 (Job.
1609 1413 1778 1485 xxvi).
1817 1432 1835 1464 ι

249 1506 387 1573 Quid
419 1523 557 1578 ergo
578 1509 643 1562 de
671 1508 865 1563 talibus
891 1507 983 1563 ﬁet
1012 1509 1225 1577 quando
1249 1507 1511 1562 columnae
1530 1505 1843 1561 concutien-

251 1597 372 1651 tur?
401 1597 545 1664 Quid
569 1598 638 1652 ibi
663 1597 868 1669 virgula
897 1596 1091 1653 deserti
1118 1596 1373 1665 patietur,
1396 1594 1613 1665 quando
1640 1594 1840 1650 cedrus

248 1701 367 1755 quae
388 1687 443 1740 in
468 1685 677 1741 Libano
696 1695 782 1742 est
802 1687 1178 1741 concutietur?
1205 1686 1341 1753 Quid
1370 1686 1550 1741 miseri
1582 1684 1838 1741 mortales

246 1772 502 1829 homines
533 1775 725 1831 facturi
756 1785 898 1841 sunt,
940 1775 1156 1845 quando
1186 1774 1358 1846 angeli
1393 1775 1697 1829 timebunt?
1730 1794 1749 1825 ι
1772 1773 1839 1827 Ει

1950 603 2109 664 atque
2158 596 2244 652 alii
2282 597 2599 663 mittuntur,
2632 601 2726 653 sed
2764 615 2884 655 cum
2928 600 3002 657 illi
3040 599 3210 656 videri
3258 603 3523 672 coeperint

1948 685 2040 754 qui
2068 701 2131 739 ex
2158 683 2275 754 ejus
2303 685 2468 741 latere
2495 686 2682 742 sedere
2713 689 2904 756 solent,
2928 691 2994 745 de
3016 691 3130 762 ejus
3158 692 3388 747 adventu
3412 708 3520 748 non

1947 776 2363 833 dubitatunsic
2403 780 2690 834 adventum
2728 779 2875 835 illum
2924 782 3259 838 Dominicum
3284 782 3436 852 signa
3463 782 3520 838 in

1948 871 2082 936 sole,
2104 880 2159 925 et
2188 872 2311 926 luna
2336 880 2389 927 et
2418 872 2607 938 stellis,
2626 861 2681 927 et
2707 873 2872 928 multa
2896 875 2998 929 alia
3022 892 3352 946 praecessura
3373 884 3516 931 sunt.

1950 960 2055 1015 Sed
2109 977 2231 1016 cum
2254 962 2433 1033 angeli
2463 963 2553 1034 qui
2599 963 2649 1017 ei
2694 977 2906 1032 semper
2955 965 3211 1021 assistunt
3258 965 3522 1035 coeperint

1947 1066 2231 1120 apparere,
2256 1052 2441 1107 statim
2470 1052 2731 1107 adventus
2761 1051 2972 1108 Domini
2997 1054 3205 1110 vicinus
3236 1055 3521 1127 cognosci-

1948 1148 2052 1196 tur.
2088 1141 2241 1198 Unde
2274 1158 2394 1198 cum
2421 1143 2644 1199 dixisset
2683 1161 2695 1197 :
2743 1163 2761 1196 ι
2816 1143 2948 1200 Nam
2989 1145 3216 1203 virtutes
3258 1147 3521 1202 cmlorum

1944 1235 2321 1301 movebuntur,
2360 1256 2378 1289 ι
2411 1236 2655 1308 adjunxit
2682 1254 2695 1291 :
2727 1256 2745 1288 ι
2782 1245 2837 1292 et
2882 1245 3009 1293 tunc
3044 1236 3302 1293 videbunt
3325 1240 3520 1294 Filium

1945 1326 2180 1381 hominis
2209 1328 2510 1383 venientem
2539 1328 2592 1382 in
2620 1328 2783 1393 nube,
2811 1343 2931 1383 cum
2963 1336 3229 1398 potestate
3258 1344 3447 1397 magna
3467 1337 3524 1384 et

1943 1416 2244 1485 majestate.
2282 1438 2299 1469 ι
2327 1418 2521 1474 Filium
2546 1434 2672 1490 ergo
2711 1420 2946 1475 hominis
3000 1421 3052 1473 in
3097 1417 3304 1488 judicio
3350 1420 3519 1475 visuri

1942 1518 2089 1575 sunt,
2114 1510 2236 1578 quia
2275 1510 2329 1563 in
2368 1509 2541 1565 forma
2567 1511 2730 1576 servi,
2757 1510 2808 1564 id
2844 1518 2928 1565 est
2958 1510 3011 1564 in
3065 1511 3235 1564 forma
3284 1510 3521 1564 hominis

1941 1616 2100 1671 quam
2122 1617 2223 1671 pro
2242 1602 2395 1658 nobis
2424 1602 2733 1672 assumpsit,
2756 1604 2821 1656 ad
2838 1599 3104 1670 judicium
3134 1609 3392 1656 venturus
3413 1608 3521 1666 est,

1943 1692 2086 1747 sicut
2121 1692 2378 1762 scriptum
2433 1700 2557 1747 est:
2596 1710 2613 1743 ‹
2650 1691 2791 1746 Ecce
2834 1691 3013 1746 veniet
3063 1691 3116 1745 in
3162 1690 3414 1754 nubibus,
3466 1698 3521 1745 et

1938 1783 2142 1837 videbit
2164 1799 2286 1838 eum
2317 1783 2492 1839 omnis
2530 1783 2739 1847 oculus,
2776 1791 2831 1837 et
2858 1783 2948 1853 qui
2983 1798 3103 1835 eum
3154 1789 3516 1852 pupugerunt,

245 1867 525 1936 sijustus,
559 1888 576 1920 ι
618 1878 677 1923 ut
701 1869 776 1923 ait
803 1869 995 1923 Petrus
1021 1868 1308 1938 apostolus,
1346 1887 1365 1919 ι
1405 1869 1491 1922 vix
1522 1868 1831 1947 salvabitur,
1862 1857 1913 1919 Β
1941 1886 1997 1931 et
2047 1875 2299 1945 plaugent
2362 1889 2421 1929 se
2482 1890 2643 1943 super
2706 1888 2831 1939 eum
2884 1888 3073 1928 omnes
3135 1873 3306 1927 tribus
3356 1880 3517 1926 terra

246 1959 449 2028 impius
477 1969 532 2014 et
561 1969 811 2030 peccator
837 1961 923 2015 ubi
949 1961 1216 2031 parebunt
1241 1959 1291 2031 (1
1326 1957 1440 2013 Pet.
1477 1959 1589 2031 tv)?
1616 1980 1634 2010 ι
1670 1958 1840 2028 Hujus

245 2051 349 2106 diei
379 2052 778 2108 districtionem
826 2060 1181 2122 conspexerat
1211 2050 1515 2122 Sophonias
1542 2051 1836 2121 prOpheta,

242 2158 368 2199 cum
396 2145 615 2200 dicebat
639 2163 653 2200 :
698 2165 716 2197 ‹
745 2144 903 2201 Juxta
927 2153 1010 2200 est
1035 2145 1148 2200 dies
1173 2142 1404 2209 Domini,
1429 2143 1583 2213 juxta
1610 2154 1664 2198 et
1681 2144 1836 2198 velox

244 2235 431 2291 nimis.
468 2238 586 2293 Vox
612 2238 715 2293 diei
737 2237 946 2292 Domini
965 2252 1149 2295 amara
1170 2255 1182 2289 :
1204 2235 1544 2291 tribulabitur
1567 2235 1639 2290 ibi
1663 2235 1833 2290 fortis.

241 2326 372 2383 Dies
414 2328 546 2394 irae,
578 2329 691 2383 dies
732 2328 853 2393 illa,
888 2328 1001 2382 dies
1046 2326 1406 2381 tribulationis
1446 2334 1502 2380 et
1541 2326 1836 2397 angustiae,

238 2420 362 2473 dies
390 2418 719 2474 calamitatis
747 2428 802 2473 et
827 2420 1087 2483 miseriae,
1111 2418 1226 2473 dies
1251 2417 1459 2473 nebulae
1491 2428 1544 2473 et
1577 2419 1806 2473 turbinis
1824 2460 1838 2485 ,

240 2509 362 2563 dies
394 2509 541 2562 tuba:
569 2517 619 2561 et
662 2509 931 2580 claugoris
960 2507 1144 2579 (Soph.
1176 2509 1236 2578 1).
1267 2528 1285 2559 ι
1337 2508 1403 2562 Ει
1432 2508 1627 2563 iterum
1653 2526 1664 2560 :
1702 2527 1719 2557 ι
1750 2507 1843 2565 Vae

243 2598 335 2668 qui
368 2597 696 2652 desideratis
720 2598 863 2652 diem
895 2599 1137 2663 Domini;
1172 2609 1231 2652 ut
1254 2598 1379 2667 quid
1415 2598 1568 2654 vobis
1597 2600 1754 2653 eam?
1789 2609 1844 2655 et

218 2688 402 2757 'quasi
442 2688 491 2743 si
520 2688 684 2758 fugiat
710 2687 873 2742 homo
898 2703 929 2740 a
958 2686 1099 2741 facie
1127 2687 1332 2751 leonis,
1358 2697 1412 2741 et
1447 2690 1691 2742 mordeat
1715 2704 1838 2743 eum

1942 1965 2125 2038 (Apoc.
2168 1965 2230 2036 ι).
2264 1986 2283 2017 ι
2330 1964 2393 2018 Ει
2428 1965 2625 2019 iterum
2660 1978 2673 2017 :
2706 1983 2722 2014 ι
2764 1963 3033 2018 Videbunt
3077 1963 3127 2017 in
3152 1978 3314 2033 quem
3339 1969 3517 2017 trans-

1941 2056 2173 2110 ﬁxeruut
2201 2046 2378 2128 (Joan.
2417 2056 2551 2127 xxx).
2592 2076 2609 2105 ι
2640 2054 2694 2109 [n
2722 2063 2991 2125 potestate
3013 2063 3190 2108 autem
3219 2067 3431 2122 magna,
3466 2061 3522 2108 et

1939 2143 2222 2214 majestate
2250 2138 2375 2200 eum
2403 2144 2571 2199 visuri
2600 2152 2759 2210 sunt,
2787 2159 2944 2215 quem
2993 2144 3045 2197 in
3090 2141 3391 2197 humilitate
3435 2140 3518 2196 lo-

1941 2228 2195 2307 quenten'i
2229 2237 2416 2292 audire
2437 2243 2899 2306 contempserunt.
2929 2234 3159 2305 Dignum
3183 2241 3267 2289 est
3289 2232 3434 2288 enim
3457 2239 3519 2287 ut

1941 2332 2057 2402 ipse
2087 2330 2256 2386 Filius
2283 2328 2399 2396 Dei,
2432 2329 2522 2399 qui
2555 2328 2607 2383 in
2638 2326 2813 2384 forma
2856 2326 3091 2383 hominis
3135 2327 3332 2397 injuste
3377 2322 3522 2393 judi-

1942 2431 2097 2477 catus
2120 2431 2224 2487 est,
2254 2422 2307 2475 in
2353 2420 2539 2476 eadem
2584 2418 2758 2474 forma
2806 2433 2994 2473 omnes
3037 2418 3091 2471 in
3131 2415 3336 2484 judicio
3364 2412 3521 2483 'juste

1938 2513 2162 2582 judicet,
2196 2512 2336 2567 sicut
2363 2512 2476 2581 ipse
2500 2510 2633 2565 dicit
2664 2511 2717 2563 in
2745 2509 3039 2580 Evangelia
3077 2526 3089 2561 :
3130 2526 3148 2558 ι
3197 2508 3359 2563 Pater
3412 2521 3517 2561 non

1937 2601 2146 2670 judicat
2182 2616 2529 2673 quemquam,
2558 2600 2652 2657 sed
2693 2614 2853 2656 omne
2899 2600 3159 2670 judicium
3207 2599 3352 2655 dedit
3382 2597 3520 2652 Filio

1944 2692 2127 2762 (Joan.
2158 2692 2297 2761 vni).
2332 2690 2435 2744 )Et
2457 2694 2652 2746 iterum
2682 2710 2694 2743 :
2728 2708 2747 2743 ι
2768 2690 3098 2745 Potestatem
3117 2689 3267 2745 dedit
3294 2689 3520 2746 eiPater

247 2780 491 2844 coluber,
533 2779 612 2834 sic
652 2778 768 2833 dies
802 2777 1014 2831 Domini
1061 2777 1160 2833 ista
1194 2780 1446 2843 tenebrae,
1493 2784 1548 2829 et
1595 2792 1698 2831 non
1747 2777 1837 2831 lux
1934 2784 2200 2856 judicium
2225 2784 2425 2850 facere,
2448 2784 2571 2855 quia
2599 2782 2765 2839 Filius
2788 2783 3024 2839 hominis
3046 2792 3150 2839 est.
3184 2804 3203 2835 ι
3233 2781 3339 2839 Sed
3364 2794 3517 2855 post-

251 2872 437 2943 (Amos
464 2870 539 2943 v).
588 2890 610 2923 ι
640 2869 705 2924 Ει
731 2870 870 2925 sicut
902 2869 1184 2929 Matthaeus
1212 2870 1325 2922 ait:
1349 2888 1367 2920 ί
1398 2869 1489 2923 Vae
1508 2870 1836 2940 praagnanti-

256 2963 359 3018 bus
385 2972 442 3018 et
478 2962 840 3017 nutrientibus
882 2960 937 3017 in
980 2960 1080 3015 illis
1124 2960 1313 3014 diebus
1352 2957 1568 3031 (Matth.
1610 2959 1779 3032 xxiv).
1811 2979 1830 3013 ι

257 3053 326 3107 Et
349 3054 579 3107 iterum:
611 3072 629 3103 ι
667 3052 817 3107 Tunc
843 3060 1003 3106 erunt
1031 3052 1136 3107 duo
1164 3051 1218 3105 in
1238 3049 1385 3107 lecto
1414 3065 1549 3118 uno,
1581 3069 1599 3104 ι
1632 3058 1737 3106 etc.
1768 3049 1840 3106 Et

256 3141 467 3198 Lucas:
498 3163 514 3193 ι
540 3143 680 3199 Ecce
709 3143 925 3197 venient
951 3142 1067 3197 dies
1103 3142 1153 3196 in
1191 3141 1385 3212 quibus
1418 3136 1633 3198 dicent:
1660 3141 1837 3197 Beata:

1941 2888 2103 2942 quam
2130 2874 2247 2929 haec
2281 2874 2346 2929 ad
2376 2874 2656 2929 terrendos
2680 2875 2937 2945 reprobos
2966 2875 3108 2934 dicta
3128 2885 3275 2942 sunt,
3296 2892 3423 2932 mox
3449 2877 3518 2931 ad

1941 2967 2299 3023 consolandos
2322 2966 2524 3024 electos
2568 2965 2829 3025 Dominus
2871 2982 3176 3024 sermonem
3228 2970 3513 3036 convertit,

1943 3060 2127 3117 dicens
2158 3075 2173 3113 :

2018 3171 2036 3203 ι
2079 3151 2175 3208 liis
2201 3161 2378 3208 autem
2409 3152 2526 3208 fieri
2554 3152 2952 3224 incipientibus,
2978 3153 3232 3225 respicite
3255 3163 3309 3209 et
3340 3153 3517 3209 levate

261 3234 472 3290 steriles
499 3251 618 3307 qua:
644 3250 750 3290 non
781 3244 1125 3307 genuerunt,
1165 3242 1220 3288 et
1255 3232 1418 3289 ubera
1459 3251 1578 3306 quae
1615 3251 1721 3291 non
1750 3235 1831 3289 la-
1860 3218 1907 3280 ο
1945 3264 1964 3296 ι
2011 3246 2185 3314 capita
2239 3252 2437 3311 vestra,
2484 3218 2741 3314 quoniam
2788 3218 3182 3316 appropinquat
3219 3246 3517 3317 redemptio

265 3335 562 3381 ctaverunt.
610 3324 760 3383 Tunc
801 3327 1059 3396 incipient
1098 3326 1278 3383 dicere
1316 3326 1621 3382 montibus:
1648 3326 1836 3383 Cadite

272 3433 437 3488 super
472 3435 589 3486 nos,
629 3429 684 3476 et
722 3422 975 3480 collibus:
1006 3421 1223 3492 Operite
1258 3437 1356 3479 nos
1399 3421 1548 3493 (Luc.
1597 3424 1775 3494 xxm).
1804 3442 1829 3477 ο

269 3506 370 3573 Qui
408 3523 531 3578 ergo
568 3509 622 3565 in
658 3510 759 3569 hac
784 3512 869 3567 die
898 3527 1124 3568 securus
1153 3527 1273 3568 esse
1298 3512 1590 3578 desiderat,
1627 3512 1753 3567 dum
1780 3512 1837 3575 in

264 3597 367 3654 hoc
391 3614 610 3670 corpore
635 3602 786 3671 vivit,
816 3603 974 3683 hujus
1018 3605 1121 3660 diei
1149 3605 1541 3661 districtionem
1568 3613 1693 3661 ante
1716 3621 1839 3663 ocu-

263 3688 341 3743 los
378 3691 571 3747 mentis
610 3708 832 3750 necesse
872 3706 955 3752 est
990 3705 1176 3768 ponat.
1219 3696 1391 3760 Tanto
1434 3697 1577 3753 enim
1618 3698 1722 3753 erit
1762 3698 1835 3752 ibi

264 3784 487 3855 quisque
529 3788 801 3854 securior,
847 3799 1051 3860 quanto
1088 3790 1142 3843 in
1181 3791 1531 3846 observandis
1572 3792 1839 3847 mandatis

262 3871 472 3930 Domini
508 3877 670 3933 modo
702 3878 864 3934 fuerit
894 3880 1149 3945 timidior.
1186 3900 1204 3932 4
1236 3880 1435 3937 Beatus
1461 3881 1604 3935 enim
1637 3881 1721 3934 vir
1748 3881 1839 3950 qui

263 3967 408 4022 timet
436 3967 753 4038 Dominum,
786 3993 805 4025 ι
842 3974 916 4027 ait
944 3972 1244 4044 Propheta;
1285 3994 1303 4026 ‹
1341 3974 1396 4028 in
1427 3975 1693 4031 mandatis
1723 3975 1839 4045 ejus

262 4056 398 4111 volet
445 4058 608 4113 nimis
654 4058 824 4132 (Psal.
877 4062 1006 4133 cxi).
1038 4083 1065 4117 ι
1101 4064 1167 4118 Ει
1215 4064 1357 4120 sicut
1403 4065 1480 4118 ait
1527 4064 1781 4119 Salomon
1818 4083 1833 4118 :

267 4163 285 4195 ι
319 4146 514 4202 Beatus
541 4149 703 4205 homo
718 4151 807 4221 qui
834 4162 1052 4224 semper
1065 4162 1147 4208 est
1170 4155 1415 4225 pavidus,
1428 4156 1518 4225 qui
1543 4171 1671 4210 vero
1688 4172 1842 4217 meu~

267 4237 331 4290 tis
373 4246 459 4293 est
484 4239 634 4295 durae
666 4254 886 4301 corruet
922 4247 975 4301 in
1014 4246 1214 4307 malum
1257 4247 1441 4322 (Prov.
1474 4252 1687 4320 xxvm).
1724 4269 1744 4305 ι
1780 4250 1842 4306 In

265 4330 417 4402 hujus
458 4334 563 4390 diei
608 4345 814 4395 terrore
863 4357 1110 4415 magnam
1156 4346 1501 4403 securitatem
1540 4347 1844 4418 .eleemosy-

266 4437 452 4478 uarum
482 4424 703 4498 largitas
731 4429 951 4499 tribuet,
977 4438 1192 4503 quando
1220 4436 1333 4506 ipse
1361 4435 1535 4492 Judex
1561 4437 1627 4492 ad
1653 4438 1840 4497 dexte-

267 4528 378 4568 ram
408 4518 631 4585 positus,
647 4520 888 4578 dicturus
917 4533 1001 4580 est
1025 4544 1039 4579 :
1079 4546 1097 4577 ‹
1127 4524 1344 4594 Venite,
1368 4529 1637 4586 benedicti
1663 4526 1843 4587 Patris

1904 3358 1909 3363 ·
1945 3356 1965 3389 ι
2011 3345 2210 3392 vestra.
2246 3356 2268 3393 ι
2307 3336 2386 3392 Ac
2430 3336 2477 3392 si
2524 3336 2731 3393 diceret
2775 3337 3033 3393 Dominus
3078 3355 3091 3391 :

3136 3337 3270 3393 Cum
3311 3338 3518 3394 crebris

1941 3428 2126 3483 mundi
2164 3427 2336 3482 ruinis
2358 3436 2412 3481 et
2439 3428 2674 3483 assiduis
2700 3427 2869 3498 plagis
2903 3428 3022 3497 ejus
3066 3429 3275 3499 signum
3324 3444 3516 3498 appro-

1940 3518 2204 3588 pinquare
2231 3514 2495 3581 videritis,
2542 3515 2709 3570 nolite
2751 3515 2819 3569 de
2872 3516 3056 3571 mundi
3104 3516 3324 3570 interitu
3365 3514 3515 3582 ﬂere,

1940 3606 2108 3669 nolite
2138 3607 2205 3663 de
2233 3604 2386 3669 vobis
2417 3605 2606 3660 timere
2641 3622 2655 3659 :
2688 3604 2818 3675 quia
2852 3619 2975 3661 cum
3024 3605 3143 3682 ejus
3189 3606 3311 3662 finis
3346 3607 3516 3672 venit,

1940 3713 2100 3769 quem
2130 3712 2237 3754 non
2269 3695 2511 3763 amastis,
2543 3695 3099 3767 invenietis'gaudium
3120 3696 3263 3767 quod
3305 3711 3519 3770 semper

1941 3794 2230 3867 quaasistis.
2261 3793 2416 3865 Saepe
2444 3800 2624 3848 autem
2654 3792 2706 3847 in
2758 3786 3054 3862 Scripturis
3099 3790 3325 3858 sanctis,
3358 3800 3521 3862 caput

1941 3902 2041 3958 pro
2064 3894 2241 3942 mente
2267 3884 2509 3956 ponitur,
2550 3883 2688 3940 sicut
2730 3898 2828 3954 per
2876 3882 3220 3939 Salomonem
3259 3882 3455 3940 dicitur
3500 3902 3514 3937 :

1949 3995 1968 4028 ι
2011 3976 2282 4046 Sapientis
2306 3974 2445 4033 oculi
2472 3975 2528 4030 in
2559 3974 2732 4044 capite
2757 3975 2873 4046 ejus
2917 3974 3105 4047 (Eccli.
3136 3973 3252 4045 ιι).ι
3286 3973 3343 4030 Si
3371 3974 3518 4031 enim

1943 4083 2262 4139 corpoream
2296 4067 2561 4124 visionem
2589 4067 2936 4135 attendimus,
2960 4081 3067 4123 non
3106 4065 3277 4123 solum
3307 4066 3521 4138 sapien-

1945 4162 2036 4225 tis.
2062 4161 2157 4217 sed
2176 4161 2352 4217 etiam
2379 4160 2527 4216 stulti
2550 4160 2689 4216 oculi
2716 4159 2770 4215 in
2795 4161 2969 4231 capite
2997 4169 3142 4229 sunt.
3180 4160 3287 4217 Sed
3312 4161 3519 4231 sapien-

1948 4254 2017 4310 tis
2048 4254 2189 4309 oculi
2231 4255 2285 4309 in
2324 4254 2500 4324 capite
2531 4267 2652 4310 esse
2678 4254 2955 4321 dicuntur,
2983 4254 3109 4325 quia
3138 4254 3516 4313 discretionem

1945 4346 2168 4418 spiritus
2188 4345 2353 4403 habet
2380 4346 2436 4401 in
2456 4353 2657 4402 mente.
2685 4346 2819 4414 Quia
2846 4346 2985 4403 sicut
3009 4362 3038 4401 a
3066 4346 3239 4418 capite
3270 4344 3519 4403 membra

1946 4438 2191 4508 corporis
2218 4444 2500 4507 reguntur,
2531 4436 2603 4491 ita
2640 4445 2694 4493 et
2719 4446 2898 4494 mente
2924 4438 3276 4509 cogitationes
3310 4437 3516 4493 discer—

1946 4535 2169 4587 nuntur.
2218 4527 2286 4582 Et
2338 4528 2480 4585 sicut
2531 4538 2696 4600 caput
2747 4529 3045 4600 principale
3097 4530 3399 4585 membrum
3436 4536 3522 4582 est

266 4604 393 4671 mei,
442 4610 697 4679 percipite
736 4629 958 4684 regnum
1003 4618 1144 4686 quod
1180 4591 1336 4674 vobis
1373 4628 1619 4689 paratum
1656 4630 1740 4677 est
1774 4621 1843 4678 ab
1865 4591 1922 4663 Β
1946 4616 2211 4687 corporis,
2242 4617 2317 4672 ita
2344 4628 2399 4672 et
2428 4633 2583 4674 mens
2596 4591 2943 4689 principatus
2965 4616 3162 4671 cordis.
3187 4614 3260 4669 Ita
3293 4629 3425 4685 ergo
3464 4622 3523 4671 et

266 4698 465 4768 origine
492 4703 693 4758 mundi.
733 4704 940 4760 Esurivi
980 4708 1156 4774 enim,
1184 4717 1239 4765 et
1267 4711 1488 4767 dedistis
1521 4713 1657 4767 mihi
1691 4729 1842 4769 man-

266 4788 458 4844 ducare
481 4806 496 4845 :
521 4791 684 4860 sitivi,
718 4803 773 4848 et
802 4796 1025 4854 dedistis
1044 4799 1175 4854 mihi
1200 4800 1385 4855 bibere
1410 4818 1422 4854 :
1450 4802 1643 4872 hospes
1664 4817 1840 4869 eram,

264 4887 315 4933 et
345 4880 638 4951 collegistis
662 4900 785 4940 me:
824 4887 1020 4955 nudus,
1051 4898 1105 4944 et
1127 4892 1416 4961 operuistis
1445 4907 1533 4949 me
1556 4911 1569 4947 :
1595 4894 1842 4953 infirmus

266 4970 399 5024 etin
449 4986 688 5041 carcere,
732 4984 789 5030 et
829 4977 1054 5034 venistis
1099 4979 1166 5033 ad
1208 4995 1295 5035 me
1340 4979 1556 5051 (Matth.
1618 4983 1767 5055 xxv).
1814 5002 1834 5036 ι

273 5076 289 5108 ι
320 5059 514 5118 Beatus
543 5065 707 5130 enim,
747 5086 765 5117 ι
800 5067 875 5121 ait
902 5066 1192 5140 Propheta,
1225 5088 1244 5121 ι
1279 5071 1371 5140 qui
1400 5072 1648 5144 intelligit
1682 5088 1844 5144 super

265 5165 483 5221 egenum
512 5163 569 5208 et
592 5172 913 5226 pauperem,
948 5160 1001 5214 in
1030 5160 1115 5216 die
1142 5160 1283 5217 malo
1308 5159 1560 5218 liberabit
1583 5178 1706 5218 eum
1738 5163 1845 5219 Do-

265 5241 436 5296 minus
460 5240 632 5313 (Psal.
662 5246 772 5316 XL).
814 5266 832 5299 ι
865 5245 1001 5303 Hinc
1016 5247 1150 5318 justi
1174 5248 1273 5303 viri
1298 5264 1426 5307 voce
1445 5250 1678 5306 dicitur:
1708 5270 1729 5303 ι
1755 5251 1846 5308 Fi-

266 5332 414 5390 ducia
432 5351 627 5408 magna
642 5339 745 5393 erit
771 5356 953 5395 coram
969 5358 1179 5399 summo
1193 5342 1295 5398 deo
1310 5342 1646 5416 eleemosyna
1671 5344 1848 5400 omni-

263 5422 356 5482 bus
379 5427 703 5487 facientibus
721 5447 860 5487 eam.
875 5453 893 5485 ι
911 5441 1015 5489 etc.
1038 5433 1190 5506 (Tob.
1215 5435 1314 5508 tv.)
1339 5436 1406 5490 Et
1426 5437 1651 5492 iterum:
1672 5455 1690 5487 ι
1714 5435 1835 5502 Fili,

262 5516 601 5593 eleemosyna
628 5539 657 5577 a
688 5532 861 5580 morte
884 5523 1097 5592 liberat,
1115 5534 1169 5579 et
1199 5542 1303 5582 non
1330 5527 1533 5597 patitur
1558 5526 1835 5582 hominem

262 5605 337 5664 ire
361 5611 415 5664 in
439 5614 909 5688 tenebras(lbid.).
932 5636 949 5669 ι
967 5615 1265 5672 Notandum
1294 5625 1471 5673 autem
1497 5617 1619 5687 quia
1640 5626 1840 5688 quanto

262 5696 479 5758 fortiora
506 5705 657 5777 signa
684 5708 1115 5774 manifestantnr,
1147 5717 1294 5762 tanto
1322 5709 1532 5763 Domini
1576 5710 1840 5765 adventus

260 5794 487 5854 vicinior
513 5812 635 5856 esse
660 5798 991 5873 intelligitur.
1025 5799 1174 5856 Sicut
1200 5800 1343 5856 enim
1373 5815 1497 5855 cum
1522 5815 1616 5858 rex
1640 5801 1708 5856 ad
1742 5799 1840 5855 ali-

1945 4706 2000 4761 in
2040 4706 2143 4762 hoc
2166 4705 2287 4762 loco
2316 4722 2438 4762 cum
2470 4707 2648 4778 capita
2670 4707 2824 4777 jubet
2860 4705 3057 4768 levare,
3103 4711 3338 4760 mentem
3374 4720 3519 4777 prae-

1944 4798 2076 4868 cipit
2130 4798 2199 4854 ad
2251 4799 2740 4855 remunerationem
2783 4805 3041 4851 aeternam
3089 4812 3417 4868 praeparare.
3460 4794 3521 4853 In

1945 4886 2139 4957 quibus
2166 4888 2346 4942 verbis
2371 4886 2695 4953 ostenditur,
2711 4886 2834 4955 quia
2858 4885 3015 4942 electi
3043 4886 3184 4942 diem
3203 4887 3393 4959 judicii
3413 4902 3522 4944 non

1947 4986 2156 5032 tantum
2198 4977 2399 5032 debent
2426 4976 2616 5032 timere
2651 4984 2913 5046 quantum
2942 4986 3147 5048 optare.
3180 4974 3359 5034 Unum
3388 4992 3523 5048 quo-

1945 5066 2078 5124 tidie
2117 5068 2172 5124 in
2203 5067 2447 5123 oratione
2479 5074 2733 5138 poscunt,
2768 5067 3045 5123 dicentes:
3082 5086 3101 5118 ι
3145 5066 3411 5123 Adveniet
3437 5081 3523 5124 re-

1948 5177 2111 5233 gnum
2139 5170 2309 5217 tuum.
2345 5180 2364 5214 ›
2400 5158 2553 5225 Quod
2583 5156 2797 5215 illorum
2836 5166 2919 5215 est
2966 5156 3167 5226 facere,
3213 5159 3307 5228 qui
3348 5157 3524 5231 gratia

1948 5251 2044 5306 Dei
2093 5268 2152 5308 se
2200 5250 2564 5321 praaveniente
2601 5250 2742 5307 bona
2789 5258 3040 5320 operatos
3082 5264 3203 5306 esse
3242 5249 3520 5315 recolunt,

1949 5343 2085 5398 sicut
2134 5359 2233 5413 per
2278 5340 2539 5398 Joannem
2584 5343 2781 5399 dicitur
2828 5361 2844 5397 :
2901 5361 2920 5394 ι
2970 5341 3523 5410 Charissimi,sicor

1950 5440 2194 5487 nostrum
2223 5447 2328 5486 non
2360 5432 2765 5502 reprehenderit
2798 5448 2929 5499 nos,
2980 5432 3230 5488 ﬁduciam
3263 5434 3525 5491 habemus

1942 5523 1998 5578 in
2020 5521 2308 5590 diejudicii
2336 5521 2388 5594 (I
2417 5522 2578 5578 Joan.
2612 5525 2747 5595 ut)»
2766 5523 2833 5578 Et
2860 5538 2927 5577 ne
2948 5523 3013 5579 ad
3041 5523 3156 5578 haec
3183 5518 3524 5591 intelligenda

1945 5613 2181 5667 humana
2227 5629 2380 5668 mens
2424 5615 2575 5686 pigra
2631 5624 2955 5679 remaneret,
3005 5613 3409 5669 similitudinem
3454 5608 3525 5666 de

1946 5705 2107 5759 rebus
2140 5702 2438 5762 visibilibus
2473 5703 2735 5761 Dominus
2791 5704 3054 5775 adjunxit.
3097 5702 3252 5758 Unde
3297 5707 3355 5757 et
3394 5699 3525 5761 sub-

1948 5796 2094 5852 ditur
2122 5816 2137 5853 :
