4038 6352
504 370 575 426 25
1023 423 1035 434 ,
1147 366 1499 425 HAYMONIS
1537 364 2019 423 HALBERSTAT.
2054 362 2266 421 EPISC.
2309 366 2457 423 OPP.
2500 367 2679 425 PARS
2717 369 2779 426 ll.
2808 401 2877 411 —
2914 370 3147 431 HOMIL.
3524 418 3535 425 .
3693 382 3765 439 2‘

580 512 601 547 α
644 492 713 550 Et
756 492 895 547 dixit
937 490 1044 546 illis
1087 488 1535 544 similitudinem:
1568 486 1760 542 Videte
1796 485 2085 540 ﬁculneam
2111 463 2347 542 A'neam
2396 480 2735 555 Synagogam
2787 484 3087 557 intelligere
3134 501 3438 558 possumus.
3490 488 3615 549 Htec
3684 507 3770 554 est

508 603 529 636 ι
574 592 631 639 et
658 598 849 639 omnes
871 583 1130 645 arbores;
1164 595 1287 634 cum
1318 580 1623 649 producunt
1642 578 1755 647 jam
1787 592 1853 633 ex
1878 592 1936 633 se
1966 577 2079 632 fru-

505 693 527 726 ‹
572 682 741 738 ctum,
764 673 912 727 scitis
941 671 1065 740 quia
1092 685 1261 741 prope
1282 677 1364 725 est
1388 679 1567 725 testas.
1600 689 1619 723 ι
1646 668 1822 741 Ipsam
1844 685 2077 739 namque

497 764 766 834 exposuit,
794 762 993 818 addens
1034 779 1048 814 :
2056 759 2061 763 ’

575 876 594 908 ι
640 858 713 910 Ita
746 862 799 909 et
823 869 920 908 vos
950 869 1073 908 cum
1099 854 1340 909 videritis
1380 854 1496 908 haec
1538 852 1674 917 fieri,
1703 853 1896 908 scitote
1942 867 2075 925 quo-

503 966 522 999 ι
568 947 711 1000 niam
754 958 921 1014 prope
958 953 1043 999 est
1084 960 1306 1015 regnum
1339 944 1455 998 Dei.
1504 960 1522 993 ι
1548 943 1627 997 Ac
1653 942 1697 997 si
1728 942 1930 997 diceret
1976 941 2075 996 Do-

494 1038 717 1091 minus:
769 1035 922 1089 Sicut
964 1051 1033 1091 ex
1074 1034 1251 1089 fructu
1295 1034 1507 1088 arboris
1539 1034 1713 1087 vicina
1771 1042 1931 1089 aestas
1982 1049 2073 1088 co-

492 1126 793 1196 gnoscitur,
810 1125 883 1179 ita
898 1133 954 1180 et
974 1140 1069 1179 vos
1090 1140 1154 1179 ex
1186 1124 1359 1179 ruinis
1385 1124 1571 1178 mundi
1590 1137 1813 1195 regnum
1830 1123 1924 1178 Dei
1942 1139 2070 1195 pro-

492 1220 696 1271 ximum
739 1226 795 1273 et
821 1218 1055 1272 vicinum
1094 1231 1214 1271 esse
1242 1216 1568 1287 cognoscite.
1596 1213 1749 1270 Unde
1769 1215 1908 1270 bene
1933 1215 2070 1269 alius

489 1310 842 1382 evangelista,
884 1311 1093 1366 scilicet
1140 1310 1441 1373 Matthteus,
1482 1317 1543 1363 ut
1588 1308 1922 1363 celeritatem
1972 1322 2067 1362 ve-

487 1407 685 1461 nientis
713 1406 927 1461 Domini
953 1406 1021 1459 ad
1044 1403 1307 1472 judicium
1342 1405 1671 1471 ostenderet,
1702 1405 1778 1458 ait
1804 1421 1819 1457 :
1853 1423 1870 1455 ι
1908 1404 1987 1457 Ita
2013 1411 2069 1458 et

484 1513 581 1553 vos
607 1513 732 1552 cum
752 1496 994 1552 videritis
1022 1497 1136 1551 ham
1159 1497 1341 1551 omnia
1366 1496 1502 1565 fieri,
1523 1497 1716 1553 scitote
1744 1498 1869 1568 quia
1899 1512 2067 1567 prope

483 1597 571 1644 est
624 1604 849 1661 regnum
879 1588 973 1642 Dei
1004 1588 1057 1642 in
1080 1586 1265 1655 januis
1307 1587 1522 1659 (Matth.
1557 1590 1729 1659 xxrv).
1763 1608 1782 1640 ι
1834 1588 2065 1644 Pulchre

485 1692 665 1737 autem
705 1697 929 1752 regnum
959 1682 1055 1735 Dei
1102 1682 1278 1736 :estati
1310 1689 1677 1751 comparatur,
1730 1680 1880 1751 quia,
1924 1682 2063 1734 sicut

480 1773 686 1826 astatis
715 1781 953 1841 tempore
980 1772 1062 1827 sol
1087 1772 1318 1826 lucidior
1353 1781 1407 1825 et
1438 1771 1770 1841 splendidior
1793 1786 2059 1840 apparens

481 1861 740 1915 mundum
770 1861 1053 1925 illuminat,
1086 1862 1161 1916 ita
1192 1869 1314 1931 post
1332 1859 1596 1929 judicium
1626 1862 1802 1916 omnis
1828 1863 2064 1916 humana

480 1950 765 2023 fragilitas,
810 1953 1093 2021 omnisque
1142 1954 1369 2007 tentatio
1421 1953 1665 2007 transiet.
1704 1953 1772 2006 Et
1815 1968 1935 2007 cum
1987 1953 2065 2009 sol

472 2042 700 2112 justitize
726 2044 983 2100 Dominus
1006 2043 1165 2100 Jesus
1203 2044 1454 2099 Christus
1486 2046 1537 2099 in
1564 2044 1812 2100 claritate
1839 2045 2063 2101 visionis

476 2150 590 2191 suae
611 2137 940 2207 apparuerit,
962 2145 1175 2192 sanctos
1198 2136 1386 2205 majori
1411 2136 1698 2206 splendore
1718 2137 2061 2208 gloriﬁcabit,

478 2227 697 2298 quando
733 2226 1044 2297 implebitur
1066 2230 1208 2297 quod
1237 2228 1499 2284 Dominus
1529 2227 1656 2283 alibi
1686 2229 1761 2283 ait
1789 2244 1803 2282 :
1844 2247 1862 2280 ‹
1909 2228 2060 2284 Tunc

467 2316 600 2387 justi
663 2318 944 2388 fulgebunt
1001 2320 1143 2374 sicut
1190 2320 1269 2375 sol
1320 2320 1373 2373 in
1424 2335 1589 2389 regno
1638 2319 1817 2375 Patris
1873 2335 2061 2375 eorum

473 2407 688 2480 (Matth.
720 2408 862 2480 xm).
902 2429 920 2461 ι
953 2410 1018 2464 Et
1047 2418 1175 2465 tunc
1205 2410 1484 2479 impletum
1513 2411 1619 2466 erit
1646 2411 1789 2480 quod
1816 2410 1892 2464 ait
1912 2402 2063 2480 Apo4

470 2499 687 2554 stolus:
730 2517 748 2551 ι
797 2499 949 2568 Quod
980 2516 1124 2556 nunc
1152 2500 1398 2556 videmus
1434 2512 1531 2571 per
1579 2501 1857 2571 speculum
1906 2510 1960 2556 et
2006 2502 2062 2556 in

473 2591 781 2661 aenigmate,
812 2600 942 2646 tunc
968 2592 1273 2646 videbimus
1320 2592 1456 2648 facie
1496 2594 1564 2646 ad
1604 2593 1798 2648 faciem
1842 2593 1898 2664 (I
1933 2592 2056 2647 Cor.

474 2681 618 2754 xm).
669 2701 688 2733 ι
724 2680 878 2739 Sicut
900 2691 1079 2736 autem
1113 2684 1307 2738 hiemis
1346 2693 1591 2755 tempore
1632 2686 1856 2741 arbores
1883 2685 2060 2741 cerni-

471 2786 593 2825 mus
635 2769 777 2826 foliis
820 2771 1080 2838 nudatas,
1124 2771 1390 2827 fructibus
1432 2774 1761 2843 exspoliatas
1808 2782 1863 2829 et
1920 2789 2059 2844 pene

471 2870 713 2918 mortuas
739 2878 882 2928 esse,
912 2863 985 2917 ita
1009 2864 1061 2917 in
1100 2866 1350 2933 praesenti
1379 2865 1489 2919 vita
1523 2866 1696 2920 sancti
1723 2860 2059 2921 mortifican-4

469 2961 555 3007 tes
583 2953 826 3009 membra
855 2969 952 3008 sua
986 2969 1149 3025 super
1182 2964 1403 3021 terram,
1454 2956 1684 3011 humiles
1724 2966 1779 3011 et
1814 2958 2055 3028 despecti

470 3054 763 3115 apparent,
814 3045 1055 3102 dicentes
1103 3061 1225 3101 cum
1281 3046 1551 3117 Propheta
1596 3066 1608 3101 :
1658 3065 1677 3098 ι
1721 3048 1953 3118 Propter
2000 3060 2053 3103 te

467 3135 863 3191 mortificamur
901 3145 1012 3191 tota
1048 3137 1172 3204 die,
1196 3137 1446 3193 aestimati
1489 3153 1676 3192 sumus
1725 3138 1864 3193 sicut
1922 3153 2052 3194 oves

470 3227 761 3283 occisionis
811 3225 985 3299 (Psal.
1029 3228 1208 3299 xuu).
1241 3247 1260 3280 ›
1304 3227 1372 3282 Et
1410 3228 1548 3284 sicut
1586 3227 2051 3299 appmpinquante

466 3329 654 3377 testate
701 3321 896 3377 iterum
948 3322 1204 3377 rediviva:
1258 3323 1483 3377 arbores
1532 3322 1835 3377 vestiuntur
1890 3321 2053 3389 foliis,

465 3412 795 3469 decorantur
832 3411 1074 3480 floribus,
1102 3420 1367 3468 ornantur
1408 3411 1692 3477 fructibus,
1734 3413 1810 3467 ita
1863 3412 1917 3467 in
1966 3413 2055 3468 die

459 3501 673 3572 judicii,
727 3503 901 3558 sancti
943 3503 1009 3559 de
1056 3512 1203 3558 terra
1258 3511 1314 3558 et
1363 3502 1583 3572 pulvere
1635 3513 2051 3574 consurgentes,

468 3594 641 3649 induti
666 3594 804 3650 stola
831 3595 1280 3661 immortalitatis,
1297 3593 1521 3664 jucundi
1544 3603 1600 3650 et
1628 3593 1802 3650 ﬂoridi
1830 3610 2056 3666 appare-

465 3684 618 3747 bunt,
645 3684 860 3740 dicente
882 3682 1171 3739 Psalmista
1203 3700 1218 3737 :
1249 3705 1268 3735 ί
1302 3683 1489 3740 Justus
1522 3694 1582 3741 ut
1608 3686 1786 3756 palma
1815 3685 2048 3753 ﬂorebit,

464 3782 521 3829 et
547 3775 687 3830 sicut
710 3775 905 3830 cedrus
932 3774 1124 3829 Libani
1160 3773 1607 3847 multiplicabitur
1636 3775 1808 3849 (Psal.
1856 3776 1989 3848 χοι).
2025 3796 2046 3829 ι

464 3865 670 3923 Taliter
707 3866 861 3937 quasi
908 3866 962 3921 in
1010 3866 1190 3922 hieme
1214 3867 1267 3921 in
1317 3869 1566 3937 praesenti
1614 3869 1727 3924 vita
1778 3868 2050 3940 spiritales

462 3959 690 4015 arbores
721 3967 965 4014 mortuas
1007 3958 1320 4028 inspexerat
1355 3959 1557 4016 Paulus
1595 3960 1871 4031 apostolus
1923 3975 2048 4015 cum

463 4051 680 4107 diccbat
709 4065 724 4105 :
756 4068 775 4102 ι
812 4049 1007 4106 Mortui
1036 4050 1182 4106 enim
1213 4051 1365 4120 estis,
1387 4063 1443 4108 et
1468 4054 1580 4109 vita
1607 4062 1790 4109 vestra
1818 4052 2046 4107 abscon-

462 4140 573 4198 dita
588 4152 670 4197 est
685 4156 809 4196 cum
823 4140 1040 4197 Christo
1055 4142 1109 4196 in
1129 4142 1239 4197 Deo
1255 4141 1476 4215 (Coloss.
1499 4142 1603 4215 ιιι).
1617 4163 1636 4196 ι
1664 4142 1827 4210 Quasi
1852 4142 2046 4195 iterum

462 4236 928 4307 appropinquante
951 4242 1143 4291 aestate
1165 4236 1384 4291 easdem
1405 4237 1594 4293 vestiri
1618 4236 1778 4299 foliis,
1801 4242 1855 4289 et
1881 4234 2043 4289 deco-

462 4327 575 4382 rari
603 4325 973 4398 spiritualibus
997 4318 1220 4382 ﬂoribus
1256 4326 1661 4389 considerabat,
1691 4323 1906 4394 quando
1935 4322 2047 4378 aie-

461 4417 556 4474 bat
590 4437 602 4473 :
644 4436 663 4470 ‹
690 4416 825 4474 Cum
864 4419 1009 4473 enim
1035 4418 1347 4488 apparuerit
1391 4416 1659 4481 Christus,
1699 4416 1809 4470 vita
1840 4423 2043 4481 vestra,

461 4518 588 4565 tunc
613 4518 669 4564 et
694 4525 789 4565 vos
814 4510 1145 4580 apparebitis
1166 4525 1288 4566 cum
1312 4510 1430 4579 ipso
1447 4509 1500 4563 in
1527 4507 1746 4579 gloria.»
1781 4505 2045 4565 Similiter

459 4611 512 4659 et
539 4601 708 4657 David
746 4603 1010 4673 propheta
1047 4601 1357 4672 spirituales
1402 4599 1625 4655 arbores
1671 4611 1915 4656 mortuas
1963 4602 2047 4656 in-

462 4701 737 4765 spexerat,
768 4710 889 4748 cum
914 4694 1129 4750 dicebat
1160 4712 1174 4747 :
1212 4712 1230 4745 ι
1272 4693 1475 4748 Euntes
1518 4693 1669 4749 ibant
1718 4701 1773 4749 et
1822 4693 2044 4761 ﬂebant,

462 4784 738 4839 mittentes
773 4785 976 4839 semina
1004 4801 1099 4841 sua
1128 4782 1300 4857 (Paul.
1327 4783 1513 4856 cxxv).
1543 4805 1561 4838 ι
1594 4785 1661 4840 Et
1683 4787 1836 4857 quasi
1861 4794 2049 4843 aestate

464 4890 632 4946 regno
664 4876 1131 4946 apprOpinquante
1160 4876 1358 4932 iterum
1396 4876 1748 4933 viviﬁCandas
1791 4878 2045 4948 inspexe-

460 4975 565 5031 rat,
596 4968 811 5035 quando
841 4966 1019 5021 aiebat
1047 4985 1060 5021 :
1094 4985 1114 5018 ι
1149 4967 1441 5022 Venientes
1470 4976 1649 5021 autem
1676 4969 1894 5022 venient
1921 4982 2047 5023 cum

457 5057 837 5124 exsultatione,
860 5068 1142 5128 portantes
1167 5058 1473 5127 manipulos
1494 5072 1640 5113 suos.
1676 5077 1695 5109 ι
1734 5055 1890 5112 Unde
1917 5073 2041 5112 san-

457 5161 544 5206 cta
572 5148 816 5207 Ecclesia
847 5160 970 5223 post
999 5150 1451 5207 resurrectionem
1492 5147 1700 5203 Domini
1742 5146 1915 5203 fructu
1956 5148 2043 5219 ju-

458 5244 620 5299 stitim
648 5243 842 5314 repleri
871 5259 929 5298 se
958 5244 1215 5315 gaudens,
1258 5241 1313 5294 in
1343 5239 1545 5293 amoris
1570 5238 1792 5295 Cantico
1836 5240 2041 5295 audivit

456 5352 489 5391 a
519 5337 748 5393 Domino
773 5357 786 5393 :
818 5336 1007 5402 «Veni,
1025 5337 1195 5392 electa
1212 5349 1356 5398 mea,
1380 5332 1614 5386 formosa
1633 5348 1773 5399 mea,
1791 5318 2041 5388 columba

453 5445 599 5496 mea,
630 5429 976 5486 immaculata
993 5445 1135 5485 mea.
1160 5428 1298 5483 Tota
1326 5422 1551 5497 pulchra
1576 5440 1657 5491 es,
1690 5426 1863 5481 amica
1895 5440 2037 5493 mea,

454 5531 511 5577 et.
530 5523 741 5579 macula
769 5538 876 5578 non
904 5530 989 5578 est
1012 5522 1068 5576 in
1089 5530 1141 5576 te
1170 5520 1298 5575 ulla.
1331 5517 1452 5572 Jam
1481 5518 1623 5573 enim
1656 5520 1829 5574 hiems
1852 5514 2047 5573 trans-'

455 5612 540 5678 iit,
589 5614 762 5670 imber
796 5613 928 5668 abiit
970 5620 1025 5667 et
1076 5612 1321 5675 recessit,
1368 5608 1524 5665 ﬂores
1579 5619 1943 5681 apparuerunt
1984 5610 2041 5666 in

454 5700 881 5775 terra,’tempus
923 5704 1217 5773 putationis
1266 5702 1515 5767 advenit;
1555 5717 1711 5757 mane
1757 5716 2041 5773 surgamus

456 5800 526 5856 ad
569 5801 755 5857 vineas
800 5797 977 5871 (Cant.
1025 5800 1110 5875 ιι).
1147 5819 1167 5854 ›
1228 5797 1318 5855 Vel
1352 5807 1498 5856 certe
1524 5799 1718 5870 aliter,
1749 5815 1847 5873 per
1884 5799 2040 5857 [lcul-

2072 4559 2128 4622 D

2182 571 2325 626 enim
2374 573 2639 641 ﬁculnea,
2701 576 2767 630 ad
2831 591 3035 646 quam,
3088 577 3243 646 juxta
3284 579 3448 635 aliam
3489 578 3768 656 Evangelii

2180 663 2509 732 paraliolam,
2543 666 2804 722 Dominus
2821 668 3036 723 venisse
3074 669 3271 741 legitur
3302 689 3317 727 :
3350 671 3609 739 Quaerens
3652 676 3767 732 fru-

2179 764 2324 809 ctum
2357 755 2411 809 in
2442 771 2527 821 ea,
2553 764 2607 810 et
2640 772 2745 812 non
2777 759 3075 825 inveniens,
3106 761 3241 816 dixit
3271 781 3284 816 :
3321 782 3339 815 ‹
3374 763 3659 835 Nunquam
3696 783 3767 823 ex

2179 856 2230 902 te
2278 847 2489 903 fructus
2527 860 2780 906 nascatur
2804 852 2858 906 in
2896 855 3286 925 sempiternum
3310 855 3527 927 (Matth.
3562 860 3702 932 χχι).
3740 880 3760 913 ι

2176 938 2308 994 Cum
2338 955 2466 1011 ergo
2492 941 2783 997 viderimus
2809 944 2950 998 hanc
2975 944 3285 1012 ficulneam,
3308 946 3362 1002 id
3383 955 3486 1014 est,
3516 946 3763 1022 Synago—

2176 1046 2321 1100 gam,
2363 1046 2430 1085 ex
2466 1046 2525 1087 se
2576 1030 2781 1089 fructus
2832 1034 3166 1091 credulitatis
3213 1037 3481 1107 proferre,
3528 1040 3765 1101 sciamus

2174 1124 2300 1193 quia
2348 1141 2517 1197 prope
2564 1136 2649 1182 est
2694 1143 2918 1199 regnum
2965 1128 3085 1196 Dei,
3129 1131 3385 1201 quoniam
3423 1133 3572 1190 circa
3599 1135 3764 1194 finem

2173 1217 2353 1272 saeculi
2376 1233 2473 1288 per
2494 1219 2930 1289 praedicationem
2951 1220 3082 1277 Elia:
3106 1230 3163 1277 et
3183 1222 3372 1280 Enoch
3393 1222 3677 1299 Synagoga
3694 1245 3764 1284 ex

2170 1316 2323 1378 parte
2351 1309 2625 1364 creditura
2656 1319 2759 1377 est,
2791 1318 2929 1366 teste
2956 1311 3246 1383 Apostolo,
3274 1314 3366 1385 qui
3397 1316 3475 1370 ait
3504 1334 3517 1369 :
3559 1335 3578 1369 ι
3622 1317 3760 1373 Cum

2172 1397 2451 1467 plenitudo
2472 1400 2711 1470 gentium
2739 1401 3158 1469 subintraverit,
3192 1411 3321 1458 tunc
3363 1404 3543 1461 omnis
3593 1406 3761 1463 Israel

2170 1490 2352 1546 salvus
2385 1492 2476 1546 [iet
2506 1490 2677 1561 (Rom.
2714 1492 2796 1564 ιι).
2831 1513 2851 1546 ι
2884 1493 2953 1548 Et
2978 1495 3177 1550 iterum
3203 1512 3217 1550 :
3246 1513 3267 1548 ι
3295 1495 3412 1552 Non
3436 1497 3588 1568 prius
3617 1500 3761 1569 quod

2169 1584 2431 1653 spiritale,
2472 1585 2567 1640 sed
2603 1585 2746 1654 quod
2794 1586 3045 1651 animale,
3074 1587 3270 1643 deinde
3317 1590 3460 1660 quod
3514 1591 3759 1661 spiritale

2167 1676 2218 1745 (I
2243 1676 2363 1731 Cor.
2388 1676 2500 1747 xv).
2530 1697 2548 1729 ι
2569 1676 2721 1733 Unde
2733 1686 2786 1731 et
2800 1677 3058 1734 Dominus
3073 1694 3171 1749 per
3191 1676 3508 1737 Malachiam
3529 1684 3762 1754 prophe-

2170 1775 2283 1821 tam
2318 1768 2649 1839 repromisit,
2674 1768 2861 1824 dicens
2896 1787 2910 1823 :
2944 1788 2964 1822 ι
2998 1769 3139 1826 Ecce
3178 1786 3278 1843 ego
3318 1773 3532 1828 mittam
3572 1775 3638 1829 ad
3664 1790 3761 1830 vos

2092 1839 2140 1898 Β
2168 1857 2343 1911 Eliam
2391 1856 2719 1924 Thesbiten,
2760 1859 2851 1928 qui
2890 1868 3173 1915 convertat
3216 1839 3380 1917 corda
3432 1870 3645 1932 patrum
3696 1864 3753 1919 in

2170 1946 2328 2014 ﬁlios,
2346 1957 2402 2004 et
2414 1949 2574 2004 corda
2602 1948 2833 2004 ﬁliorum
2848 1950 2914 2004 ad
2934 1958 3116 2021 patres
3129 1967 3319 2007 eorum
3337 1952 3594 2023 (Malach.
3618 1953 3717 2025 tv).
3729 1974 3751 2009 ι

2244 2057 2263 2090 ι
2306 2038 2477 2093 Amen
2504 2038 2625 2095 dico
2652 2039 2827 2108 vobis,
2844 2040 2972 2110 quia
3001 2056 3108 2096 non
3134 2043 3433 2113 praeteribit
3476 2045 3757 2115 generatio

2172 2156 2191 2188 ‹
2241 2137 2378 2201 hmc,
2407 2138 2578 2191 donec
2616 2137 2798 2191 omnia
2839 2135 2991 2192 ﬁant.
3044 2156 3063 2191 ι
3119 2138 3292 2194 Amen
3319 2180 3335 2207 ,
3382 2139 3601 2210 proprie
3649 2140 3757 2197 He-

2166 2227 2438 2282 braeorum
2468 2242 2647 2282 sermo
2692 2235 2796 2293 est,
2826 2236 2881 2281 et
2919 2235 3005 2284 est
3050 2228 3367 2285 adverbium
3412 2214 3752 2301 aﬂirmantis,

2165 2326 2219 2371 et
2246 2333 2367 2371 cum
2394 2317 2563 2386 possit
2608 2317 2953 2387 interpretari
2984 2334 3098 2373 vere
3126 2319 3239 2374 sive
3267 2319 3493 2388 ﬁdeliter
3510 2361 3525 2386 ,
3549 2336 3580 2375 a
3602 2320 3752 2377 nullo

2168 2406 2581 2477 interpretatum
2608 2418 2713 2474 est,
2736 2410 2829 2463 sed
2876 2410 2946 2465 ob
2981 2409 3248 2466 honorem
3293 2420 3348 2467 et
3392 2414 3753 2468 reverentiam

2164 2497 2402 2563 Domini,
2435 2497 2525 2567 qui
2557 2498 2661 2552 hoc
2686 2513 2938 2555 sermone
2974 2498 3028 2555 in
3064 2515 3161 2555 sua
3186 2499 3458 2557 locutione
3488 2500 3749 2571 frequen-

2164 2595 2248 2642 ter
2295 2603 2425 2642 usus
2470 2596 2573 2653 est,
2622 2589 2696 2643 ita
2746 2589 2969 2645 relictus
3013 2597 3097 2646 est
3135 2590 3251 2646 sine
3278 2590 3744 2662 interpretatione.

2163 2677 2458 2733 Generatio
2486 2688 2667 2734 autem
2700 2681 2836 2744 hac,
2868 2679 2916 2736 si
2937 2680 3004 2737 de
3023 2678 3330 2738 Iudaeorum
3360 2692 3521 2754 gente
3546 2682 3748 2738 intelli-

2163 2778 2341 2838 gatur,
2375 2786 2482 2825 non
2518 2762 2839 2840 praeteribit,
2867 2780 2929 2827 ut
2967 2772 3151 2844 plures
3191 2774 3406 2830 illorum
3446 2791 3557 2831 non
3602 2774 3741 2840 sint,

2162 2864 2516 2933 quoadusque
2541 2863 2724 2918 omnia
2759 2878 2881 2935 qua:
2925 2879 2957 2919 a
3006 2865 3236 2923 Domino
3273 2866 3529 2937 praedicta
3585 2875 3743 2932 sunt,

2162 2957 2507 3027 impleantur.
2544 2958 2601 3015 Si
2640 2974 2771 3015 vero
2790 2960 2864 3015 ad
2893 2968 3064 3016 totam
3095 2962 3319 3017 humani
3345 2961 3561 3033 generis
3604 2976 3747 3016 mas-

2161 3062 2277 3101 sam
2308 3048 2600 3116 referatur,
2627 3048 2916 3105 manifeste
2961 3057 3111 3121 patet
3147 3051 3274 3121 Quia
3315 3066 3422 3106 non
3451 3050 3749 3121 praeteribit

2159 3153 2327 3209 genus
2371 3138 2713 3208 humanum,
2770 3140 3117 3211 quoadusque
3161 3140 3344 3196 omnia
3397 3155 3515 3210 qua:
3552 3155 3582 3195 a
3641 3140 3746 3195 Do-

2160 3229 2310 3284 mino
2330 3231 2585 3302 praedicta
2626 3240 2771 3299 sunt,
2803 3240 3175 3288 consummata
3198 3233 3327 3289 sint.
3359 3232 3623 3288 Praedicta
3658 3239 3745 3288 est

2159 3322 2303 3387 enim
2334 3321 2548 3378 Domini
2575 3323 2895 3389 incarnatio,
2927 3332 2983 3381 et
3010 3323 3230 3396 impleta
3252 3331 3356 3382 est.
3372 3322 3638 3380 Praedicta
3661 3330 3745 3378 est

2156 3410 2274 3481 ejus
2299 3413 2501 3483 passio,
2530 3422 2584 3467 et
2614 3415 2959 3479 resurrectio,
2986 3412 3301 3483 et'impletae
3314 3422 3458 3469 sunt.
3479 3413 3742 3468 Praedicta

2158 3512 2241 3557 est
2266 3503 2493 3571 gloriosa
2520 3502 2634 3570 ejus
2673 3506 2942 3569 ascensio,
2970 3513 3026 3559 et
3044 3503 3311 3574 completa
3335 3512 3437 3558 est.
3478 3502 3741 3558 Praedicta

2156 3606 2240 3650 εει
2260 3594 2527 3661 Ecclesia,
2541 3609 2639 3666 per
2657 3596 2969 3651 universum
2993 3597 3251 3652 mundum
3277 3596 3479 3664 futura,
3496 3604 3549 3653 et
3569 3598 3740 3656 oculis

2156 3686 2429 3741 cernimus
2473 3686 2770 3755 impletum.
2804 3686 3065 3742 Praedicta
3103 3698 3229 3742 sunt
3265 3688 3419 3758 signa
3461 3689 3515 3744 in
3546 3688 3657 3743 sole
3686 3694 3741 3745 et

2155 3780 2304 3846 luna,
2334 3789 2388 3834 et
2427 3778 2616 3845 stellis,
2646 3778 2864 3849 impleta
2905 3787 3052 3834 sunt.
3082 3778 3379 3836 Praedictus
3420 3790 3505 3837 est
3528 3782 3739 3837 sonitus

2153 3871 2324 3926 maris
2350 3879 2405 3927 et
2430 3870 2709 3938 ﬂuctuum,
2730 3870 2862 3926 nulli
2893 3870 3114 3927 dubium
3140 3871 3283 3943 quod
3306 3871 3575 3928 adveniat.
3598 3870 3738 3926 Prae-

2153 3961 2298 4017 dicta
2322 3970 2407 4016 est
2435 3961 2549 4017 dies
2574 3961 2787 4031 judicii,
2819 3963 2943 4034 quia
2972 3964 3207 4018 nondum
3235 3962 3452 4035 impleta
3486 3970 3587 4026 est,
3620 3962 3737 4018 sine

2153 4054 2316 4109 dubio
2342 4053 2610 4123 implenda
2641 4054 2901 4110 creditur.
2942 4054 3267 4111 Praedictum
3307 4064 3391 4111 est
3434 4051 3738 4116 universale

2145 4141 2432 4213 judicium,
2454 4153 2508 4199 et
2535 4145 2646 4200 vita
2674 4154 2896 4213 aeterna,
2919 4154 2974 4202 et
2997 4146 3310 4218 complenda
3338 4155 3734 4216 exspectamus.

2150 4236 2285 4293 Cum
2330 4246 2533 4307 quanta
2586 4248 2765 4294 autem
2817 4238 3075 4295 firmitate
3110 4239 3377 4295 credenda
3403 4239 3532 4305 sint,
3558 4252 3678 4311 qua:
3704 4251 3736 4291 a

2150 4329 2381 4388 Domino
2433 4331 2695 4405 prapdicta
2742 4342 2900 4402 sunt,
2932 4334 3048 4405 ipse
3084 4333 3428 4401 manifestat,
3469 4347 3593 4389 cum
3640 4329 3737 4386 ad-

2140 4420 2322 4494 jungit
2350 4441 2365 4477 :
3727 4422 3732 4427 ’

2230 4529 2250 4565 ‹
2295 4511 2506 4569 Ctelum
2542 4522 2599 4570 et
2626 4522 2772 4571 terra
2799 4514 3129 4581 transibunt,
3181 4513 3347 4571 verba
3387 4522 3567 4570 autem
3613 4528 3735 4569 mea

2156 4622 2175 4656 ι
2218 4617 2326 4659 non
2383 4604 2708 4659 transibunt.
2756 4623 2776 4656 ι
2826 4603 2971 4659 Nihil
3019 4604 3164 4659 enim
3220 4603 3383 4660 rebus
3431 4601 3735 4658 visibilibus

2150 4694 2289 4751 caalo
2313 4703 2369 4750 et
2399 4703 2543 4750 terra
2569 4695 2890 4763 durabilius,
2918 4696 3052 4751 nihil
3081 4696 3137 4751 in
3170 4697 3332 4753 rebus
3358 4695 3611 4751 humanis
3640 4709 3737 4752 ve-

2150 4788 2320 4844 locius
2350 4804 2510 4857 quam
2553 4790 2720 4843 verba
2765 4797 3079 4856 transeunt,
3117 4805 3236 4860 quae
3266 4803 3368 4845 nec
3398 4787 3584 4859 perfici
3628 4786 3735 4845 nisi

2149 4880 2479 4934 transeundo
2527 4888 2771 4950 possunt.
2829 4879 2967 4936 Cum
3022 4895 3151 4952 ergo
3219 4862 3480 4934 Dominus
3539 4877 3670 4933 dicit
3714 4891 3731 4932 :

2156 4988 2174 5021 ι
2217 4968 2423 5025 Caelum
2480 4978 2535 5025 et
2584 4978 2728 5025 terra
2775 4971 3117 5035 transibunt,
3160 4968 3326 5024 verba
3384 4974 3565 5021 autem
3611 4983 3729 5025 mea

2150 5073 2257 5112 non
2311 5058 2651 5126 transibunt,
2697 5079 2716 5111 ι
2759 5059 2995 5115 ostendit
3054 5058 3181 5129 quia
3243 5073 3362 5127 qua:
3425 5057 3566 5129 apud
3633 5073 3733 5113 nos

2148 5146 2255 5201 fixa
2278 5147 2550 5215 videntur,
2580 5150 2719 5220 apud
2750 5148 2896 5203 illum
2945 5148 3264 5203 transitoria
3310 5156 3437 5203 sunt
3465 5165 3478 5203 :
3512 5156 3568 5203 et
3613 5163 3734 5218 qua:

2148 5238 2288 5308 apud
2316 5252 2414 5292 nos
2450 5239 2765 5294 transitoria
2795 5238 3070 5304 videntur,
3103 5238 3157 5293 in
3195 5237 3313 5308 ejus
3349 5238 3531 5295 verbis
3576 5238 3733 5293 firma

2148 5328 2204 5389 et
2231 5333 2445 5389 stabilia
2478 5342 2623 5399 sunt,
2646 5334 2772 5403 quia
2794 5332 2933 5389 lixas
2953 5343 3008 5389 et
3029 5343 3412 5405 permanentes
3438 5333 3735 5388 sententias

2150 5427 2351 5482 format
2388 5426 2505 5498 ejus
2535 5441 2714 5482 sermo
2739 5427 2868 5481 dum
2901 5428 3115 5483 transit.
3170 5426 3277 5482 Sed
3312 5424 3571 5494 quaeritur
3608 5440 3731 5480 cum

2149 5515 2410 5573 Dominus
2427 5517 2570 5572 dicat
2599 5535 2611 5572 :
2639 5516 2847 5574 Ctelum
2874 5527 2929 5573 et
2952 5528 3093 5573 terra
3117 5514 3443 5579 transibunt,
3463 5516 3735 5584 quomodo

2149 5600 2296 5665 stare
2321 5611 2493 5679 possit
2515 5611 2643 5667 illud
2670 5613 2813 5684 quod
2843 5613 2919 5666 ait
2960 5608 3315 5664 Ecclesiastes
3341 5621 3356 5661 :
3394 5624 3413 5659 ι
3441 5605 3735 5665 Generatio

2147 5702 2416 5774 praeterit,
2443 5711 2499 5758 et
2527 5707 2802 5777 generatio
2824 5701 3059 5762 advenit,
3087 5707 3229 5754 terra
3258 5712 3386 5754 vero
3433 5698 3488 5751 in
3526 5690 3732 5767 sempié

2151 5807 2363 5855 ternum
2404 5808 2509 5854 stat
2560 5800 2782 5867 (Eccles.
2820 5798 2903 5870 r)?
2947 5814 2966 5847 ι
3025 5791 3083 5849 Si
3126 5793 3293 5862 enim,
3318 5790 3472 5863 juxta
3520 5789 3736 5860 Domini
