4038 6352
256 397 332 456 $5
1499 382 1803 440 HOMlleE
1844 380 1933 438 DE
1971 376 2317 435 TEMPORE.
2898 423 2903 429 .
3462 372 3533 432 96

260 526 479 578 vocem,
501 508 709 566 Comm
739 517 795 564 et
823 516 965 563 terra
1003 502 1328 569 transibunt,
1343 502 1612 573 quomodo
1633 509 1773 557 terra
1796 497 1850 552 in
1878 502 1929 562 Α
1956 492 2180 567 (1ὺίι1),›
2212 502 2269 547 et
2294 491 2361 547 de
2384 505 2493 562 quo
2521 491 2688 546 multa
2719 489 3027 548 testimonia
3047 488 3416 561 perhibuerat,
3445 490 3533 547 di-

264 604 654 675 sempiternum
681 610 827 659 stare
851 599 1089 656 dicitur?
1116 599 1198 655 Ad
1226 597 1365 668 quod
1394 595 1700 658 dicendum,
1722 592 1847 662 quia
1950 601 2077 641 cens
2109 602 2122 638 :
2154 604 2173 637 ι
2207 584 2309 652 Qui
2334 584 2399 638 de
2420 591 2565 638 terra
2592 591 2703 648 est,
2747 583 2999 675 degterra
3026 581 3315 675 loquitur__:
3345 581 3438 651 qui
3468 580 3537 675 de

265 671 414 750 aliud
451 703 534 751 est
572 694 768 750 cmlum
819 708 1059 758 aereum,
1112 691 1256 746 aliud
1305 690 1596 753 sidereum,
1620 694 1674 742 et
1705 683 1850 739 aliud
1950 677 2086 733 coelo
2115 677 2281 743 venit,
2310 690 2471 745 super
2498 688 2686 730 omnes
2714 681 2798 728 est
2820 673 3004 747 (Joan.
3046 672 3168 745 Ill)?
3198 694 3217 725 ι
3254 671 3403 740 Non;
3440 672 3537 728 sed

266 787 587 842 aethereum.
610 784 818 841 Caelum
846 800 975 855 ergo
1004 798 1221 839 aereum
1265 791 1427 837 terrae
1467 780 1700 835 vicinum
1733 786 1850 843 est,

267 876 415 931 unde
439 883 496 930 et
521 890 649 929 aves
674 874 798 930 C(Bli
825 873 1187 938 nominamus,
1212 886 1346 942 quas
1365 884 1529 941 super
1553 883 1678 923 aera
1714 866 1854 923 voli-

270 978 390 1024 tare
416 968 712 1024 cernimus.
738 966 929 1021 Pluvia
955 965 1154 1021 dicitur
1182 963 1377 1020 cadere
1414 962 1480 1017 de
1509 961 1647 1017 cmlo
1666 1002 1680 1027 ,
1728 974 1854 1015 cum

267 1063 461 1133 utique
508 1061 575 1116 de
622 1060 858 1116 nubibus
907 1075 1042 1130 quas
1092 1059 1382 1124 cernimus,
1427 1057 1596 1127 pluat.
1646 1052 1857 1109 Caelum

268 1167 404 1224 ergo
433 1153 539 1209 hoc
563 1167 783 1208 aereum
812 1159 868 1207 et
891 1161 1032 1207 terra
1066 1151 1297 1207 transire
1335 1151 1611 1214 dicuntur,
1634 1144 1860 1203 Psalmi-

270 1254 357 1300 sta
390 1246 604 1301 dicente
633 1264 648 1300 :
687 1265 704 1298 ι
732 1244 913 1311 Initio,
932 1253 987 1299 tu
1008 1244 1255 1311 Domine,
1287 1254 1487 1299 terram
1518 1241 1772 1307 fundasti,
1803 1248 1859 1295 et

269 1350 440 1406 opera
503 1350 760 1390 manuum
821 1343 1036 1389 tuarum
1097 1343 1225 1390 sunt
1274 1334 1434 1400 cmli,
1465 1333 1567 1403 ipsi
1608 1333 1861 1403 peribunt

273 1422 452 1497 (Psal.
483 1423 580 1496 ει).
615 1443 634 1476 ι
668 1422 784 1480 Non
814 1432 874 1478 ut
902 1424 1122 1480 omnino
1157 1439 1263 1479 non
1290 1424 1416 1489 sint,
1447 1424 1540 1478 sed
1571 1430 1630 1477 ut
1668 1423 1722 1477 in
1750 1437 1863 1478 me-

273 1517 381 1572 lius
405 1517 738 1573 immutanda
765 1516 895 1573 sint.
924 1515 1044 1586 Ipsa
1072 1532 1202 1588 ergo
1245 1516 1550 1572 immutatio
1605 1517 1864 1570 transitus

274 1605 601 1676 appellatur.
632 1605 889 1662 Transire
918 1621 1047 1661 vero
1075 1606 1275 1662 dicitur
1296 1622 1401 1662 non
1438 1605 1610 1662 solum
1646 1607 1699 1661 id
1721 1605 1865 1675 quod

1954 771 2067 825 haec
2089 768 2439 840 interrogatio
2452 766 2696 830 Joannis,
2712 766 2854 821 illius
2874 766 3151 838 discipulis
3172 765 3351 837 potius
3373 780 3537 835 quam

1953 860 2029 915 illi
2086 860 2392 915 necessaria
2442 866 2579 913 erat.
2630 856 2700 913 Ut
2746 858 2889 928 quod
2957 874 3086 930 ergo
3136 849 3536 929 interrogavit,

1961 971 1978 1003 ι
2007 951 2086 1006 Tu
2101 966 2159 1005 es
2172 951 2261 1021 qui
2282 958 2543 1006 venturus
2554 964 2638 1015 es,
2659 964 2727 1003 an
2751 949 2914 1003 alium
2928 960 3304 1021 exspectamus
3320 948 3538 1022 (Jfatth.

1955 1062 2036 1111 XI,
2062 1044 2190 1099 Luc.
2217 1045 2351 1116 vn)?
2386 1065 2404 1097 ι
2432 1045 2514 1099 Ad
2540 1045 2684 1115 quod
2713 1043 3166 1114 respondendum,
3199 1045 3326 1116 quia
3357 1044 3410 1099 in
3440 1044 3542 1099 hac

1957 1136 2400 1207 interrogatione,
2450 1144 2512 1190 ut
2547 1135 2801 1201 diximus,
2829 1152 2937 1191 non
2974 1135 3097 1200 sibi,
3127 1137 3220 1190 sed
3266 1133 3545 1207 discipulis

1960 1228 2073 1283 suis
2101 1228 2391 1293 consuluit,
2420 1228 2472 1283 id
2498 1243 2606 1282 non
2630 1236 2852 1299 propter
2880 1226 3549 1297 suamignorantiam,sed

1961 1327 2179 1390 propter
2243 1318 2676 1374 incredulitatem
2740 1316 3192 1388 interrogantium
3255 1316 3545 1388 discipulo—

1965 1427 2104 1465 rum.
2134 1410 2286 1478 Quod
2317 1421 2495 1465 autem
2526 1408 2772 1480 discipuli
2813 1408 3037 1464 Joannis
3081 1423 3208 1479 erga
3235 1407 3544 1473 Dominum,

1964 1521 2124 1576 quem
2147 1506 2324 1561 adhuc
2347 1521 2535 1561 verum
2567 1507 2735 1561 Deum
2761 1520 2867 1561 non
2890 1505 3320 1579 cognoscebant,
3348 1504 3552 1572 aliquid

1966 1596 2336 1651 mordacitatis
2376 1596 2460 1651 vel
2503 1596 2690 1651 livoris
2736 1595 3031 1659 haberent,
3083 1595 3332 1664 superior
3372 1601 3551 1648 textus

274 1699 353 1754 ξω
380 1699 520 1769 peril
548 1699 690 1769 quod
733 1714 1011 1768 nunquam
1039 1700 1135 1764 sit,
1166 1700 1260 1755 sed
1288 1700 1430 1769 quod
1461 1700 1779 1754 immulalur
1807 1705 1868 1753 ut,
1968 1687 2239 1758 Evangelii
2282 1689 2533 1743 ostendit.
2584 1687 2642 1742 In
2688 1687 2778 1743 illo
2801 1688 2889 1743 die
2927 1694 3275 1743 accesserunt
3302 1684 3553 1756 discipuli

275 1790 470 1845 melius
496 1791 588 1846 sit,
614 1790 766 1846 Sicut
790 1790 1005 1846 metalla
1033 1806 1198 1847 aurea
1227 1800 1283 1847 ει
1306 1800 1556 1862 argentea
1575 1807 1671 1861 per
1686 1792 1864 1863 ignem
1898 1862 1907 1863 ὲ
1967 1777 2190 1834 Joannis
2209 1779 2274 1833 ad
2298 1778 2503 1843 Jesum,
2529 1778 2769 1833 dicentes
2793 1796 2805 1832 ζ
2837 1796 2855 1829 ι
2887 1777 3065 1845 Quare
3086 1793 3183 1832 l'lOS
3209 1786 3263 1831 et
3292 1775 3554 1832 Pharisaai

277 1891 586 1950 transeunt,
617 1898 726 1939 non
753 1892 815 1938 ut
858 1899 965 1939 non
993 1884 1125 1952 sint,
1155 1885 1249 1941 sed
1276 1893 1335 1939 ut
1363 1885 1671 1955 pulchriora
1707 1862 1858 1940 fiant.
1892 1862 1940 1923 Β
1959 1869 2264 1940 ieiunamus
2304 1871 2636 1942 Γνθίίιιθηῑθΐ»
2667 1872 2914 1943 discipuli
2945 1880 3121 1926 autem
3151 1872 3227 1925 ῑυί
3270 1887 3374 1926 ηοιι
3414 1867 3555 1939 Jelu‘

273 1976 547 2045 Quoniam
584 1977 782 2032 coelum
805 1985 858 2032 et
887 1986 1052 2042 terra,
1085 1995 1205 2050 quae
1242 1980 1445 2034 nostris
1487 1978 1866 2050 iniquitatibus

273 2068 481 2138 polluta
506 2079 654 2136 sunt,
673 2084 774 2140 per
800 2070 977 2142 ignem
1001 2070 1055 2125 in
1081 2071 1168 2126 die
1185 2058 1674 2142 judicii'purganda
1714 2078 1861 2135 sunt,

275 2160 423 2215 sicut
450 2160 527 2216 ait
554 2160 844 2216 Psalmista
871 2179 885 2216 :
910 2161 1054 2233 ignis
1084 2171 1211 2218 ante
1258 2164 1432 2234 ipsum
1482 2163 1772 2234 praecedet,
1813 2170 1868 2218 et

274 2250 640 2307 inflammabit
667 2253 720 2307 in
744 2253 974 2309 circuitu
1003 2254 1253 2310 inimicos
1273 2256 1412 2327 ejus.
1446 2255 1513 2310 Et
1542 2264 1748 2310 tantum
1775 2271 1867 2310 ar-

274 2341 433 2396 debit
461 2343 603 2413 ignis
618 2343 811 2413 iudicii
833 2346 886 2399 in
915 2361 1061 2411 aere,
1079 2355 1140 2401 ut
1161 2348 1402 2402 nonnulli
1433 2349 1674 2414 tradunt,
1698 2364 1868 2418 quan-

275 2438 401 2484 tum
431 2445 586 2500 aquae
614 2431 799 2486 diluvii
823 2443 1223 2504 occupaverunt
1248 2451 1409 2506 super
1437 2445 1734 2501 terram,et
1754 2439 1870 2506 ipsa

278 2517 594 2572 immutatio
634 2518 757 2573 coeli
780 2527 834 2573 et
856 2529 1044 2586 terrae,
1074 2522 1337 2577 transitus
1366 2523 1683 2593 appellatur.
1722 2523 1875 2579 Sicut

278 2609 433 2665 enim
489 2610 654 2664 homo
718 2612 977 2666 amictum
1036 2614 1121 2668 vel
1167 2614 1448 2683 quodlibet
1486 2616 1871 2671 vestimentum

283 2715 316 2754 a
337 2715 398 2756 se
433 2701 675 2772 projicit,
703 2710 765 2757 ut
802 2703 1033 2767 alterum
1057 2705 1338 2761 decentius
1366 2707 1569 2770 induat,
1608 2708 1680 2761 ita
1732 2706 1872 2761 Deus

284 2791 631 2861 omnipotens
657 2793 855 2848 caelum
881 2802 936 2849 et
957 2802 1156 2849 terram
1186 2811 1284 2865 per
1309 2796 1485 2870 ignem
1511 2798 1785 2868 purgabit,
1814 2806 1873 2853 ut

285 2891 516 2953 purgata
548 2883 601 2938 in
632 2883 1171 2941 melius’consistant.
1204 2886 1359 2943 Unde
1391 2896 1445 2943 et
1495 2903 1591 2958 per
1637 2887 1870 2943 Psalmi-

289 2980 429 3026 stam
472 2973 708 3029 dicitur:
741 2991 761 3024 ι
799 2974 868 3029 Ει
912 2975 1060 3031 velut
1100 2978 1358 3033 amictum
1397 2979 1635 3035 mutabis
1670 2995 1786 3045 eos,
1816 2988 1873 3035 et

289 3065 643 3121 mutabuntur
672 3064 885 3139 (Ibid).
927 3087 946 3121 ι
991 3066 1129 3124 Hinc
1157 3085 1257 3140 per
1302 3069 1521 3126 Petrum
1567 3072 1868 3142 apostolum

288 3155 487 3211 dicitur
547 3157 656 3230 (II
708 3157 856 3216 Petr.
898 3160 1040 3232 m):
1084 3180 1105 3214 ‹
1151 3162 1285 3219 (Σωιὶ
1339 3173 1522 3220 autem
1584 3166 1675 3236 qui
1727 3183 1871 3223 nunc

1967 1977 2099 2022 nant
2126 1966 2340 2040 (Matth.
2370 1967 2484 2039 rx)?
2516 1988 2535 2020 ι
2573 1967 2641 2022 Et
2667 1969 2861 2021 iterum
2894 1985 2906 2021 :
2943 1987 2960 2019 ι
2994 1966 3360 2022 Accesserunt
3393 1964 3556 2019 disci-

1969 2058 2076 2129 puli
2108 2057 2332 2114 Joannis
2356 2061 2422 2113 ad
2447 2073 2593 2124 eum,
2629 2076 2648 2110 ι
2675 2058 2882 2114 scilicet
2914 2057 2981 2112 ad
3008 2055 3294 2121 Joannem,
3322 2072 3340 2106 ι
3371 2053 3556 2109 dicen-

1970 2159 2050 2206 tes
2091 2168 2106 2207 :
2151 2150 2424 2221 Magister,
2471 2150 2557 2205 cui
2609 2149 2976 2205 testimonium
3026 2146 3382 2218 perhibuisti,
3430 2159 3556 2200 ecce

1969 2239 2230 2309 baptizat,
2250 2248 2305 2294 et
2332 2238 2509 2294 omnis
2535 2239 2689 2294 turba
2715 2246 2981 2309 posteum
3012 2237 3159 2293 vadit
3188 2235 3370 2308 (Joan.
3395 2234 3501 2304 ιιι).
3531 2253 3550 2285 ι

1969 2332 2048 2387 Ac
2089 2332 2132 2387 si
2178 2332 2441 2387 dixissent
2471 2346 2485 2384 :
2515 2330 2623 2385 Nos
2652 2330 3042 2400 relinquimur,
3082 2338 3137 2385 et
3179 2328 3327 2382 illum
3380 2325 3557 2381 omnis

1976 2425 2131 2477 turba
2176 2423 2440 2493 sequitur.
2488 2422 2703 2478 Positus
2750 2438 2880 2493 ergo
2928 2421 3162 2476 Joannes
3214 2420 3268 2473 in
3313 2431 3554 2480 carcere,

1974 2517 2151 2572 sciens
2177 2529 2235 2570 se
2271 2530 2370 2584 pro
2403 2514 2649 2569 veritatis
2692 2513 3002 2569 testimonio
3028 2511 3370 2575 moriturum,
3398 2507 3560 2564 disci-

1974 2606 2128 2676 pulos
2154 2621 2289 2675 quos
2332 2607 2400 2660 ad
2441 2605 2765 2659 credendum
2795 2603 3011 2659 Christo
3052 2610 3472 2674 praeparaverat,
3502 2599 3559 2653 in

1975 2698 2076 2751 hoc
2105 2711 2290 2751 errore
2340 2695 2642 2765 relinquere
2683 2696 2892 2761 noluit,
2941 2703 2996 2749 et
3043 2696 3161 2750 ideo
3190 2695 3290 2749 sub
3334 2694 3560 2749 obtentu

1976 2784 2413 2855 interrogationis
2437 2799 2532 2839 eos
2554 2784 2621 2839 ad
2657 2784 3096 2855 interrogandum
3125 2784 3307 2849 misit,
3340 2793 3399 2837 ut
3430 2783 3556 2838 dum
3646 2854 3653 2859 ‘

1973 2879 2040 2933 ad
2062 2878 2501 2948 interrogandum
2542 2893 2665 2933 eum
2692 2887 3014 2948 pergerent,
3036 2878 3281 2933 videntes
3321 2877 3472 2948 signa
3505 2883 3563 2931 et

1975 2970 2228 3025 miracula
2261 2986 2380 3041 qua:
2410 2970 2669 3035 faciebat,
2703 2985 2888 3026 verum
2919 2971 3088 3026 Deum
3131 2985 3250 3025 esse
3290 2968 3438 3023 illum
3468 2982 3563 3024 co-

1974 3071 2297 3135 gnoscerent
2316 3103 2332 3128 ,
2368 3078 2433 3117 ac
2460 3063 2765 3129 crederent,
2790 3072 2843 3117 et
2869 3062 2948 3119 sic
2968 3063 3036 3117 ab
3067 3064 3184 3133 ipso
3212 3076 3397 3118 errore
3426 3061 3563 3117 libe-

1976 3166 2245 3210 rarentur.
2276 3154 2372 3209 Est
2391 3163 2446 3209 et
2475 3155 2578 3209 alia
2597 3154 2936 3211 rationabilis
2952 3148 3137 3217 causa.
3163 3170 3261 3226 pro
3274 3170 3378 3223 qua
3405 3151 3563 3208 Joan-

290 3254 498 3302 suntet
525 3255 668 3303 terra
698 3251 885 3306 eodem
914 3252 1081 3307 verba
1119 3254 1371 3324 reposita,
1435 3256 1545 3325 ῖεηί
1593 3233 1867 3313 ιῖεδειινδιει
1897 3233 1942 3297 C
1973 3263 2069 3303 nes
2111 3248 2177 3302 ad
2233 3248 2671 3319 interrogandum
2712 3247 2986 3303 Christum
3042 3248 3330 3319 discipulos
3388 3246 3559 3302 misit.

295 3337 501 3391 suntin
532 3339 619 3393 die
641 3338 849 3407 iudicii.
881 3361 900 3393 ι
935 3342 1001 3397 Et
1026 3342 1221 3399 iterum
1256 3363 1269 3398 :
1305 3364 1323 3396 ι
1350 3345 1477 3402 Dies
1498 3343 1709 3402 Domini
1732 3350 1871 3403 sicut

299 3425 407 3489 fur,
441 3426 517 3481 ita
548 3427 601 3482 in
633 3436 790 3484 nocte
820 3432 1018 3497 veniet,
1053 3434 1108 3487 in
1142 3449 1249 3503 quo
1274 3434 1396 3490 caeli
1425 3451 1621 3507 magno
1667 3438 1869 3506 impetu

296 3519 628 3584 transibunt,
660 3520 921 3578 elementa
945 3539 1077 3581 vero
1102 3526 1282 3582 calore
1311 3527 1610 3584 solventur.
1665 3547 1683 3580 ι
1734 3528 1871 3584 lliuc

288 3623 387 3679 per
403 3604 598 3665 Isaiam
628 3611 893 3669 Dominus
916 3616 1088 3671 dicit:
1125 3637 1145 3669 ι
1180 3617 1320 3675 Ecce
1353 3634 1453 3691 ego
1502 3634 1628 3675 creo
1675 3620 1871 3676 ctelum

284 3716 486 3756 novum
515 3712 573 3758 et
599 3711 800 3761 terram
840 3722 1062 3775 novam,
1089 3725 1196 3765 non
1219 3717 1278 3765 ut
1306 3711 1585 3767 condenda
1612 3713 1741 3778 sint,
1776 3713 1873 3768 sed

283 3800 344 3846 ut
377 3792 433 3847 in
462 3793 654 3851 melius
701 3796 1034 3853 immutanda
1085 3798 1220 3869 (Ira.
1254 3800 1400 3868 uv).
1454 3819 1473 3853 ι
1521 3799 1612 3857 Sic
1674 3809 1730 3857 et
1776 3816 1874 3871 per

284 3879 549 3940 Joannem
578 3887 643 3942 in'
661 3888 987 3961 Apocalypsi
1016 3891 1253 3948 dicitur:
1293 3910 1314 3945 ι
1353 3893 1494 3950 Ecce
1540 3909 1679 3951 nova
1729 3894 1871 3951 facio

283 3977 467 4032 omnia
498 3978 682 4051 (Apoc.
714 3982 854 4053 xxi).
887 4001 907 4035 ι
1068 3998 1074 4005 ’
1696 3972 1705 3977 ί

870 4117 1157 4189 ΗΟΜΙΙΔΑ
1192 4121 1279 4177 Ill.

664 4250 918 4292 DOIINJCA
955 4252 1154 4294 TERTIA
1192 4253 1492 4295 ADVENTUS.

357 4341 601 4414 (ΜΛἸἽἮ.
625 4345 725 4417 x1).
758 4364 777 4396 ι
812 4346 869 4400 1η
892 4346 983 4402 illo
1014 4356 1277 4419 tempore,
1298 4364 1420 4404 cum
1448 4348 1687 4406 audisset
1712 4349 1874 4406 Joan-

291 4453 314 4486 (
349 4450 447 4490 nes
493 4438 547 4492 in
596 4438 828 4495 vinculis
873 4457 1039 4512 opera
1088 4443 1313 4509 Christi,
1364 4444 1587 4500 mittens
1627 4444 1763 4502 duos
1806 4446 1873 4502 de

292 4548 314 4581 ι
349 4530 625 4602 discipulis
653 4534 789 4600 suis,
816 4536 893 4590 ait
920 4536 993 4591 illi
1028 4555 1041 4590 :
1077 4537 1157 4592 Tu
1179 4553 1239 4594 es
1260 4539 1352 4609 qui
1381 4547 1641 4595 venturus
1670 4554 1781 4601 es.»
1817 4548 1872 4596 et

1973 3339 2209 3394 Noverat
2235 3340 2379 3395 enim
2423 3356 2523 3410 pro
2562 3341 2931 3411 redemptione
2976 3341 3253 3397 hominum
3280 3339 3557 3395 Christum

1972 3440 2156 3485 natum
2185 3432 2251 3485 de
2284 3431 2491 3499 virgine
2521 3430 2573 3484 in
2604 3430 2862 3485 mundum
2891 3432 3137 3493 venisse;
3167 3440 3349 3485 utrum
3378 3438 3559 3485 autem

1973 3522 2213 3577 moriens
2232 3538 2329 3592 per
2356 3521 2591 3591 seipsum
2618 3536 2712 3576 eos
2739 3522 2831 3591 qui
2861 3521 2915 3575 in
2939 3520 3151 3577 inferno
3181 3521 3378 3592 injuste
3407 3530 3560 3577 tene-

1973 3615 2172 3670 bantur
2208 3615 2535 3670 liberaturus
2558 3622 2720 3675 esset.
2762 3614 2940 3670 adhuc
2977 3613 3259 3682 ignorabat
3302 3630 3314 3666 :
3348 3623 3403 3668 et
3440 3611 3561 3668 ideo

1973 3722 2081 3763 non
2109 3705 2244 3761 dixit
2266 3724 2279 3760 :
2300 3705 2378 3760 'l'u
2394 3721 2453 3761 es
2472 3704 2923 3776 quivenisti,sed,
2944 3725 2962 3758 ι
2988 3702 3068 3760 Tu
3094 3721 3154 3761 es
3180 3706 3271 3776 qui
3296 3714 3556 3761 venturus

1973 3815 2053 3856 es.
2082 3820 2101 3853 ι
2120 3796 2270 3856 Αο“εἰ
2298 3801 2531 3857 diceret:
2562 3802 2674 3873 Ego
2688 3802 2744 3857 in
2765 3817 2987 3858 carcere
3018 3802 3236 3858 clausus
3257 3803 3325 3858 ab
3349 3801 3562 3858 Herode

1973 3894 2150 3965 capite
2201 3896 2564 3960 truncandus,
2610 3897 2678 3950 ad
2725 3895 2935 3951 inferna
2980 3895 3339 3952 descensurus
3383 3910 3504 3951 sum
3544 3913 3557 3950 :

1974 3982 2170 4038 manda
2197 3984 2329 4038 mihi
2358 3993 2537 4039 utrum
2567 3984 2790 4040 debeam
2837 3986 3125 4041 adventum
3168 3994 3319 4040 tuum
3354 4001 3566 4040 annun-

1974 4079 2113 4133 tiare
2136 4076 2353 4143 inferis,
2380 4078 2472 4148 qui
2501 4078 2742 4133 nuntiavi
2778 4080 3024 4150 superis,
3047 4095 3116 4134 an
3143 4094 3248 4134 non
3278 4080 3565 4135 conveniat

1972 4169 2112 4225 Filio
2139 4170 2254 4236 Dei,
2282 4179 2341 4225 ut
2365 4179 2544 4241 gustet
2569 4180 2798 4228 mortem
2814 4213 2828 4236 ,
2853 4181 2908 4226 et
2933 4173 3001 4227 ad
3017 4171 3135 4228 hoc
3159 4181 3563 4239 sacramentum

1974 4264 2378 4335 peragendum,
2426 4264 2477 4319 id
2521 4273 2604 4319 est
2652 4265 2722 4320 ad
2771 4264 3078 4322 liberandas
3108 4263 3348 4332 animas,
3395 4265 3561 4322 alium

1977 4371 2139 4427 quam
2168 4364 2219 4411 te
2244 4356 2509 4411 missurus
2534 4371 2614 4412 es.

2052 4466 2070 4499 ‹
2108 4448 2177 4502 Ει
2216 4447 2548 4517 respondens
2589 4446 2777 4515 Jesus,
2810 4448 2887 4503 ait
2932 4448 3039 4505 illis
3071 4466 3084 4503 :
3121 4449 3328 4504 Euntes
3365 4462 3564 4503 renun-
3666 4516 3669 4517 ν

1981 4556 2003 4591 ι
2037 4539 2168 4593 tiate
2190 4537 2386 4593 Joanni
2416 4552 2535 4608 qum
2564 4538 2791 4594 audistis
2824 4547 2882 4594 et
2907 4539 3137 4595 vidistis.
3170 4538 3309 4593 Czeci
3346 4537 3562 4603 vident,

285 4599 517 4694 reliqua.
544 4625 600 4680 ln
645 4599 870 4682 exordio
893 4628 1052 4697 hujus
1073 4599 1321 4685 lectionis
1348 4599 1871 4701 inquirendum-est,
1899 4599 1952 4659 Β
1984 4648 2003 4682 ι
2037 4629 2211 4685 claudi
2236 4599 2534 4695 ambulant,
2554 4628 2752 4701 leprosi
2771 4628 3121 4692 mundantur,
3145 4627 3294 4681 surdi
3316 4599 3560 4694 audiunt,

284 4731 455 4786 quare
482 4714 716 4774 Joannes
738 4719 976 4791 Baptista
1006 4723 1293 4794 propheta,
1321 4733 1376 4779 et
1401 4724 1522 4795 plus
1557 4739 1718 4796 quam
1743 4741 1872 4796 pro-

283 4809 481 4879 pheta,
510 4812 600 4881 qui
634 4810 971 4897 Salvatorem
1016 4815 1136 4871 aliis
1176 4815 1344 4897 digito
1390 4816 1738 4883 ostenderat,
1789 4816 1873 4871 di.

282 4916 415 4956 cens
443 4942 458 4966 ,
520 4920 540 4953 ι
588 4894 942 4977 Εερθιιεηυε
990 4906 1109 4972 Dei,
1153 4923 1281 4963 ecta:
1309 4894 1424 4979 ‘qui
1469 4908 1874 4981 tollitpeccata

283 4992 467 5046 mundi
498 4993 677 5065 (Joan.
705 4997 766 5070 ι),
804 5018 823 5051 ι
861 5008 916 5054 et
939 5014 1099 5069 quem
1123 5002 1427 5061 venientem
1454 5001 1519 5057 ad
1543 5001 1871 5072 baptismum

281 5097 607 5165 expaverat,
642 5091 850 5159 dicens,
910 5113 928 5147 ι
960 5095 1102 5151 Ecce
1143 5111 1172 5150 a
1206 5103 1259 5151 te
1292 5096 1464 5152 debeo
1491 5096 1756 5167 baptizari
1776 5140 1790 5164 ,
1818 5106 1874 5154 et

284 5183 338 5230 tu
368 5179 521 5234 venis
547 5180 614 5235 ad
654 5198 741 5237 me
772 5182 988 5254 (Matth.
1020 5186 1140 5258 ru)?
1176 5208 1195 5240 ι
1235 5203 1379 5242 nunc
1410 5188 1463 5241 in
1501 5203 1732 5245 carcere
1778 5205 1873 5259 po-

280 5269 439 5335 situs,
479 5273 634 5341 quasi
665 5275 788 5344 quis
814 5276 885 5330 sit
906 5276 1193 5347 ignorans,
1225 5278 1517 5350 discipulos
1544 5281 1612 5335 ad
1642 5280 1873 5337 interro-

280 5362 516 5431 gandum
548 5366 713 5429 misit,
742 5367 927 5423 dicens
961 5388 974 5423 :
1011 5389 1029 5422 ‹
1065 5370 1142 5424 Tu
1173 5386 1232 5427 es
1260 5372 1352 5443 qui
1395 5381 1655 5429 venturus
1681 5389 1770 5439 es,
1804 5390 1873 5430 an

287 5471 306 5504 ι
338 5454 502 5510 alium
524 5462 943 5528 exspectamus?
965 5482 983 5514 ι
1003 5461 1250 5533 Nunquid
1275 5481 1403 5537 ergo
1425 5467 1703 5537 ignorabat
1724 5460 1868 5535 eum,

283 5543 445 5614 quem
477 5549 598 5605 aliis
629 5552 1119 5619 demonstraverat,
1150 5565 1205 5610 et
1238 5571 1399 5627 super
1426 5574 1583 5626 quem
1612 5558 1875 5629 Spiritum

282 5648 532 5695 sanctum
566 5642 617 5696 in
650 5644 911 5700 columbae
933 5645 1115 5717 specie
1137 5647 1549 5703 descendentem
1572 5660 1626 5703 et
1648 5667 1873 5707 manen-

284 5737 394 5783 tem
426 5732 653 5795 viderat,
693 5751 991 5807 vocemque
1018 5738 1195 5793 Patris
1226 5738 1558 5795 intonantem
1586 5744 1829 5799 audierat
1855 5786 1871 5810 ,

290 5820 434 5882 tﬂic
455 5832 543 5882 est
564 5824 732 5885 Filius
758 5844 912 5887 meus
935 5828 1162 5887 dilectus
1187 5829 1240 5885 in
1264 5846 1371 5905 quo
1412 5832 1545 5889 mihi
1572 5833 1871 5908 complacui

1982 4744 2001 4776 ι
2037 4723 2233 4778 mortui
2262 4731 2581 4793 resurgunt,
2620 4735 2884 4792 pauperes
2918 4719 3375 4790 evangelizantur.
3407 4741 3426 4774 ο
3453 4720 3561 4777 Re-

1978 4820 2196 4888 sponsio
2232 4815 2334 4871 ista
2358 4815 2572 4870 Domini
2599 4815 2666 4868 ad
2697 4813 3030 4883 superion
3058 4828 3277 4869 sensum
3304 4815 3561 4887 pertinet,

1978 4911 2119 4980 quod
2146 4925 2252 4964 non
2298 4910 2362 4963 ad
2389 4907 2867 4978 interrogationem
2889 4904 3114 4963 Joannis
3143 4909 3436 4979 respondit,
3465 4909 3563 4965 sed

1979 5002 2046 5056 ad
2088 5000 2441 5071 cogitationes
2481 4999 2951 5070 interrogantium.
2998 5000 3076 5056 De
3117 5010 3294 5057 morte
3330 5015 3564 5072 namque

1977 5111 2076 5150 sua
2105 5094 2421 5165 requisitus,
2450 5090 2833 5147 miraculorum
2858 5095 3088 5149 virtutes
3112 5090 3470 5158 enumeravit,
3505 5102 3564 5150 ut

1975 5187 2273 5243 videntium
2303 5187 2515 5241 animos
2548 5183 2613 5238 ad
2637 5200 2789 5240 suam
2816 5186 3196 5242 credulitatem
3218 5194 3559 5256 provocaret.

1975 5280 2054 5335 Ac
2074 5280 2119 5335 si
2150 5280 2385 5335 diceret:
2410 5277 2662 5335 Conferte
2682 5294 2847 5349 opera
2870 5294 2990 5348 quae
3020 5278 3074 5333 in
3112 5293 3198 5334 me
3218 5279 3414 5334 videtis
3439 5293 3562 5335 cum

1974 5373 2362 5443 prophetarum
2412 5372 2645 5428 oraculis
2686 5386 2806 5442 quae
2836 5371 3042 5441 legistis
3065 5412 3080 5436 ,
3109 5380 3168 5425 ut
3214 5371 3266 5425 in
3297 5385 3385 5425 me
3412 5370 3563 5426 illum

1982 5481 2102 5521 esse
2132 5465 2491 5535 cognoscatis,
2515 5466 2582 5521 de
2601 5481 2710 5536 quo
2749 5465 2876 5521 olim
2911 5465 3174 5535 propheta
3200 5464 3441 5535 gaudens
3475 5462 3561 5517 di—

1982 5546 2140 5613 cebat
2167 5573 2179 5609 :
2217 5574 2235 5607 ι
2267 5555 2528 5612 Dominus
2566 5557 2681 5628 ipse
2723 5556 2919 5621 veniet,
2950 5564 3005 5610 et
3032 5554 3261 5611 salvabit
3293 5568 3392 5608 nos
3420 5550 3560 5622 (Isa.

1981 5649 2170 5720 xxxv).
2206 5668 2225 5701 ι
2252 5680 2323 5689 -—-
2351 5667 2370 5701 ί
2406 5648 2544 5706 0ωοί
2574 5650 2790 5711 vident,
2829 5668 2847 5702 ι
2877 5657 2935 5702 ιιι
2964 5647 3251 5718 impleatur
3288 5643 3415 5700 illud
3443 5659 3567 5715 pro-

1980 5742 2251 5813 pheticum
2273 5760 2285 5796 :
2307 5736 2331 5795 i
2347 5742 2498 5797 Tunc
2520 5743 2833 5813 aperientur
2855 5740 2993 5797 oculi
3021 5754 3205 5795 eorum
3235 5737 3369 5809 (Ira.
3390 5740 3501 5810 Lv).
3539 5759 3558 5794 ι

1980 5865 2047 5876 -
2080 5853 2100 5888 ι
2128 5834 2313 5892 Claudi
2350 5835 2646 5904 ambulant,
2687 5854 2705 5887 ›
2737 5842 2796 5890 ιιι
2829 5834 3115 5905 impleatur
3135 5829 3267 5887 illud
3302 5849 3315 5888 :
3354 5850 3375 5886 ι
3413 5830 3565 5899 Tunc
