4038 6352
533 410 601 464 27
1134 403 1484 461 HAYMONIS
1522 406 1993 462 llALBEilS'i‘AT.
2039 404 2249 459 EPISC.
2304 404 2455 459 OPP.
2496 404 2672 459 PARS
2710 403 2771 457 ll.
2812 435 2880 444 —-
2917 403 3150 459 HOMIL.
3705 407 3788 464 28

536 520 691 576 saliet
736 524 871 573 Sicut
922 530 1111 570 cervus
1154 514 1372 568 claudus
1414 514 1620 586 (Ibid.).
1672 538 1689 569 ι
1722 547 1792 558 —
1826 538 1843 567 ι
1877 518 2100 587 Leprosi
2128 515 2461 585 Ajustitiam
2486 560 2499 580 ,
2545 517 2797 586 quoniam
2842 517 2942 584 ipsi
2989 519 3373 573 saturabuntur
3406 518 3613 593 (Ibid.).
3650 544 3669 576 ι
3702 553 3789 566 -

536 609 889 669 mundantur,
933 626 951 656 ι
988 605 1110 674 quia
1157 607 1295 659 sicut
1344 620 1437 674 per
1485 608 1797 676 prophetam
1849 609 2042 661 dicitur
2084 626 2097 660 :

541 721 558 752 ‹
600 701 716 769 Ιρεθ
748 699 1052 768 iniquitates
1080 704 1292 751 nostras
1314 696 1464 760 tulit,
1500 707 1554 750 et
1581 697 1866 766 languores
1894 706 2105 752 nostros

535 791 650 861 ipse
677 788 926 859 portavit,
960 786 1111 856 cujus
1139 785 1305 839 livore
1332 787 1502 839 sanati
1535 802 1718 840 sumus
1744 786 1877 853 (Isa.
1907 786 2044 857 Lm).
2078 805 2097 838 ι

536 911 603 921 -
628 898 646 930 ι
685 877 845 933 Surdi
869 875 1108 938 audiunt,
1148 895 1165 927 ι
1199 885 1256 929 ut
1286 876 1570 945 impleatur
1603 894 1614 927 :
1654 896 1671 927 ‹
1709 877 1772 930 Ει
1802 892 1959 933 aures
1987 892 2104 930 sur-

538 970 724 1023 dorum
773 966 1032 1035 patebunt
1072 964 1207 1036 (Isa.
1243 966 1426 1036 xxxv).
1470 985 1487 1016 ι
1521 996 1589 1005 -
1625 985 1644 1017 ι
1685 966 1876 1021 Mortui
1923 983 2103 1022 resur-

534 1067 680 1130 gunt,
721 1080 739 1112 ι
773 1068 832 1113 ιιι
856 1059 1142 1128 impleatur
1171 1057 1297 1112 illud
1334 1075 1346 1110 :
1391 1075 1409 1107 ‹
1446 1056 1638 1111 Vivent
1677 1059 1903 1120 mortui,
1937 1057 2092 1111 inter.

531 1152 657 1207 fecti
710 1152 817 1207 mei
865 1158 1141 1221 resurgent
1191 1148 1334 1215 (ha.
1381 1148 1568 1218 xxvx).
1618 1167 1635 1198 ι
1666 1179 1737 1187 -
1771 1166 1789 1198 ‹
1832 1148 2101 1216 Pauperes

532 1241 986 1311 evangelizantur,
1023 1259 1040 1290 a
1076 1247 1134 1293 ut
1166 1239 1376 1292 illorum
1401 1238 1759 1292 ministerium
1792 1238 2095 1306 impleatur,

532 1333 596 1386 de
620 1331 812 1401 quibus
839 1330 1032 1386 dicitur
1064 1348 1075 1382 :
1110 1348 1129 1381 ι
1166 1329 1422 1383 Dominus
1455 1328 1604 1382 dabit
1626 1328 1847 1381 verbum
1873 1342 2100 1397 evange-

529 1423 814 1478 lizantibus
866 1424 1118 1477 virtutem
1167 1422 1386 1476 multam
1429 1418 1600 1490 (Psal.
1648 1419 1836 1491 van).
1877 1439 1896 1472 ι
1930 1419 2099 1490 Spiri-

530 1519 748 1573 tualiter
788 1527 966 1573 autem
1009 1516 1242 1571 Joannes
1291 1515 1502 1571 vinctus
1552 1516 1604 1569 in
1637 1530 1882 1579 carcere,
1927 1515 2098 1583 legem

528 1607 791 1677 signiﬁcat
813 1607 1051 1663 vinctam
1098 1607 1149 1660 in
1193 1606 1447 1661 cordibus
1473 1603 1799 1669 Judaeorum,
1831 1619 1949 1673 qua:
1972 1605 2097 1659 dum

527 1712 632 1751 non
659 1696 1025 1767 spiritualiter,
1050 1696 1140 1751 sed
1181 1695 1468 1751 carnaliter
1499 1694 1914 1763 intelligebatur,
1946 1694 2097 1763 quasi

528 1785 792 1840 vinculata
836 1795 889 1840 et
936 1787 1094 1856 ligata
1134 1783 1370 1853 jacebat.
1416 1803 1435 1834 ι
1492 1783 1635 1836 Misit
1681 1797 1809 1853 ergo
1865 1780 2097 1837 Joannes

2210 626 2225 657 ι
2248 607 2439 662 Mortui
2468 617 2776 678 resurgunt,
2802 629 2818 660 ι
2840 609 2891 663 id
2921 617 3020 673 est,
3042 610 3113 663 illi
3137 610 3227 678 qui
3254 611 3405 679 quasi
3436 612 3786 672 insensibiles

2202 699 2257 753 in
2288 702 2523 769 peccatis
2552 702 2746 755 mortui
2767 700 3051 769 iacebant.
3080 704 3385 757 econtrario
3411 705 3652 760 membra
3679 724 3783 764 sua

2200 792 2606 858 mortiﬁcantes,
2637 793 2985 863 spiritualiter
3011 794 3192 847 vivere
3219 794 3507 863 incipiunt,
3533 805 3587 850 et
3609 800 3783 853 mise-

2204 881 2486 936 ricordiam
2519 897 2678 951 quam
2721 884 2771 936 in
2805 899 2862 938 se
2893 883 3099 953 experti
3144 892 3296 950 sunt,
3347 886 3465 940 aliis
3511 889 3675 942 etiam
3720 891 3783 945 in

2203 982 2459 1040 quantum
2493 974 2788 1043 praevalent
2834 974 3178 1043 impendunt,
3226 976 3502 1044 cupientes
3550 978 3785 1048 implere

2200 1062 2329 1117 illud
2360 1065 2650 1134 Scriptura:
2682 1082 2695 1118 :
2731 1084 2748 1116 ι
2780 1065 3032 1120 Miserere
3067 1066 3259 1119 animae
3291 1073 3393 1119 tua:
3419 1067 3636 1135 placens
3664 1068 3782 1125 Deo

2203 1152 2350 1224 (Ecc.
2384 1156 2544 1225 xxx),
2587 1175 2604 1207 ι
2638 1163 2696 1210 ιιι
2742 1146 3030 1225 impleatur
3077 1155 3128 1208 in
3160 1155 3238 1209 eis
3285 1174 3297 1208 :
3332 1173 3350 1205 ι
3386 1154 3533 1210 Beati
3566 1159 3782 1214 miseri-

2201 1245 2426 1307 cordes,
2477 1247 2732 1315 quoniam
2770 1246 2871 1316 ipsi
2918 1246 3342 1300 misericordiam
3377 1258 3781 1315 consequentur

2201 1332 2414 1402 (Matth.
2443 1335 2517 1405 v).
2556 1356 2575 1387 ι
2600 1366 2671 1375 -
2696 1353 2714 1385 ‹
2742 1335 3011 1404 Pauperes
3046 1334 3503 1405 evangelizantur,
3530 1354 3548 1386 ι
3583 1336 3635 1391 id
3662 1348 3773 1405 est,

2199 1423 2273 1477 illi
2309 1426 2399 1493 qui
2442 1426 2732 1481 virtutibus
2773 1434 2959 1480 tenues
2988 1434 3145 1480 erant
3172 1434 3223 1479 et
3254 1440 3519 1494 pauperes
3550 1438 3605 1481 et
3627 1428 3777 1485 vitiis

2201 1514 2389 1583 repleti
2445 1533 2458 1569 :
2514 1531 2655 1570 nunc
2693 1519 2997 1571 econtrario
3043 1523 3102 1569 ut
3146 1516 3200 1569 in
3240 1515 3377 1571 ctelo
3419 1517 3775 1573 thesaurizari

2200 1606 2428 1674 possint,
2454 1606 2775 1675 temporales
2800 1607 3014 1661 divitias
3033 1615 3403 1671 contemnunt,
3431 1614 3483 1662 et
3502 1622 3601 1676 per
3626 1623 3763 1663 com-

2201 1694 2506 1748 munionem
2535 1695 2814 1751 charitatis
2841 1706 2897 1750 et
2930 1695 3163 1765 Spiritus
3189 1698 3357 1750 sancti
3382 1697 3642 1766 gratiam,
3670 1700 3770 1753 bo-

2200 1800 2327 1838 num
2350 1786 2491 1854 quod
2516 1786 2840 1851 didicerunt,
2886 1787 3005 1841 aliis
3044 1788 3365 1841 annuntiare
3393 1803 3496 1842 non
3525 1797 3767 1856 cessant,

525 1874 658 1929 duos
677 1876 968 1945 discipulos
998 1877 1063 1931 ad
1091 1875 1397 1939 Christum,
1425 1881 1484 1927 ut
1506 1873 1898 1943 interrogarent
1925 1887 2047 1928 eum
2075 1891 2088 1927 :
2120 1871 2168 1930 B
2195 1884 2255 1929 ut
2291 1875 2577 1944 impleatur
2628 1878 2679 1931 in
2720 1877 2802 1932 eis
2835 1894 2846 1931 :
2888 1876 3036 1931 Beati
3079 1876 3243 1946 pedes
3288 1877 3769 1946 evangelizantium

526 1965 604 2018 Tu
634 1982 693 2021 es
717 1968 808 2035 qui
833 1975 1087 2022 venturus
1103 1983 1181 2031 es,
1200 1983 1266 2020 an
1292 1966 1453 2020 alium
1477 1966 1886 2034 exspectamus?
1913 1985 1931 2017 ι
1952 1965 2097 2020 Misit

524 2063 577 2109 et
603 2054 687 2109 lex
710 2054 929 2111 Scribas
955 2066 1009 2110 et
1035 2057 1356 2122 Pharisaeos,
1374 2047 1463 2125 qui
1495 2055 1828 2110 Salvatorem
1860 2056 2094 2111 interro-

524 2152 713 2212 garent
744 2162 757 2197 :
800 2165 821 2197 ι
857 2145 914 2199 Si
940 2155 994 2199 tu
1025 2161 1084 2200 es
1113 2146 1379 2210 Christus,
1421 2146 1509 2200 die
1534 2146 1690 2201 nobis
1713 2146 1888 2214 palam
1913 2145 2090 2217 (Joan.

526 2235 600 2304 κ).
634 2254 653 2288 ι
687 2235 755 2290 Ει
786 2237 981 2290 iterum
1016 2254 1029 2289 :
1067 2256 1085 2287 ‹
1125 2238 1218 2291 Dic
1247 2238 1400 2291 nobis
1439 2238 1491 2290 in
1537 2252 1642 2306 qua
1679 2245 1945 2305 potestate
1980 2238 2094 2291 haec

522 2326 653 2382 facis
683 2326 834 2399 (Luc.
860 2329 976 2400 xx).
1014 2347 1031 2381 ι
1067 2328 1269 2396 Quibus
1297 2345 1532 2399 congrue
1561 2345 1590 2383 a
1620 2329 1846 2383 Domino
1877 2343 2095 2397 responv

522 2419 680 2472 detur
711 2437 723 2472 :
763 2438 781 2471 (
818 2419 1019 2475 Euntes
1063 2421 1367 2475 renuntiate
1407 2418 1596 2475 Joanni
1633 2435 1751 2489 qua:
1790 2420 2014 2475 audistis
2041 2426 2097 2473 et

519 2510 729 2565 vidistis
757 2529 769 2564 :
804 2530 823 2564 ι
848 2542 917 2552 --
947 2529 965 2562 ι
994 2511 1132 2568 Caeci
1159 2513 1362 2575 vident,
1394 2522 1497 2567 etc.
1534 2531 1552 2563 ι
1588 2511 1690 2566 Per
1719 2513 1817 2566 has
1843 2511 1984 2564 enim
2017 2511 2097 2564 in-

524 2600 807 2655 firmitates
842 2618 1148 2672 corporum,
1178 2604 1426 2658 debilitas
1457 2604 1756 2656 animarum
1796 2602 2095 2669 significata

521 2698 624 2744 est.
638 2690 977 2745 lntirmorum
1000 2708 1126 2746 vero
1147 2695 1452 2747 curationes
1464 2692 1818 2754 enumeravit,
1834 2693 1958 2759 quia
1987 2708 2095 2747 non

523 2782 670 2836 venit
692 2797 884 2838 vocare
904 2783 1101 2853 justos,
1129 2784 1223 2838 sed
1251 2791 1560 2851 peccatores
1595 2782 1662 2835 ad
1698 2781 2091 2850 paenitentiam.

519 2874 611 2927 Ait
638 2874 782 2928 enim
816 2892 830 2928 :
865 2891 885 2925 ι
923 2873 1061 2929 ΟιὋοὶ
1087 2874 1290 2939 vident,
1325 2892 1343 2923 ι
1379 2888 1442 2927 ac
1471 2872 1516 2925 si
1542 2872 1686 2926 dicat
1723 2872 1844 2925 aliis
1879 2871 2089 2926 verbis:

518 2963 637 3019 Jam
670 2975 879 3035 tempus
899 2967 1085 3037 gratia:
1113 2980 1246 3020 mea:
1273 2964 1539 3034 apparuit,
1571 2979 1677 3033 quo
1702 2978 1886 3017 verum
1918 2962 2095 3017 lumen

522 3061 870 3132 resplendens
896 3064 948 3116 in
976 3062 1194 3125 mundo,
1223 3075 1410 3115 eorum
1442 3058 1626 3113 oculos
1657 3058 1748 3127 qui
1780 3058 1831 3110 in
1859 3057 2094 3111 tenebris

519 3159 574 3205 et
605 3151 659 3204 in
696 3150 884 3206 umbra
926 3151 1115 3206 mortis
1144 3150 1402 3205 sedebant
1440 3148 1731 3210 iiluminet,
1778 3156 1834 3200 et
1869 3156 2095 3218 purgato

2193 1983 2403 2038 pacem,
2466 1969 2945 2039 evangelizantium
2992 1970 3131 2024 bona
3183 1968 3363 2040 (Rom.
3409 1968 3520 2040 x):
3573 1980 3628 2025 et
3675 1972 3768 2042 qui

2196 2066 2321 2113 ante
2370 2057 2656 2114 virtutibus
2693 2074 2957 2129 pauperes
2990 2065 3145 2112 erant
3182 2066 3238 2112 et
3276 2059 3456 2124 vacui,
3505 2074 3650 2114 nunc
3688 2060 3772 2113 in-

2195 2148 2397 2217 cipiant
2446 2164 2565 2204 esse
2616 2165 2878 2220 pauperes
2912 2150 3100 2219 spiritu
3125 2191 3139 2212 ,
3172 2158 3232 2202 ut
3270 2149 3325 2202 in
3355 2149 3434 2204 eis
3481 2150 3769 2221 impleatur

2195 2240 2336 2307 quod
2366 2240 2624 2295 Dominus
2663 2242 2738 2295 ait
2781 2242 2836 2294 in
2878 2240 3201 2312 Evangelio:
3240 2257 3261 2290 ι
3307 2239 3455 2294 Beati
3503 2255 3768 2311 pauperes

2195 2328 2420 2396 spiritu,
2473 2330 2727 2398 quoniam
2788 2331 3026 2400 ipsorum
3087 2338 3170 2385 est
3226 2344 3452 2400 regnum
3505 2332 3765 2386 cmlorum

2197 2419 2410 2491 (Matth.
2440 2420 2519 2492 v).
2553 2442 2573 2473 ι

2270 2532 2288 2562 ς
2310 2512 2377 2566 Ει
2396 2513 2584 2567 beatus
2603 2522 2686 2569 est
2697 2513 2787 2582 qui
2810 2527 2917 2567 non
2942 2511 3104 2566 fuerit
3123 2510 3517 2565 scandalizatus
3538 2512 3592 2565 in
3608 2527 3717 2566 me.
3742 2530 3762 2564 ι

2195 2599 2479 2656 Conclusio
2522 2602 2625 2655 ista
2662 2602 2872 2655 Domini
2918 2600 2984 2654 ad
3027 2600 3496 2670 interrogationem
3539 2599 3768 2655 Joannis

2193 2694 2444 2762 pertinet.
2469 2693 2544 2748 De
2572 2702 2745 2748 morte
2761 2693 2905 2748 enim
2934 2708 3029 2747 sua
3058 2694 3369 2762 requisitas,
3391 2693 3565 2762 primo
3588 2693 3771 2764 signo-

2194 2800 2313 2839 rum
2361 2785 2587 2839 virtutes
2631 2785 2989 2849 enumeravit,
3040 2792 3093 2839 et
3138 2794 3323 2854 postea
3365 2786 3433 2839 ad
3479 2786 3582 2840 hoc
3624 2782 3806 2853 quod‘

2194 2876 2480 2945 inquisitus
2501 2874 2677 2930 fuerat
2708 2876 3004 2946 respondit,
3036 2876 3219 2931 dicens
3242 2895 3253 2929 :
3276 2896 3295 2927 ‹
3331 2874 3529 2931 Beatus
3549 2876 3639 2946 qui
3660 2890 3768 2929 non

2194 2964 2350 3018 fuerit
2400 2965 2796 3020 scandalizatus
2843 2967 2895 3019 in
2940 2980 3059 3029 me,
3101 2983 3119 3015 ι
3156 2964 3207 3018 id
3232 2965 3391 3018 estin
3422 2980 3542 3020 mea
3573 2974 3765 3019 morte.

2192 3055 2271 3109 Ac
2285 3056 2330 3109 si
2357 3056 2591 3110 diceret:
2618 3056 2750 3111 Mira
2777 3056 2989 3125 quidem
3016 3064 3074 3109 et
3101 3070 3288 3125 magna
3312 3063 3437 3109 sunt
3462 3070 3581 3124 quae
3604 3054 3768 3121 facio,

2194 3145 2318 3215 quia
2350 3146 2505 3201 caecis
2531 3146 2722 3213 visum,
2751 3146 2926 3201 surdis
2954 3146 3192 3201 auditum
3211 3185 3224 3210 ,
3257 3144 3460 3199 claudis
3500 3159 3765 3213 gressum,

516 3242 716 3297 mentis
751 3241 936 3307 oculo,
967 3242 1114 3297 illum
1155 3242 1398 3311 aspicere
1444 3240 1739 3311 incipiant,
1786 3240 1877 3309 qui
1916 3239 1992 3293 ait
2036 3240 2090 3293 in
2120 3222 2163 3285 (ἶ
2188 3238 2422 3292 mortuis
2449 3237 2613 3292 vitam
2652 3238 2905 3304 restituo;
2948 3236 3041 3292 sed
3071 3246 3399 3291 tamen‘cum
3426 3235 3541 3289 haec
3579 3234 3769 3289 omnia

518 3331 806 3402 Evangelia
839 3350 854 3385 :
887 3349 908 3384 ε
940 3332 1052 3403 Ego
1090 3348 1209 3386 sum
1238 3331 1330 3385 lux
1369 3330 1550 3385 mundi
1588 3329 1770 3402 (Joan.
1803 3329 1944 3403 vui),
1978 3349 1998 3382 ι
2035 3337 2093 3383 ιιι

520 3427 805 3497 impleatur
826 3428 885 3482 in
912 3427 1025 3483 eis:
1052 3447 1070 3477 ι
1098 3426 1245 3482 Beati
1274 3427 1473 3480 mundo
1497 3426 1679 3490 corde,
1708 3425 1963 3494 quoniam
1987 3423 2090 3493 ipsi

519 3522 686 3576 Deum
711 3520 968 3575 videbunt
994 3518 1207 3590 (Matth.
1235 3517 1310 3591 v).
1342 3538 1450 3571 ι-
1469 3539 1487 3570 ι
1518 3517 1707 3573 Claudi
1738 3515 2034 3571 ambulant.
2062 3534 2085 3567 θ

520 3612 633 3668 Hoc
652 3621 753 3679 est,
777 3614 853 3668 illi
874 3614 965 3683 qui
990 3614 1044 3667 in
1070 3614 1154 3667 via
1179 3613 1274 3665 Dei
1295 3612 1689 3675 claudicabant,
1715 3626 1857 3664 nunc
1884 3610 2088 3664 utrius-

519 3720 624 3773 que
651 3703 981 3758 Testamenti
1013 3702 1261 3756 instructi
1287 3701 1515 3755 lectione
1538 3741 1551 3765 ,
1577 3709 1633 3753 et
1671 3697 1956 3753 dilectione
1997 3696 2092 3753 Dei

519 3801 575 3849 et
596 3792 826 3863 proximi
854 3791 1175 3855 confirmati,
1203 3800 1257 3845 et
1278 3805 1520 3862 gressum
1545 3789 1741 3844 mentis
1762 3788 1977 3842 firmum
1997 3786 2092 3841 ha-

518 3886 728 3951 bentes,
749 3885 892 3940 viam
919 3885 1295 3940 mandatorum
1323 3884 1415 3937 Dei
1438 3889 1680 3944 currunt,
1702 3890 1757 3934 et
1776 3880 1841 3935 de
1862 3879 2090 3934 terrenis

522 3980 587 4034 ad
617 3978 891 4035 caelestem
926 3978 1155 4049 patriam
1178 3977 1460 4047 pervenire
1482 3973 1759 4039 festinant,
1781 3981 1840 4028 ut
1872 3973 2091 4043 implea-

521 4080 609 4125 tur
637 4070 691 4125 in
722 4071 844 4126 eis:
881 4087 902 4122 ι
935 4068 1089 4124 Beati
1116 4069 1295 4130 mites,
1329 4066 1581 4137 quoniam
1609 4065 1709 4135 ipsi
1745 4064 2090 4134 possidebunt

519 4172 721 4218 terram
747 4160 960 4233 (Matth.
990 4159 1064 4230 v).
1093 4177 1213 4211 ι--ι
1242 4158 1461 4227 Leprosi
1492 4158 1835 4221 mandantur,
1856 4175 1876 4209 ι
1909 4155 1963 4210 id
1986 4165 2087 4223 est,

517 4253 595 4308 illi
616 4253 707 4322 qui
727 4251 891 4308 variis
910 4259 1256 4321 peccatorum
1282 4248 1608 4303 facinoribus
1632 4247 1891 4303 immundi
1912 4256 1967 4302 et
1991 4246 2091 4302 foe-

520 4344 631 4399 dati
655 4351 831 4408 erant,
857 4357 1063 4397 necnon
1086 4356 1183 4411 per
1202 4340 1525 4409 baptismum
1551 4347 1605 4393 et
1632 4338 2003 4408 paenitentiam
2031 4354 2089 4394 se

519 4436 793 4508 puriﬁcari
811 4435 1135 4499 desiderant,
1162 4440 1215 4488 et
1242 4448 1349 4487 non
1372 4432 1548 4487 solum
1568 4433 1634 4488 de
1656 4431 1945 4500 praeteritis
1967 4445 2090 4500 pec—

518 4532 654 4586 catis
694 4530 912 4601 lugent,
945 4528 1038 4582 sed
1075 4527 1239 4582 etiam
1285 4540 1384 4596 pro
1414 4525 1536 4579 vitae
1567 4534 1782 4580 aeternae
1823 4523 2088 4581 desiderio

2193 3330 2407 3394 faciam,
2437 3331 2505 3385 ad
2534 3330 2780 3385 ultimum
2810 3338 3034 3385 mortem
3060 3343 3156 3398 pro
3188 3325 3408 3382 humani
3433 3325 3645 3396 generis
3686 3339 3773 3379 re-

2194 3422 2502 3491 demptione
2546 3422 2816 3477 sustinere
2857 3436 2961 3476 non
3010 3420 3288 3489 dedig‘nor.
3321 3418 3386 3472 Et
3430 3431 3650 3472 necesse
3683 3424 3769 3471 est

2192 3509 2523 3576 hominibus,
2556 3517 2615 3565 ut
2643 3510 2733 3580 qui
2763 3511 2816 3564 in
2846 3522 2931 3562 me
2966 3507 3115 3575 signa
3146 3514 3493 3569 venerantur,
3515 3505 3583 3558 ad
3606 3520 3765 3559 suum

2194 3602 2504 3657 scandalum
2548 3609 2773 3656 mortem
2815 3599 2869 3652 in
2912 3611 2999 3651 me
3055 3611 3160 3651 non
3208 3596 3525 3664 despiciant.
3577 3594 3769 3652 Plures

2191 3695 2334 3749 enim
2368 3695 2614 3759 fuerunt,
2644 3693 2736 3762 qui
2769 3707 2889 3747 cum
2932 3689 3081 3760 prius
3106 3689 3317 3744 Domini
3345 3689 3574 3744 virtutes
3599 3691 3767 3744 mira-

2192 3795 2397 3853 rentur,
2426 3795 2652 3841 mortem
2686 3784 3054 3854 turpissimam
3082 3783 3260 3838 crucis
3305 3783 3358 3837 in
3403 3797 3470 3838 eo
3506 3783 3767 3852 despexe-

2191 3888 2337 3935 runt.
2371 3877 2512 3935 Visis
2540 3887 2717 3934 autem
2746 3884 2828 3933 tot
2861 3876 3031 3948 signis
3063 3875 3334 3943 tantisque
3356 3874 3644 3929 virtutibus
3664 3874 3768 3928 mi-

2191 3971 2497 4025 raculorum
2550 3984 2656 4024 non
2713 3967 3068 4024 scandalizari
3122 3967 3349 4037 quisque
3406 3966 3615 4036 potuit,
3671 3965 3765 4021 sed

2192 4061 2466 4117 admirari.
2524 4059 2633 4115 Sed
2675 4075 2830 4114 mens
2859 4058 3153 4114 inﬁdelium
3185 4073 3347 4129 grave
3403 4065 3591 4111 contra
3640 4070 3764 4111 eum

2193 4152 2418 4220 sumpsit
2447 4148 2783 4213 scandalum,
2808 4148 3021 4217 quando
3043 4155 3161 4216 post
3183 4146 3511 4201 enumeratis
3539 4145 3766 4199 miracu-

2191 4244 2364 4298 lorum
2388 4241 2575 4312 signis,
2607 4256 2730 4294 eum
2759 4237 3163 4308 comprehendi,
3194 4236 3370 4306 ligari,
3395 4235 3679 4307 flagellari,
3711 4242 3767 4289 et

2191 4336 2247 4391 in
2303 4333 2550 4402 sepulcro
2606 4330 2858 4387 collocari
2905 4328 3205 4396 conspexit.
3252 4325 3767 4385 Scaudalizabantur

2189 4441 2403 4498 quoque
2422 4425 2635 4496 quando
2657 4439 2781 4481 eum
2803 4437 2961 4492 quem
2984 4428 3223 4477 mortuos
3244 4419 3590 4473 suscitantem
3611 4431 3766 4486 aspe-

2191 4528 2398 4581 xerant,
2424 4526 2698 4573 mortuum
2723 4513 2995 4570 videbant.
3029 4513 3106 4567 De
3129 4511 3324 4581 quibus
3349 4509 3424 4564 ait
3446 4507 3761 4579 Apostolus;

518 4587 811 4692 suspirant,
840 4587 972 4675 et'in
1010 4587 1696 4688 prosperis-humilitatem,
1729 4625 1783 4670 et
1814 4616 1867 4669 in
1892 4615 2075 4669 adver-
2111 4587 2165 4648 D
2196 4627 2215 4660 ι
2246 4608 2356 4663 Nos
2390 4617 2567 4662 autem
2594 4607 2952 4677 praedicamus
2993 4602 3266 4692 Christum
3294 4599 3631 4692 crucifixum,
3660 4596 3766 4692 Ju-

518 4716 593 4771 sis
623 4714 933 4785 patientiam
966 4718 1207 4775 servant,
1236 4710 1610 4780 utimpleatnr
1640 4709 1692 4763 in
1719 4709 1798 4764 eis
1829 4726 1841 4762 :
1881 4725 1899 4757 ι
1937 4706 2088 4762 Beati

516 4804 747 4876 paciﬁci,
770 4802 1024 4874 quoniam
1049 4802 1169 4857 Filii
1194 4799 1288 4856 Dei
1317 4802 1650 4857 vocabuntur
1676 4798 1887 4870 (lbid.).
1903 4817 1919 4848 ι
1940 4798 2006 4852 Ει
2033 4806 2090 4852 ιιι

521 4896 921 4952 inundationem
966 4894 1158 4951 animm
1212 4894 1451 4964 recipere
1500 4891 1737 4961 possint,
1779 4891 1832 4943 in
1885 4897 2087 4943 tantam

518 4985 901 5058 perfectionem
940 4993 1289 5049 excrescunt,
1331 4992 1389 5036 ut
1430 4996 1535 5035 non
1584 4978 1753 5032 solum
1799 4977 1934 5031 mala
1982 4993 2089 5033 non

519 5079 794 5145 irrogent,
827 5077 920 5135 sed
957 5076 1120 5131 etiam
1166 5075 1233 5130 ab
1278 5074 1400 5129 aliis
1441 5072 1674 5140 irrogata
1717 5069 2089 5136 aequanimiter

517 5169 724 5233 ferant,
772 5176 831 5222 ut
872 5167 1156 5237 impleatur
1184 5166 1237 5220 iu
1266 5164 1364 5219 eis.
1400 5182 1419 5213 ι
1456 5160 1605 5215 Beati
1634 5158 1723 5227 qui
1754 5159 2085 5226 persecutio-

518 5272 641 5313 nem
660 5258 934 5327 patiuntur
954 5265 1169 5326 propter
1180 5252 1464 5322 justitiam.
1490 5266 1609 5302 ι-ι
1630 5247 1786 5301 Surdi
1801 5247 2042 5309 audiunt,
2064 5268 2083 5302 ι

517 5349 644 5420 quia
672 5348 743 5403 illi
771 5349 861 5420 qui
884 5348 1032 5418 prius
1057 5360 1216 5401 aures
1246 5342 1456 5397 clausas
1486 5338 1759 5394 habebant
1777 5338 1841 5391 ad
1870 5337 2090 5392 audien-

517 5444 641 5499 dum
692 5441 914 5497 verbum
950 5440 1069 5505 Dei,
1099 5443 1313 5506 apertas
1370 5432 1437 5488 ad
1492 5431 1753 5486 audienda
1808 5429 2084 5485 ludibria:

512 5553 658 5594 nunc
682 5547 898 5593 econtra
914 5537 1179 5590 obdurant
1209 5544 1366 5583 aures
1384 5542 1508 5583 suas
1534 5544 1599 5581 ne
1629 5528 1847 5584 audiant
1872 5526 2089 5598 sangui-

512 5647 658 5696 nem,
683 5640 738 5686 et
763 5632 985 5685 verbum
1012 5627 1105 5681 Dei
1129 5622 1341 5678 ardenti
1362 5622 1541 5677 animo
1564 5623 1751 5677 audire
1781 5621 2088 5678 desiderant

494 5726 570 5773 ,ει
598 5729 656 5773 ιιι
683 5735 846 5789 opere
874 5715 1091 5786 implere
1122 5714 1361 5783 possint,
1403 5717 1646 5767 esuriunt
1673 5722 1831 5782 atque
1858 5715 2045 5768 sitiunt
2067 5754 2080 5778 ,

515 5815 575 5869 ιιι
601 5806 885 5879 impleatur
919 5805 973 5861 iu
1000 5803 1079 5860 eis
1112 5820 1126 5858 :
1168 5821 1186 5855 ι
1220 5801 1372 5860 Beati
1402 5801 1494 5875 qui
1534 5803 1780 5859 esuriant
1813 5814 1866 5860 ct
1901 5807 2084 5861 sitiant

2191 4699 2321 4755 datis
2361 4697 2671 4755 scandalum
2700 4695 2953 4765 quidem,
2990 4691 3239 4764 gentibus
3278 4698 3457 4745 autem
3482 4687 3764 4743 stultitiam

2192 4789 2243 4861 (1
2267 4787 2648 4933 conlisoautem
2690 4874 3036 4942 abeuntibus,
3075 4870 3240 4942 coepit
3277 4869 3434 4927 Jesus
3480 4868 3660 4923 dicere
3699 4866 3766 4929 ad

2195 4988 2214 5021 ι
2249 4968 2432 5024 turbas
2474 4968 2542 5024 de
2569 4966 2776 5022 Joanne
2814 4985 2827 5021 :
2861 4966 3001 5033 Quid
3040 4964 3229 5020 existis
3275 4963 3330 5015 in
3371 4960 3640 5014 desertum
3687 4960 3769 5014 vi-

2196 5084 2216 5118 ι
2254 5065 2413 5121 dere?
2441 5064 2759 5120 arundinem
2791 5068 2949 5117 vento
2975 5054 3269 5128 agitatam?
3298 5073 3321 5107 ι
3346 5052 3425 5107 Ac
3452 5052 3497 5106 si
3528 5052 3755 5108 (liceret:

2189 5157 2268 5214 Ne
2321 5158 2734 5214 circumstantes
2781 5154 2951 5210 turbae
2995 5158 3246 5223 putarent
3297 5147 3763 5216 interrogationem

2190 5248 2411 5304 Joannis
2439 5248 2522 5303 vel
2564 5248 2630 5302 de
2656 5245 2878 5308 invidia,
2902 5242 2985 5298 vel
3016 5242 3083 5296 de
3112 5239 3420 5312 ignorantia
3452 5246 3659 5301 natam,
3687 5235 3768 5288 di-

2193 5342 2415 5413 scipulis
2446 5340 2593 5394 illius
2630 5338 3010 5394 recedentibus
3039 5336 3191 5390 miris
3216 5344 3271 5391 et
3297 5332 3502 5402 magnis
3525 5330 3767 5386 laudibus

2192 5435 2451 5492 Dominus
2475 5432 2734 5487 Joannem
2756 5428 2985 5493 extollit,
3016 5429 3200 5483 dicens
3222 5427 3287 5481 de
3317 5423 3406 5477 illo
3433 5421 3501 5476 ad
3531 5422 3719 5477 turbas
3749 5437 3763 5475 :

2201 5546 2219 5579 ι
2251 5527 2387 5595 Quid
2413 5524 2602 5580 existis
2630 5522 2681 5575 in
2713 5523 2984 5577 desertum
3017 5517 3233 5575 videre?
3264 5512 3579 5568 arundinem
3608 5520 3768 5566 vento

2194 5618 2482 5690 agitatam?
2515 5637 2531 5669 ι
2559 5615 2638 5671 Ac
2666 5615 2711 5670 si
2740 5614 2943 5670 diceret
2975 5631 2987 5666 :
3021 5607 3271 5677 Nunquid
3293 5621 3359 5660 au
3393 5616 3493 5658 noc
3538 5596 3766 5659 venistis

2193 5714 2247 5769 in
2276 5714 2568 5775 desertum,
2597 5718 2655 5765 ut
2689 5707 2949 5764 videretis
2977 5702 3252 5758 hominem
3283 5697 3491 5753 calamo
3513 5696 3763 5765 similem,

2192 5807 2282 5878 qui
2318 5804 2532 5859 levitate
2562 5799 2757 5856 mentis
2784 5798 2848 5854 de
2879 5810 2961 5852 me
2986 5793 3231 5857 dubitet,
3254 5805 3414 5862 quem
3444 5798 3599 5845 antea
3626 5802 3765 5862 pau-
