4038 6352
548 360 611 422 51
1188 366 1541 427 HAYMONIS
1580 366 2057 430 HALBERSTAT.
2108 366 2325 429 EPISC.
2364 370 2516 429 OPP.
2558 369 2737 432 PARS
2773 373 2835 432 ll.
2864 408 2935 419 —-
2969 377 3202 436 HOMIL.
3748 382 3848 442 32

548 502 569 536 ‹
601 478 847 552 angelum
877 495 1056 537 meum
1104 490 1231 537 ante
1272 480 1465 538 faciem
1498 491 1639 537 tuam
1677 486 1768 554 qui
1803 484 2126 555 praeparabit
2152 487 2202 546 Α
2229 498 2359 554 ergo
2380 483 2748 540 fortitudinem
2778 488 3107 544 nuntiandus
3131 497 3270 556 erat,
3295 491 3386 561 qui
3418 492 3677 549 virtutum
3702 496 3841 551 Do-

547 591 568 624 ‹
614 573 758 626 viam
788 582 934 626 tuam
977 580 1100 627 ante
1156 580 1225 627 te.
1267 593 1286 626 ι
1321 574 1434 630 Hoc
1476 584 1656 631 autem
1682 578 2046 632 testimonium
2075 577 2129 631 in
2230 574 2410 629 minus
2437 585 2492 630 et
2525 585 2714 646 potens
2747 578 2800 632 in
2827 579 3032 649 praelia,
3071 590 3261 636 contra
3298 592 3593 652 potestates
3623 601 3841 643 aereas

544 661 807 715 Malachia
850 662 1111 731 scriptum
1152 672 1255 729 est,
1284 664 1336 717 in
1393 680 1621 732 persona
1670 666 1857 735 utique
1882 666 2123 721 Joannis.
2226 663 2294 717 ad
2338 665 2477 720 bella
2511 668 2775 723 veniebat.
2811 668 3048 725 Mensem
3082 681 3260 726 autem
3308 682 3519 729 sextum
3559 676 3833 732 Martium

538 751 672 806 Cum
700 751 841 805 enim
870 752 1133 821 propheta
1161 762 1444 809 venturum
1470 755 1755 811 Domimun
1780 758 2124 827 przedicerct,
2225 754 2479 825 inlelligt‘.
2526 756 2676 825 cujus
2731 760 2989 830 vigesima
3032 770 3088 816 ct
3148 764 3336 832 quinta
3406 766 3493 820 die
3550 766 3836 824 Dominus

538 844 701 896 etiam
756 845 1111 913 prmcursoris
1177 843 1293 914 ejus
1340 863 1625 917 personam
1673 850 1944 914 ostendit,
2000 867 2125 905 cum
2223 852 2408 898 noster
2430 852 2483 899 et
2508 857 2798 918 conceptus
2830 850 3059 905 traditur
3093 862 3147 908 et
3173 869 3383 924 passus,
3412 856 3552 911 sicut
3572 866 3628 911 et
3650 859 3703 911 in
3735 858 3831 913 vi-

537 932 707 986 dixit:
746 953 763 983 ι
794 933 935 990 Ecce
961 935 1119 990 mitto
1163 937 1409 1008 angelum
1462 955 1642 994 meum
1666 940 1923 1011 (Malach.
1955 944 2059 1012 Ill).
2098 962 2117 994 ι
2223 936 2428 1003 gesima
2456 938 2643 1014 quinta
2668 940 2753 994 die
2785 941 2987 997 mensis
3015 941 3329 1000 Decembris
3359 954 3537 1001 natus.
3581 948 3736 1014 Quod
3770 949 3830 1004 si

533 1022 712 1077 Altum
769 1038 899 1095 ergo
949 1040 1167 1090 nomen,
1208 1028 1303 1082 sed
1333 1044 1438 1083 non
1464 1039 1548 1085 est
1578 1031 1805 1087 inferius
1851 1033 2117 1087 meritum.

532 1109 780 1181 lmplevit
804 1113 1025 1182 .quippe
1056 1114 1110 1168 in
1146 1131 1328 1184 opere,
1367 1120 1508 1188 quod
1555 1121 1761 1189 accepit
1791 1122 1841 1175 in
1880 1123 2116 1178 nomine.

531 1199 665 1266 Quia
692 1202 836 1255 enim
883 1203 1105 1270 angelus
1126 1204 1311 1261 Graeca
1358 1207 1645 1275 locutione,
1679 1209 1871 1266 Latine
1900 1213 2121 1268 nuntius

529 1288 746 1357 dicitur,
798 1300 945 1351 recte
969 1309 1111 1349 nunc
1142 1297 1363 1367 angelus
1414 1308 1658 1365 vocatur,
1705 1299 1797 1369 qui
1831 1302 2119 1356 adventum

528 1380 740 1437 Domini
790 1392 1013 1439 venerat
1062 1388 1334 1455 nuntiare,
1389 1390 1572 1446 dicens
1616 1410 1680 1445 ει
1720 1391 1908 1448 Veniet
1928 1394 2121 1450 tortior

529 1492 638 1542 me,
686 1485 805 1546 post
848 1494 956 1545 me,
1001 1479 1155 1548 cujus
1185 1498 1288 1537 non
1321 1500 1440 1538 sum
1468 1485 1660 1556 dignus
1688 1488 1981 1559 corrigiam
2006 1488 2117 1544 cal-

528 1569 797 1624 ceamenti
828 1570 1034 1626 solvere
1062 1572 1277 1643 (Matth.
1304 1578 1407 1646 ιιι).
1449 1596 1466 1627 ι
1502 1577 1610 1631 Et:
1646 1598 1665 1629 σ
1705 1578 1867 1647 Cujus
1889 1581 2118 1636 ventila-

526 1661 684 1716 brum
732 1664 785 1716 in
836 1680 1000 1718 manu
1036 1681 1155 1731 sua,
1207 1676 1261 1721 ct
1306 1671 1686 1739 permundabit
1727 1679 1909 1727 aream
1963 1689 2115 1729 suam

526 1750 738 1822 (lbid.).
755 1752 892 1810 iNec
912 1755 1085 1810 solum
1102 1755 1338 1814 Joannes
1358 1758 1516 1827 hujus
1536 1763 2000 1834 participationem
2024 1782 2117 1837 _vo-

2221 1024 2305 1078 vel
2342 1025 2444 1080 hoc
2489 1008 2596 1094 die,
2631 1037 2691 1082 ut
2732 1030 2970 1085 nonnulli
3016 1032 3373 1100 arbitrantur,
3425 1008 3827 1106 tequinoctiutn

2220 1118 2460 1183 vernale,
2490 1119 2572 1173 vel
2626 1119 2716 1176 illo
2766 1122 3056 1177 solstitium
3103 1125 3348 1180 brumale
3378 1125 3493 1182 fieri
3534 1131 3820 1197 credatur,

2219 1209 2471 1263 convenit
2498 1210 2685 1280 utique
2730 1227 2850 1266 cum
2889 1213 3024 1269 lucis
3055 1214 3393 1271 incremento
3437 1219 3671 1289 concipi,
3727 1222 3823 1274 vel

2220 1297 2373 1351 nasci
2401 1312 2544 1365 eum,
2597 1300 2687 1369 qui
2720 1300 2982 1355 illuminat
3016 1318 3229 1358 omnem
3276 1306 3551 1360 hominem
3590 1308 3822 1363 venien-

2220 1395 2330 1441 tem
2360 1388 2414 1440 in
2443 1388 2585 1444 hunc
2616 1391 2873 1445 mundum
2904 1392 3085 1461 (Joan.
3112 1394 3173 1463 ι).
3210 1394 3279 1448 At
3310 1396 3355 1451 si
3396 1397 3519 1466 quis
3549 1409 3674 1452 ante
3703 1399 3815 1455 Do-

2220 1479 2433 1534 minicte
2465 1482 2761 1537 nativitatis
2792 1492 2843 1537 et
2886 1485 3252 1554 conceptionis
3284 1495 3493 1557 tempus
3529 1488 3705 1544 lucem
3728 1491 3816 1546 vel

2220 1584 2491 1637 crescere,
2523 1572 2607 1626 vel
2647 1574 2896 1637 tenebras
2925 1591 3180 1645 superare
3227 1580 3543 1647 convicerit,
3581 1583 3813 1641 dicimus

2218 1669 2274 1717 et
2302 1677 2399 1717 nos
2445 1664 2571 1732 quia
2617 1673 2671 1717 et
2713 1663 2947 1721 Joannes
2994 1674 3124 1722 tunc
3168 1678 3294 1724 ante
3323 1669 3514 1725 faciem
3548 1673 3813 1729 adventus

2217 1755 2334 1824 ejus
2358 1770 2578 1825 regnum
2602 1756 2860 1811 cmlorum
2890 1760 3314 1829 evangelizabat,
3337 1770 3392 1816 et
3419 1778 3564 1818 nunc
3590 1779 3807 1835 quoque

525 1845 701 1899 cabuli
734 1858 991 1915 meretur,
1028 1851 1124 1905 sed
1166 1852 1332 1907 etiam
1354 1868 1541 1910 omnes
1589 1858 1898 1913 sacerdotes
1924 1867 1978 1914 et
2000 1860 2104 1913 mi-

2210 1847 2649 1916 przedicatoribus
2676 1849 2973 1918 imperatur
2998 1865 3012 1904 :
3037 1870 3054 1901 ι
3091 1853 3199 1907 lter
3227 1851 3388 1909 facite
3413 1854 3464 1908 ci
3495 1856 3587 1925 qui
3612 1872 3807 1911 ascen-

528 1938 683 1993 nistri
708 1939 983 2007 Ecclesiae,
1027 1943 1117 2011 qui
1150 1943 1372 1998 verbum
1410 1945 1507 2001 Dei
1534 1946 1587 2000 in
1635 1948 1873 2004 Ecclesia
1910 1950 2109 2021 praedi-

525 2040 671 2098 cant,
699 2040 754 2088 et
779 2042 1065 2089 venturum
1102 2037 1364 2107 judicium
1396 2041 1664 2108 nuntiant,
1688 2044 1913 2115 angelici
1937 2047 2110 2100 nomi-

522 2122 608 2176 nis
633 2125 966 2179 consortium
998 2128 1369 2195 merebuntur,
1410 2129 1564 2198 juxta
1613 2131 1744 2186 illud
1790 2133 2106 2190 Malachize:

530 2232 549 2265 ι
583 2213 751 2271 Labia
777 2216 1072 2273 sacerdotis
1092 2220 1400 2275 custodiunt
1422 2223 1722 2289 scientiam,
1751 2234 1806 2279 et
1828 2226 1997 2297 legem
2022 2243 2109 2283 re-

523 2307 744 2376 quirunt
762 2324 825 2363 ex
849 2323 943 2364 ore
967 2310 1105 2380 ejus,
1136 2310 1262 2381 quia
1285 2312 1506 2383 angelus
1533 2314 1744 2371 Domini
1772 2319 2108 2373 exercituum

520 2406 605 2452 est
640 2398 897 2463 (Malach.
947 2400 1030 2473 ιι).
1070 2422 1088 2454 ι
1137 2403 1205 2457 Et
1255 2419 1361 2458 non
1392 2404 1561 2460 solum
1609 2408 1963 2475 sacerdotes,
2015 2410 2110 2465 sed

520 2490 685 2545 etiam
712 2492 898 2548 fideles
926 2492 1071 2561 laici,
1102 2495 1146 2550 si
1185 2494 1342 2566 juxta
1393 2498 1668 2553 modulum
1720 2501 1961 2557 scientiae
2000 2520 2110 2559 suae

520 2585 722 2641 bonum
766 2588 908 2657 quod
936 2600 1226 2654 noverunt,
1258 2590 1517 2647 fratribus
1548 2595 2017 2660 annuntiaverint,
2044 2597 2111 2652 ad

521 2675 836 2745 angelorum
884 2682 1216 2734 consortium
1268 2682 1634 2750 pertinebunt.
1666 2683 1803 2750 Quia
1851 2687 1904 2740 in
1949 2702 2111 2741 orna-

521 2776 702 2823 mento
758 2770 1088 2826 tabernaculi
1151 2786 1258 2826 non
1287 2772 1458 2826 solum
1507 2773 1737 2843 phialas,
1796 2777 1892 2831 sed
1944 2777 2106 2831 etiam

520 2861 701 2930 cyathi
744 2858 882 2929 jussi
913 2872 1037 2918 sunt
1087 2863 1223 2917 ﬁeri.
1256 2863 1519 2930 Quoniam
1550 2881 1654 2921 non
1686 2868 1857 2922 solum
1889 2869 2109 2924 uberior

516 2950 767 3006 doctrina
818 2952 927 3009 Deo
978 2964 1198 3026 accepta
1237 2964 1336 3021 est,
1394 2957 1486 3011 sed
1528 2958 1689 3012 etiam
1740 2969 1796 3014 et
1849 2960 2106 3026 minima,

509 3043 663 3112 juxta
696 3045 852 3112 illud,
892 3036 1034 3117 quod
1073 3049 1149 3104 ait
1197 3050 1249 3103 in
1288 3050 1608 3127 Apocalypsi
1634 3050 1913 3108 Joannes:
1953 3071 1971 3104 α
2003 3052 2106 3120 Qui

514 3136 685 3201 audit,
716 3137 859 3193 dicat
898 3141 1021 3194 veni
1048 3139 1231 3213 (Apoc.
1267 3140 1427 3211 χχιι).
1460 3161 1478 3194 ι
1512 3142 1579 3196 Et
1602 3143 1889 3212 Apostolus
1923 3163 1935 3197 :
1971 3143 2106 3214 Spe-
2139 3174 2149 3214 ,-

2213 1937 2291 1992 dit
2317 1954 2479 2007 super
2522 1954 2775 1995 occasum
2801 1938 2973 2011 (Psal.
3018 1944 3206 2015 uvn).
3244 1963 3261 1995 ι
3294 1944 3404 1999 Cur
3430 1957 3611 2002 autem
3638 1948 3805 2003 Joan-

2212 2043 2309 2083 nes
2359 2030 2506 2085 circa
2544 2031 2925 2099 mquinoctium
2955 2035 3264 2090 autumnale
3313 2047 3628 2106 conceptus,
3661 2039 3805 2094 circa

2211 2119 2500 2174 solstitium
2531 2122 2776 2176 testivum
2807 2123 2878 2177 sit
2926 2132 3105 2188 natus,
3157 2126 3315 2180 docet
3344 2127 3459 2196 ipse
3501 2128 3594 2197 qui
3623 2130 3706 2183 vel
3737 2146 3804 2184 ex

2212 2225 2329 2277 sua,
2360 2210 2444 2265 vel
2473 2227 2541 2266 ex
2576 2212 2787 2267 Veteris
2818 2212 3151 2270 Testamenti
3183 2218 3263 2286 (ut
3303 2217 3456 2272 multi
3500 2222 3801 2293 autumant)

2210 2317 2441 2372 persona
2493 2304 2731 2375 loquitur
2788 2322 2802 2361 :
2864 2326 2882 2359 ι
2918 2308 3073 2362 Illum
3135 2318 3349 2379 oportet
3397 2325 3662 2376 crescere,
3716 2326 3803 2366 me

2211 2404 2390 2451 autem
2426 2398 2595 2452 minui
2629 2398 2813 2470 (Joan.
2854 2400 2958 2471 ιιι).
3005 2419 3025 2452 ι

2286 2509 2304 2540 ι
2340 2488 2424 2543 Ad
2457 2490 2722 2561 virginem
2747 2490 3128 2562 desponsatam
3163 2493 3281 2548 viro
3320 2494 3406 2548 cui
3447 2510 3643 2549 nomen
3683 2502 3803 2550 erat

2217 2597 2235 2630 c
2271 2578 2515 2649 Joseph,
2570 2581 2636 2635 de
2702 2583 2862 2636 domo
2934 2582 3123 2648 David,
3195 2592 3250 2638 et
3307 2599 3498 2640 nomen
3562 2586 3790 2657 virginis

2217 2689 2236 2722 ι
2260 2672 2447 2726 Maria.
2478 2692 2497 2724 ι
2530 2673 2724 2729 Multas
2752 2675 2821 2729 ob
2848 2690 3041 2730 causas
3068 2674 3319 2734 Salvator
3347 2694 3451 2734 non
3474 2679 3539 2735 de
3565 2679 3799 2757 simplici

2209 2762 2436 2832 virgine,
2458 2765 2552 2819 sed
2580 2766 2646 2819 de
2669 2766 2991 2836 desponsata
3007 2768 3176 2824 voluit
3197 2772 3367 2825 nasci.
3400 2770 3582 2827 Primo
3608 2771 3798 2827 videli-

2211 2866 2318 2920 cet,
2348 2865 2408 2911 ut
2430 2872 2529 2928 per
2549 2860 2953 2928 generationem
2982 2860 3203 2932 Joseph,
3232 2864 3387 2936 cujus
3410 2865 3579 2920 Maria
3611 2880 3799 2936 cogna-

2213 2953 2262 3000 ta
2295 2958 2433 3013 erat,
2464 2948 2646 3004 Maria:
2672 2965 2888 3022 quoque
2918 2964 3234 3010 nosceretur
3253 2957 3426 3028 origo.
3451 2956 3634 3028 Neque
3656 2958 3801 3012 enim

2210 3055 2327 3095 mos
2351 3051 2434 3097 est
2461 3041 2779 3114 Scripturte,
2821 3047 3146 3104 feminarum
3193 3052 3556 3124 genealogiam
3594 3063 3800 3110 texere.

2213 3128 2347 3184 Nam
2388 3139 2441 3186 et
2473 3133 2538 3187 de
2576 3143 2805 3205 utroque
2836 3146 3014 3207 potest
3043 3139 3287 3211 intelligi,
3319 3142 3461 3210 quod
3500 3142 3697 3196 dicitur
3732 3143 3802 3197 de

514 3227 784 3282 ειτηευιυη)
818 3227 945 3285 facti
975 3206 1161 3287 sm'mis
1187 3206 1410 3299 mundo;
1434 3206 1665 3305 angens-
1683 3242 1844 3305 atque
1866 3206 2102 3291 hami-ni-
2130 3206 2175 3269 C
2206 3221 2365 3277 domo
2393 3223 2580 3279 David.
2613 3226 2837 3304 Deinde,
2862 3244 2928 3284 ne
2954 3229 3103 3285 velut
3132 3206 3370 3286 adultera
3396 3231 3733 3302 lapidaretur
3766 3248 3798 3287 a

514 3320 616 3374 bus
644 3319 692 3392 (Ι
726 3319 863 3403 Cor.
885 3322 981 3394 tv).
1005 3321 1240 3380 Joannes
1266 3339 1396 3379 vero
1415 3326 1558 3379 viam
1590 3324 1803 3405 Domini
1831 3342 2104 3397 praepara-

514 3413 610 3478 vit,
642 3428 749 3468 non
773 3400 977 3483 lapides
1004 3416 1253 3479 tollendo,
1286 3432 1385 3499 nec
1409 3433 1599 3488 aspera
1627 3402 1976 3489 coaequando,
2008 3420 2103 3499 sed

512 3514 723 3562 mentes
771 3508 1050 3563 hominum
1081 3494 1456 3580 prmparando,
1497 3496 1712 3581 quando
1741 3496 2099 3578 annuntiavit,

512 3597 700 3653 dicens
739 3616 752 3653 :
787 3618 806 3651 ι
842 3599 1227 3655 Ptenitentiam
1267 3603 1431 3672 agite,
1463 3603 1915 3672 appropinquabit
1954 3604 2099 3658 enim

512 3704 741 3757 regnum
790 3680 1049 3746 canorum
1077 3690 1292 3763 (Matth.
1321 3694 1425 3761 ιιι).
1469 3713 1489 3746 ι
1543 3693 1669 3748 Sive
1698 3695 1839 3749 viam
1889 3696 2100 3752 Domini

510 3770 859 3849 praeparavit,
889 3782 1104 3850 quando
1133 3796 1362 3852 corpora
1392 3785 1625 3840 humana
1652 3786 1972 3856 baptizando
2000 3790 2099 3845 ab-

511 3866 630 3934 luit,
659 3871 751 3925 sed
773 3880 995 3941 peccata
1023 3887 1129 3928 non
1159 3873 1364 3929 dimisit
1395 3893 1408 3928 :
1432 3874 1582 3930 illum
1611 3878 1981 3949 prazligurans,
2007 3882 2099 3950 qui

512 3974 618 4014 non
649 3960 824 4016 solum
850 3963 903 4016 in
941 3978 1104 4032 aqua,
1136 3962 1231 4019 sed
1257 3964 1422 4019 etiam
1454 3966 1507 4020 in
1538 3966 1742 4037 Spiritu
1772 3979 1960 4025 sancto
1982 3980 2100 4027 erat

510 4047 903 4120 baptizaturus,
940 4060 995 4107 et
1015 4062 1237 4123 peccata
1266 4055 1577 4113 hominibus
1609 4060 1952 4118 remissurus.

1099 4183 1381 4242 HOMlLlA
1416 4186 1505 4243 IV.

776 4311 934 4352 FEBIA
972 4280 1187 4362 ρυλιιτλ
1223 4314 1475 4362 ρυλτυοιι
1514 4315 1825 4358 TEIPORUI.

587 4427 606 4460 ι
642 4405 793 4481 (Luc.
816 4411 882 4480 ι.)
916 4409 973 4464 ln
1002 4409 1093 4465 illo
1119 4420 1376 4482 tempore,
1406 4414 1603 4470 missus
1632 4424 1716 4471 est
1740 4416 1961 4487 angelus
1992 4417 2100 4473 Ga-

515 4516 535 4551 ι
571 4500 709 4556 briel
732 4516 760 4555 a
791 4502 900 4556 Deo
928 4501 979 4555 in
1005 4501 1276 4557 civitatem
1297 4502 1547 4571 Galilaeaa,
1574 4506 1663 4561 cui
1690 4522 1884 4563 nomen
1917 4506 2097 4565 Naza-

515 4608 534 4642 ι
580 4593 753 4657 νειΙω
787 4600 841 4649 et
871 4592 1098 4662 reliqua.
1124 4592 1328 4649 Idcirco
1348 4594 1524 4666 angeli
1546 4596 1771 4667 privatis
1795 4598 2101 4655 nominibus

508 4693 818 4750 censeantur,
847 4694 907 4741 ut
938 4686 1182 4758 signetur
1207 4702 1306 4756 per
1328 4688 1611 4752 vocabula,
1637 4690 1801 4743 etiam
1835 4690 1885 4744 in
1914 4706 2103 4762 cpera-

513 4776 661 4831 tione
675 4778 802 4845 quid
814 4778 1048 4833 valeant.
1065 4778 1248 4850 Neque
1260 4781 1461 4837 etenim
1476 4782 1529 4837 in
1546 4779 1632 4834 illa
1658 4791 1846 4838 saneta
1862 4784 2099 4851 civitate,

511 4863 673 4937 quam
696 4867 831 4923 visio
853 4869 948 4923 Dei
969 4871 1351 4941 omnipotentis
1376 4872 1590 4942 plenam
1610 4873 1837 4929 scientia
1859 4868 2091 4944 perﬁcit,

512 4959 716 5014 idcirco
754 4960 973 5030 propria
1000 4963 1218 5018 nomina
1248 4963 1568 5029 sortiuntur,
1594 4980 1661 5020 ne
1691 4979 1879 5020 eorum
1917 4979 2102 5035 perso-

511 5064 595 5102 na:
618 5050 735 5105 sine
764 5052 1071 5109 nominibus
1093 5054 1221 5110 sciri
1250 5070 1359 5110 non
1379 5055 1605 5124 possint,
1640 5056 1734 5109 sed
1755 5071 1876 5109 cum
1905 5056 1971 5108 ad
2006 5070 2103 5110 nos

512 5138 714 5208 aliquid
743 5132 1095 5197 ministraturi
1118 5143 1358 5205 veniunt,
1404 5142 1546 5213 apud
1571 5157 1672 5197 nos
1695 5142 1857 5196 etiam
1885 5143 2102 5197 nomina

512 5245 543 5285 a
573 5231 890 5290 ministeriis
916 5236 1157 5290 trahunt.
1189 5234 1270 5289 Ad
1292 5232 1516 5288 Mariam
1552 5249 1681 5305 ergo
1707 5228 1969 5303 virginem
1998 5234 2103 5290 Ga-

512 5318 648 5378 brie'l
691 5324 942 5391 mittitur,
996 5327 1090 5398 qui
1151 5325 1247 5380 Dei
1280 5325 1535 5395 fortitudo
1574 5326 1903 5381 nominatur.
1946 5325 2103 5381 Illum

512 5414 709 5485 quippe
740 5418 991 5472 nuntiare
1008 5417 1278 5481 veniebat,
1302 5416 1394 5485 qui
1415 5415 1481 5470 ad
1499 5416 1843 5472 debellandas
1862 5425 2102 5486 potesta-

515 5516 595 5563 tes
645 5525 851 5576 aereas,
903 5509 1123 5565 humilis
1151 5523 1415 5579 apparere
1462 5509 1711 5580 dignatus
1758 5519 1859 5567 est.
1890 5511 1966 5566 De
1995 5526 2102 5581 quo

513 5613 612 5669 per
630 5598 970 5655 Psalmistam
995 5598 1193 5653 dicitur
1213 5596 1385 5669 (Psal.
1416 5599 1575 5665 xxm)
1597 5617 1640 5651 τι
1666 5600 1923 5655 Dominus
1947 5600 2102 5656 fortis

515 5698 569 5745 et
597 5702 808 5760 potens,
853 5692 1114 5747 Dominus
1138 5700 1329 5760 potens
1356 5691 1408 5745 in
1440 5692 1645 5762 prmlio.
1678 5712 1695 5743 ι
1745 5693 1804 5747 Et
1839 5709 2051 5748 rursum
2084 5712 2097 5747 :

518 5800 544 5845 ι
579 5784 836 5843 Dominus
872 5786 1129 5841 virtutum
1158 5784 1271 5855 ipse
1315 5794 1392 5841 est
1425 5800 1516 5840 rex
1547 5784 1748 5857 gloriae.
1808 5805 1827 5837 ι
1863 5786 1965 5843 Per
2001 5785 2097 5841 Dei

2202 3311 2421 3382 Judzeis,
2460 3317 2667 3375 malens
2712 3320 2922 3391 aliquos
2950 3322 3016 3378 de
3069 3339 3167 3380 suo
3204 3332 3350 3391 ortu,
3385 3340 3546 3395 quam
3577 3324 3642 3379 de
3697 3338 3798 3394 pu-

2204 3408 2335 3463 dore
2371 3410 2620 3467 dubitare
2648 3416 2907 3482 parentis.
2941 3416 3111 3470 Simul
3148 3426 3203 3471 et
3232 3418 3533 3486 virginibus
3562 3416 3797 3487 impudi-

2203 3499 2282 3554 cis
2306 3502 2651 3563 occasionem
2672 3500 2885 3567 tollens,
2905 3519 2972 3558 ne
2997 3513 3231 3559 matrem
3253 3520 3468 3576 quoque
3496 3504 3798 3563 Salvatoris

2203 3589 2446 3644 dicerent
2485 3590 2636 3645 falsis
2665 3592 3059 3669 suspicionibus
3099 3592 3435 3648 infamatam.
3482 3595 3690 3661 Tertio,
3737 3606 3797 3651 ut

2203 3680 2257 3735 in
2311 3680 2602 3751 Egyptum
2640 3681 2849 3751 fugiens
2873 3691 2927 3738 et
2969 3681 3204 3751 rediens,
3263 3685 3489 3740 haberet
3543 3685 3796 3741 solatium

2203 3769 2323 3834 viri,
2368 3770 2460 3839 qui
2492 3770 2860 3842 integerrimas
2909 3773 3234 3842 virginitatis
3265 3783 3451 3831 custos
3501 3775 3709 3846 pariter
3730 3792 3796 3832 ac

2202 3858 2356 3914 testis
2386 3861 2691 3916 exsisteret.
2739 3860 2962 3929 Quarto,
2991 3878 3058 3918 ne
3085 3872 3271 3935 partus
3304 3864 3421 3934 ejus
3449 3866 3659 3943 diabolo
3686 3881 3781 3935 pa-

2201 3958 2360 4017 teret,
2412 3954 2505 4024 qui
2555 3954 2602 4009 si
2644 3970 2767 4011 eum
2806 3957 2873 4013 de
2920 3956 3128 4029 virgine
3171 3950 3381 4013 natum
3415 3969 3787 4029 cognosceret,

2200 4040 2428 4099 forsitan
2444 4046 2597 4115 quasi
2623 4048 2836 4117 caeteris
2857 4048 3169 4103 hominibus
3190 4049 3600 4104 eminentiorem
3625 4049 3786 4103 morti

2202 4134 2417 4191 tradere
2448 4137 2681 4192 timeret.
2715 4137 2882 4192 Maria
2914 4146 3094 4194 autem
3125 4139 3390 4195 Hebraice
3414 4139 3564 4193 stella
3608 4138 3791 4202 maris,

2202 4227 2426 4300 Syriace
2464 4244 2593 4286 vero
2622 4230 2837 4286 domina
2868 4242 3112 4298 vocatur,
3144 4240 3199 4286 et
3223 4233 3438 4298 merito,
3470 4232 3597 4302 quia
3623 4239 3676 4287 et
3706 4239 3791 4284 to-

2203 4321 2309 4376 tius
2339 4322 2523 4377 mundi
2553 4322 2862 4391 Dominum,
2890 4332 2947 4379 et
2983 4324 3158 4380 lucem
3186 4325 3368 4380 smculi
3405 4326 3602 4380 meruit
3630 4339 3793 4396 gene-

2200 4425 2260 4465 ra
2269 4426 2326 4466 re
2354 4425 2669 4482 perennem.
3548 4478 3551 4481 ν
3586 4428 3589 4431 ·

2280 4522 2299 4555 ι
2331 4503 2399 4558 Ει
2428 4504 2704 4575 ingressus
2742 4503 2966 4576 angelus
2991 4505 3059 4560 ad
3084 4519 3226 4571 eam,
3262 4506 3399 4561 dixit
3428 4525 3441 4561 :
3474 4506 3587 4562 Ave
3614 4506 3789 4577 gratia

2124 4565 2178 4628 D
2214 4612 2233 4646 ‹
2274 4592 2451 4663 plena,
2485 4565 2766 4649 “Dominus
2805 4565 3007 4662 tecum,
3055 4596 3336 4652 benedicta
3385 4606 3438 4651 tu
3464 4596 3518 4650 in
3557 4596 3792 4651 mulieri-

2216 4701 2235 4736 ι
2273 4683 2390 4738 bus.
2422 4701 2441 4735 ι
2485 4682 2628 4737 Bene
2657 4684 2829 4754 gratia
2861 4684 3017 4755 plena
3066 4696 3313 4753 vocatur,
3360 4701 3479 4755 quae
3532 4685 3789 4740 nimirum

2208 4774 2437 4842 gratiam
2487 4789 2648 4844 quam
2689 4773 2834 4829 nulla
2882 4774 2989 4829 alia
3037 4786 3310 4832 meruerat
3351 4776 3678 4847 assequitur,
3733 4783 3791 4828 ut

2208 4864 2383 4934 ipsum
2419 4864 2668 4919 videlicet
2699 4865 2886 4936 gratiae
2914 4867 3221 4939 conciperet
3246 4876 3301 4922 et
3323 4868 3564 4938 gigneret
3602 4875 3790 4920 aucto-

2206 4969 2343 5009 rem.

2283 5063 2302 5096 ι
2337 5043 2468 5111 Quae
2490 5061 2613 5101 cum
2649 5047 2908 5115 audisset,
2930 5047 3143 5102 turbata
3176 5055 3260 5102 est
3287 5047 3341 5100 in
3370 5060 3619 5102 sermone
3647 5045 3782 5116 ejus,

2214 5155 2234 5189 ι
2268 5146 2324 5193 et
2348 5138 2618 5211 cogitabat
2644 5140 2818 5212 qualis
2841 5147 2984 5196 esset
3006 5140 3109 5194 ista
3137 5138 3408 5196 salutatio.
3452 5159 3471 5192 ›
3499 5139 3655 5196 Disce
3678 5141 3787 5194 vir-

2207 5230 2384 5302 ginem
2428 5233 2688 5299 moribus,
2737 5233 2886 5288 disce
2931 5231 3197 5304 virginem
3242 5233 3589 5299 verecundia,
3641 5233 3785 5287 disce

2206 5320 2474 5391 virginem
2516 5322 2760 5387 oraculo,
2800 5322 2949 5377 disce
2991 5322 3269 5392 mysterio.
3299 5322 3592 5391 Trepidare
3618 5322 3784 5392 virgi-

2209 5427 2338 5466 num
2363 5418 2465 5477 est,
2495 5419 2548 5466 et
2590 5412 2657 5465 ad
2687 5406 2876 5467 omnes
2900 5412 3001 5467 viri
3031 5414 3305 5485 ingressus
3344 5428 3559 5483 pavere,
3600 5428 3788 5467 omnes

2207 5503 2311 5557 viri
2340 5502 2532 5559 affatus
2559 5503 2759 5558 vereri.
2803 5503 3021 5561 Discant
3062 5506 3311 5560 mulieres
3335 5504 3666 5581 propositum
3695 5519 3788 5572 pu-

2210 5596 2379 5659 doris,
2406 5595 2605 5650 imitari
2635 5595 2805 5651 solam
2844 5597 2895 5651 in
2919 5596 3306 5666 penetralibus,
3333 5609 3494 5664 quam
3530 5609 3687 5648 nemo
3710 5594 3787 5649 vi-

2211 5699 2391 5738 rerum
2443 5686 2667 5748 videret,
2720 5688 2866 5742 solus
2894 5685 3115 5753 angelus
3144 5685 3440 5754 reperiens,
3471 5686 3638 5741 solam
3669 5685 3787 5738 sine

2211 5778 2429 5845 comite,
2472 5779 2638 5836 solam
2669 5780 2784 5836 sine
2834 5786 2986 5844 teste,
3014 5792 3083 5833 ne
3105 5791 3211 5847 quo
3250 5777 3501 5850 degeneri
3528 5779 3787 5848 deprava-
