4038 6352
187 390 261 447 35
1395 379 1700 438 HOMILIIE
1745 379 1755 436 1

1873 377 2224 435 TEMPORE.
3371 387 3442 443 δι

187 514 340 562 retur
357 501 570 568 aﬁ‘ectu,
589 502 654 556 ab
675 503 862 573 angelo
890 503 1168 557 salutatur.
1193 499 1559 567 Disce,virgo,
1587 496 1772 550 verbo.
1796 497 1844 556 Α
1873 491 1924 544 in
1950 491 2154 562 judicio
2180 501 2233 547 et
2258 491 2488 560 justitia.
2517 493 2621 549 Per
2647 495 2761 552 haec
2791 496 2932 552 enim
2962 512 3184 568 regnum
3217 500 3440 568 Christi,

185 612 311 653 rum
343 597 515 650 vitare
545 595 842 649 lasciviam.
868 593 1035 648 Maria
1073 594 1234 648 etiam
1261 589 1641 644 salutationem
1672 602 1766 638 an-

188 686 288 760 geli
330 685 634 739 verebatur.
670 683 795 737 Erat
838 692 1015 736 tamen
1065 681 1329 751 cogitans,
1360 679 1550 748 inquit,
1593 674 1768 744 qualis

186 784 334 830 esset
382 775 483 829 ista
513 774 761 828 salutatio
796 772 946 842 (Luc.
980 772 1042 839 i).
1077 771 1142 824 Et
1182 771 1302 823 ideo
1345 783 1470 822 cum
1511 780 1768 819 verecun-

185 867 294 929 dia,
318 865 443 935 quia
474 864 703 934 pavebat
730 880 744 927 ;
789 879 910 918 cum
945 861 1225 932 prudentia
1244 901 1258 926 ,
1285 859 1409 929 quia
1440 855 1768 911 benedictio-

185 959 271 1012 nis
317 972 511 1012 novam
562 955 848 1010 formulam
919 955 1234 1018 mirabatur,
1306 966 1426 1021 qua:
1498 963 1766 1019 nusquam

185 1048 324 1104 lecta
381 1058 494 1109 cst,
530 1063 791 1116 nusquam
819 1055 940 1100 ante
969 1053 1261 1114 comperta.

261 1155 280 1188 ι
313 1136 380 1190 Et
407 1137 484 1190 ait
512 1136 730 1206 angelus
757 1154 768 1188 :
802 1134 878 1188 Ne
910 1129 1598 1198 timeas,Maria;invenisti
1620 1130 1764 1184 enim

189 1243 207 1276 ι
246 1226 477 1297 gratiam
522 1225 660 1296 apud
706 1225 1006 1279 Dominum.
1039 1243 1057 1276 ι
1096 1223 1230 1290 Quia
1257 1221 1578 1275 salutatione
1615 1219 1761 1274 inso-

183 1317 300 1381 lita,
332 1327 515 1386 utpote
556 1332 675 1385 quae
710 1316 757 1370 ei
797 1315 893 1369 soli
927 1316 1266 1378 servabatur,
1308 1322 1364 1367 ut
1404 1313 1610 1367 viderat
1645 1321 1760 1365 tur-

182 1409 384 1471 batain,
424 1407 576 1477 quasi
615 1405 932 1460 familiarius
972 1414 1154 1460 notam
1193 1419 1392 1460 vocans
1425 1419 1491 1458 ex
1522 1402 1757 1468 nomine,

180 1515 251 1552 ne
291 1499 484 1552 timere
527 1498 738 1561 debeat,
776 1497 947 1564 jubet.
977 1497 1041 1550 Et
1067 1496 1191 1565 quia
1215 1495 1385 1566 gratia
1417 1494 1628 1563 plenam
1659 1509 1755 1548 vo-

178 1599 424 1654 caverat,
455 1589 699 1642 eamdem
731 1589 961 1659 gratiam
989 1597 1041 1642 et
1068 1589 1263 1642 astruit
1287 1587 1514 1656 plenius,
1545 1594 1600 1641 et
1628 1586 1758 1640 ube-

178 1681 294 1733 rius
325 1679 576 1748 explicat,
603 1680 787 1734 dicens
813 1697 826 1733 :

255 1792 272 1823 ι
306 1773 444 1826 Ecce
482 1773 754 1842 concipics
800 1772 854 1826 in
899 1781 1052 1826 utero
1080 1812 1095 1836 ,
1151 1779 1206 1826 et
1245 1771 1424 1841 paries
1471 1771 1660 1838 ﬁlium,
1700 1780 1756 1827 et

1868 591 1920 637 et
1947 584 1999 638 in
2028 584 2250 654 singulis
2271 585 2573 654 quibusque
2602 588 2867 654 ﬁdelibus,
2896 599 2950 644 et
2979 590 3031 644 in
3061 592 3312 646 universa
3346 608 3443 663 per

1867 674 2050 728 orbem
2085 675 2473 746 multiplicatur
2492 675 2699 745 pariter
2720 687 2774 731 et
2799 680 3148 735 conﬁrmatur
3175 681 3436 737 Ecclesia.

1869 762 2094 816 Domum
2142 779 2373 832 namque
2401 762 2589 828 Jacob,
2622 773 2786 818 totam
2817 767 3110 824 Ecclesiam
3139 771 3288 837 dicit,
3321 787 3440 840 qua:

1867 855 1950 910 vel
1974 855 2039 910 de
2064 856 2203 910 bona
2233 857 2413 911 radice
2437 867 2583 921 nata,
2606 856 2686 909 vel
2718 871 2838 911 cum
2869 859 3100 916 oleaster
3128 871 3291 927 esset,
3328 878 3442 918 me-

1869 944 1972 998 rito
2003 953 2179 998 tamen
2217 945 2339 999 ﬁdei
2364 946 2418 999 in
2441 946 2637 1000 bonam
2667 953 2750 999 est
2780 946 2979 1001 inserta
3009 949 3204 1004 olivam
3235 966 3249 1004 :
3278 967 3439 1020 quam

1866 1041 1988 1104 post
2034 1033 2364 1103 triumphum
2395 1034 2663 1103 passionis
2707 1034 2983 1103 alloquens
3023 1036 3272 1094 Salvator
3315 1041 3433 1094 ait:

1874 1143 1891 1174 ι
1919 1124 2020 1192 Qui
2049 1125 2250 1179 timetis
2272 1126 2576 1192 Dominum,
2601 1124 2814 1180 laudate
2833 1141 2978 1192 eum,
3008 1129 3322 1186 universum
3349 1147 3435 1187 se-

1865 1227 1988 1267 men
2025 1211 2190 1267 Jaeob
2207 1213 2546 1284 magniﬁcate
2569 1229 2690 1268 eum
2723 1212 2896 1284 (Psal.
2921 1215 3054 1288 xvi).
3071 1236 3089 1268 ›
3113 1218 3229 1272 Non
3255 1230 3437 1276 autem

1863 1305 1983 1359 ideo
1997 1303 2159 1357 futuri
2186 1305 2440 1374 temporis
2466 1305 2630 1358 verbo
2653 1320 2876 1376 magnus
2893 1307 3324 1376 exiturusJesus,
3351 1311 3442 1366 Fi-

1862 1392 1967 1448 lius
1981 1394 2237 1448 Altissimi
2254 1393 2542 1457 vocandus,
2561 1403 2833 1464 sceptrum
2851 1396 3019 1450 David
3037 1406 3372 1467 accepturus,
3388 1408 3442 1455 et

1864 1484 1918 1538 in
1970 1485 2128 1539 domo
2169 1483 2337 1540 Jacob
2387 1494 2710 1556 regnaturus
2758 1487 3052 1552 asseritur,
3101 1490 3254 1558 quia,
3285 1490 3442 1559 juxta

1861 1574 2005 1643 quod
2050 1574 2289 1628 haeretici
2335 1575 2570 1644 sapiunt,
2622 1583 2782 1644 atque
2813 1591 2844 1628 a
2872 1577 3100 1632 veritate
3149 1578 3438 1648 desipiunt,

1859 1662 2106 1717 Christus
2154 1672 2278 1718 ante
2327 1662 2548 1717 Mariam
2584 1678 2690 1718 non
2739 1661 3057 1736 fueritzsed
3109 1667 3235 1734 quia
3279 1669 3441 1722 homo

1860 1763 2163 1824 assumptus
2211 1754 2263 1808 in
2310 1755 2497 1818 Deum,
2556 1754 2883 1810 clariﬁcatus
2930 1766 3118 1812 estea
3156 1758 3440 1826 claritate,

181 1884 199 1914 ‹
237 1866 457 1920 vocabis
491 1881 684 1920 nomen
724 1866 839 1936 ejus
866 1864 1070 1920 Jesum.
1103 1884 1122 1917 ι
1171 1864 1327 1919 Jesus
1373 1864 1605 1919 salvator
1642 1867 1756 1920 sive
1782 1869 1830 1930 B
1860 1860 2023 1915 quam
2046 1844 2296 1936 iverbum
2314 1845 2414 1936 Pei
2440 1844 2647 1911 habuit:
2676 1845 2991 1916 Priusquam
3021 1847 3251 1903 mundus
3274 1857 3440 1915 esset:

172 1955 434 2010 salutaris
463 1956 866 2025 interpretatur.
897 1955 1062 2024 Cujus
1097 1965 1496 2010 sacramentum
1523 1957 1756 2012 nominis

171 2045 462 2116 alloquens
491 2045 687 2116 Joseph
729 2045 971 2117 angelus,
1023 2047 1308 2127 exposuit:
1339 2047 1451 2116 ipse
1482 2049 1624 2100 enim
1657 2047 1758 2116 (in-

173 2137 396 2206 quiens)
439 2137 644 2191 salvum
679 2136 840 2192 faciet
867 2137 1120 2208 populum
1151 2153 1307 2192 suum
1337 2155 1366 2192 a
1394 2139 1630 2208 peccatis
1665 2154 1757 2195 eo-

173 2245 317 2282 rum.
366 2229 482 2283 Non
516 2231 590 2284 ait
618 2231 871 2301 p0pulum
910 2231 1092 2296 Israel,
1139 2233 1230 2286 sed
1276 2232 1529 2302 populum
1579 2249 1753 2300 suum,

173 2320 275 2374 hoc
317 2328 426 2383 est,
469 2320 524 2374 in
560 2321 819 2375 unitatem
852 2319 973 2374 ﬁdei
1006 2337 1072 2373 ex
1109 2323 1368 2390 praeputio
1394 2332 1448 2375 et
1477 2322 1759 2377 circumci-

173 2411 328 2466 sione
358 2421 632 2464 vocatum.
655 2411 862 2477 Quibus
885 2425 952 2463 ex
977 2411 1188 2464 diversa
1219 2422 1370 2480 parte
1395 2414 1756 2482 congregatis,

175 2502 328 2556 ﬁeret
361 2517 530 2555 unum
558 2501 696 2556 ovile
724 2509 777 2555 et
804 2517 941 2555 unus
970 2510 1158 2570 pastor
1185 2501 1367 2570 (Joun.
1394 2504 1472 2571 x).

249 2614 266 2644 ι
295 2594 400 2648 Hic
419 2595 524 2647 erit
549 2609 797 2663 magnus,
822 2603 875 2646 et
902 2593 1072 2646 Filius
1093 2594 1353 2647 Altissimi
1380 2594 1680 2661 vocabitur,
1705 2604 1761 2650 et

180 2704 195 2735 ι
232 2685 382 2738 dabit
406 2682 456 2736 ei
485 2681 749 2736 Dominus
775 2681 916 2736 Deus
943 2682 1124 2736 sedem
1158 2684 1320 2737 David
1349 2686 1519 2754 patris
1544 2685 1678 2752 ejus.
1732 2706 1750 2738 ι

176 2775 388 2828 Dictum
436 2781 519 2826 est
563 2779 618 2825 et
663 2771 730 2825 de
777 2770 1003 2836 Joanne,
1047 2772 1172 2840 quia
1220 2773 1323 2826 erit
1372 2788 1621 2844 magnus,
1662 2775 1755 2828 sed

178 2865 327 2934 quasi
389 2864 550 2918 homo
612 2877 841 2932 magnus
891 2879 904 2914 :
955 2861 1076 2926 hic,
1132 2863 1283 2931 quasi
1328 2862 1468 2917 Deus
1507 2879 1750 2933 magnus.

175 2957 264 3012 Ille
303 2955 447 3010 enim
487 2969 711 3024 magnus
741 2967 926 3008 coram
982 2953 1242 3019 Domino,
1296 2954 1384 3007 hic
1425 2963 1606 3009 autem
1651 2956 1757 3009 erit

172 3061 430 3116 magnus,
472 3045 662 3114 inquit,
694 3053 748 3098 et
779 3043 948 3097 Filius
973 3042 1232 3097 Altissimi
1270 3044 1568 3098 vocabitur.
1608 3044 1756 3100 Idem

172 3153 306 3209 ergo
356 3137 523 3191 Filius
562 3136 845 3201 Altissimi,
896 3135 987 3205 qui
1035 3136 1088 3189 in
1139 3144 1291 3190 utero
1340 3137 1586 3208 virginali
1625 3154 1754 3194 con-

1861 1937 2000 2006 apud
2045 1935 2284 1990 Patrem.
2314 1934 2428 1990 Hoc
2451 1946 2553 2000 est,
2587 1945 2646 1990 ut
2673 1937 2812 1991 idem
2846 1936 2938 1990 ﬁlii
2970 1953 3166 1992 nomen
3190 1941 3438 1994 eamdem

1858 2026 2059 2082 Christi
2111 2043 2424 2098 personam,
2455 2029 2615 2082 homo
2656 2043 2779 2083 cum
2823 2027 2933 2084 Deo
2968 2029 3160 2099 plenus
3188 2031 3360 2099 gratia
3388 2042 3445 2087 et

1857 2121 2085 2174 veritate
2113 2120 2417 2174 sortiretur.

1934 2231 1952 2262 ι
1988 2212 2134 2266 Dixit
2186 2221 2366 2265 autem
2417 2211 2586 2266 Maria
2613 2212 2680 2266 ad
2707 2212 2953 2283 angelum
2983 2230 2995 2266 :
3027 2213 3307 2280 Quomodo
3349 2216 3442 2271 ﬁet

1863 2319 1882 2353 ι
1908 2302 2074 2368 istud,
2099 2304 2352 2373 quoniam
2371 2303 2546 2357 virum
2575 2317 2682 2356 non
2719 2305 3018 2374 cognosco?
3042 2324 3060 2357 ι
3096 2305 3439 2374 Propositum

1859 2409 1968 2448 sua:
2026 2395 2222 2448 mentis
2277 2405 2590 2448 reverenter
2646 2397 2924 2464 exposuit,
2981 2395 3146 2449 vitam
3192 2397 3444 2452 videlicet

1858 2485 2174 2555 virginalem
2200 2501 2258 2540 se
2283 2487 2476 2540 ducere
2501 2487 2825 2541 decrevisse.
2852 2486 2981 2553 Quae
3003 2488 3128 2557 quia
3155 2489 3330 2558 prima
3351 2488 3440 2549 fe-

1859 2575 2128 2628 minarum
2161 2583 2322 2629 tanta:
2349 2576 2594 2630 servituti
2627 2592 2686 2630 se
2713 2577 3023 2644 mancipare
3061 2580 3293 2645 curavit,
3318 2580 3442 2648 jure

1859 2664 2118 2734 singulari
2148 2681 2259 2734 prae
2287 2667 2498 2720 caeteris
2541 2665 2756 2720 feminis
2800 2666 3056 2722 beatitate
3099 2671 3298 2724 meruit
3340 2687 3438 2742 ex-

1857 2754 2071 2810 cellere.
2121 2775 2139 2806 (
2186 2754 2486 2822 Quomodo,
2535 2755 2712 2826 inquit
2792 2757 2888 2812 ﬁet
2927 2757 3150 2814 istud?»
3188 2759 3306 2816 Non
3341 2763 3438 2830 ait,

1856 2845 1996 2899 unde
2019 2845 2122 2900 hoc
2149 2846 2349 2900 sciam?
2375 2846 2467 2901 sed
2489 2847 2778 2916 quomodo,
2812 2847 3008 2918 inquit,
3041 2848 3156 2914 ﬁet,
3181 2840 3437 2922 quoniam

1855 2936 2029 2989 virum
2091 2952 2197 2992 non
2263 2938 2617 3006 cognosco?»
2671 2938 2928 2994 Ordinem
2979 2940 3229 2997 videlicet
3280 2944 3438 3000 obse-

1854 3029 1963 3097 quii
2001 3030 2084 3083 cui
2117 3030 2398 3093 subdatur,
2432 3030 2728 3099 inquirens,
2758 3046 2863 3085 non
2895 3040 3073 3086 autem
3101 3032 3315 3104 signum
3344 3036 3434 3090 cui

1853 3120 2062 3184 credat,
2093 3119 2361 3190 ﬂagitans.
2388 3119 2570 3189 Neque
2601 3121 2746 3174 enim
2773 3120 2997 3174 decebat
3020 3121 3244 3176 electam
3273 3138 3436 3193 gene-

173 3237 372 3296 ceptus
400 3235 453 3280 et
482 3236 636 3280 natus
666 3235 768 3291 est,
803 3227 945 3280 idem
989 3227 1150 3280 homo
1181 3226 1231 3279 in
1256 3235 1496 3297 tempore
1536 3238 1752 3282 creatus

1859 3218 2038 3264 ratura
2065 3209 2234 3262 Deum
2265 3210 2551 3278 virginem,
2577 3210 2794 3264 dubiam
2827 3209 3143 3275 difﬁdentia,
3189 3213 3282 3266 sed
3305 3229 3437 3281 pru-

170 3334 244 3372 ex
273 3326 470 3381 matre,
497 3318 586 3384 qui
607 3319 746 3371 Deus
767 3326 849 3371 est
874 3325 999 3371 ante
1031 3326 1273 3387 tempora
1297 3326 1455 3372 natus
1479 3332 1546 3371 ex
1569 3317 1750 3372 Patre.

173 3407 238 3463 Si
269 3417 450 3460 autem
482 3408 622 3460 idem
649 3409 824 3472 homo,
853 3409 938 3478 qui
969 3409 1110 3462 Deus
1150 3417 1255 3473 est,
1300 3409 1516 3462 omittat
1560 3408 1750 3464 Nesto-

175 3499 296 3552 rius
345 3507 549 3552 tantum
591 3499 857 3553 hominem
901 3501 1082 3554 dicere
1110 3515 1177 3554 ex
1203 3500 1410 3570 virgine
1451 3509 1657 3565 natum,
1699 3508 1754 3555 et

173 3592 321 3645 hunc
352 3605 382 3643 a
421 3591 584 3644 verbo
613 3592 707 3645 Dei
739 3607 842 3646 non
885 3593 936 3646 in
980 3593 1241 3648 unitatem
1273 3609 1539 3664 personae,
1576 3595 1670 3649 sed
1698 3595 1752 3648 in

173 3680 457 3744 societate,
485 3680 892 3750 inseparabilem
916 3697 1032 3736 esse
1050 3691 1345 3752 receptum.
1369 3682 1620 3752 Alioquin
1643 3700 1749 3738 non

175 3786 338 3824 unum
370 3770 644 3824 Christum
677 3787 863 3826 verum
895 3773 1063 3825 Deum
1093 3781 1147 3825 et
1175 3773 1467 3839 hominem,
1495 3776 1590 3828 sed
1618 3777 1752 3830 duos

180 3862 337 3932 (quod
368 3861 475 3915 dici
507 3861 658 3917 nefas
681 3865 784 3933 est)
810 3877 1076 3928 asserere,
1098 3879 1161 3917 ac
1181 3879 1278 3931 per
1305 3865 1407 3918 hoc
1435 3881 1541 3919 non
1570 3865 1749 3920 Trini-

184 3963 376 4020 tatem,
433 3954 530 4009 sed
585 3956 1004 4025 quaternitatem
1052 3957 1346 4026 prmdicare
1391 3957 1747 4013 convincitur.

182 4049 452 4106 Catholica
488 4060 668 4106 autem
701 4051 854 4116 ﬁdes,
887 4051 1029 4106 sicut
1060 4051 1522 4122 unumquemlibet
1573 4053 1750 4106 homi-

180 4158 293 4197 nem
344 4158 566 4197 carnem
595 4152 649 4197 et
678 4144 948 4208 animam,
996 4143 1068 4197 ita
1115 4143 1388 4197 hominem
1425 4151 1480 4196 et
1516 4143 1750 4198 Verbum

179 4247 336 4286 unum
388 4231 665 4288 Christum
714 4232 1012 4288 rectissime
1055 4233 1363 4287 conﬁtetur.
1403 4233 1563 4288 Juxta
1609 4237 1752 4305 quod

178 4333 228 4376 et
270 4324 449 4393 angeli
493 4324 657 4378 verba
692 4325 1017 4394 signiﬁcant,
1053 4340 1171 4393 quae
1197 4325 1426 4378 dandam
1463 4326 1536 4380 illi
1567 4327 1748 4382 sedem

179 4411 342 4467 David
359 4413 526 4483 patris
539 4414 654 4484 ejus
675 4424 1007 4469 asseverant.
1023 4415 1121 4482 Qui
1139 4416 1282 4469 enim
1299 4417 1544 4470 eumdem
1576 4419 1748 4488 ipsum

176 4503 391 4556 Patrem
419 4505 642 4560 haberet
669 4505 857 4570 David,
878 4521 1036 4574 quem
1064 4505 1258 4559 Filium
1281 4506 1540 4560 Altissimi
1567 4510 1746 4564 vocari

173 4594 508 4665 pronuntiat,
552 4594 608 4648 in
646 4567 854 4650 duabus
884 4567 1068 4664 utique
1097 4597 1326 4661 naturis,
1354 4612 1514 4650 unam
1546 4597 1744 4654 Christi
1770 4567 1827 4629 Β

172 4702 457 4756 personam
488 4687 840 4742 demonstrat.
869 4688 1092 4758 Accepit
1123 4697 1301 4744 autem
1331 4691 1512 4745 sedem
1556 4692 1744 4758 David,

172 4787 232 4832 ut
258 4778 516 4834 nimirum
545 4789 784 4850 gentem,
817 4780 902 4834 cui
932 4779 1098 4834 David
1124 4780 1397 4850 quondam
1425 4791 1481 4836 et
1512 4781 1606 4835 ﬁlii
1634 4782 1750 4851 ejus

173 4869 489 4940 temporalis
529 4870 677 4942 regni
709 4870 1069 4941 gubernacula
1097 4871 1461 4940 prmbuerunt,
1489 4872 1600 4941 ipse
1629 4862 1751 4942 per-

171 4969 391 5029 petuum
417 4971 637 5017 vocaret
658 4963 726 5017 ad
750 4978 996 5033 regnum,
1022 4963 1163 5032 quod
1187 4962 1267 5017 eis
1292 4972 1538 5032 paratum
1568 4973 1652 5018 est
1681 4966 1749 5019 ab

170 5051 378 5122 origine
405 5053 610 5107 mundi.

245 5159 264 5191 σ
297 5141 363 5194 Et
391 5143 638 5212 regnabit
663 5143 717 5197 in
747 5143 906 5198 domo
927 5140 1094 5198 Jacob
1124 5145 1177 5197 in
1204 5152 1483 5207 aeternum,
1516 5150 1572 5197 et
1596 5144 1743 5214 regni

174 5251 191 5284 ι
221 5232 341 5303 ejus
370 5250 478 5288 non
511 5236 613 5289 erit
645 5236 785 5290 ﬁnis.
822 5255 840 5288 ι
883 5235 948 5289 Et
973 5235 1139 5290 Isaias
1170 5236 1245 5289 ait
1273 5253 1285 5288 :
1318 5255 1335 5286 ι
1366 5234 1744 5304 Multiplicabi-

168 5330 255 5377 tur
301 5324 419 5392 ejus
466 5325 773 5394 imperium,
820 5334 875 5380 et
918 5327 1065 5395 pacis
1112 5341 1214 5380 non
1254 5326 1359 5380 erit
1399 5324 1542 5380 ﬁnis.
1575 5324 1748 5394 Super

170 5417 361 5471 solium
387 5417 579 5483 David,
610 5426 664 5472 et
690 5433 851 5488 super
875 5433 1099 5488 regnum
1131 5416 1246 5486 ejus
1284 5418 1512 5482 sedebit,
1543 5427 1602 5471 ut
1625 5431 1748 5470 con-

170 5509 350 5561 ﬁrmet
394 5507 562 5568 illud.
612 5518 666 5562 et
715 5508 1034 5563 corroboret
1080 5509 1134 5563 in
1188 5506 1393 5576 judicio
1439 5518 1495 5562 et
1537 5507 1749 5577 justitia

171 5599 302 5667 (Ira.
333 5600 434 5671 Ix).
469 5620 484 5650 ι
532 5600 645 5655 Non
676 5600 812 5654 dixit
849 5601 903 5653 in
950 5601 1303 5669 acquisitione
1348 5600 1552 5668 glorim,
1592 5614 1749 5667 gaza-

170 5707 397 5761 rumque
442 5693 805 5757 terrestrium,
848 5709 952 5747 non
983 5691 1036 5746 in
1065 5691 1287 5745 victoria
1316 5690 1552 5760 gentium
1587 5689 1750 5758 pluri-

170 5800 412 5849 marum,
448 5785 772 5856 urbiumque
817 5784 1173 5840 debellatioue
1225 5781 1610 5854 superbarum,
1655 5781 1747 5835 sed

1864 3301 2044 3356 dentia
2083 3311 2296 3355 cautam
2333 3301 2596 3355 exsistere
2643 3320 2654 3354 :
2704 3303 2831 3370 quia
2854 3317 2955 3356 nec
3013 3302 3170 3356 facile
3224 3313 3438 3372 poterat

1859 3393 2019 3446 homo
2071 3405 2230 3444 nosse
2287 3391 2626 3459 mysterium,
2679 3391 2821 3460 quod
2863 3392 2917 3444 in
2962 3392 3073 3446 Deo
3122 3395 3373 3448 manebat
3409 3411 3438 3448 a

1858 3482 2070 3537 smeulis
2125 3481 2519 3536 absconditum.
2571 3482 2706 3548 Quia
2755 3497 2884 3552 ergo
2938 3483 3193 3552 legerat:
3250 3503 3267 3535 ι
3298 3486 3438 3540 Ecce

1858 3574 2009 3642 virgo
2038 3572 2092 3626 in
2131 3581 2286 3627 utero
2333 3572 2569 3639 habebit,
2600 3580 2654 3628 et
2682 3573 2855 3644 pariet
2889 3572 3058 3627 ﬁlium
3102 3573 3238 3646 (Ira.
3270 3576 3390 3647 vn),
3413 3597 3431 3627 ι

1858 3666 1951 3719 sed
2002 3664 2271 3734 quomodo
2318 3664 2370 3718 id
2422 3666 2537 3718 ﬁeri
2587 3673 2767 3735 posset
2811 3680 2916 3721 non
2947 3665 3187 3737 legerat,
3245 3669 3436 3725 scisci-

1857 3756 2074 3809 tabatur
2130 3755 2196 3809 ab
2245 3755 2472 3826 angelo,
2537 3755 2681 3826 quod
2746 3756 2800 3811 in
2861 3757 3123 3828 propheta
3178 3774 3285 3814 non
3354 3761 3436 3815 in-

1856 3849 2022 3903 venit.

1933 3960 1952 3992 (
1979 3941 2043 3994 Et
2093 3943 2423 4011 respondens
2464 3941 2706 4012 angelus,
2751 3941 2888 3996 dixit
2923 3943 3012 3996 ei:
3043 3941 3277 4013 Spiritus
3313 3959 3437 3999 san-

1862 4045 2012 4089 ictus
2036 4034 2380 4104 superveniet
2408 4035 2459 4087 in
2485 4042 2557 4097 te,
2586 4042 2642 4087 et
2666 4033 2839 4088 virtus
2859 4033 3121 4088 Altissimi
3147 4035 3435 4090 obumbra-

1862 4126 1969 4180 cbit
1992 4127 2109 4181 tibi.
2133 4147 2151 4179 )
2176 4126 2292 4181 Non
2318 4126 2480 4190 virili,
2508 4127 2707 4196 inquit,
2732 4127 2872 4197 quod
2896 4144 2998 4181 non
3025 4129 3325 4199 cognoscis,
3353 4145 3438 4184 se-

1857 4221 2024 4286 mine,
2059 4221 2153 4276 sed
2182 4221 2415 4290 Spiritus
2445 4221 2640 4285 sancti,
2672 4236 2778 4290 quo
2818 4221 3078 4291 impleris,
3109 4237 3271 4291 opere
3305 4239 3434 4278 con-

1855 4315 2044 4383 cipies.
2079 4313 2191 4368 Erit
2237 4314 2289 4368 in
2332 4322 2381 4367 te
2423 4315 2718 4383 conceptio,
2767 4313 2931 4369 libido
2961 4330 3067 4369 non
3099 4317 3204 4371 erit
3229 4332 3434 4372 concu-

1856 4405 2152 4474 piscentia).
2182 4403 2297 4458 Non
2328 4404 2431 4459 erit
2459 4414 2643 4471 azstus,
2675 4405 2765 4460 ubi
2802 4407 3046 4461 umbram
3075 4409 3236 4462 faciet
3268 4408 3436 4478 Spiri-

1855 4506 1942 4552 tus
1967 4507 2206 4553 sanctus.
2233 4498 2432 4552 Verum
2463 4498 2514 4552 in
2546 4513 2611 4553 eo
2637 4498 2780 4569 quod
2811 4499 2915 4554 ait:
2937 4519 2954 4551 ι
2977 4499 3044 4554 Ει
3077 4501 3250 4555 virtus
3270 4500 3436 4554 Altis-

1857 4590 1978 4645 simi
2022 4590 2368 4645 obumbrabit
2408 4591 2524 4655 tibi,
2549 4611 2566 4642 ι
2617 4600 2798 4662 potest
2821 4593 2982 4646 etiam
3014 4591 3279 4645 incarnati
3310 4590 3430 4644 Sal-

1857 4680 2060 4734 vatoris
2097 4689 2321 4749 utraque
2366 4690 2554 4735 natura
2603 4682 2890 4751 designari.
2940 4680 3138 4734 Umbra
3176 4679 3371 4750 quippe
3400 4696 3433 4735 a

1857 4772 2058 4826 lumine
2089 4772 2224 4827 solet
2255 4782 2308 4826 et
2343 4788 2568 4842 corpore
2595 4772 2836 4836 formari,
2865 4779 2918 4824 et
2941 4771 3025 4824 cui
3053 4769 3430 4839 obumbratur,

1857 4862 2058 4918 lumine
2095 4865 2311 4931 quidem
2357 4864 2440 4915 vel
2483 4863 2661 4916 calore
2699 4861 2847 4926 solis,
2899 4870 3158 4931 quantum
3206 4864 3428 4931 sufﬁcit,

1860 4953 2231 5018 reﬁcitur,sed
2257 4951 2302 5006 si
2320 4951 2434 5020 ipse
2456 4951 2582 5006 solis
2609 4951 2770 5006 ardor
2798 4951 3022 5021 perferri
3055 4964 3302 5023 nequeat,
3344 4955 3428 5019 in-

1856 5038 2243 5115 terposita'vel
2289 5045 2548 5100 nubecula
2593 5044 2716 5105 levi,
2769 5044 3007 5112 quolibet
3047 5046 3153 5100 alio
3204 5062 3429 5117 corpore

1855 5147 2205 5208 temperatur.
2248 5138 2410 5192 Beata
2460 5138 2623 5208 igitur
2669 5138 2856 5209 Virgo,
2897 5139 3020 5207 quia
3067 5140 3220 5210 quasi
3261 5156 3429 5210 purus

1854 5231 2016 5285 homo
2054 5245 2268 5285 omnem
2307 5229 2691 5299 plenitudinem
2741 5231 3037 5286 divinitatis
3077 5234 3430 5302 corporaliter

1856 5337 2050 5392 capere
2090 5323 2367 5392 nequibat,
2407 5323 2579 5378 virtus
2608 5323 2657 5378 ei
2684 5323 2947 5378 Altissimi
2977 5325 3341 5392 obumbravit,
3374 5329 3427 5384 id

1856 5425 1938 5471 est
1966 5417 2281 5486 incorporea
2317 5417 2406 5470 lux
2440 5417 2758 5483 divinitatis,
2794 5433 2990 5487 corpus
3019 5419 3073 5472 in
3101 5433 3162 5472 ea
3192 5421 3430 5490 suscepit

1853 5508 2224 5563 humanitatis.
2256 5508 2330 5562 De
2359 5523 2467 5578 quo
2507 5509 2730 5580 pulchre
2772 5509 3068 5579 propheta:
3105 5528 3123 5559 ι
3146 5510 3284 5564 Ecce
3326 5510 3427 5563 Do-

1853 5599 2052 5662 minus,
2086 5600 2280 5667 inquit,
2312 5601 2561 5655 ascendet
2590 5616 2750 5670 super
2783 5603 2981 5656 nubem
3026 5601 3216 5664 levem,
3254 5609 3309 5655 et
3346 5601 3427 5653 in-

1853 5691 2127 5759 gredietur
2167 5689 2458 5761 x‘Egyptuin
2508 5691 2642 5761 (Isa.
2673 5693 2806 5760 xix),
2834 5711 2852 5743 ι
2901 5693 3045 5762 quod
3088 5699 3171 5746 est
3208 5691 3424 5744 dicere:

1853 5781 1991 5836 Ecce
2036 5782 2270 5838 Verbum
2312 5784 2405 5839 Dei
2450 5782 2596 5840 Patri
2651 5792 2998 5847 coaeternuin,
3039 5781 3324 5854 lumenque
3363 5780 3431 5838 de
