4038 6352
588 397 659 454 35
1199 366 1549 447 HAYMONIS
1585 385 2061 444 HALBERSTAT.
2125 384 2338 443 EPISC.
2377 384 2529 442 OPP.
2573 385 2753 443 PARS
2791 386 2853 442 ll.
2893 416 2963 428 -—
2998 386 3234 445 HOMIL.
3767 384 3851 445 56

590 510 788 566 lumine
836 516 959 563 ante
1004 504 1195 562 saecula
1237 512 1441 568 natum,
1472 517 1686 557 carnem
1719 502 1771 556 in
1797 499 1902 555 ﬁne
1937 500 2156 555 sacculo-
2183 501 2235 563 Α
2260 497 2401 564 Fiat,
2432 498 2621 568 inquit,
2659 498 2775 554 sine
2816 498 2919 554 viri
2959 499 3163 554 semine
3197 504 3490 569 conceptus
3519 499 3575 554 in
3604 499 3845 572 virgine,

528 582 541 595 ‘
592 617 734 666 rum,
758 611 917 669 atque
942 598 1173 652 animam
1203 595 1347 649 nullo
1380 593 1589 665 peccati
1620 593 1855 663 pondere
1880 601 2155 663 gravatam

2260 599 2515 645 nascatur
2558 591 2624 645 de
2668 591 2871 660 Spiritu
2914 599 3100 646 sancto
3141 591 3346 661 integra
3384 606 3530 648 caro.
3574 591 3845 648 Sanctum

591 695 865 764 suscipiet,
906 698 959 744 et
989 690 1053 744 de
1085 696 1239 743 utero
1269 686 1516 756 virginali
1558 692 1811 754 tanquam
1841 699 2070 755 sponsus
2093 683 2158 739 de
2260 683 2401 752 quod
2441 684 2681 738 nascitur
2710 684 2775 738 de
2803 684 3019 740 homine
3048 696 3239 751 matre,
3270 685 3388 741 sine
3410 684 3631 741 homine
3659 697 3842 758 patre,

592 784 828 841 thalamo
855 796 951 836 suo
977 780 1231 850 procedet
1263 779 1317 833 in
1348 777 1625 831 mundum.

664 895 682 926 α
719 874 949 942 Ideoque
982 884 1035 926 et
1074 869 1215 940 quod
1248 879 1500 924 nascetur
1528 884 1593 922 ex
1622 875 1670 923 te
1694 866 1974 932 Sanctum,
1995 882 2160 924 voca-

593 986 614 1018 r
643 966 788 1021 bitur
812 962 978 1017 Filius
1008 960 1123 1016 Dei.
1157 980 1174 1011 ι
1216 960 1299 1015 Ad
1329 959 1726 1014 distinctionem
1752 965 1947 1013 nostra:
1971 958 2164 1013 sancti-

592 1061 738 1125 tatis,
782 1057 941 1114 Jesus
983 1054 1330 1126 singulariter
1367 1061 1586 1108 sanctus
1621 1051 1925 1107 nasciturus
1964 1051 2162 1105 asseri-

589 1162 693 1207 tur.
751 1150 859 1206 Nos
900 1151 1099 1220 quippe
1138 1147 1241 1203 etsi
1293 1145 1467 1201 sancti
1504 1143 1790 1210 efﬁcimur,
1839 1159 1945 1198 non
1983 1150 2162 1196 tamen

587 1243 862 1298 nascimur
889 1259 901 1295 :
930 1239 1054 1310 quia
1082 1240 1196 1310 ipsa
1221 1247 1427 1292 natura:
1456 1235 1823 1306 corruptibilis
1858 1232 2163 1289 conditione

587 1332 1021 1402 constringimur,
1055 1339 1115 1384 ut
1154 1328 1346 1384 merito
1397 1342 1519 1381 cum
1565 1325 1836 1394 Propheta
1888 1331 2163 1393 gementes

588 1421 780 1491 singuli
819 1422 1059 1477 dicamus
1101 1438 1113 1473 :
1154 1437 1171 1470 ι
1212 1414 1350 1473 Ecce
1380 1417 1431 1471 in
1467 1416 1838 1486 iniquitatibus
1865 1423 2162 1483 conceptus

587 1510 730 1579 sum,
755 1522 810 1567 et
831 1512 884 1567 in
915 1510 1126 1567 delictis
1158 1508 1368 1580 peperit
1395 1523 1479 1561 me
1509 1517 1684 1561 mater
1710 1520 1831 1560 mea
1864 1502 2033 1576 (Psal.
2051 1505 2157 1573 1.).»

586 1601 676 1657 Ille
707 1610 886 1656 autem
924 1600 1069 1656 solus
1103 1599 1371 1655 veraciter
1408 1606 1623 1651 sanctus
1649 1603 1752 1660 est,
1780 1593 1870 1663 qui
1899 1603 1957 1648 ut
1990 1593 2164 1663 ipsam

586 1692 951 1749 conditionem
966 1699 1169 1745 natura:
1182 1686 1542 1757 corruptibilis
1558 1684 1816 1751 vinceret,
1835 1699 1902 1738 ex
1918 1683 2164 1738 commis-

588 1786 733 1839 tione
748 1782 980 1839 carnalis
995 1780 1195 1851 c0pula:
1214 1788 1505 1846 conceptus
1525 1790 1631 1830 non
1646 1783 1748 1830 est.
1762 1792 1778 1826 ι
1792 1771 2070 1839 Sanctum,
2088 1771 2164 1827 iu-

2260 782 2487 830 vocetur
2517 774 2610 831 Dei
2636 772 2823 832 Filius.

2861 906 3141 964 HOMILIA
3177 910 3243 965 Υ.
3313 910 3319 915 ’

2557 1034 2715 1073 FERIA
2754 1032 2927 1075 SEXTA
2957 1035 3208 1084 ρωτυοιι
3247 1035 3551 1078 τηνοιωι.

2334 1128 2486 1199 (Luc.
2522 1129 2587 1201 ι.)
2630 1149 2649 1181 ι
2676 1131 2736 1185 In
2760 1131 2853 1186 illo
2873 1140 3136 1204 tempore,
3172 1148 3466 1205 exsurgens
3492 1135 3681 1205 Maria,
3709 1140 3850 1197 abiit

2269 1238 2288 1271 ‹
2308 1220 2362 1274 in
2379 1228 2632 1275 montana
2647 1236 2769 1275 cum
2790 1220 3135 1278 festinatione
3152 1223 3204 1278 in
3222 1224 3492 1280 civitatem
3505 1225 3674 1294 Iudae,
3694 1237 3745 1284 et
3763 1247 3848 1286 re-

2268 1329 2287 1362 c
2310 1310 2474 1380 liqua.
2489 1330 2506 1362 ›
2526 1312 2763 1382 Accepto
2779 1313 3015 1384 Virginis
3029 1329 3316 1381 consensu,
3332 1331 3453 1371 mox
3482 1318 3704 1388 angelus
3732 1335 3848 1377 coc-

2263 1400 2416 1455 lestia
2443 1403 2633 1472 repetit
2659 1420 2671 1456 :
2694 1402 2781 1457 illa
2804 1405 2938 1473 petit
2956 1414 3227 1470 montana,
3243 1404 3462 1461 festinat
3478 1406 3709 1464 invisere
3736 1410 3848 1464 Eli-

2264 1492 2475 1559 sabeth,
2494 1507 2601 1547 non
2633 1495 2790 1564 quasi
2819 1495 3090 1551 incredula
3114 1498 3179 1552 de
3204 1497 3443 1562 oraculo,
3473 1498 3557 1552 vel
3586 1499 3746 1555 dubia
3776 1502 3848 1559 de

2263 1583 2551 1652 exemplo:
2584 1584 2678 1639 sed
2725 1592 2781 1638 ut
2827 1586 2949 1640 laeta
2991 1601 3090 1656 pro
3129 1594 3277 1653 voto,
3316 1587 3568 1659 religiosa
3597 1605 3698 1659 pro
3722 1590 3848 1647 ofﬁ-

2263 1674 2367 1739 cio,
2414 1674 2652 1745 typicum
2694 1675 2901 1746 pariter
2934 1676 3240 1747 exemplum
3273 1678 3538 1744 tribuens,
3564 1681 3707 1750 quod
3732 1697 3848 1738 om-

2264 1764 2348 1820 nis
2376 1767 2554 1822 anima
2581 1783 2700 1838 quae
2734 1756 2956 1823 verbum
2979 1768 3073 1823 Dei
3101 1779 3281 1824 mente
3311 1770 3641 1840 conceperit,
3676 1773 3846 1829 virtu-

586 1877 722 1946 quit,
751 1874 1030 1931 vocabitur
1047 1871 1214 1927 Filius
1238 1870 1353 1925 Dei.
1379 1888 1397 1920 ›
1428 1867 1566 1935 Quid
1589 1867 1655 1921 ad
1684 1866 1787 1921 hoc
1806 1865 1963 1930 dicis,
1978 1863 2165 1921 Nesto.
2191 1854 2240 1918 Β
2267 1863 2379 1911 lum
2422 1856 2564 1913 celsa
2595 1858 2776 1912 statim
2807 1859 3086 1913 cacumina
3116 1873 3305 1930 gressu
3342 1861 3669 1916 conscendat
3693 1878 3847 1920 amo-

587 1968 755 2032 riane,
804 1966 896 2036 qui
947 1967 1160 2019 beatam
1206 1960 1429 2015 Mariam
1460 1959 1551 2013 Dei
1577 1972 1743 2028 negas
1781 1972 1899 2012 esse
1939 1956 2162 2028 genitri-

586 2074 723 2129 cem,
756 2066 934 2128 aptam
958 2054 1147 2109 niteris
1174 2052 1488 2121 impugnare
1514 2046 1834 2102 veritatem?
1863 2045 2002 2101 Ecce
2027 2044 2164 2100 dixit

587 2148 755 2202 Deum
780 2151 1247 2215 superventurum,
1288 2138 1381 2193 Dei
1411 2136 1607 2192 Filium
1631 2136 1988 2191 nasciturum.
2016 2133 2157 2202 Quo-

586 2238 743 2293 modo
788 2251 914 2307 ergo
959 2242 1050 2288 aut
1097 2233 1189 2287 Dei
1232 2228 1401 2285 Filius
1450 2229 1591 2283 Deus
1629 2243 1735 2282 non
1777 2236 1879 2292 est,
1919 2235 2010 2279 aut
2044 2242 2162 2295 quae

585 2315 753 2383 Deum
789 2326 984 2392 edidit,
1017 2324 1284 2395 quomodo
1312 2323 1577 2388 Θεοτόκος,
1611 2321 1662 2376 id
1693 2328 1773 2376 est
1802 2319 1896 2374 Dei
1919 2318 2162 2373 Genitrix

588 2435 693 2474 non
716 2434 835 2475 esse
858 2418 1067 2490 potest?

657 2531 675 2563 ι
708 2510 776 2567 Et
802 2524 931 2565 ecce
975 2507 1251 2564 Elisabeth
1297 2515 1523 2580 cognata
1554 2514 1661 2571 tua,
1692 2512 1746 2561 et
1771 2505 1887 2576 ipsa
1914 2505 2162 2576 concepit

590 2619 608 2651 ι
642 2600 811 2654 ﬁlium
841 2601 894 2653 in
925 2607 1197 2653 senectute
1243 2614 1359 2653 sua.
1405 2598 1470 2652 Et
1510 2597 1597 2651 hic
1634 2596 1836 2650 mensis
1871 2608 1954 2651 est
1978 2606 2161 2652 sextus

588 2708 606 2741 ι
641 2689 716 2744 illi
743 2704 861 2759 qua:
900 2696 1123 2742 vocatur
1162 2686 1380 2750 sterilis,
1419 2687 1543 2756 quia
1570 2702 1676 2740 non
1700 2686 1804 2739 erit
1830 2686 2161 2755 impossibile

586 2798 605 2833 ‹
642 2780 781 2852 apud
821 2778 985 2834 Deum
1035 2793 1195 2833 omne
1238 2778 1480 2833 verbum.
1513 2798 1531 2830 ι
1577 2776 1653 2833 Ne
1688 2777 1837 2849 virgo
1875 2792 1935 2844 se
1968 2793 2159 2849 parere

583 2889 744 2945 posse
780 2870 1006 2937 difﬁdat,
1043 2871 1250 2942 accepit
1283 2871 1585 2941 exempIUm
1617 2886 1753 2925 anus
1783 2869 1983 2925 sterilis
2010 2870 2158 2941 pari-

585 2974 739 3031 turae,
763 2973 822 3019 ut
858 2964 1031 3019 discat
1055 2962 1234 3018 omnia
1265 2961 1376 3017 Deo
1406 2961 1701 3033 possibilia,
1731 2960 1894 3016 etiam
1921 2976 2042 3031 quae
2070 2977 2161 3016 na-

582 3064 716 3111 tura:
755 3054 930 3110 ordini
970 3055 1221 3109 videntur
1260 3067 1377 3107 esse
1417 3052 1705 3107 contraria.
1745 3048 1802 3106 Si
1838 3067 1998 3122 quem
2028 3062 2156 3106 vero

581 3152 783 3210 movet,
823 3144 1090 3214 quomodo
1117 3139 1288 3199 beataz
1329 3142 1509 3197 Mariae
1547 3151 1830 3215 cognatam
1866 3141 2010 3197 dicat
2048 3140 2156 3195 Eli-

582 3237 794 3307 sabeth,
836 3251 957 3292 cum
992 3236 1105 3291 haec
1146 3233 1212 3290 de
1257 3235 1416 3290 domo
1465 3232 1648 3299 David,
1702 3234 1791 3287 illa
1832 3232 1897 3289 de
1944 3231 2155 3288 ﬁliabus

581 3326 764 3381 Aaron
801 3326 1064 3399 originem
1090 3324 1339 3390 duxerat,
1370 3322 1768 3379 animadvertat
1804 3338 2036 3394 proavos
2065 3337 2155 3377 ea-

584 3434 702 3473 rum
749 3418 933 3473 liberis
979 3417 1207 3472 invicem
1256 3425 1477 3487 nuptum
1518 3415 1750 3481 traditis,
1786 3425 2015 3484 utraque
2060 3414 2157 3469 tri-

579 3510 707 3565 bum
736 3508 973 3579 potuisse
1003 3507 1349 3578 conjungere.
1381 3504 1477 3561 Cui
1507 3505 1550 3559 si
1580 3504 1694 3560 haec
1722 3504 1988 3574 expositio
2016 3500 2156 3559 forte

582 3618 687 3657 non
723 3600 995 3656 sufﬁceret
1036 3600 1369 3655 contentiose
1404 3598 1692 3661 insistenli,
1722 3597 1875 3666 quasi
1904 3598 2007 3649 hoc
2035 3611 2160 3651 con-

584 3703 664 3748 tra
696 3693 1040 3747 interdictum
1070 3691 1205 3762 legis
1230 3690 1345 3744 ﬁeri
1373 3689 1692 3759 nequiverit,
1722 3690 1860 3766 legat
1888 3686 2154 3756 Exodum,

582 3786 672 3841 ubi
722 3786 978 3855 scriptum
1017 3792 1137 3838 est:
1174 3802 1190 3833 ‹
1219 3778 1440 3852 Accepit
1474 3789 1651 3834 autem
1704 3780 1882 3835 Aaron
1932 3797 2155 3838 uxorem

585 3866 880 3943 Elisabeth,
930 3874 1024 3930 ﬁlii
1076 3875 1395 3937 Aminadab,
1461 3889 1698 3929 sororem
1759 3873 1986 3938 Naason,
2038 3889 2158 3946 quae

586 3970 795 4042 peperit
822 3968 869 4022 ci
900 3966 1105 4032 Nadab,
1145 3964 1308 4032 Abiu,
1342 3964 1583 4031 Eleazar,
1616 3977 1667 4019 ct
1696 3966 1931 4020 lthamar
1957 3965 2153 4039 (Exod.

585 4047 681 4132 vi).
710 4080 729 4115 ι
780 4057 1077 4129 Videatque
1126 4069 1251 4114 ante
1306 4057 1538 4113 edictum
1588 4057 1718 4127 legis
1758 4072 1988 4128 superna
2033 4076 2158 4130 pro-

582 4154 788 4209 visione
812 4149 1199 4206 sacerdotalem
1227 4149 1391 4219 regali
1417 4149 1526 4219 jam
1554 4149 1795 4219 junctam
1834 4148 1998 4205 fuisse
2032 4166 2159 4221 pro-

584 4246 815 4317 geniem,
846 4252 903 4297 ut
924 4242 1172 4297 videlicet
1200 4241 1455 4296 Dominus
1481 4237 1636 4295 Jesus
1665 4238 1927 4305 Christus,
1959 4241 2050 4309 qui
2079 4256 2160 4296 se-

583 4337 818 4392 cundum
861 4350 1077 4390 carnem
1105 4349 1264 4388 verus
1290 4350 1383 4387 rex
1414 4342 1467 4387 et
1496 4333 1748 4387 sacerdos
1776 4341 1892 4388 erat
1923 4331 2155 4399 futurus,

585 4427 752 4498 ipsam
782 4439 994 4495 quoque
1023 4437 1239 4477 carnem
1280 4422 1345 4475 de
1383 4429 1628 4490 utraque,
1667 4420 1834 4475 David
1869 4422 2073 4477 scilicet
2104 4429 2160 4477 et

581 4516 782 4582 Aaron,
836 4516 1002 4585 stirpe
1047 4513 1358 4582 susciperet.
1408 4508 1555 4567 Unde
1594 4519 1647 4567 ct
1688 4512 1738 4566 in
1787 4514 1888 4567 hac
1931 4523 2158 4582 utraque

584 4608 725 4663 tribu
749 4608 980 4663 chrisma
1011 4620 1108 4674 per
1130 4602 1301 4673 legem
1333 4604 1615 4673 mysticum
1651 4602 1971 4667 celebratur,
2003 4601 2159 4656 Chri-

583 4699 650 4754 sti
679 4698 934 4751 nimirum
959 4692 1194 4750 nominis
1214 4693 1418 4762 pariter
1443 4700 1496 4747 et
1518 4692 1882 4764 generationis
1910 4704 2159 4760 praenun-

584 4790 716 4844 tium
752 4806 763 4841 :
797 4794 852 4843 et
888 4787 1001 4857 ipse
1034 4783 1202 4839 David
1238 4783 1453 4839 domum
1487 4782 1579 4838 Dei
1609 4781 1933 4853 ingrediens,
1962 4790 2161 4849 panem‘

582 4887 830 4933 sanctum
856 4884 910 4929 et
938 4874 1169 4946 gladium
1204 4874 1358 4943 quasi
1399 4886 1491 4926 rex
1531 4880 1586 4927 et
1631 4873 1879 4926 sacerdos
1926 4870 2152 4940 accepit,

581 4968 732 5024 illum
752 4966 1002 5023 videlicet
1024 4965 1092 5021 de
1116 4981 1217 5021 suo
1244 4965 1449 5020 semine
1474 4971 1757 5018 venturum
1782 4961 2152 5034 prmﬁguraus,

582 5059 672 5129 qui
697 5069 751 5115 et
770 5075 869 5131 pro
892 5068 1071 5115 vestra
1095 5058 1344 5114 libertate
1372 5058 1511 5126 regis
1528 5058 1649 5127 jure
1676 5065 1950 5126 pugnaret,
1983 5066 2035 5109 et
2061 5070 2160 5125 pro

582 5159 764 5206 vestra
806 5150 1072 5207 libertatis
1120 5148 1457 5204 absolutione
1492 5160 1686 5217 panem
1728 5160 1838 5200 suae
1863 5146 2041 5200 carnis
2074 5146 2159 5200 of-

581 5240 768 5298 ferret.

659 5356 678 5389 ‹
708 5336 850 5393 Dixit
892 5347 1071 5393 autem
1116 5332 1321 5415 Maria:
1369 5326 1507 5387 Ecce
1553 5330 1743 5386 ancilla
1792 5331 2026 5398 Domini,
2065 5331 2161 5387 ﬁat

589 5444 610 5481 ‹
639 5428 770 5483 mihi
797 5428 1088 5484 secundum
1119 5423 1344 5480 verbum
1374 5431 1545 5476 tuum.
1579 5441 1599 5475 ι
1645 5419 1853 5489 Quanta
1896 5437 2017 5477 cum
2064 5421 2157 5478 de-

582 5525 796 5579 votione
849 5523 1144 5585 humilitas,
1192 5532 1311 5588 qua:
1357 5525 1411 5571 et
1453 5516 1625 5586 angeli
1656 5515 1975 5587 promissum
2008 5522 2158 5587 optat

583 5616 812 5686 impleri,
863 5620 918 5668 et
962 5611 1191 5680 seipsam
1224 5622 1343 5677 quae
1379 5614 1553 5663 mater
1599 5607 1836 5679 eligitur,
1885 5614 2156 5676 nuncupat

580 5705 854 5765 ancillam,
905 5700 1241 5770 apertissime
1294 5698 1573 5752 insinuans
1597 5700 1719 5767 quia
1746 5698 1875 5753 nihil
1907 5697 2005 5752 sibi
2038 5713 2154 5752 me-

489 5813 497 5821 '
585 5798 673 5853 riti
699 5794 931 5850 vindicet
968 5792 1019 5845 in
1061 5806 1158 5858 eo,
1205 5790 1347 5861 quod
1386 5790 1591 5845 Domini
1620 5789 1782 5860 jussis
1806 5788 2151 5845 obsecundet.

2265 1947 2363 2012 ris,
2400 1956 2667 2016 quatenus
2694 1948 2967 2004 civitatem
2999 1946 3170 2015 Iudae,
3198 1950 3255 2004 id
3289 1959 3372 2006 est
3401 1949 3758 2011 confessionis
3786 1964 3846 2012 et

2262 2037 2460 2105 laudis,
2488 2053 2674 2094 arcem
2721 2050 3030 2109 penetrare,
3080 2048 3136 2095 et
3172 2056 3340 2111 usque
3365 2043 3433 2097 ad
3457 2041 3844 2113 perfectionem

2262 2124 2410 2195 ﬁdei,
2452 2130 2565 2200 spei
2594 2138 2647 2184 et
2678 2131 2978 2199 charitatis,
3008 2132 3165 2202 quasi
3198 2133 3369 2189 tribus
3393 2134 3449 2189 in
3477 2146 3539 2190 ea
3568 2138 3844 2194 mensibus

2261 2219 2438 2274 valeat
2466 2222 2810 2276 commorari.

2338 2328 2357 2361 ι
2386 2311 2453 2365 Et
2501 2311 2724 2367 intravit
2772 2313 2826 2367 in
2873 2313 3090 2368 domum
3131 2312 3424 2379 Zachariae,
3479 2323 3534 2372 et
3585 2316 3845 2374 salutavit

2267 2421 2287 2456 ‹
2320 2400 2614 2460 Elisabeth.
2650 2425 2667 2456 ι
2722 2404 2900 2471 Disce,
2945 2406 3121 2476 virgo,
3158 2405 3515 2460 humilitatem
3553 2404 3753 2475 Mariae,
3781 2417 3846 2465 ut

2262 2502 2317 2548 et
2343 2510 2571 2565 corpore
2600 2504 2773 2561 casta,
2810 2505 2867 2550 et
2895 2505 3112 2566 pectore
3138 2497 3313 2566 possis
3342 2504 3469 2553 esse’
3491 2498 3703 2555 devota.
3749 2502 3845 2557 Vi-

2262 2590 2390 2644 sitat
2414 2588 2598 2657 junior
2633 2590 2922 2655 seniorem,
2970 2592 3167 2647 salutat
3196 2595 3348 2665 virgo
3389 2610 3629 2652 uxorem.
3674 2597 3845 2656 Decet

2262 2680 2406 2734 enim
2453 2688 2514 2734 ut
2555 2695 2663 2751 quo
2698 2682 2902 2737 castior
2936 2681 3107 2755 virgo,
3145 2699 3209 2739 eo
3240 2687 3310 2742 sit
3341 2687 3593 2744 humilior
3623 2705 3637 2742 :
3678 2699 3734 2745 et
3756 2706 3841 2747 se-

2261 2768 2505 2824 nioribus
2542 2767 2805 2826 honorem
2845 2772 3113 2839 deferens,
3147 2776 3385 2832 habitum
3418 2779 3684 2837 castitatis
3707 2798 3844 2854 pue-

2260 2860 2416 2915 conia
2468 2861 2814 2918 commendet
2867 2863 3208 2922 humilitatis.
3269 2868 3442 2924 Aliter
3489 2888 3503 2923 :
3556 2871 3721 2926 Maria
3771 2868 3849 2928 ad

2259 2948 2558 3019 Elisabeth,
2610 2953 2867 3009 Dominus
2915 2955 2980 3009 ad
3025 2956 3307 3014 Joannem.
3350 2959 3493 3027 Haec,
3540 2972 3600 3017 ut
3638 2962 3845 3033 Spiritu

2261 3050 2449 3098 sancto
2499 3044 2810 3115 repleatur,
2857 3045 3000 3103 illius
3051 3058 3111 3103 ut
3162 3050 3426 3121 baptismo
3470 3063 3841 3111 consecretur.

2259 3129 2630 3203 Majorumque
2661 3134 2982 3203 liumiliatio,
3016 3139 3286 3195 minorum
3318 3151 3403 3196 est
3426 3144 3612 3212 utique
3638 3146 3843 3199 exalta-

2183 3204 2237 3278 C
2261 3222 2355 3278 tio.
2388 3223 2635 3293 Denique
2658 3226 2904 3296 sequitur
2931 3245 2943 3281 :

2335 3334 2357 3369 ‹
2401 3316 2468 3372 Ει
2511 3317 2711 3374 factum
2756 3328 2839 3376 est
2880 3329 2939 3375 ut
2984 3322 3187 3378 audivit
3229 3323 3605 3382 salutationem
3651 3326 3843 3385 Mariae

2265 3427 2284 3460 ι
2315 3407 2592 3466 Elisaheth
2612 3452 2626 3477 ,
2667 3411 2954 3467 exsultavit
2990 3414 3171 3469 infans
3201 3417 3255 3470 in
3284 3426 3442 3473 utero
3467 3417 3599 3496 ejus.
3650 3418 3716 3473 Et
3749 3436 3835 3475 rc-

2265 3516 2287 3551 ‹
2314 3501 2457 3571 pleta
2486 3512 2570 3557 est
2600 3499 2803 3573 Spiritu
2828 3511 3015 3556 sancto
3055 3503 3357 3559 Elisabeth.
3392 3525 3411 3557 ι
3471 3508 3599 3562 Vide
3639 3510 3836 3565 distin-

2260 3591 2515 3657 ctionem,
2544 3592 2983 3661 singulorumque
3009 3593 3291 3648 verborum
3321 3597 3700 3665 proprietates.
3734 3598 3837 3656 νου

2260 3696 2375 3739 cem
2408 3683 2556 3752 prior
2581 3681 2852 3736 Elisabeth
2883 3682 3114 3749 audivit,
3157 3686 3247 3739 sed
3274 3684 3509 3742 Joannes
3537 3690 3691 3758 prior
3715 3706 3838 3761 gra-

2261 3776 2397 3830 tiam
2446 3775 2613 3831 sensit
2655 3794 2668 3829 :
2734 3775 2824 3830 illa
2881 3786 3087 3833 naturae
3138 3781 3382 3835 ordinem
3435 3783 3679 3849 audivit,
3734 3786 3838 3841 iste

2259 3866 2547 3922 exsultavit
2576 3866 2785 3922 ratiune
2817 3868 3093 3939 mySterii:
3138 3870 3225 3925 illa
3255 3869 3456 3938 Mariae,
3496 3871 3597 3928 iste
3623 3872 3837 3930 Domini

2260 3958 2431 4013 sensit
2456 3958 2764 4013 adventum.
2816 3958 2933 4015 istae
2964 3960 3193 4030 gratiam
3231 3961 3540 4030 loquuntur,
3587 3963 3661 4019 illi
3689 3964 3843 4022 intus

2260 4058 2553 4117 operantur
2583 4050 2798 4120 pietatis
2838 4052 3150 4122 mysterium
3176 4094 3189 4118 ,
3242 4060 3531 4123 antequam
3572 4056 3839 4112 maternis

2260 4138 2580 4194 adoriuntur
2607 4140 2955 4209 profectibus,
2989 4141 3292 4211 duplicique
3321 4143 3580 4198 miraculo
3605 4146 3841 4216 prophe-

2261 4237 2379 4283 tant
2404 4237 2606 4286 matres
2626 4230 2819 4299 spiritu
2846 4232 3207 4300 parvulorum.
3238 4231 3539 4289 Exsultavit
3560 4232 3758 4300 infans,
3781 4243 3838 4292 et

2261 4321 2462 4390 repleta
2493 4330 2577 4376 est
2612 4330 2805 4377 mater.
2849 4321 2963 4377 Non
3000 4323 3148 4393 prius
3184 4333 3360 4379 mater
3390 4325 3622 4395 repleta,
3670 4343 3836 4398 quam

2262 4410 2425 4467 ﬁlius.
2473 4410 2579 4468 Sed
2608 4426 2730 4468 cum
2762 4410 2899 4466 ﬁlius
2934 4421 3076 4468 esset
3113 4414 3349 4485 repletus
3386 4410 3589 4486 Spiritu
3618 4427 3835 4487 sancto,

2210 4546 2240 4575 μ
2262 4505 2489 4575 replevit
2510 4513 2566 4560 et
2592 4512 2838 4561 matrem.

2183 4556 2249 4627 θ

2339 4614 2360 4646 ‹
2391 4595 2459 4649 Et
2486 4596 2808 4651 exclamavit
2836 4610 2964 4652 voce
2993 4604 3218 4668 magna,
3256 4606 3312 4653 et
3345 4597 3477 4653 dixit
3499 4594 3847 4657 :'Benedicta‘

2267 4706 2291 4739 ι
2321 4698 2375 4742 ιιι
2423 4688 2563 4745 inter
2608 4689 2880 4756 mulieres,
2928 4694 2985 4745 et‘
3024 4691 3338 4747 benedictus
3380 4686 3588 4746 fructus
3627 4692 3849 4751 ventris

2268 4795 2287 4831 α
2319 4781 2415 4834 tui.
2448 4778 2483 4834 ι’
2513 4779 2813 4836 Notandum
2840 4784 2980 4852 quod
3012 4786 3344 4854 praemissam
3377 4784 3442 4839 de
3466 4783 3683 4841 Christo
3707 4800 3837 4857 pro.

2259 4873 2498 4943 phetiam
2518 4912 2533 4938 ,
2573 4886 2681 4927 non
2712 4888 2891 4928 rerum
2926 4883 3132 4929 tantum
3164 4875 3468 4942 miraculis,
3511 4876 3602 4932 sed
3630 4884 3686 4932 et
3714 4890 3838 4933 ver-

2260 4963 2450 5018 borum
2480 4965 2809 5034 proprietate
2837 4965 3225 5035 complectitur.
3281 4969 3383 5024 lsle
3418 4975 3504 5023 est
3539 4969 3681 5023 enim
3720 4967 3839 5025 fru-

2263 5061 2410 5117 ctus,
2442 5053 2531 5121 qui
2562 5054 2725 5107 David
2758 5056 3077 5124 patriarchae
3106 5057 3206 5111 sub
3230 5055 3576 5126 jurejurando
3602 5057 3833 5129 promit-

2261 5144 2430 5200 titur:
2464 5167 2480 5198 ι
2509 5146 2585 5203 De
2626 5145 2802 5201 fructu
2840 5147 3043 5200 ventris
3091 5149 3167 5202 tui
3217 5163 3410 5218 ponam
3463 5162 3622 5218 super
3649 5150 3833 5205 sedem

2261 5244 2409 5291 tuam
2448 5232 2618 5309 (Psal.
2647 5237 2854 5307 cxxxr).
2889 5252 2908 5289 ι
2963 5228 3243 5311 Simulque
3290 5240 3605 5297 intuendum
3628 5280 3644 5305 ,
3688 5234 3846 5311 quod

2261 5328 2445 5382 eadem
2486 5340 2616 5382 voce
2666 5326 2832 5384 Maria
2885 5327 2953 5382 ab
2997 5327 3301 5394 Elisaheth,
3350 5343 3457 5400 qua
3505 5345 3536 5383 a
3583 5327 3837 5396 Gabriel,

2260 5419 2613 5483 benedicitu‘r,
2647 5429 2912 5490 quatenus
2955 5429 3010 5475 et
3056 5420 3258 5491 angelis
3304 5430 3360 5476 et
3404 5420 3713 5477 hominibus
3741 5428 3839 5475 ve-

2262 5511 2523 5577 neranda,
2549 5520 2604 5566 et
2628 5510 2837 5567 cunctis
2864 5513 3056 5567 merito
3084 5510 3296 5567 feminis
3320 5510 3653 5581 praeferenda
3681 5518 3840 5565 mon-

2265 5613 2487 5660 stretur.

2338 5715 2355 5747 ι
2392 5698 2458 5751 Et
2486 5697 2626 5753 unde
2654 5698 2755 5752 hoc
2786 5696 2916 5752 mihi
2936 5736 2950 5759 ,
2992 5703 3049 5748 ut
3075 5694 3254 5748 veniat
3281 5703 3455 5749 mater
3480 5694 3695 5751 Domini
3729 5693 3835 5748 mei

2268 5808 2286 5841 ε
2320 5790 2385 5844 ad
2420 5790 2547 5845 me?
2580 5809 2598 5841 ι
2642 5788 2753 5844 Non
2786 5788 2938 5858 quasi
2974 5787 3151 5842 nescia
3182 5787 3476 5857 perquirit,
3504 5788 3646 5864 quod
3677 5785 3837 5841 nimi-
