4038 6352
249 370 318 425 57
1444 362 1745 418 ΙΙΟΜΙΙᾸᾹΞ
1784 361 1838 415 Dl

1937 360 2256 415 l‘EMPORE.
3423 361 3493 420 38

251 502 374 544 rum
404 485 575 541 sancti
605 482 838 553 Spiritus
873 496 991 539 esse
1029 482 1390 552 cognoscitur,
1431 495 1488 536 se
1515 478 1763 533 videlicet
1797 492 1828 531 a
1855 478 1902 538 Α
1933 474 2021 527 ubi
2050 474 2247 527 dictum
2276 481 2385 528 est:
2411 490 2428 524 ι
2460 472 2763 544 Magnilicat
2788 473 2969 529 anima
2993 488 3110 530 mea
3139 473 3443 530 Dominum.
3467 496 3487 529 ο

252 584 430 635 matre
450 575 658 630 Domini
680 575 745 630 ad
766 575 1004 644 pignoris
1024 574 1103 629 sui
1126 571 1422 642 perfectum
1445 570 1661 627 salutari
1691 588 1701 622 ε
1733 568 1829 623 sed

254 668 499 725 miraculi
530 667 768 721 novitate
791 667 1054 736 perculsa,
1086 681 1190 720 non
1217 666 1317 719 hoc
1342 665 1423 722 sui
1452 664 1709 727 muneris,
1735 662 1829 717 sed

255 761 498 817 muneris
524 758 723 813 fatetur
748 774 867 815 esse
893 758 1081 812 divini.

334 873 355 903 ι
390 851 532 906 Ecce
564 851 707 905 enim
755 857 813 902 ut
858 849 999 904 facta
1028 857 1110 903 est
1139 862 1240 901 vox
1276 846 1613 902 salutationis
1642 855 1745 900 tute
1774 844 1829 898 in

261 963 283 995 ο
317 942 542 997 auribus
572 940 720 1000 meis,
754 939 1041 993 exsultavit
1079 938 1133 992 in
1164 937 1359 1007 gaudio
1388 936 1562 991 infans
1592 936 1643 988 in
1676 943 1831 988 utero

264 1052 281 1085 ι
319 1048 458 1088 meo.
484 1051 504 1082 ι
522 1027 887 1084 Erubescebat
912 1029 1179 1084 Elisabeth
1201 1042 1337 1082 onus
1359 1026 1636 1097 parientis,
1667 1038 1830 1093 quan-

260 1124 352 1178 diu
390 1120 665 1177 nesciebat
690 1119 1003 1190 mysterium
1036 1118 1326 1188 religionis.
1377 1117 1483 1171 Sed
1512 1130 1628 1185 quae
1653 1113 1830 1169 occul-

262 1215 414 1268 tabat
438 1229 516 1276 se,
548 1212 673 1280 quia
702 1221 1025 1280 conceperat
1052 1210 1251 1274 ﬁlium,
1288 1210 1496 1279 jactare
1533 1223 1590 1262 se
1633 1207 1829 1275 erepit,

261 1306 389 1375 quia
408 1303 703 1373 generabat
729 1302 1068 1371 prophetam.
1092 1300 1159 1353 Et
1174 1315 1292 1368 qua:
1320 1306 1442 1352 ante
1458 1297 1827 1360 erubescebat,

261 1393 573 1449 benedicit:
606 1400 659 1446 et
686 1406 806 1462 qua:
833 1390 1111 1444 dubitabat
1140 1400 1295 1453 ante,
1342 1389 1603 1442 ﬁrmatur.
1638 1405 1656 1435 ι
1692 1386 1830 1441 Ecce

262 1484 433 1549 cnim,
475 1484 671 1553 inquit,
707 1490 767 1536 ut
794 1496 897 1535 vox
937 1481 1274 1535 salutationis
1314 1489 1415 1534 tuae
1461 1479 1600 1532 facta
1648 1487 1729 1532 est
1776 1478 1829 1531 in

262 1575 486 1629 auribus
528 1574 692 1638 meis,
735 1572 1023 1628 exsultavit
1068 1573 1123 1626 in
1167 1572 1358 1641 gaudio
1388 1570 1564 1626 infans
1596 1570 1646 1623 in
1680 1580 1830 1624 utero

266 1684 406 1723 meo.
440 1687 458 1719 ι
516 1668 699 1736 Itaque
737 1681 927 1737 magna
966 1680 1093 1719 voce
1138 1664 1427 1729 clamavit,
1483 1664 1571 1716 ubi
1621 1661 1831 1715 Domini

261 1759 432 1814 sensit
459 1759 777 1822 adventum,
827 1756 952 1826 quia
982 1755 1288 1826 religiosum
1327 1754 1553 1809 credidit
1583 1762 1831 1822 partum,

262 1854 354 1909 ubi
384 1853 657 1922 prophetae
682 1860 853 1913 ortus,
883 1865 990 1904 non
1017 1847 1263 1904 affectate
1288 1848 1446 1903 ﬁdem
1472 1846 1835 1918 generationis
1862 1828 1909 1888 Β

264 1943 608 1997 adscisceret.

340 2052 361 2085 ε
393 2032 461 2087 Ει
497 2033 652 2087 beata
693 2045 812 2100 qua:
851 2029 1156 2091 credidisti,
1197 2029 1451 2098 quoniam
1490 2026 1836 2098 perﬁciantur

265 2142 286 2173 ‹
318 2136 383 2176 ea
411 2137 529 2190 quae
559 2120 699 2174 dicta
732 2130 857 2174 sunt
888 2119 978 2172 tibi
1009 2135 1036 2170 a
1070 2120 1314 2172 Domino.
1348 2138 1367 2168 ι
1416 2116 1576 2170 Vides
1603 2130 1710 2171 non
1738 2115 1835 2169 du-

259 2211 463 2267 bitasse
487 2209 729 2273 Mariam,
760 2208 851 2263 sed
880 2208 1192 2272 credidisse,
1225 2217 1278 2262 et
1305 2206 1423 2261 ideo
1448 2204 1681 2259 fructum
1711 2204 1833 2260 ﬁdei

258 2310 630 2356 consecutam.
682 2296 870 2361 Beata,
900 2298 1090 2367 inquit,
1123 2313 1241 2367 quae
1268 2295 1574 2359 credidisti,
1622 2302 1678 2349 et
1711 2308 1835 2348 vere

253 2393 422 2447 beata
448 2430 464 2454 ,
514 2405 632 2457 (pne
678 2389 953 2443 sacerdote
1000 2388 1359 2457 prtestantior,
1412 2401 1532 2439 cum
1586 2388 1838 2439 sacerdos

258 2490 557 2552 negasset,
589 2481 741 2549 virgo
769 2479 1005 2532 correxit
1031 2487 1086 2532 et
1112 2478 1354 2547 pignore.
1397 2474 1712 2544 Pariterque
1743 2490 1839 2527 no-

262 2571 521 2630 tandum,
570 2577 768 2638 quanta
812 2568 1087 2621 Elisabcth
1136 2568 1372 2621 animum
1413 2566 1625 2635 gratia,
1674 2565 1839 2619 Maria

266 2662 524 2720 intrante,
555 2657 762 2720 ditavit,
794 2672 953 2723 quam
985 2654 1140 2709 simul
1174 2655 1237 2709 de
1265 2655 1556 2724 praeterito,
1583 2655 1837 2723 praesenti

266 2764 427 2822 atque
466 2749 662 2811 futuro,
709 2747 1003 2818 prophetia:
1043 2746 1262 2815 spiritus
1292 2745 1596 2800 illustravit.
1646 2745 1837 2799 Dicens

268 2845 411 2899 enim
440 2859 452 2894 :
489 2862 506 2891 ί
541 2845 669 2906 Quae
696 2837 971 2892 credidisti
992 2837 1169 2902 beata,
1200 2854 1217 2885 ι
1260 2844 1441 2904 aperte
1465 2835 1684 2900 indicat,
1710 2836 1835 2902 quia

267 2937 429 2991 verba
458 2933 653 3005 angeli,
678 2948 798 3002 qua:
824 2932 967 2986 dicta
996 2931 1063 2984 ad
1092 2929 1314 2983 Mariam
1347 2928 1575 2989 fuerant,
1609 2945 1704 2998 per
1718 2928 1837 2998 Spi-

271 3026 430 3080 ritum
460 3023 692 3093 agnovit.
730 3022 909 3089 Atque
946 3017 1304 3090 subjuugcns:
1342 3038 1358 3069 ι
1390 3017 1744 3073 Perﬁcientur
1771 3034 1832 3073 ca

270 3132 388 3187 quae
420 3117 560 3171 dicta
588 3124 711 3171 sunt
749 3113 844 3167 tibi
884 3130 912 3166 a
956 3113 1201 3177 Domino,
1230 3131 1247 3161 ι
1292 3126 1410 3181 qua:
1438 3112 1600 3164 etiam
1629 3112 1831 3165 eamin

272 3180 452 3262 futuro
494 3214 845 3275 sequerentur
881 3203 1146 3274 prmvidit.
1198 3180 1419 3257 Matrem
1459 3216 1587 3257 vero
1622 3202 1831 3257 Domini
1860 3180 1907 3242 δ

272 3300 354 3354 sui
386 3300 691 3364 nominans,
714 3298 836 3366 quia
860 3296 1274 3365 Redemptorem
1299 3293 1516 3348 humani
1541 3293 1752 3364 generis
1777 3294 1834 3347 in

275 3399 434 3442 utero
460 3398 711 3456 portaret,
739 3388 1015 3442 intellexit.

356 3497 373 3529 ι
406 3478 473 3533 Et
504 3478 578 3531 ait
604 3477 766 3532 Maria
792 3496 804 3530 :
839 3477 1142 3549 Magniﬁcat
1172 3475 1349 3530 anima
1379 3489 1497 3528 mea
1527 3472 1831 3527 Dominum.

276 3589 294 3620 ι
328 3568 395 3621 Et
421 3567 708 3623 exsultavit
736 3568 955 3639 Spiritus
987 3583 1138 3623 meus
1164 3568 1219 3621 in
1248 3565 1357 3622 Deo
1385 3565 1606 3621 salutari
1644 3577 1778 3618 meo.
1810 3583 1829 3614 ι

269 3659 465 3722 Tanto,
495 3659 686 3729 inquit,
709 3675 795 3714 me
822 3661 1078 3716 Dominus
1107 3668 1322 3727 tamque
1349 3658 1586 3712 inaudito
1617 3670 1835 3711 munere

266 3749 600 3817 sublimavit,
646 3752 786 3821 quod
836 3768 941 3807 non
987 3752 1095 3806 ullo
1137 3750 1330 3821 linguae
1354 3748 1529 3804 cilicio
1556 3748 1831 3817 explicari,

266 3843 358 3896 sed
393 3842 510 3908 ipso
540 3842 627 3896 vix
668 3843 841 3898 intimi
883 3842 1116 3913 pectoris
1155 3839 1346 3895 aﬂectu
1382 3840 1559 3894 valeat
1594 3854 1837 3908 compre-

268 3932 449 3986 bendi.
480 3931 547 3986 Et
567 3932 687 3987 ideo
708 3941 849 3987 totas
870 3932 1032 3987 animi
1054 3932 1197 3986 vires
1222 3932 1273 3985 in
1296 3930 1515 4002 agendis
1542 3929 1837 3998 gratiarum

268 4022 517 4079 laudibus
542 4024 733 4091 offero,
768 4033 936 4080 totum
980 4025 1034 4079 in
1082 4022 1543 4093 contemplandam
1573 4022 1836 4091 magnitu-

269 4118 448 4172 dinem
483 4117 599 4188 ejus
628 4120 712 4174 cui
744 4136 851 4174 non
878 4130 960 4174 est
991 4119 1137 4180 ﬁnis,
1181 4116 1439 4187 quidquid
1470 4116 1611 4179 vivo,
1644 4114 1832 4177 sentio,

268 4194 537 4273 discerno,
565 4211 898 4283 gratulanter
918 4210 1186 4281 impendo.
1204 4209 1337 4276 Quia
1352 4216 1405 4261 et
1429 4207 1664 4275 ejusdem
1688 4205 1835 4270 Jesu,

269 4302 321 4355 id
348 4309 431 4355 est
457 4302 709 4357 salutaris
738 4304 959 4371 spiritus
986 4317 1136 4357 meus
1164 4308 1365 4356 attenta
1389 4298 1667 4353 divinitate
1692 4298 1840 4351 lacta~

270 4403 377 4460 tur,
407 4395 561 4464 cujus
591 4392 708 4452 mea
741 4412 868 4452 caro
907 4395 1184 4467 temporali
1219 4392 1568 4462 conceptione
1595 4392 1834 4444 laetatur.

1929 564 2050 619 Sola
2086 566 2278 635 quippe
2307 564 2483 617 anima
2517 564 2604 617 illa
2626 606 2640 628 ,
2674 567 2758 619 cui
2800 566 3056 623 Dominus
3087 582 3280 638 magna
3313 566 3503 624 facere

1928 656 2196 724 dignatur,
2246 655 2422 722 dignis
2451 670 2571 708 eum
2602 658 2884 724 praeconiis
2914 657 3288 728 magniﬁcare,
3335 666 3389 713 et
3429 659 3505 714 ad

1928 759 2205 805 consortes
2244 748 2483 817 ejusdem
2512 750 2618 804 voti
2669 765 2732 803 ac
2778 753 3035 819 propositi
3082 759 3258 821 potest
3300 753 3498 807 cohor-

1932 840 2092 894 tando
2123 840 2341 893 dicere:
2378 858 2395 887 ι
2429 837 2763 907 Magniﬁcate
2810 839 3090 896 Dominum
3142 856 3350 898 mecum
3376 884 3392 908 ,
3446 851 3509 898 et

1929 930 2226 984 exaltemus
2268 943 2461 982 nomen
2497 927 2614 996 ejus
2664 929 2716 982 in
2762 930 2990 984 invicem
3026 931 3195 998 (Psal.
3221 934 3439 1003 xxxm).
3475 953 3493 985 ι

1930 1023 2061 1077 Nam
2090 1023 2181 1093 qui
2213 1022 2527 1086 Dominum,
2561 1038 2721 1091 quem
2753 1024 3030 1092 cognovit,
3067 1034 3329 1093 quantum
3357 1027 3411 1081 in
3442 1041 3509 1082 se

1931 1126 2044 1179 est,
2076 1115 2425 1185 magniﬁcare
2453 1124 2507 1167 et
2532 1129 2728 1170 nomen
2758 1115 2873 1184 ejus
2901 1116 3237 1172 sanctiﬁcarc
3263 1125 3475 1173 contem

1930 1207 2127 1277 pserit,
2158 1206 2417 1259 minimus
2444 1206 2726 1259 vocabitur
2756 1206 2806 1259 in
2839 1219 3007 1275 regno
3031 1207 3310 1262 caelorum.
3364 1208 3505 1262 San-

1930 1305 2073 1352 ctum
2118 1304 2295 1350 autem
2342 1311 2536 1351 nomen
2584 1295 2702 1364 ejus
2748 1306 2989 1360 vocatur,
3041 1297 3167 1365 quia
3218 1296 3503 1367 singularis

1932 1389 2163 1444 culmine
2210 1389 2465 1458 potentiae
2514 1388 2846 1443 transcendit
2888 1403 3104 1442 omnem
3153 1396 3455 1443 creaturam
3482 1428 3497 1453 ,

1933 1491 2092 1552 atque
2120 1483 2187 1538 ab
2208 1481 2474 1536 universis
2501 1496 2620 1550 quae
2643 1480 2785 1541 fecit,
2812 1481 2965 1551 longe
2993 1490 3321 1551 segregatur.
3349 1481 3498 1546 Quod

1933 1590 2104 1642 graeca
2135 1573 2407 1628 locutione
2441 1574 2633 1628 melius
2687 1572 3021 1641 intelligitur,
3071 1572 3124 1624 in
3178 1586 3280 1641 qua
3330 1571 3502 1640 ipsum

1934 1667 2153 1721 verbum
2185 1665 2326 1733 quod
2363 1664 2559 1719 dicitur
2588 1664 2730 1738 ἅγιον
2758 1665 2908 1733 quasi
2948 1674 3102 1718 extra
3140 1671 3340 1716 terram
3383 1674 3504 1717 esse

1935 1755 2224 1826 signiﬁcat.
2270 1754 2433 1825 Cujus
2462 1755 2628 1809 etiam
2668 1769 2766 1809 nos
2796 1753 3123 1818 imitatione,
3164 1767 3262 1821 pro
3291 1751 3505 1815 modulo

1937 1859 2121 1903 nostro
2147 1846 2415 1918 segregari
2440 1888 2453 1910 ,
2503 1846 2858 1915 praecipimur,
2903 1843 2971 1897 ab
2998 1844 3247 1898 omnibus
3274 1843 3364 1912 qui
3396 1857 3504 1897 non

1936 1948 2061 1995 sunt
2080 1938 2271 2002 sancti,
2299 1952 2396 1991 nec
2418 1936 2528 1991 Deo
2555 1936 2738 2000 dicati,
2757 1936 2967 1990 dicente
2993 1934 3242 1989 Domino:
3275 1951 3293 1985 ι
3322 1932 3509 1989 Sancti

1936 2039 2131 2093 estate,
2155 2030 2279 2099 quia
2327 2045 2424 2099 ego
2459 2039 2679 2085 sanctus
2704 2044 2821 2085 sum
2843 2026 2984 2098 (Leo.
3002 2027 3117 2097 xx).
3141 2047 3159 2079 ο
3190 2026 3508 2096 Quicunque

1934 2122 2076 2177 enim
2111 2134 2168 2175 se
2197 2120 2623 2185 consecraverit,
2665 2120 2859 2173 merito
2886 2128 3037 2173 extra
3067 2118 3324 2173 mundum
3350 2118 3503 2172 vide-

1936 2211 2099 2265 bitur.
2134 2211 2317 2265 Potest
2338 2211 2483 2265 cnim
2509 2219 2564 2265 et
2587 2211 2699 2280 ipse
2721 2211 2938 2265 dicere:
2969 2208 3147 2279 Super
3171 2216 3369 2263 terram
3393 2222 3510 2262 am-

1936 2301 2197 2363 bulantes,
2226 2301 2689 2357 conversationem
2718 2301 2773 2354 in
2797 2300 2952 2355 caelis
2978 2300 3257 2354 habemus.

2014 2412 2030 2441 ι
2066 2393 2133 2446 Ει
2160 2393 2525 2447 misericordia
2563 2392 2681 2459 ejus
2714 2392 2768 2445 in
2823 2391 3077 2460 progenie
3131 2398 3187 2443 et
3223 2388 3509 2458 progenies

1945 2501 1963 2532 ι
2000 2484 2313 2537 timentibus
2340 2498 2482 2537 eum.
2517 2502 2535 2532 ι
2569 2484 2615 2536 Α
2642 2481 2964 2551 specialibus
2990 2497 3048 2535 se
3078 2481 3231 2534 donis
3256 2481 3323 2535 ad
3353 2495 3513 2550 gene-

1942 2574 2071 2626 ralia
2102 2573 2193 2627 Dei
2220 2573 2419 2641 judicia
2448 2583 2784 2635 convertens,
2832 2573 2996 2627 totius
3035 2572 3252 2625 humani
3292 2571 3508 2640 generis

1940 2673 2139 2717 statum
2182 2664 2459 2717 describit.
2514 2664 2581 2717 Et
2618 2664 2745 2731 quid
2795 2664 3048 2731 superbi,
3098 2663 3227 2732 quid
3275 2664 3515 2718 humiles

1939 2764 2265 2815 mereantur,
2306 2756 2431 2822 quid
2476 2754 2569 2808 ﬁlii
2616 2755 2743 2808 Adae
2786 2769 2883 2823 per
2924 2754 3153 2809 liberum
3198 2755 3506 2819 arbitrium,

1939 2844 2064 2912 quid
2116 2843 2207 2896 ﬁlii
2255 2844 2346 2897 Dei
2397 2842 2508 2898 sive
2556 2859 2654 2913 per
2700 2846 2965 2914 gratiam,
3014 2845 3238 2899 alterius
3265 2846 3510 2900 versibus

1935 2934 2184 3002 explicat.
2220 2933 2335 2987 Non
2359 2949 2508 3004 ergo,
2533 2934 2722 3003 inquit,
2751 2933 2847 2988 soli
2876 2934 3005 2987 mihi
3029 2934 3155 2988 fecit
3178 2950 3391 3003 magna,
3416 2936 3508 3003 qui

1937 3033 2126 3092 potens
2150 3032 2253 3085 est,
2286 3024 2379 3077 sed
2411 3023 2463 3076 in
2494 3024 2635 3078 omni
2663 3032 2820 3094 gente
2849 3032 2904 3077 et
2933 3026 3205 3093 progenie,
3234 3026 3324 3095 qui
3356 3027 3509 3080 timet

1936 3130 2079 3180 eum,
2106 3125 2157 3169 et
2181 3124 2436 3185 operatur
2455 3115 2742 3184 justitiam,
2769 3125 3021 3186 acceptus
3046 3128 3129 3172 est
3154 3118 3247 3172 illi.

2011 3225 2030 3258 ι
2064 3207 2212 3261 Fecit
2240 3208 2531 3277 potentiam
2562 3209 2614 3262 in
2646 3209 2868 3264 brachio
2898 3222 3015 3271 suo,
3045 3209 3294 3278 dispersit
3321 3225 3512 3278 super-

1943 3317 1961 3349 ι
1992 3300 2088 3351 hos
2116 3308 2295 3352 mente
2320 3300 2497 3353 cordis
2524 3300 2625 3353 sui.
2658 3320 2676 3351 ι
2717 3300 2774 3354 In
2800 3300 3025 3354 brat-hi0
3052 3315 3169 3364 suo,
3195 3301 3249 3354 in
3276 3301 3389 3369 ipso
3413 3302 3529 3357 Dci‘

1936 3390 2075 3444 Filio
2104 3389 2388 3458 signiﬁcat.
2426 3389 2541 3443 Non
2571 3391 2713 3459 quod
2745 3391 2906 3444 Pater
2927 3390 3097 3460 ﬁgura
3127 3392 3512 3447 determinetur

1938 3479 2118 3535 carnis
2153 3480 2432 3541 humanae,
2482 3479 2641 3548 eique
2689 3478 2857 3533 Filius
2909 3488 3160 3547 tanquam
3209 3482 3511 3535 membrum

1938 3570 2180 3639 corporis
2206 3570 2507 3633 adhaereat,
2547 3569 2641 3623 sed
2670 3569 2793 3638 quia
2823 3569 3004 3624 omnia
3036 3584 3131 3638 per
3159 3569 3330 3639 ipsum
3364 3568 3507 3624 facta

1938 3669 2090 3723 sunt,
2127 3660 2249 3714 ideo
2277 3658 2557 3714 brachium
2586 3644 2799 3714 Domini
2829 3659 3003 3713 dictus
3030 3668 3131 3714 est.
3182 3660 3331 3714 Sicut
3365 3660 3509 3714 enim

1939 3761 2086 3806 tuum
2111 3750 2393 3807 brachium
2421 3766 2517 3820 per
2539 3750 2681 3820 quod
2706 3751 2966 3820 operaris,
2998 3752 3075 3805 sic
3106 3751 3196 3804 Dei
3230 3750 3508 3806 brachium

1939 3842 2136 3896 dictmn
2166 3850 2247 3895 est
2274 3841 2391 3909 ejus
2421 3841 2643 3894 verbum
2663 3880 2678 3904 ,
2717 3855 2815 3909 per
2839 3840 2979 3907 quod
3010 3840 3230 3894 verbum
3258 3847 3515 3910 operatus

1938 3942 2021 3988 est
2050 3932 2326 3987 mundum.
2374 3930 2484 3986 Cur
2508 3932 2651 3986 enim
2682 3933 2843 3986 homo
2870 3932 3151 3986 brachium
3171 3973 3187 3994 ,
3220 3942 3280 3986 ut
3310 3932 3512 4002 aliquid

1940 4035 2213 4097 operetur,
2253 4025 2524 4090 extendit,
2567 4025 2669 4079 nisi
2699 4026 2822 4094 quia
2853 4040 2958 4079 non
2986 4026 3255 4081 continuo.
3279 4027 3337 4081 lit
3369 4025 3514 4096 quod

1940 4117 2176 4173 dixerit?
2207 4115 2264 4170 Si
2295 4125 2475 4171 autem
2502 4124 2649 4170 tanta
2671 4124 2937 4185 potestate
2956 4117 3288 4185 praevaleret,
3314 4125 3369 4171 ut
3396 4118 3516 4175 sine

1940 4212 2045 4265 ullo
2076 4218 2223 4265 motu
2250 4209 2491 4277 corporis
2522 4208 2602 4262 sui
2634 4209 2775 4278 quod
2803 4208 3006 4263 diceret
3030 4208 3205 4272 ﬁeret,
3230 4208 3510 4264 brachium

1939 4303 2057 4371 ejus
2087 4301 2308 4354 verbum
2339 4298 2456 4367 ejus
2492 4307 2655 4354 esset.
2711 4298 2842 4354 Cum
2878 4314 3007 4370 ergo
3046 4301 3348 4355 audivimus
3388 4300 3513 4354 bra.

1941 4392 2121 4447 chium
2149 4391 2242 4446 Dei
2271 4390 2444 4445 Patris
2469 4406 2589 4446 esse
2613 4391 2707 4446 Dei
2739 4390 2954 4457 Filium,
2988 4407 3092 4446 non
3112 4392 3273 4471 nobis
3302 4393 3512 4446 obstre-

268 4487 369 4543 Cui
392 4489 563 4545 simile
591 4500 674 4544 est
704 4490 833 4544 illud
860 4489 1188 4544 Psalmistzc:
1229 4504 1251 4538 ι
1283 4486 1475 4540 Anima
1505 4491 1687 4538 autem
1718 4497 1837 4536 mea
1862 4533 1916 4594 Β
1940 4490 2033 4553 pat
2060 4481 2392 4536 consuetudo
2422 4482 2684 4544 carnalis,
2729 4482 2827 4536 sed
2864 4491 3129 4552 quantum
3162 4480 3252 4535 illo
3281 4480 3514 4535 donante

282 4592 292 4594 _
355 4593 361 4594 ,
410 4578 445 4594 ι.
484 4580 496 4594 ι
521 4581 552 4594 ι-
591 4580 603 4592 ο
675 4580 713 4594 τι
814 4580 825 4592 ο
999 4588 1009 4594 .
1062 4580 1074 4594 1
1110 4579 1124 4594 1
1195 4586 1226 4594 ,ν
1249 4578 1262 4594 ι
1286 4578 1390 4594 ιιημ
1430 4590 1587 4594 ____-_.
1618 4572 1833 4594 _-l__.-_!
1941 4573 2203 4594 ---,.ε....-..
2232 4572 2324 4594 “-2
2352 4572 2603 4594 -.:_._.n-__.
2657 4581 2701 4594 ,ι
2732 4571 2821 4594 n4
2857 4571 3168 4594 _-_:.‘...:..-..
3195 4570 3487 4594 ,ιηηζιιιηιηη

271 4578 559 4634 exsultabit
590 4580 642 4635 in
675 4580 925 4645 Domino,
959 4588 1016 4636 et
1044 4578 1393 4633 delectabitur
1426 4590 1588 4644 super
1614 4573 1837 4627 salutari

269 4672 388 4740 ejus
414 4670 584 4743 (Ρειιι.
615 4674 819 4745 xxxiv).
851 4694 870 4725 ι
900 4673 963 4729 Et
987 4674 1100 4743 ipse
1127 4674 1270 4726 enim
1298 4670 1514 4724 Patrem
1538 4667 1839 4736 Filiumque

268 4763 387 4833 pari
416 4765 774 4821 venerabatur
799 4779 1002 4819 amore.

347 4873 367 4907 ι
402 4855 537 4923 Quia
586 4857 820 4927 respexit
866 4856 1223 4912 humilitatem
1269 4852 1474 4909 ancillae
1519 4865 1664 4914 suae,
1714 4864 1840 4905 ecce

273 4962 294 4994 ο
328 4946 476 5000 enim
513 4960 579 5000 ex
621 4946 724 5001 hoc
758 4949 972 5002 beatam
1002 4961 1089 5001 me
1115 4945 1297 5000 dicent
1324 4958 1511 4998 omnes
1539 4939 1842 5012 generatio-

274 5052 294 5085 ι
330 5050 447 5089 nes.
481 5057 498 5087 ι
543 5035 708 5107 Cujus
738 5037 1014 5092 humilitas
1049 5036 1353 5106 respicitur,
1394 5042 1540 5088 recte
1578 5033 1735 5086 beata
1774 5030 1841 5085 ab

269 5124 581 5180 hominibus
607 5127 1033 5197 cognominanda
1060 5125 1398 5197 gratulatur:
1432 5123 1571 5177 sicut
1598 5130 1842 5176 econtra-

267 5215 373 5280 rio,
403 5215 558 5285 cujus
582 5218 831 5287 superbia
867 5217 1116 5288 despecta
1157 5215 1564 5275 condemnatur,
1606 5212 1757 5275 Evae,
1791 5212 1846 5265 id

266 5314 356 5360 est
394 5320 504 5371 vae,
557 5306 673 5361 sive
709 5307 1035 5362 calamitatis
1060 5307 1277 5363 nomine
1312 5304 1569 5360 mulctata
1599 5300 1841 5356 tabescit.

266 5395 508 5452 Decebat
522 5399 667 5453 enim
693 5406 772 5463 ut,
789 5399 931 5452 sicut
954 5413 1050 5467 per
1069 5396 1377 5468 superbiam
1401 5394 1589 5465 primae
1606 5396 1847 5466 parentis

268 5494 473 5541 nostra:
502 5502 649 5542 mors
680 5488 735 5542 in
764 5487 1024 5541 mundum
1052 5486 1294 5551 intravit,
1326 5485 1401 5540 ita
1429 5484 1603 5539 denuo
1629 5498 1724 5554 per
1745 5484 1844 5538 hu-

266 5574 557 5630 militatem
582 5575 765 5632 Maria:
791 5576 1042 5632 introitus
1068 5575 1391 5646 panderetur
1415 5575 1558 5628 vitae.

346 5686 365 5717 ι
396 5666 533 5733 Quia
569 5664 697 5723 fecit
735 5668 866 5722 mihi
906 5682 1096 5739 magna
1125 5666 1215 5735 qui
1253 5674 1442 5735 potens
1472 5673 1587 5730 est;
1635 5674 1688 5720 et
1724 5680 1846 5720 san-

272 5771 292 5806 t
326 5765 475 5812 ctum
508 5773 701 5814 nomen
734 5757 868 5827 ejus.
905 5777 923 5809 ι
973 5757 1055 5813 Ad
1091 5755 1302 5812 initium
1341 5750 1601 5810 carminis
1631 5756 1846 5826 respicit

1941 4573 2208 4643 possimus
2232 4572 2329 4626 Dei
2352 4572 2629 4637 virtutem,
2652 4581 2708 4627 et
2729 4571 2824 4627 Dei
2855 4571 3171 4642 sapientiam
3192 4570 3510 4639 cogitemus,

1942 4677 2040 4732 per
2063 4676 2222 4730 quem
2248 4660 2387 4717 facta
2415 4671 2539 4718 sunt
2563 4663 2762 4716 omnia.

2019 4770 2037 4801 ‹
2068 4750 2326 4822 Deposuit
2352 4761 2598 4821 potentes
2625 4752 2691 4805 de
2722 4748 2870 4814 sede,
2897 4756 2952 4802 et
2976 4746 3235 4803 exultavit
3258 4748 3509 4805 humiles.

1906 4822 1907 4827 γ
1948 4860 1967 4894 ι
2000 4840 2311 4896 Esurientes
2348 4840 2587 4909 implevit
2617 4840 2803 4903 bonis,
2844 4846 2899 4893 et
2932 4837 3124 4893 divites
3159 4838 3362 4899 dimisit
3387 4839 3516 4899 ,ina-

1952 4953 1971 4986 ι
2002 4950 2116 4989 nes.
2149 4953 2166 4985 ι
2202 4932 2351 5000 Quod
2380 4932 2513 4987 dixit
2539 4931 2593 4985 in
2616 4930 2837 4985 brachio
2866 4946 2985 4996 suo,
3010 4933 3227 5001 etquod
3255 4932 3517 5001 praemisit
3602 4956 3609 4969 σ

1944 5025 1998 5079 in
2027 5024 2312 5096 progenies
2339 5031 2393 5078 et
2425 5023 2736 5093 progenies,
2775 5021 2860 5076 his
2883 5037 3099 5093 quoque
3129 5022 3392 5102 proximis
3419 5037 3517 5092 per

1946 5117 2153 5187 singula
2197 5122 2467 5171 commota
2509 5122 2596 5169 est
2636 5114 3027 5169 adnectendum
3058 5113 3357 5179 versiculis,
3388 5115 3518 5185 quia

1948 5210 2201 5265 videlicet
2235 5223 2330 5278 per
2364 5222 2553 5263 omnes
2588 5206 2768 5262 saeculi
2805 5208 3212 5280 generationes,
3252 5215 3308 5263 et
3340 5208 3518 5278 perire

1949 5307 2190 5376 superbi,
2218 5315 2270 5361 et
2300 5304 2531 5360 humiles
2559 5305 2810 5368 exaltari,
2834 5305 2923 5376 pia
2941 5302 3194 5374 iustaque
3212 5304 3406 5360 divinae
3427 5318 3521 5373 po-

1950 5396 2131 5451 tentia:
2156 5394 2556 5464 dispensatione
2580 5410 2686 5450 non
2712 5404 2949 5451 cessant.

2023 5504 2041 5537 ι
2074 5485 2319 5553 Suscepit
2349 5484 2509 5539 Israel
2542 5500 2768 5556 puerum
2800 5500 2984 5548 suum,
3028 5498 3329 5539 memorare
3355 5482 3520 5536 mise-

1955 5600 1971 5629 ι
2002 5578 2248 5632 ricordite
2277 5593 2405 5633 sua).
2441 5599 2460 5631 ι
2512 5580 2742 5634 Pulchre
2773 5595 2996 5648 puerum
3039 5577 3248 5633 Domini
3283 5573 3517 5643 appellat

1947 5668 2142 5731 Israel,
2184 5669 2273 5737 qui
2303 5669 2371 5722 ab
2402 5684 2466 5723 eo
2496 5669 2565 5724 sit
2603 5670 2670 5722 ad
2709 5669 3024 5725 salvandum
3057 5673 3354 5735 susceptus,
3384 5666 3517 5721 obe-

1950 5758 2185 5813 dientem
2214 5758 2475 5814 videlicet
2496 5770 2551 5814 et
2581 5759 2872 5825 humilem,
2910 5759 3056 5825 iuxta
3088 5757 3229 5825 quod
3260 5756 3409 5815 Osete
3439 5758 3519 5814 di-
