4038 6352
520 368 590 426 39
1136 368 1488 427 HAYMONIS
1525 369 2002 427 HALBERSTAT.
2039 370 2252 428 EPISC.
2291 372 2440 428 OPP.
2482 371 2660 428 PARS
2699 373 2762 428 ll.
2803 403 2870 413 —
2904 372 3136 430 HOMIL.

3718 377 3808 438 ιο

523 486 634 541 cit:
670 502 688 536 ι
718 482 854 553 Quia
892 499 1028 555 puer
1061 485 1248 552 Israel,
1294 496 1348 542 et
1393 487 1557 542 dilexi
1602 501 1722 541 eum
1765 485 1909 557 (Ose.
1938 485 2041 549 ιι).
2079 507 2098 539 ι
2130 494 2182 554 Α
2208 486 2403 540 summi
2429 487 2718 541 sacerdotii
2750 486 2923 542 honor
2951 485 3328 556 praestabatur.
3373 486 3616 558 Denique
3634 488 3808 546 Jose-

523 577 658 632 Nam
683 579 772 647 qui
800 579 1096 634 contemnit
1125 579 1421 644 humiliari,
1446 596 1550 635 non
1578 588 1759 650 potest
1786 581 1970 650 utique
1996 580 2100 634 sal-

522 671 672 734 vari,
715 686 815 726 nec
857 671 1036 726 dicere
1067 687 1190 724 cum
1220 670 1520 742 propheta:
1555 690 1571 721 ι
1601 669 1742 725 Ecce
1779 670 1922 724 enim
1961 671 2101 724 Deus

525 759 742 829 adjuvat
769 775 882 825 me,
922 769 976 814 et
1014 760 1272 816 Dominus
1305 769 1586 832 susceptor
1613 771 1697 816 est
1734 762 1928 816 anim:e
1967 777 2102 816 mea:

525 849 709 922 (Psal.
746 869 837 906 un
854 853 892 924 ).
920 872 939 905 ι
964 883 1036 895 -
1064 871 1082 904 ι
1106 853 1423 923 Quicunque
1448 862 1628 909 autem
1651 854 2018 908 humiliaverit
2043 870 2102 910 se

525 945 664 999 sicut
707 944 1001 1015 parvulus,
1050 945 1138 1000 hic
1183 957 1270 1000 est
1311 947 1483 1018 major
1525 962 1583 1001 in
1630 960 1799 1017 regno
1839 945 2099 1002 caelorum

526 1032 738 1102 (Matth.
769 1034 946 1105 xvm).
976 1052 995 1086 ι

600 1143 620 1176 ‹
653 1123 807 1179 Sicut
833 1124 1042 1180 locutus
1073 1134 1155 1179 est
1181 1125 1249 1180 ad
1274 1135 1457 1196 patres
1487 1134 1722 1193 nostros,
1746 1125 2020 1181 Abraham
2045 1136 2102 1181 et

528 1237 546 1269 ‹
577 1218 769 1272 semini
800 1218 916 1288 ejus
944 1218 998 1272 in
1029 1219 1245 1274 saecula.
1280 1239 1297 1270 ι
1350 1219 1550 1275 Semen
1578 1219 1811 1274 Abrahae
1846 1235 1952 1274 non
1979 1234 2101 1274 car-

523 1310 676 1374 nale,
722 1309 817 1363 sed
861 1309 1100 1378 spiritale
1140 1310 1440 1380 signiﬁcat,
1486 1311 1539 1364 id
1583 1317 1696 1375 est,
1744 1325 1848 1364 non
1893 1318 2100 1363 tantum

523 1416 686 1455 carne
712 1401 1046 1470 progenitos,
1086 1401 1180 1456 sed
1218 1403 1334 1456 sive
1369 1402 1420 1456 in
1453 1402 1886 1466 circumcrsione,
1923 1415 2017 1454 seu
2047 1400 2099 1453 in

521 1493 808 1562 przeputio,
833 1492 954 1547 ﬁdei
981 1492 1122 1547 illius
1146 1503 1434 1562 sequentes
1459 1493 1702 1561 vestigia.
1737 1491 1874 1545 Nam
1905 1500 1960 1546 et
1988 1491 2102 1560 ipse

524 1584 578 1636 in
611 1583 873 1653 prazputio
901 1584 1109 1652 positus
1133 1583 1376 1647 credidit,
1407 1592 1817 1654 reputatumque
1845 1588 1926 1636 est
1954 1580 2002 1634 ei
2033 1580 2100 1634 ad

516 1676 805 1744 justitiam,
839 1684 1001 1746 atque
1029 1676 1268 1746 ejusdem
1301 1675 1439 1730 ﬁdei-
1453 1673 1785 1743 signaculum
1817 1671 2103 1727 circumci-

525 1771 731 1826 sionem
761 1770 1000 1839 accepit,
1039 1777 1100 1823 ut
1135 1770 1214 1825 sic
1245 1770 1524 1838 utriusque
1553 1766 1735 1838 populi
1763 1775 1920 1836 pater
1947 1764 2102 1819 ﬁeret

2202 580 2340 649 phus
2370 578 2534 632 refert
2562 579 2613 632 in
2642 579 2788 633 hunc
2829 579 3076 641 modum,
3122 579 3306 633 dicens
3332 594 3345 630 :
3380 576 3627 633 Valerius
3649 579 3805 634 Gra-

2203 678 2312 736 tus,
2338 671 2492 724 Anna
2515 671 2818 724 sacerdotio
2841 671 3142 734 deturbato,
3176 669 3455 726 lsmaelem
3478 672 3804 740 pontiﬁcem

2203 759 2522 830 designavit,
2553 759 2717 812 ﬁlium
2742 759 2915 814 Bassi.
2949 757 3054 813 Sed
3075 767 3130 812 et
3159 759 3302 813 hunc
3331 774 3437 813 non
3467 759 3636 813 multo
3665 769 3804 829 post

2203 849 2479 918 abjiciens,
2509 850 2828 904 Eleazarum
2856 851 3078 904 Ananiae
3106 848 3378 919 pontiﬁcis
3409 850 3576 905 ﬁlium
3605 853 3802 920 ponti-

2202 941 2384 997 ﬁcatui
2404 942 2733 1013 subrogavit.
2758 943 2886 998 Post
2908 957 3109 997 annum
3130 956 3260 997 vero
3287 943 3448 997 etiam
3472 941 3616 996 hunc
3637 951 3801 998 arcet

2201 1035 2398 1092 oﬁicio.
2439 1035 2768 1092 Octavianus
2806 1036 3101 1107 imperator
3136 1037 3382 1106 regnavit
3420 1037 3578 1092 annis
3621 1037 3796 1108 quin-

2202 1129 2456 1200 quaginta
2487 1145 2614 1196 sex,
2644 1138 2700 1185 et
2740 1129 2949 1185 Simoni
2973 1130 3185 1184 cuidam
3217 1128 3389 1183 Caniﬁ
3420 1128 3528 1184 lilio
3562 1129 3759 1200 pontiﬁ
3788 1161 3797 1171 ν

2203 1230 2356 1276 catus
2383 1221 2605 1276 tradidit
2630 1222 3011 1277 ministerium.
3046 1221 3163 1288 Quo
3193 1236 3299 1276 non
3329 1220 3558 1290 amplius
3591 1228 3647 1276 et
3673 1221 3795 1290 ipse

2203 1329 2366 1384 quam
2410 1315 2570 1369 unius
2617 1314 2745 1368 anni
2781 1314 2956 1384 spatio
2994 1312 3310 1384 perfunctus
3332 1352 3346 1376 ,
3375 1311 3669 1381 Josephum
3700 1313 3794 1367 cui

2203 1413 2257 1460 et
2285 1403 2517 1473 Caiphas
2541 1419 2736 1460 nomen
2769 1404 2897 1470 fuit,
2934 1404 3142 1473 accepit
3163 1418 3556 1458 successorem.
3584 1403 3665 1458 Ac
3694 1419 3796 1473 per

2205 1498 2308 1552 hoc
2341 1511 2500 1551 omne
2532 1506 2742 1566 tempus
2770 1513 2878 1567 quo
2907 1497 3165 1552 Dominus
3195 1505 3379 1552 noster
3412 1495 3467 1549 in
3500 1496 3667 1550 terris
3694 1495 3792 1550 do-

2204 1589 2382 1645 cuisse
2395 1589 2738 1656 describitur,
2756 1591 2895 1646 intra
2909 1591 3246 1660 quadriennii
3259 1590 3432 1660 spatio
3455 1599 3788 1656 coarctatur,

2206 1676 2262 1732 in
2293 1693 2400 1747 quo
2427 1687 2660 1747 quatuor
2685 1678 2803 1734 ista:
2835 1679 3004 1750 (quas
3025 1679 3291 1750 Josephus
3314 1678 3620 1751 memorat)
3668 1695 3793 1734 suc-

2205 1768 2478 1823 cessiones
2518 1767 2834 1837 pontiﬁcum
2883 1769 3283 1834 describuntur,
3332 1769 3419 1823 vix
3464 1783 3792 1839 unoquoque

522 1877 622 1933 per
647 1861 826 1926 ﬁdem,
852 1860 1007 1929 juxta
1037 1859 1179 1930 quod
1201 1859 1486 1930 Apostolus
1517 1857 1583 1912 ad
1614 1859 1882 1910 Romanos
1908 1855 2104 1924 plenis-
2131 1858 2180 1916 Β
2208 1873 2306 1927 per
2343 1873 2514 1913 annos
2539 1858 2778 1928 singulos
2811 1859 3175 1914 ministrante.
3223 1859 3361 1926 Quia
3393 1873 3522 1930 ergo
3553 1859 3792 1916 Joannes

524 1953 661 2007 sime
683 1952 920 2008 disserit.
957 1951 1235 2006 Adventus
1265 1964 1394 2019 ergo
1417 1946 1739 2011 Salvatoris,
1763 1945 1992 1999 Abrahze
2021 1952 2106 1998 est

524 2048 580 2093 et
615 2039 808 2094 semini
847 2037 962 2107 ejus
994 2037 1293 2108 promissus
1325 2036 1380 2088 in
1411 2034 1636 2097 saecula,
1685 2034 1786 2088 hoc
1824 2041 1940 2097 est,
1982 2031 2106 2086 ﬁliis

521 2127 919 2198 promissionis,
944 2126 1140 2195 quibus
1161 2125 1356 2180 dicitur
1379 2142 1391 2176 :
1425 2143 1442 2174 ι
1473 2124 1532 2178 Si
1557 2131 1736 2178 autem
1764 2138 1860 2178 vos
1881 2121 2102 2186 Christi,

524 2233 654 2288 ergo
681 2218 914 2272 Abrahae
944 2231 1128 2271 semen
1159 2215 1322 2278 estis,
1364 2214 1658 2269 secundum
1688 2214 2102 2284 promissionem

523 2310 768 2367 heredes
806 2307 949 2380 (Gal.
986 2307 1091 2378 ιιι).
1125 2326 1143 2360 ι
1200 2305 1345 2361 Bene
1395 2314 1574 2361 autem
1622 2305 1708 2360 vel
1762 2305 1974 2360 Domini
2023 2303 2104 2359 vel

525 2403 750 2460 Joannis
773 2410 1023 2458 exortum
1051 2410 1254 2457 matres
1274 2399 1645 2471 prophetando
1665 2399 2020 2467 praeveniunt,
2047 2407 2106 2455 ut

527 2495 669 2550 sicut
697 2501 980 2564 peccatum
1011 2509 1042 2548 a
1073 2492 1391 2548 mulieribus
1419 2492 1699 2563 cmpit,ita
1731 2492 1895 2546 etiam
1929 2507 1959 2545 a
1990 2506 2106 2544 mu-

526 2584 749 2640 lieribus
775 2586 914 2640 bona
941 2584 1226 2653 incipiant.
1270 2583 1338 2637 Et
1366 2599 1486 2652 qua:
1520 2598 1616 2652 per
1645 2583 1804 2637 unius
1838 2582 2109 2650 deceptio-

527 2688 654 2730 nem
693 2674 887 2744 periit,
928 2672 1138 2728 duabus
1165 2673 1413 2727 certatim
1444 2673 1880 2741 praeconantibus
1908 2671 2108 2726 mundo

525 2765 640 2821 vita
662 2765 938 2822 reddatur.

1113 2900 1397 2959 HOMILIA
1437 2901 1524 2956 Vl.

881 3031 1119 3073 SABBATO
1156 3031 1406 3080 QUATUOR
1445 3029 1755 3071 TEIIPORUI.

600 3127 751 3199 (Luc.
803 3125 911 3196 ιιι.)
956 3145 976 3178 ‹
1007 3126 1065 3180 ln
1092 3126 1183 3180 illo
1214 3135 1476 3195 tempore,
1510 3140 1653 3179 anno
1681 3124 1872 3196 quinto
1900 3125 2112 3180 decimo

2209 1949 2359 2003 illum
2388 1949 2684 2018 praedicare
2710 1950 2984 2017 veniebat,
3012 1950 3103 2020 qui
3128 1957 3182 2005 et
3205 1951 3268 2004 ex
3293 1948 3476 2005 Judzea
3502 1952 3787 2020 quosdam,

2207 2048 2262 2096 et
2291 2039 2489 2093 multos
2519 2053 2584 2093 ex
2614 2040 2864 2108 gentibus
2895 2040 3274 2110 redempturus
3306 2049 3452 2104 erat,
3486 2055 3584 2110 per
3611 2057 3792 2112 regem

2209 2131 2449 2203 gentium
2469 2171 2484 2196 ,
2522 2140 2577 2184 et
2602 2131 2876 2200 principes
2905 2130 3212 2186 Judteorum
3243 2131 3644 2202 praedicationis
3674 2132 3794 2201 ejus

2208 2230 2452 2291 tempora
2501 2221 2868 2292 designantur.
2917 2221 3052 2288 Quia
3101 2230 3278 2276 autem
3330 2222 3601 2292 gentilitas
3641 2223 3794 2278 colli-

2208 2311 2380 2382 genda
2400 2319 2536 2376 erat,
2568 2319 2623 2366 et
2648 2309 2826 2366 Judaea
2856 2325 2954 2382 pro
2983 2311 3137 2380 culpa
3161 2311 3396 2381 perﬁdiae
3414 2313 3788 2383 dispergenda,

2207 2401 2324 2470 ipse
2359 2415 2572 2470 quoque
2612 2401 2903 2470 descriptio
2944 2401 3142 2456 terreni
3172 2402 3504 2472 principatus
3539 2406 3789 2461 ostendit.

2209 2493 2470 2559 Quoniam
2485 2503 2538 2547 et
2550 2493 2603 2547 in
2615 2492 2859 2548 Romana
2873 2493 3144 2564 republica
3159 2510 3296 2549 unus
3311 2495 3448 2565 prter
3445 2497 3589 2552 uisse
3599 2499 3774 2554 deseri
3792 2526 3798 2542 ι

2208 2583 2445 2648 bitur,et
2470 2583 2523 2635 in
2545 2581 2741 2637 Judzeae
2771 2599 2937 2654 regno
2965 2599 3061 2654 per
3088 2595 3335 2658 quartam
3354 2595 3558 2655 partem
3574 2587 3792 2658 plurimi

2207 2673 2673 2744 principabantur.
2705 2673 2848 2730 Voce
2874 2675 3016 2729 enim
3049 2677 3220 2731 nostri
3251 2675 3628 2748 Redemptoris
3657 2679 3794 2734 dici-

2210 2773 2335 2818 tur:
2363 2783 2382 2815 ι
2417 2763 2588 2820 Omne
2620 2780 2842 2835 regnum
2875 2767 2928 2820 in
2959 2767 3134 2836 seipse
3169 2768 3398 2823 divisum
3420 2809 3433 2835 ,
3467 2770 3798 2826 desolabitur

2213 2855 2364 2927 (Luc.
2392 2855 2490 2926 χι).
2525 2875 2544 2908 ι
2580 2855 2774 2926 Liquet
2800 2873 2928 2928 ergo
2967 2859 3110 2928 quod
3141 2861 3208 2913 ad
3238 2860 3399 2915 ﬁnem
3432 2862 3582 2932 regni
3613 2861 3796 2916 Judaea

2211 2954 2560 3016 pervenerat,
2596 2962 2714 3016 qua:
2742 2955 2824 3001 tot
2849 2948 3065 3017 regibus
3088 2948 3260 3004 divisa
3285 2949 3618 3018 subjacebat.
3659 2953 3798 3021 Apte

2214 3055 2428 3108 quoque
2452 3055 2560 3094 non
2591 3040 2990 3111 solumquibus
3013 3042 3257 3111 regibus,
3291 3043 3384 3098 sed
3410 3044 3604 3112 quibus
3633 3045 3798 3099 etiam

2217 3135 2586 3190 sacerdotibus
2612 3145 2792 3190 actum
2813 3136 2916 3202 sit,
2947 3138 3344 3194 demonstratur
3368 3157 3380 3192 :
3404 3149 3462 3193 ut
3490 3140 3616 3209 quia
3643 3141 3802 3196 illum

535 3241 554 3273 ι
588 3219 800 3289 imperii
833 3217 1034 3273 Tiberii
1062 3216 1313 3282 Caesaris,
1353 3213 1683 3286 procurante
1713 3216 1905 3271 Pontio
1934 3215 2108 3270 Pilato

2215 3227 2444 3282 Joannes
2471 3227 2712 3298 Baptista
2739 3229 3073 3297 praedicaret,
3105 3231 3192 3300 qui
3218 3229 3376 3284 simul
3408 3208 3578 3284 rexet
3606 3246 3800 3285 sacer-

535 3329 554 3363 ε
586 3309 856 3375 Judzeam,
905 3310 1176 3365 tetrarcha
1215 3317 1391 3365 autem
1429 3307 1664 3364 Galilaaa:
1697 3305 2109 3374 Herode,'Phi-

536 3421 555 3454 ι
589 3401 734 3473 lippo
764 3411 945 3456 autem
974 3400 1145 3456 fratre
1186 3401 1303 3471 ejus
1345 3401 1618 3455 tetrarcha
1649 3400 1856 3455 lturzeaa
1894 3410 1948 3455 et
1979 3401 2112 3455 Tra-

537 3514 555 3547 ι
588 3492 879 3550 chonitidis
926 3493 1198 3564 regionis,
1255 3500 1310 3547 et
1359 3492 1591 3564 Lysania
1643 3491 1886 3547 Abilenae
1919 3501 2113 3546 tetrar-

538 3608 556 3640 ι
591 3588 713 3653 cha,
727 3607 745 3640 ι
765 3595 820 3640 et
843 3585 1070 3655 reliqua.
1088 3584 1348 3650 Herodes,
1364 3584 1663 3654 Philippus,
1679 3592 1733 3637 et
1751 3583 2001 3654 Lysania,
2021 3583 2114 3651 qui

531 3696 654 3735 cum
683 3678 857 3732 Pilato
886 3678 1114 3746 praeside
1144 3677 1390 3731 Romano
1423 3674 1665 3730 Judaeum
1693 3677 1982 3745 regebant,
2018 3674 2113 3728 ﬁlii

532 3780 658 3828 sunt
699 3770 960 3834 Herodis,
1013 3768 1154 3822 illius
1200 3769 1301 3823 sub
1347 3782 1454 3836 quo
1498 3767 1756 3821 Dominus
1803 3776 1963 3820 natus
2007 3775 2110 3820 est.

533 3863 678 3919 inter
719 3877 854 3930 quos
897 3869 951 3915 et
998 3860 1173 3929 ipsum
1201 3857 1468 3913 Herodem
1503 3857 1799 3912 Archelaus
1829 3855 1996 3910 frater
2024 3871 2115 3911 eo-

534 3971 655 4010 rum
680 3955 862 4009 decem
888 3953 1045 4007 annis
1067 3951 1334 4022 regnavit.
1364 3951 1466 4018 Qui
1495 3965 1524 4004 a
1545 3950 1745 4005 Judaeis
1767 3949 1836 4005 ob
1859 3949 2116 4004 intolera-

534 4047 696 4103 bilem
722 4046 885 4100 animi
915 4043 1252 4099 ferocitatem
1281 4045 1421 4113 apud
1448 4042 1745 4114 Augustum
1775 4042 2112 4109 criminatus,

534 4150 740 4197 aeterno
767 4139 908 4210 apud
929 4139 1191 4193 Viennam
1218 4137 1466 4206 disperiit
1483 4136 1692 4191 exsilio.
1724 4137 1967 4206 Regnum
1988 4151 2116 4192 vero

536 4232 734 4288 Judaeue
759 4248 864 4301 quo
896 4231 1074 4286 minus
1097 4230 1331 4284 validum
1359 4228 1533 4293 ﬁeret,
1560 4229 1698 4284 idem
1723 4229 1996 4298 Augustus
2020 4243 2118 4298 per

537 4322 857 4376 tetrarchias
889 4321 1136 4376 scindere
1167 4319 1398 4375 curavit.
1458 4318 1627 4373 Porro
1670 4317 1873 4374 Pilatus
1915 4319 2116 4374 duode-

538 4413 682 4468 cimo
711 4427 853 4466 anno
884 4411 1086 4467 Tiberii
1118 4410 1347 4466 Caesaris
1385 4410 1439 4464 in
1476 4408 1714 4464 Judaeam
1744 4411 1961 4476 missus,
1995 4426 2118 4480 pro-

540 4503 876 4559 curationem
909 4502 1146 4571 suscepit
1176 4502 1368 4572 gentis,
1418 4510 1579 4570 atque
1628 4501 1759 4555 inibi
1803 4515 1902 4571 per
1930 4501 2117 4554 decem

2213 3319 2312 3374 dos
2343 3320 2656 3374 exsisteret.
2691 3321 2865 3376 Lucas
2890 3321 3226 3392 Evangelista
3253 3322 3650 3392 praedicationis
3679 3322 3803 3391 ejus

2216 3420 2481 3483 tempora,
2509 3428 2606 3482 per
2629 3429 2852 3484 regnum
2879 3425 2932 3470 et
2958 3417 3318 3472 sacerdotium
3335 3417 3669 3488 designavit.

2291 3525 2309 3556 ‹
2344 3505 2410 3558 Et
2434 3505 2580 3558 venit
2622 3505 2677 3558 in
2724 3521 2937 3561 omnem
2967 3507 3240 3575 regionem
3269 3508 3556 3571 Jordanis,
3599 3507 3797 3577 praedi-

2221 3617 2238 3649 ‹
2278 3613 2407 3652 cans
2430 3598 2753 3666 baptismum
2793 3597 3152 3667 ptenitentim,
3180 3598 3234 3652 in
3269 3598 3644 3654 remissionem
3670 3590 3799 3669 pec-

2223 3711 2239 3740 ‹
2278 3699 2542 3745 calorum.
2576 3710 2594 3743 ι
2621 3690 2838 3746 Cunctis
2861 3689 3163 3759 legentibus
3188 3690 3388 3762 liquet,
3418 3691 3546 3760 quia
3565 3691 3800 3746 Joannes

2216 3782 2541 3854 baptismum
2565 3783 2896 3854 poenitentiae
2918 3797 3026 3839 non
3050 3782 3222 3838 solum
3240 3782 3574 3854 praedicavit,
3613 3797 3800 3837 verum

2219 3875 2382 3929 etiam
2407 3876 2727 3944 quibusdam
2759 3864 2926 3940 dedit,
2959 3874 3053 3930 sed
3088 3882 3266 3929 tamen
3289 3875 3614 3944 baptismum
3642 3889 3798 3929 suum

2217 3965 2271 4020 in
2302 3967 2668 4022 remissionem
2699 3975 3042 4036 peccatorum
3074 3967 3203 4021 dare
3229 3982 3334 4021 non
3367 3968 3558 4037 potuit.
3585 3966 3799 4022 Remis-

2219 4059 2300 4113 sio
2321 4061 2520 4114 etenim
2545 4068 2909 4128 peccatorum,
2935 4059 2987 4113 in
3012 4060 3126 4114 solo
3146 4059 3300 4114 vobis
3320 4060 3586 4128 baptismo
3600 4057 3804 4114 Christi

2219 4151 2494 4205 tribuitur.
2544 4149 2843 4204 Notandum
2875 4150 3058 4218 itaque
3083 4147 3224 4219 quod
3261 4149 3474 4214 dicitur,
3503 4149 3804 4218 praedicans

2220 4243 2550 4312 baptismum
2583 4241 2915 4312 ptenitentiae
2946 4241 2998 4294 in
3028 4240 3400 4296 remissionem
3433 4249 3800 4309 peccatorum,

2223 4334 2475 4404 quoniam
2522 4333 2846 4402 baptismum
2893 4331 3037 4400 quod
3085 4340 3306 4399 peccata
3356 4331 3621 4395 solveret,
3676 4333 3804 4402 quia

2223 4427 2354 4480 dare
2392 4441 2499 4480 non
2525 4431 2765 4494 poterat,
2801 4423 3146 4493 przedicebat.
3185 4422 3254 4478 Ut
3283 4423 3423 4478 sicut
3459 4423 3805 4478 incarnatum

2223 4516 2460 4571 Verbum
2501 4515 2678 4569 Patris
2701 4513 3070 4583 przecurrebat
3091 4514 3253 4569 verbo
3282 4514 3701 4585 przedicationis,
3733 4515 3805 4568 ita

541 4596 825 4651 continuos
854 4609 1046 4660 annos,
1067 4608 1239 4662 usque
1269 4593 1336 4647 ad
1368 4593 1542 4666 ipsum
1572 4607 1709 4663 pene
1731 4592 1893 4648 ﬁnem
1917 4592 2118 4647 Tiberii
2147 4577 2200 4637 Ῑ)
2226 4609 2553 4678 baptismum
2599 4577 2937 4676 ρωῇίιεηιίω
2977 4623 3084 4676 quo
3118 4577 3339 4677 peculia
3370 4607 3502 4662 εοινί
3542 4622 3647 4660 non
3680 4623 3808 4676 pos-

541 4685 873 4756 perduravit.

620 4798 638 4830 ε
678 4777 790 4832 Sub
812 4776 1144 4846 principibus
1165 4777 1502 4833 sacerdotum
1523 4778 1678 4849 Anna
1712 4777 2007 4847 etCaipha,
2039 4776 2119 4831 fa-

550 4892 569 4923 ‹
606 4879 750 4926 ctum
776 4878 859 4924 est
887 4868 1108 4923 verbum
1140 4870 1349 4924 Domini
1377 4886 1539 4941 super
1559 4870 1817 4926 Joannem
1843 4871 2120 4924 Zachariae

551 4981 569 5014 ι
613 4961 780 5015 ﬁlium
809 4959 860 5013 in
889 4959 1122 5015 deserto.
1157 4979 1176 5012 ι
1217 4960 1389 5016 Ambo
1410 4962 1647 5030 quidem,
1673 4960 1960 5030 incipiente
1980 4975 2118 5030 prae-

546 5053 816 5110 dicatione
836 5051 1058 5107 Joannis
1076 5094 1089 5118 ,
1119 5054 1170 5107 id
1193 5062 1274 5108 est
1299 5054 1483 5108 Annas
1503 5063 1558 5108 et
1578 5054 1830 5122 Caiphas,
1855 5053 2124 5121 principes

545 5145 699 5200 {uere
720 5145 1060 5199 sacerdotum
1077 5186 1092 5210 ,
1131 5147 1224 5200 sed
1250 5145 1436 5200 Annas
1462 5145 1612 5198 illum
1636 5160 1864 5207 annum,
1893 5144 2126 5211 Caiphas

545 5249 675 5291 vero
689 5235 855 5299 illum,
871 5251 977 5305 quo
992 5235 1250 5290 Dominus
1271 5252 1488 5292 crucem
1503 5235 1763 5299 ascendit,
1785 5234 2128 5288 administra-

547 5326 670 5384 bat:
689 5334 744 5380 et
757 5326 972 5396 quidem
998 5327 1169 5382 tribus
1182 5327 1369 5382 aliisin
1386 5326 1562 5381 medio
1578 5325 1889 5394 pontiﬁcatu
1905 5326 2124 5394 perfun—

512 5425 516 5433 '
550 5414 670 5478 etis,
687 5429 875 5469 verum
896 5414 980 5470 his
992 5418 1241 5482 maxime,
1257 5418 1348 5486 qui
1365 5417 1431 5469 ad
1449 5416 1656 5470 Domini
1674 5417 1975 5485 passionem
2003 5434 2126 5488 pcr-

547 5508 825 5575 tinerent,
864 5510 931 5565 ab
960 5509 1297 5579 Evangelista
1342 5510 1800 5564 commemoratis.
1843 5508 2128 5580 Legalibus

550 5615 783 5669 namque
798 5612 927 5655 tunc
947 5601 1232 5671 pmceptis
1255 5599 1304 5651 vi
1318 5607 1373 5653 et
1391 5599 1594 5652 ambitu
1611 5601 1972 5665 cessantibus,
1997 5602 2128 5656 nulli

548 5693 897 5762 pontiﬁcatus
950 5692 1124 5745 honor
1159 5691 1283 5742 vitae
1320 5690 1401 5743 vel
1438 5691 1651 5759 generis
1688 5693 1881 5747 merito
1933 5695 2126 5748 redde-

551 5786 710 5840 batur
733 5799 748 5851 :
775 5786 868 5840 sed
898 5783 1137 5838 Romana
1158 5790 1421 5851 potestate
1445 5782 1565 5838 aliis
1589 5799 1726 5838 nunc
1745 5826 1759 5849 ,
1783 5785 1907 5841 item
1931 5798 1985 5843 et
2009 5788 2128 5844 aliis

2223 4705 2368 4754 sunt.

2303 4809 2320 4840 ι
2358 4788 2510 4842 Sicut
2539 4787 2797 4857 scriptum
2819 4787 2980 4841 estin
3005 4785 3144 4841 libro
3172 4802 3481 4843 sermonum
3505 4787 3657 4842 Isaiae
3684 4803 3810 4858 pro-

2234 4901 2251 4932 ‹
2285 4882 2460 4951 pheta:
2491 4878 2644 4948 (Isai.
2678 4879 2767 4948 χι.)
2797 4892 2812 4932 :
2843 4877 2960 4933 Vox
2973 4879 3327 4936 clamantisin
3357 4881 3592 4945 deserto,
3617 4891 3809 4949 parate

2238 4988 2256 5022 ι
2294 4971 2433 5042 viam
2476 4969 2716 5032 Domini,
2761 4977 2938 5024 rectas
2967 4971 3127 5025 facite
3164 4971 3383 5026 semitas
3417 4971 3511 5025 Dei
3554 4973 3748 5025 nostri.
3785 4992 3802 5023 ι

2227 5062 2371 5116 idem
2411 5076 2541 5115 vero
2576 5059 2813 5115 Joannes
2851 5059 3094 5130 Baptista
3141 5061 3433 5131 requisitus
3471 5062 3592 5130 quis
3639 5073 3806 5129 esset,

2227 5153 2540 5222 respondit:
2581 5171 2597 5202 ι
2635 5152 2747 5220 Ego
2794 5167 2897 5205 vox
2943 5152 3226 5208 clamantis
3268 5153 3322 5206 in
3372 5154 3604 5208 deserto.
3639 5175 3658 5207 ι
3707 5155 3808 5221 Qui

2228 5244 2348 5299 ideo
2373 5259 2478 5297 vox
2505 5261 2534 5296 a
2564 5245 2825 5312 propheta
2849 5253 3070 5298 vocatus
3091 5253 3205 5309 est,
3234 5244 3359 5314 quia
3387 5229 3621 5300 Verbum
3653 5246 3811 5314 praei-

2229 5334 2339 5387 bat.
2385 5333 2486 5400 Qui
2513 5335 2675 5387 etiam
2715 5334 2769 5386 in
2799 5335 3071 5387 desertum
3105 5335 3340 5401 clamat,
3380 5339 3504 5406 quia
3537 5338 3812 5393 derelicta:

2231 5441 2294 5479 ac
2337 5425 2604 5480 destitutae
2645 5423 2839 5477 Judaeae
2881 5424 3133 5480 solatium
3176 5427 3560 5496 redemptionis
3603 5445 3812 5500 annun:

2238 5516 2354 5569 tiat.
2382 5515 2520 5583 Quid
2553 5526 2733 5570 autem
2759 5515 3050 5584 clamaret,
3097 5519 3335 5586 aperitur
3363 5535 3487 5573 cum
3518 5523 3768 5576 subditur
3793 5541 3807 5578 :

2237 5629 2254 5660 ι
2289 5609 2482 5664 Parate
2513 5611 2650 5664 viam
2683 5609 2926 5678 Domini,
2961 5622 3136 5667 rectas
3171 5611 3330 5666 facite
3368 5615 3590 5671 semitas
3619 5617 3754 5686 ejus.
3789 5637 3808 5669 ι

2231 5701 2420 5756 Omnis
2467 5703 2558 5772 qui
2599 5701 2759 5758 ﬁdem
2800 5715 3004 5759 rectam
3043 5713 3098 5758 et
3136 5703 3276 5758 bona
3315 5720 3478 5776 opera
3514 5710 3814 5778 praedicat,

2230 5793 2321 5863 qui
2343 5793 2485 5849 aliud
2512 5811 2674 5866 quam
2699 5797 2931 5853 venienti
2956 5797 3183 5854 Domino
3203 5799 3270 5855 ad
3295 5801 3454 5857 corda
3482 5802 3818 5861 audientium
