4038 6352
214 449 269 501 ιι
1272 402 1277 413 ’
1382 435 1686 494 nouum:
1725 435 1769 490 [ι

1871 432 2199 488 ΓΕΜΡΟΒΕ.
3356 437 3425 490 42

213 556 342 612 viam
367 558 538 621 parat.
556 556 617 604 ut
643 548 779 604 hanc
797 548 880 604 vis
904 550 1087 620 gratiae
1112 555 1379 617 penetret,
1411 547 1587 601 lumen
1614 543 1758 597 veri-
1784 547 1837 606 Α
1862 540 2075 596 deserta
2116 546 2414 594 sectantem
2432 578 2447 602 ,
2477 548 2533 593 ct
2560 514 2849 595 inauditam
2878 541 3027 610 prius
3052 541 3423 611 paenitentiam

214 646 328 701 tatis
368 642 615 698 illustret.
664 639 740 697 Ut
777 649 954 696 rectas
994 640 1103 694 Deo
1141 639 1361 694 semitas
1394 636 1585 699 faciat,
1631 634 1758 689 dum

213 735 423 792 mundas
465 733 519 786 in
558 731 737 787 animo
764 730 1116 800 cogitationes
1135 742 1234 799 per
1268 741 1572 783 sermonem
1605 724 1759 780 bonae

210 820 596 893 praedicationis
614 819 817 876 format
831 819 854 872 ?

277 934 294 965 ι
325 911 512 970 Omnis
537 909 693 965 vallis
717 908 1043 980 implebitur,
1066 917 1122 963 et
1145 905 1503 964 omnis‘mons
1530 911 1587 960 et
1607 902 1760 958 collis

215 1023 231 1056 ι
263 1001 648 1059 humiliabitur.
681 1019 700 1052 ι
727 998 868 1067 Quid
887 999 993 1054 hoc
1011 998 1133 1054 loco
1155 997 1374 1052 vallium
1396 995 1632 1059 nomine,
1654 992 1761 1048 nisi

208 1087 457 1148 humiles?
489 1090 621 1161 quid
647 1089 910 1145 montium
942 1096 996 1144 et
1019 1088 1258 1153 collium,
1286 1087 1391 1142 nisi
1417 1085 1634 1156 superbi
1665 1086 1762 1138 ho-

208 1184 365 1238 mines
401 1181 795 1252 designantur?
840 1179 896 1233 ln
928 1179 1160 1234 adventu
1199 1178 1363 1245 igitur
1387 1176 1761 1245 Redemptoris

205 1272 357 1328 valles
383 1270 638 1340 impletae,
666 1277 879 1325 montes
906 1284 1034 1324 vero
1052 1277 1107 1323 et
1127 1267 1294 1323 colles
1320 1266 1582 1322 humiliati
1613 1273 1757 1330 sunt,

205 1364 317 1434 quia
340 1362 492 1433 juxta
522 1360 640 1430 ejus
663 1375 851 1415 vocem
887 1377 906 1411 ι
939 1359 1116 1415 omnis
1141 1358 1231 1427 qui
1255 1373 1314 1412 se
1334 1356 1554 1421 exaltat,
1584 1354 1761 1410 humi-

203 1455 438 1512 liabitur:
462 1460 519 1508 et
544 1452 637 1522 qui
658 1467 716 1508 se
735 1450 1006 1514 humiliat,
1022 1447 1511 1519 exaltabitur(Luc.
1537 1445 1712 1517 xvm).
1736 1465 1755 1498 ι

204 1543 354 1598 Vallis
376 1540 577 1598 etenim
611 1540 835 1612 impleta
863 1539 1088 1607 crescit,
1115 1553 1269 1596 mons
1303 1545 1482 1594 autem
1520 1546 1578 1595 et
1608 1537 1762 1594 collis

203 1633 498 1688 humiliatus
524 1632 811 1688 decrescit.
847 1631 981 1699 Quia
1008 1632 1265 1688 nimirum
1290 1631 1345 1686 in
1374 1631 1477 1686 ﬁde
1503 1630 1763 1687 Mediato—

202 1725 270 1780 ris
302 1726 395 1781 Dei
423 1734 480 1780 et
523 1725 802 1780 hominum
823 1764 839 1791 ,
873 1724 1110 1780 hominis
1132 1722 1257 1779 Jesu
1284 1722 1521 1789 Christi,
1549 1730 1602 1778 et
1633 1736 1761 1792 gen-

202 1816 353 1872 tilitas
393 1817 781 1888 plenitudinem
825 1816 1010 1888 gratiae
1056 1816 1295 1886 accepit,
1346 1823 1401 1871 et
1444 1814 1625 1871 Judaaa
1664 1829 1762 1883 per

1858 635 1914 689 in
1959 633 2330 690 remissionem
2369 641 2749 704 peccatorum,
2785 636 2869 691 vel
2900 636 3200 692 doctrinam
3227 636 3425 708 praedi-

1860 733 2107 792 cantem,
2153 725 2346 778 miram
2388 724 2766 780 abstinentiam
2810 735 3253 794 conservautem,
3289 727 3424 798 bap—

1861 816 2079 871 tismum
2124 831 2339 887 quoque
2383 831 2493 872 non
2535 816 2710 871 solum
2754 817 3032 874 docentem
3054 860 3071 886 ,
3119 821 3213 876 sed
3263 819 3428 881 etiam

1861 906 2118 961 dantem:
2162 905 2565 960 aestimaverunt
2592 905 2731 974 apud
2758 908 3104 976 semetipsos,
3144 910 3287 980 quod
3313 909 3427 979 ipse

1859 1003 2005 1050 esset
2052 994 2329 1059 Christus,
2376 995 2467 1064 qui
2506 995 2588 1050 eis
2631 994 2809 1051 fuerat
2845 998 3169 1066 promissus;
3215 1008 3271 1055 et
3309 1000 3430 1056 ideo

1861 1085 2126 1140 miserunt
2169 1085 2236 1140 ab
2288 1084 2671 1157 Hierosolymis
2712 1086 3020 1142 sacerdotes
3053 1097 3108 1141 et
3140 1087 3332 1145 levitas
3363 1089 3431 1143 ad

1860 1174 2124 1232 Joannem
2148 1218 2163 1241 ,
2210 1186 2270 1231 ut
2299 1176 2695 1247 interrogarent
2723 1191 2847 1232 eum
2878 1196 2890 1230 :
2932 1196 2952 1229 ι
2987 1177 3068 1232 Τιι
3106 1179 3227 1248 quis
3267 1180 3371 1235 es?
3407 1182 3457 1232 ι’

1862 1268 2012 1336 Quod
2047 1267 2193 1322 enim
2219 1268 2323 1322 hac
2343 1267 2648 1337 suspicione
2669 1267 2922 1337 permoti,
2947 1266 3014 1322 ad
3038 1281 3163 1322 eum
3199 1268 3431 1324 interro-

1861 1359 2093 1431 gandum
2115 1359 2378 1425 miserint,
2400 1357 2538 1414 alius
2556 1358 2876 1429 evangelista
2897 1357 3072 1413 Lucas
3088 1357 3295 1414 scilicet
3318 1374 3432 1413 ma-

1862 1452 2058 1509 nifeste
2077 1452 2337 1518 declarat,
2367 1452 2554 1507 dicens
2578 1470 2592 1505 :
2629 1469 2650 1503 ι
2684 1451 3041 1508 Existimante
3064 1461 3245 1507 autem
3273 1467 3436 1523 popu-

1862 1545 1932 1608 lo.
1953 1553 2008 1602 et
2025 1543 2385 1618 cogitantibus
2397 1543 2648 1600 omnibus
2658 1543 2714 1599 in
2729 1543 2981 1600 cordibus
3001 1543 3115 1599 suis
3130 1543 3195 1599 de
3205 1539 3430 1606 Joanne,

1863 1653 1930 1695 ne
1963 1637 2103 1694 forte
2132 1638 2245 1708 ipse
2265 1646 2410 1693 esset
2436 1636 2683 1692 Christus
2705 1634 2857 1705 (Luc.
2892 1634 2997 1705 ιιι).
3033 1653 3053 1688 ι

1940 1749 1959 1781 ι
1996 1730 2257 1785 Miserum
2280 1729 2350 1785 ab
2384 1727 2769 1799 Hierosolymis
2795 1727 3102 1782 sacerdotes
3129 1734 3186 1781 et
3210 1724 3433 1789 levitas,

1869 1837 1887 1869 ι
1924 1827 1983 1872 ιιι
2017 1819 2413 1890 interrogarent
2441 1832 2594 1872 eum:
2628 1817 2708 1872 Tu
2732 1817 2853 1886 quis
2879 1816 2979 1871 es?
3010 1835 3030 1868 ι
3063 1814 3169 1872 Sed
3195 1815 3439 1870 veritatis

199 1923 427 1963 errorem
449 1908 721 1978 perﬁdiae,
762 1909 866 1963 hoc
889 1908 1030 1963 unde
1058 1906 1321 1972 tumebat,
1352 1906 1604 1975 perdidit.
1640 1926 1658 1956 ε
1692 1906 1759 1961 Et
1789 1902 1835 1962 B
1861 1927 2039 1983 praeco
2065 1911 2193 1981 quid
2220 1912 2286 1966 de
2314 1925 2373 1965 se
2396 1910 2570 1977 dicat,
2604 1910 2904 1965 audiamus.

205 2018 221 2050 ι
251 2011 408 2056 erunt
434 2016 606 2072 prava
630 2001 687 2055 in
717 2000 938 2064 directa,
969 2007 1026 2055 et
1049 2013 1238 2069 aspera
1274 1999 1328 2053 in
1350 1999 1465 2054 vias
1495 1998 1701 2069 planas.
1734 2018 1753 2048 )

196 2090 356 2146 Prava
385 2092 440 2146 in
462 2092 671 2148 directa
691 2091 848 2157 ﬁunt,
876 2105 998 2146 cum
1028 2090 1294 2146 malorum
1316 2090 1477 2144 corda
1506 2105 1601 2159 per
1628 2088 1761 2156 inju-

196 2181 390 2237 stitiam
419 2183 631 2237 detorta
651 2222 665 2248 ,
709 2181 777 2236 ad
809 2180 1033 2250 iustitiae
1066 2180 1307 2251 regulam
1341 2179 1660 2249 diriguntur.
1693 2178 1761 2233 Et

195 2285 379 2341 aspera
411 2272 470 2326 in
503 2272 620 2326 vias
642 2271 833 2341 planas
861 2278 1161 2335 mutantur,
1191 2285 1313 2325 cum
1341 2270 1576 2324 immites
1601 2277 1760 2338 atque

195 2359 488 2416 iracundiae
512 2368 739 2426 mentes,
777 2376 875 2429 per
905 2360 1232 2414 infusionem
1271 2374 1515 2428 superna:
1542 2359 1763 2429 gratiae,

196 2450 254 2504 ad
296 2449 585 2505 lenitatem
621 2449 1053 2504 mansuetudinis
1081 2449 1325 2503 redeunt.
1375 2447 1598 2514 Quando
1622 2446 1767 2500 enim

200 2539 412 2594 verbum
456 2540 706 2594 veritatis
732 2540 801 2594 ab
830 2539 1086 2595 iracunda
1121 2548 1301 2595 mente
1339 2554 1446 2593 non
1487 2538 1762 2608 recipitur,

201 2632 343 2699 quasi
388 2630 659 2699 asperitas
694 2628 906 2684 itineris
946 2644 1193 2698 gressum
1228 2629 1497 2698 pergentis
1533 2628 1762 2697 repellit.

204 2716 299 2772 Sed
317 2733 441 2773 cum
472 2717 750 2781 iracunda,
774 2732 870 2786 per
892 2724 1167 2786 acceptam
1196 2716 1623 2772 mansuetudinis
1646 2731 1769 2786 gra-

209 2809 338 2873 tiam,
374 2808 735 2878 correptionis
768 2807 852 2862 vel
879 2808 1271 2863 exhortationis
1295 2807 1517 2862 verbum
1553 2806 1763 2875 recipit,

210 2897 270 2954 ibi
295 2899 509 2970 planam
550 2900 693 2954 viam
722 2897 1045 2969 praedicator
1077 2899 1314 2965 invenit,
1358 2899 1450 2955 ubi
1485 2898 1636 2968 prius
1669 2914 1767 2968 pro

208 2992 486 3061 asperitate
510 2992 719 3048 itineris
739 3006 988 3063 pergere,
1019 2992 1073 3047 id
1091 3001 1174 3048 est
1194 2992 1594 3063 praedicationis
1620 3006 1769 3063 gres-

208 3095 318 3136 sum
348 3100 545 3156 ponere
568 3100 674 3139 non
696 3084 930 3139 valebat.

277 3191 295 3223 ι
326 3172 394 3227 Et
416 3173 615 3229 videbit
636 3174 815 3230 omnis
840 3189 970 3229 caro
990 3174 1226 3231 salutare
1246 3174 1361 3230 Dei.
1386 3195 1403 3227 ι
1431 3177 1570 3243 Quia
1593 3176 1768 3232 omnis

1936 2024 1955 2055 ‹
1990 2003 2059 2057 Et
2085 2001 2366 2058 confessus
2391 2009 2561 2067 est,et
2581 2016 2687 2056 non
2709 2001 2945 2071 negavit,
2967 1998 3314 2056 etconfessus
3333 2006 3437 2063 est,

1866 2112 1885 2144 ι
1923 2092 2056 2160 Quia
2092 2108 2197 2147 non
2229 2106 2347 2146 sum
2372 2107 2473 2162 ego
2495 2091 2761 2148 Christus.
2795 2111 2815 2144 ι
2849 2090 2908 2146 Si
2928 2106 3137 2160 quaeras
3156 2090 3284 2159 quid
3309 2104 3441 2145 con-

1861 2183 2038 2239 fessus
2063 2192 2147 2239 est
2165 2225 2181 2249 ,
2210 2191 2265 2238 et
2291 2183 2422 2252 quid
2449 2197 2557 2238 non
2580 2183 2797 2253 negavit
2831 2197 2847 2235 :
2878 2182 3158 2237 confessus
3186 2187 3270 2236 est
3298 2179 3441 2250 quod

1862 2289 1969 2329 non
1994 2282 2130 2339 erat,
2153 2289 2260 2329 non
2284 2274 2499 2345 negavit
2520 2274 2661 2343 quod
2683 2282 2823 2329 erat.
2838 2273 3129 2329 Confessus
3148 2281 3235 2328 est
3255 2288 3314 2328 se
3333 2288 3441 2328 non

1863 2381 1987 2422 esse
2029 2366 2301 2421 Christum
2327 2405 2342 2429 ,
2401 2366 2497 2420 sed
2542 2380 2649 2421 non
2695 2365 2912 2436 negavit
2949 2381 3006 2419 se
3053 2378 3443 2433 praecursorem

1866 2447 2412 2512 ChristifConfessus
2440 2462 2525 2511 est
2553 2471 2612 2511 se
2638 2470 2746 2511 non
2774 2470 2897 2510 esse
2915 2454 3149 2523 iudicem
3175 2495 3190 2519 ,
3216 2455 3310 2511 sed
3334 2470 3442 2510 non

1866 2546 2082 2617 negavit
2108 2561 2410 2616 praeconem
2436 2561 2496 2601 se
2520 2560 2640 2602 esse
2668 2545 2883 2615 iudicis.
2915 2543 3205 2600 Confessus
3233 2553 3318 2599 est
3336 2560 3443 2599 non

1868 2653 1928 2694 se
1953 2640 2073 2692 esse
2103 2652 2381 2706 sponsum,
2413 2637 2507 2692 sed
2531 2652 2592 2692 se
2617 2650 2725 2690 non
2748 2635 2964 2705 negavit
2985 2635 3219 2689 amicum
3239 2635 3441 2705 sponsi.

1866 2726 2158 2782 Confessus
2186 2739 2270 2783 est
2296 2742 2404 2782 non
2430 2741 2488 2782 se
2532 2742 2650 2782 esse
2687 2725 2911 2780 verbum
2938 2766 2953 2791 ,
2998 2740 3106 2781 non
3144 2740 3203 2781 se
3231 2726 3448 2796 negavit

1868 2833 1989 2874 esse
2016 2834 2224 2874 vocem.
2254 2818 2429 2889 Elegit
2454 2818 2599 2873 enim
2626 2816 2795 2873 solide
2820 2817 3115 2873 subsistere
3158 2816 3213 2870 in
3244 2831 3334 2883 se.
3376 2832 3448 2871 ne

1868 2910 2103 2964 humana
2129 2909 2383 2979 opinione
2404 2908 2641 2964 inaniter
2662 2916 2944 2978 raperetur
2972 2924 3134 2979 super
3157 2924 3234 2964 se.
3276 2908 3445 2979 Magis

1869 3001 2011 3054 enim
2043 3000 2212 3056 voluit
2238 2999 2457 3054 humilis
2485 3000 2628 3054 inter
2655 2999 2900 3054 membra
2918 2997 3120 3054 Christi
3146 2998 3445 3063 numerari,

1848 3104 2034 3158 quam
2060 3087 2175 3157 ejus
2215 3104 2409 3143 nomen
2455 3089 2756 3143 immeritus
2803 3102 3086 3157 usurpare,
3124 3096 3180 3142 et
3216 3088 3285 3142 ab
3329 3088 3447 3157 ipso
3494 3084 3503 3089 ’

1872 3198 2099 3254 corpore
2142 3182 2346 3239 Christi
2393 3181 2657 3237 abscindi.
2688 3180 2824 3247 Quia
2865 3196 2989 3235 cum
3027 3195 3150 3235 eum
3192 3195 3445 3251 magnum

211 3278 333 3319 caro
361 3267 616 3337 accipitur
638 3267 812 3322 omnis
839 3268 1018 3332 homo,
1049 3285 1068 3319 ι
1089 3268 1325 3323 salutare
1338 3268 1452 3334 Dei,
1475 3288 1494 3320 ι
1526 3268 1772 3324 videlicet
1797 3249 1842 3313 (ἶ
1876 3249 2240 3342 ειῑίἰτιιιιιειιοθιιι
2258 3313 2272 3337 ,
2304 3273 2420 3342 ipse
2443 3287 2669 3341 parvum
2697 3284 2757 3325 se
2790 3271 3096 3325 aestimavit.
3129 3270 3264 3326 Aliis
3293 3249 3445 3325 enim

213 3353 481 3409 Christum
497 3396 513 3422 ,
541 3358 595 3411 in
610 3358 717 3413 hac
737 3359 847 3413 vita
859 3359 1035 3415 omnis
1060 3361 1222 3416 homo
1234 3360 1416 3416 videre
1438 3377 1546 3415 non
1574 3361 1767 3430 potuit.

218 3441 316 3498 Ubi
339 3461 464 3515 ergo
483 3448 535 3502 in
558 3449 659 3505 hac
673 3453 933 3507 sententia
956 3453 1217 3523 propheta
1242 3453 1539 3524 prophetia:
1558 3453 1770 3509 oculum

212 3532 311 3588 nisi
334 3536 399 3590 ad
427 3548 719 3597 extremum
738 3537 926 3608 iudicii
946 3542 1088 3598 diem
1112 3543 1323 3599 tendit?
1351 3543 1442 3599 ubi
1468 3559 1590 3599 cum
1618 3559 1773 3613 aper-

211 3622 277 3679 tis
310 3627 481 3695 cwlis,
498 3630 926 3687 ministrantibus
956 3633 1180 3704 angelis,
1204 3634 1619 3690 consedentibus
1640 3649 1767 3704 apo-

213 3716 382 3785 stolis,
434 3719 488 3776 in
512 3722 638 3778 sede
665 3722 965 3793 maiestatis
1004 3739 1114 3781 suae
1141 3725 1388 3780 Christus
1426 3725 1769 3795 apparuerit,

215 3823 388 3867 omnes
412 3812 554 3870 hunc
591 3821 648 3869 et
673 3814 829 3871 electi
861 3823 916 3870 et
943 3817 1157 3885 reprobi
1181 3817 1383 3886 pariter
1406 3817 1687 3883 videbunt,
1716 3826 1774 3872 ut

223 3910 265 3954 et
280 3900 406 3971 justi
431 3904 499 3963 de
526 3922 752 3964 munere
793 3909 1163 3964 retributionis
1189 3910 1306 3966 sine
1335 3910 1442 3965 ﬁne
1468 3912 1770 3980 gaudeant,

221 3999 265 4044 et
286 3992 461 4063 injusti
492 3996 550 4051 in
577 3996 778 4053 ultione
808 3998 1020 4067 suplicii
1049 3998 1105 4053 in
1130 4008 1441 4069 perpetuum
1472 4009 1708 4070 gemant.

769 4137 1050 4195 HOMILIA
1087 4140 1197 4197 Vll.

568 4267 822 4310 DOIlNlCA
855 4270 1068 4319 ριιΑιιτΑ
1105 4271 1403 4313 ADVENTUS.

281 4350 463 4423 (Jour.
515 4359 591 4430 ι.)
628 4377 648 4410 ι
681 4359 739 4414 In
765 4359 860 4414 illo
890 4370 1160 4431 tempore,
1201 4361 1467 4417 miserunt
1496 4327 1667 4418 Judaei
1707 4364 1775 4420 ab

226 4457 241 4489 ι
273 4440 653 4518 Hierosolymis
679 4450 987 4504 sacerdotes
1011 4457 1067 4504 et
1099 4449 1290 4507 levitas
1313 4452 1378 4506 ad
1399 4449 1684 4518 Joannem,
1717 4463 1776 4509 ut

224 4551 242 4583 ι
274 4533 660 4612 interrogarent
680 4557 835 4599 eum:
864 4542 941 4597 Tu
957 4543 1078 4613 quis
1100 4543 1196 4598 es?
1224 4543 1317 4613 sict
1337 4544 1562 4615 reliqua.
1589 4545 1775 4602 Potest

221 4638 418 4687 movere
444 4633 517 4689 ad
550 4633 979 4703 investigandum
997 4675 1015 4703 ,
1041 4650 1211 4706 quare
1236 4633 1408 4690 Judaei
1434 4636 1502 4691 ab
1522 4635 1773 4694 Hieroso—

221 4714 362 4788 lymis
394 4725 705 4780 sacerdotes
742 4735 799 4780 et
833 4725 1021 4782 levitas
1060 4725 1333 4782 mittentes
1373 4727 1439 4782 ad
1470 4725 1730 4783 Joannem
1753 4769 1768 4793 ,
1808 4782 1815 4791 ,

222 4817 319 4865 tam
344 4815 570 4872 sollicite
595 4824 649 4873 et
668 4818 910 4874 studiose
934 4817 1273 4889 requirerent
1302 4833 1426 4873 eum
1446 4860 1461 4885 ,
1487 4819 1731 4875 dicentes
1756 4837 1770 4874 :

225 4922 241 4955 ι
269 4904 341 4961 Τιι
378 4911 499 4979 quis
535 4910 636 4966 es?
665 4930 685 4962 ι
720 4910 828 4967 Sed
871 4913 940 4967 ad
981 4911 1097 4967 haec
1135 4909 1310 4967 facilis
1355 4920 1411 4967 et
1450 4926 1580 4967 vera
1628 4920 1778 4982 patet

220 5001 508 5068 responsio,
538 5002 665 5072 quia
692 5002 905 5073 vulgata
933 5019 1022 5060 res
1046 5012 1166 5058 erat
1193 5003 1334 5073 apud
1359 5002 1574 5059 Judacos
1597 5005 1649 5059 in
1676 5004 1777 5059 fre-

224 5092 563 5155 quentatione
591 5092 745 5164 legis,
774 5101 837 5148 ut
865 5093 994 5149 illud
1017 5093 1187 5165 Moysi
1212 5113 1223 5148 :
1261 5111 1283 5146 ι
1316 5094 1639 5164 Prophetam
1661 5111 1776 5152 sus-

222 5177 396 5237 citabit
412 5184 571 5240 vobis
592 5185 734 5241 Deus
759 5186 825 5240 de
848 5184 1104 5240 fratribus
1124 5184 1339 5252 vestris,
1368 5193 1621 5255 tanquam
1649 5202 1735 5243 me
1760 5205 1774 5240 :

225 5269 382 5338 ipsum
405 5277 659 5343 audietis,
674 5275 828 5347 juxta
849 5279 1029 5333 omnia
1058 5293 1177 5349 qua
1206 5277 1419 5333 locutus
1436 5276 1599 5333 fuerit
1626 5278 1780 5333 vobis

224 5359 387 5430 (Deut.
402 5369 582 5441 xvm).
607 5389 627 5421 ι
649 5371 714 5424 Ει
727 5385 800 5426 ex
820 5369 1053 5426 oraculis
1070 5371 1451 5441 prophetarum
1469 5369 1782 5426 manifesta-

226 5462 347 5523 tum,
376 5460 521 5529 quod
534 5460 782 5517 Christus
807 5468 952 5516 esset
973 5460 1027 5513 in
1048 5461 1308 5516 mundum
1326 5471 1604 5525 venturus,
1620 5468 1677 5515 et
1688 5475 1784 5515 no-

223 5558 336 5601 vam
353 5550 660 5611 .doctrinam
692 5551 1113 5623 praedicaturus;
1147 5560 1203 5606 et
1220 5552 1342 5608 ideo
1360 5552 1488 5622 quia
1508 5554 1786 5609 audierant

223 5630 470 5696 JOannem
488 5657 585 5713 per
600 5643 1074 5713 repromissionem
1086 5641 1384 5712 angelicam
1399 5642 1464 5698 de
1486 5658 1616 5699 sene
1636 5652 1789 5713 patre

223 5735 272 5780 et
292 5731 457 5787 sterili
487 5743 658 5790 matre
686 5750 807 5791 esse
835 5743 1019 5789 natum
1038 5774 1054 5801 ,
1081 5734 1366 5791 audierant
1384 5734 1437 5788 in
1457 5733 1575 5803 eius
1591 5737 1790 5791 nativi—

230 5824 326 5874 tate
362 5822 596 5893 linguam
637 5825 808 5895 patris
834 5823 1066 5879 solutam
1088 5863 1107 5888 ,
1147 5823 1505 5894 videbamque
1540 5825 1790 5897 juvenem

650 5917 923 5976 PATROL.
968 5915 1244 5978 CXVIII.

1871 3378 2063 3431 magna
2086 3364 2153 3416 de
2174 3377 2234 3417 se
2254 3360 2668 3423 aestimantibus,
2699 3360 2814 3428 ipse
2832 3358 2898 3413 de
2923 3375 2982 3414 se
3002 3360 3225 3413 minima
3254 3360 3446 3423 sensit,

1871 3467 2203 3509 conservans
2258 3451 2389 3506 illud
2429 3451 2572 3519 quod
2625 3448 2902 3516 Scriptura
2955 3447 3135 3502 dicit:
3174 3467 3193 3497 ι
3236 3449 3449 3515 Quanto

1871 3561 2099 3617 magnus
2144 3559 2241 3611 es,
2289 3543 2512 3598 humilia
2536 3553 2587 3597 te
2619 3541 2672 3596 in
2710 3542 2995 3605 omnibus,
3036 3548 3089 3595 ct
3117 3555 3301 3596 coram
3340 3540 3450 3596 Deo

1874 3635 2115 3691 invenies
2145 3633 2377 3705 gratiam
2405 3631 2603 3702 (Eccle.
2628 3629 2734 3702 ιιι).
2770 3649 2789 3683 ι

1949 3744 1966 3776 ι
1987 3725 2054 3779 Et
2080 3725 2546 3795 interrogaverunt
2571 3738 2693 3777 eum
2721 3740 2734 3775 :
2765 3721 2904 3789 Quid
2921 3722 3082 3794 ergo?
3102 3722 3247 3777 Elias
3270 3737 3329 3777 es
3356 3723 3452 3777 tu?

1878 3840 1895 3871 ‹
1919 3820 2020 3886 Qui
2043 3819 2210 3874 dicit:
2241 3817 2359 3872 Non
2385 3832 2523 3873 sum.
2560 3836 2579 3868 ι
2604 3817 2674 3871 Ει
2699 3817 2763 3871 de
2792 3831 3019 3886 persona
3044 3817 3164 3871 ideo
3187 3814 3446 3871 Joannem

1874 3910 2314 3979 interrogabant,
2347 3910 2473 3978 quia
2504 3908 2556 3961 in
2585 3907 2805 3962 oraculo
2831 3905 3105 3961 Malachiae
3134 3907 3410 3976 propheta:
3432 3946 3447 3971 ,

1874 4004 2002 4059 Elia:
2033 4003 2325 4057 adventura
2350 4000 2676 4071 promissum
2701 3998 2989 4065 habebant,
3022 3998 3249 4053 Domino
3272 3998 3453 4053 dicen-

1875 4105 1966 4151 te:
2003 4113 2022 4144 ι
2056 4093 2195 4149 Ecce
2235 4108 2335 4163 ego
2366 4092 2575 4146 mittam
2604 4091 2758 4147 vobis
2787 4090 2958 4145 Eliam
2992 4090 3285 4145 Thesbiten
3312 4131 3325 4155 ,
3358 4090 3450 4159 qui

1874 4192 2154 4241 convertet
2176 4182 2339 4238 corda
2374 4190 2588 4251 patrum
2623 4181 2678 4234 in
2710 4181 2880 4247 ﬁlios,
2923 4193 2978 4236 et
3013 4182 3176 4236 corda
3217 4180 3450 4235 ﬁliorum

1874 4278 1941 4332 ad
1971 4284 2150 4347 patres
2173 4290 2357 4330 eorum
2381 4272 2637 4346 (Malach.
2667 4273 2763 4344 iv).
2786 4292 2807 4325 ι
2839 4272 2945 4328 Sed
2965 4273 3107 4342 quod
3133 4272 3198 4327 de
3218 4273 3452 4328 secundo

1876 4370 2106 4425 adventu
2167 4367 2379 4422 Domini
2444 4367 2759 4435 praedictum
2805 4374 2963 4432 erat,
3023 4364 3100 4420 illi
3152 4365 3218 4420 de
3276 4366 3452 4435 primo

1876 4461 2081 4516 dictum
2126 4459 2485 4523 arbitrantes,
2537 4457 2827 4513 conﬁtente
2871 4454 3111 4521 Joanne,
3158 4454 3301 4523 quod
3345 4468 3449 4508 non

1875 4564 2019 4608 esset
2065 4551 2349 4615 Christus,
2415 4550 2882 4620 interrogaverunt
2936 4561 3099 4610 eum,
3161 4544 3447 4598 dicentes:

1881 4664 1900 4697 ‹
1933 4644 2073 4713 Quid
2115 4644 2278 4713 ergo?
2308 4642 2453 4697 Elias
2480 4657 2539 4697 es
2585 4641 2685 4695 tu?
2727 4639 2828 4706 Qui
2870 4638 3000 4691 dicit
3042 4654 3055 4689 :
3097 4634 3211 4689 Non
3257 4650 3393 4690 sum.
3426 4656 3446 4688 ι

1877 4737 1958 4791 Ex
2004 4730 2158 4806 cuius
2218 4734 2567 4804 responsione
2621 4747 2727 4785 non
2782 4744 2947 4800 parva
3007 4728 3161 4783 nobis
3223 4728 3450 4798 quaestio

1876 4828 2072 4892 oritur,
2119 4826 2164 4881 si
2198 4825 2361 4879 aliam
2396 4821 2673 4890 Evangelii
2719 4819 2997 4873 lectionem
3035 4818 3100 4872 ad
3131 4817 3448 4872 memoriam

1876 4915 2220 4971 reducamus.
2267 4912 2519 4983 Legimus
2560 4910 2704 4964 enim
2752 4908 2919 4973 alibi,
2966 4909 3109 4978 quod
3160 4908 3452 4978 requisitus

1879 5006 2137 5063 Dominus
2179 5018 2211 5057 a
2250 4999 2524 5071 discipulis
2553 4998 2619 5054 de
2652 4991 3086 5063 adventu'Eliae,
3137 4997 3448 5067 respondit:

1884 5116 1903 5148 ι
1945 5096 2089 5150 Elias
2123 5091 2236 5162 iam
2267 5090 2449 5154 venit,
2495 5098 2552 5144 ct
2588 5104 2695 5145 non
2735 5096 3102 5157 c0gnoverunt
3148 5102 3268 5141 eum
3295 5126 3311 5152 ,
3357 5087 3449 5141 sed
3526 5121 3541 5137 .

1880 5188 2125 5244 fecerunt
2172 5184 2227 5239 in
2267 5198 2388 5238 eum
2433 5194 2765 5250 quaecunque
2810 5177 3108 5233 voluerunt.
3152 5177 3218 5231 Et
3260 5176 3305 5231 si
3334 5176 3454 5229 vul-
3554 5164 3561 5177 ”

1885 5278 1953 5335 tis
1991 5277 2153 5341 scire,
2196 5264 2434 5330 Joannes
2457 5272 2572 5343 ipse
2608 5279 2691 5327 est
2712 5267 3090 5339 Elias(Matth.
3136 5283 3213 5331 ιιι,
3250 5266 3404 5337 xvn).
3431 5285 3449 5316 ι

1885 5367 2021 5423 Cum
2052 5380 2181 5435 ergo
2222 5364 2481 5420 Dominus
2511 5362 2688 5427 dicat,
2734 5360 2969 5415 Joannes
3000 5359 3115 5429 ipse
3155 5367 3238 5413 est
3278 5357 3452 5419 Elias,

1889 5474 2057 5529 quare
2090 5456 2327 5513 Joannes
2362 5454 2722 5523 interrogatus
2756 5450 2926 5515 dicit,
2961 5447 3077 5504 Non
3114 5464 3232 5503 sum
3269 5446 3413 5501 Elias
3434 5448 3456 5496 ?

1891 5548 2035 5605 Nihil
2071 5548 2244 5618 magis
2281 5548 2556 5602 dissonum
2585 5543 2755 5599 videri
2776 5549 2986 5613 potest,
3024 5556 3185 5611 quam
3222 5553 3373 5603 esse,
3403 5546 3459 5589 et

1893 5657 2000 5698 non
2023 5655 2162 5696 sum.
2193 5638 2441 5708 Nunquid
2468 5639 2611 5693 aliud
2633 5638 2830 5693 veritas
2857 5637 3040 5700 sentit,
3074 5643 3129 5689 et
3155 5631 3296 5687 aliud
3325 5645 3461 5700 prae-

1895 5748 2087 5791 cursor
2121 5741 2178 5787 et
2212 5733 2471 5803 propheta
2511 5730 2796 5786 veritatis?
2834 5727 3083 5796 Nunquid
3117 5723 3259 5779 aliud
3296 5723 3462 5793 iudex

1900 5823 2134 5889 nuntiat,
2165 5830 2220 5876 et
2243 5822 2384 5877 aliud
2416 5836 2590 5891 praeco
2610 5818 2840 5874 clamat?
2865 5816 3001 5869 Non.
3027 5815 3107 5869 An
3139 5813 3297 5869 simul
3321 5814 3465 5869 Elius

3033 5909 3072 5968 2
