4038 6352
489 397 562 453 ιδ
1137 384 1489 445 HAYMONIS
1526 380 2004 441 HALBERSTAT.
2044 378 2256 435 EPlSC.
2298 379 2448 435 OPP.
2490 378 2670 435 PARS
2702 377 2765 433 ll.
2797 409 2867 421 —
2904 369 3137 435 HOMIL.
3702 377 3776 434 ιι

494 518 552 567 et
589 504 828 580 Joannes
865 518 984 558 esse
1026 510 1235 573 poterat
1261 502 1284 553 ?
1325 500 1433 555 Sed
1480 508 1769 568 utrumque
1811 495 2080 567 quomodo
2108 495 2156 554 A
2185 494 2311 549 bum
2337 494 2609 565 eratapud
2636 495 2805 550 Deum
2829 501 2884 549 et
2899 495 3042 549 Deus
3065 500 3185 549 erat
3198 491 3435 548 Verbum
3452 490 3636 563 (Joan.
3661 493 3724 567 ι).
3753 514 3772 547 ι

495 615 685 655 verum
716 598 808 662 sit,
840 597 947 651 cito
975 593 1375 665 cognoscimus,
1409 593 1454 647 si
1477 590 1641 646 verba
1669 588 1863 662 angeli,
1886 589 2082 659 quibus

498 692 561 746 ad
583 685 1146 744 Zachariam-locutus
1174 692 1257 739 est
1287 699 1409 738 cum
1453 681 1717 737 Joannem
1748 678 2081 735 nasciturum

495 782 837 857 praediceret,
863 779 929 833 ad
953 777 1274 833 memoriam
1302 777 1642 831 reducamus.
1668 775 1758 829 Ait
1776 774 1920 829 enim
1942 772 2085 826 inter

498 882 694 929 caetera
725 889 737 923 :
770 888 789 921 ι
820 868 939 938 lpse
975 866 1190 936 praeibit
1226 874 1351 921 ante
1382 865 1533 919 illum
1575 865 1631 919 in
1674 864 1868 936 spiritu
1899 871 1953 917 et
1980 862 2087 915 vir-

500 968 616 1020 tute
661 963 786 1017 Elite
824 959 974 1031 (Luc.
1016 962 1076 1028 ι).
1114 977 1133 1009 ι
1184 957 1261 1016 Ex
1304 957 1498 1027 quibus
1537 956 1719 1011 verbis
1758 953 2084 1015 ostenditur,

500 1056 626 1128 quia
652 1053 891 1116 Joannes
929 1052 982 1105 in
1021 1065 1254 1121 persona
1297 1050 1443 1105 Elias
1479 1065 1586 1104 non
1616 1058 1735 1103 erat
1762 1089 1775 1110 ,
1812 1048 1865 1103 in
1898 1046 2090 1115 spiritu

501 1158 679 1203 autem
707 1145 854 1201 Elias
879 1150 1020 1199 erat.
1061 1141 1200 1209 Quia
1232 1142 1372 1197 sicut
1395 1140 1540 1196 Elias
1563 1141 1849 1195 adventum
1878 1137 2091 1192 Domini

501 1241 798 1297 secundum
816 1252 1185 1309 praacessurus
1210 1247 1314 1302 est,
1334 1236 1550 1306 quando
1568 1241 1831 1289 venturus
1845 1240 1930 1287 est
1945 1230 2091 1301 judi-

503 1348 631 1391 care
670 1332 970 1387 mundum:
1012 1331 1092 1386 sic
1129 1329 1366 1385 Joannes
1407 1329 1698 1383 adventum
1738 1325 1947 1381 Domini
1988 1324 2097 1395 pri-

504 1440 652 1482 mum
697 1423 1009 1494 praecessit,
1047 1423 1266 1493 quando
1311 1422 1458 1476 venit
1499 1420 1765 1473 redimere
1815 1417 2093 1471 mundum.

506 1517 576 1572 Et
605 1517 745 1571 sicut
766 1515 856 1569 ille
886 1529 1065 1585 praeco
1101 1513 1314 1567 futurus
1339 1519 1422 1567 est
1457 1508 1692 1573 Judicis,
1725 1508 1795 1561 ita
1830 1508 1930 1561 iste
1959 1522 2097 1576 pra»

2184 586 2250 641 Et
2278 587 2471 642 iterum
2506 605 2517 640 :
2549 604 2568 637 ι
2588 585 2824 642 Verbum
2848 600 2977 641 caro
2997 583 3198 640 factum
3229 588 3330 643 est,
3354 591 3409 639 et
3427 583 3696 641 habitavit
3724 587 3777 640 in

2185 680 2342 735 nobis
2383 680 2594 753 (Ibid.).
2617 701 2633 733 ι
2665 679 2742 735 Ne
2762 679 2907 735 enim
2936 678 3163 734 Domino
3212 678 3506 749 apparente
3536 678 3779 736 humana

2186 774 2402 829 caecitas
2428 775 2481 829 in
2505 771 2621 843 ejus
2648 772 2894 830 claritate
2923 770 3101 829 subito
3128 760 3444 837 offenderet,
3470 758 3676 827 r‘nissus’
3699 779 3784 826 cst

2187 865 2420 921 Joannes
2442 874 2565 921 ante
2588 867 2872 921 Dominum
2895 865 3050 936 quasi
3072 865 3293 920 lucerna
3321 860 3447 920 ante
3468 858 3662 933 solem,
3678 882 3779 921 vox

2191 968 2316 1013 ante
2338 958 2581 1021 verbum,
2609 974 2788 1029 prreco
2810 967 2935 1014 ante
2949 957 3210 1030 iudicem,
3230 969 3290 1013 ut
3312 956 3519 1013 seihcet
3544 975 3643 1030 per
3668 956 3785 1028 ejus

2189 1050 2631 1119 prmdicationem
2676 1051 2839 1107 corda
2887 1051 3166 1106 hominum
3197 1034 3266 1105 ad.
3293 1040 3583 1106 videndum
3614 1052 3782 1108 Deum

2192 1152 2649 1213 praepararentur,
2708 1142 2851 1198 sicut
2914 1157 3011 1214 per
3074 1136 3336 1198 Joannem
3392 1143 3783 1217 evangelistam

2197 1235 2402 1291 dictum
2436 1244 2551 1292 est:
2585 1256 2604 1289 ι
2638 1235 2765 1291 Fuit
2794 1238 2957 1292 homo
2985 1236 3183 1294 missus
3222 1253 3252 1292 a
3294 1237 3440 1302 Deo,
3472 1238 3557 1294 cui
3587 1254 3785 1298 nomen

2196 1325 2430 1381 Joannes
2452 1337 2587 1382 erat.
2618 1325 2720 1384 Hic
2748 1327 2896 1383 venit
2918 1328 2972 1383 in
3002 1328 3405 1394 testimonium,
3438 1337 3499 1384 ut
3537 1329 3786 1384 testimo-

2199 1418 2347 1472 nium
2380 1419 2685 1489 perhiberet
2714 1419 2781 1475 de
2812 1418 3034 1483 lumine,
3073 1426 3133 1474 ut
3162 1434 3352 1477 omnes
3378 1421 3666 1477 crederent
3692 1438 3791 1492 per

2201 1512 2371 1567 illum.
2404 1511 2519 1567 Non
2547 1521 2665 1568 erat
2688 1511 2793 1567 «ille
2818 1512 2932 1578 lux,
2963 1513 3061 1569 sed
3099 1520 3158 1567 ut
3203 1513 3572 1570 testimonium
3602 1516 3789 1587 perhi-

505 1607 884 1664 cursor‘factus
905 1616 988 1662 est
1002 1594 1395 1674 Redemptoris.
1433 1602 1500 1657 Bt
1526 1603 1647 1656 ideo
1677 1598 1821 1671 quod
1843 1599 2102 1653 Dominus
2202 1588 2670 1660 beretde‘lumine.
2691 1625 2709 1657 ι
2729 1604 3470 1679 ClamabatergoJoannesin
3483 1608 3723 1675 deserto,
3741 1609 3792 1665 id

510 1700 642 1755 dicit
676 1699 743 1753 de
782 1698 1003 1769 spiritu,
1038 1699 1140 1752 hoc
1183 1695 1420 1751 Joannes
1465 1695 1691 1765 denegat
1726 1695 1792 1747 de
1850 1705 2098 1761 persona.
2204 1704 2287 1750 est
2312 1695 2364 1749 in
2388 1693 2693 1751 Judaeorum
2723 1697 2939 1767 populo.
2964 1697 3101 1765 Quia
3125 1699 3269 1753 enim
3296 1700 3571 1755 desertum
3595 1700 3793 1756 dicitur

510 1791 579 1846 Et
599 1790 742 1862 quod
763 1789 1000 1845 Joannes
1028 1790 1096 1844 de
1116 1804 1346 1860 persona
1382 1796 1571 1859 negat,
1616 1788 1717 1841 hoc
1745 1785 2004 1839 Dominus
2037 1783 2103 1837 de
2129 1854 2172 1862 _
2205 1785 2543 1852 derelictum,
2574 1796 2719 1843 recte
2749 1789 2945 1844 deserti
2975 1789 3192 1844 nomine
3207 1788 3516 1846 Judaeorum
3538 1803 3796 1848 censetur

509 1854 705 1954 spiritu
727 1882 977 1943 allirmat.
1008 1854 1268 1951 Quamvis
1298 1854 1478 1953 igitur
1494 1889 1737 1950 tempore
1764 1878 1993 1935 fuissent
2015 1876 2096 1932 di-
2128 1854 2177 1914 Β
2203 1878 2432 1949 populus
2451 1921 2465 1943 ,
2507 1880 2599 1950 qui
2629 1879 3014 1951 derelinquens
3038 1881 3325 1937 Dominum
3348 1923 3362 1949 ,
3391 1883 3688 1940 derelictus
3713 1892 3797 1940 est

506 1974 648 2039 visi,
689 1984 868 2029 tamen
902 1974 1095 2043 spiritu
1136 1971 1355 2028 fuerunt
1382 1973 1541 2026 uniti.
1594 1972 1658 2026 Et
1686 1973 1808 2041 quiia
1839 1966 2101 2026 Dominus

509 2064 882 2134 spiritualibus
932 2064 1213 2135 discipulis
1264 2064 1607 2135 loquebatur,
1666 2064 1865 2134 quibus
1916 2063 2101 2117 datum

510 2162 629 2211 erat
651 2170 812 2211 nosse
835 2156 1154 2227 mysterium
1184 2156 1333 2226 regni
1359 2154 1478 2219 Dei,
1510 2156 1726 2226 dignmu
1760 2163 1877 2209 erat
1904 2163 1963 2207 ut
1994 2155 2103 2224 spi-

510 2246 760 2301 rituaiem
807 2248 873 2301 de
921 2246 1128 2302 Joanne
1172 2248 1497 2302 sententiam
1529 2246 1837 2318 proferret,
1875 2244 2099 2336 dicen’s:

517 2360 533 2391 ι
569 2338 805 2396 Joannes
833 2341 947 2410 ipse
978 2349 1063 2395 est
1088 2340 1253 2395 Eiias.
1290 2362 1307 2393 ι
1339 2339 1578 2395 Joannes
1602 2355 1729 2395 vero
1756 2340 2048 2410 requisitus
2073 2354 2104 2392 a

512 2430 738 2496 Judzeis,
771 2432 861 2501 qui
899 2439 1108 2485 tantum
1139 2431 1373 2486 litteram
1395 2473 1409 2496 ,
1451 2447 1557 2485 non
1578 2440 1775 2505 _autem
1816 2431 2065 2500 spiritum
2088 2470 2103 2494 ,

510 2538 741 2593 pensare
770 2533 1057 2587 noverant,
1082 2522 1306 2594 dignum
1330 2521 1433 2578 fuit
1457 2533 1517 2578 ut
1540 2540 1644 2578 non
1677 2523 1741 2577 de
1768 2524 1981 2594 spiritu,
2010 2522 2105 2577 sed

511 2614 578 2668 de
602 2629 698 2667 sua
721 2630 948 2684 persona
981 2614 1189 2667 diceret
1218 2632 1228 2666 :
1262 2636 1279 2665 ‹
1312 2614 1429 2669 Non
1465 2630 1580 2667 sum
1608 2614 1771 2669 Eiias.
1809 2634 1825 2664 ι
1868 2614 2107 2683 Denique

511 2706 556 2761 si
585 2706 705 2774 quis
736 2705 1020 2759 amborum
1048 2719 1360 2774 prreconum
1390 2705 1660 2759 actionem
1689 2704 1981 2774 diligenter
2021 2703 2107 2756 in-

511 2796 728 2866 spiciat,
754 2810 920 2848 unum
943 2794 1300 2864 eamdemque
1331 2795 1604 2865 spiritum,
1629 2794 1681 2847 in
1712 2793 1954 2864 utrisque
1984 2810 2110 2863 ope-

513 2897 711 2952 ratum,
737 2887 1011 2958 intelligit.
1042 2886 1187 2941 Elias
1212 2900 1445 2957 namque
1462 2883 1527 2940 in
1560 2886 1776 2941 deserto
1806 2884 1929 2950 fuit,
1959 2885 2110 2939 sitni-

513 2983 638 3038 liter
660 2990 713 3039 et
739 2981 995 3038 Joannes.
1020 2980 1165 3037 Elias
1186 2980 1544 3052 quadraginta
1570 2980 1762 3035 diebus
1783 2987 1839 3033 et
1860 2979 2109 3034 noctibus

510 3074 774 3146 jejunavit
796 3072 938 3146 (III.
965 3073 1093 3145 Reg.
1120 3074 1257 3145 xxx),
1283 3083 1337 3128 et
1362 3072 1600 3128 Joannes
1631 3073 1927 3127 inauditam
1958 3071 2111 3141 prius

524 3167 910 3223 abstinentiam
955 3168 1126 3223 tenuit
1158 3187 1170 3222 :
1216 3168 1342 3237 quia
1378 3166 1616 3221 locustas
1638 3174 1693 3220 et
1726 3166 1833 3220 mel
1865 3165 2110 3220 silvestre

526 3259 761 3314 comedit
800 3258 996 3331 (Marc.
1035 3260 1094 3333 l).
1137 3259 1281 3315 Elias
1331 3275 1524 3314 zonam
1583 3259 1861 3329 pelliceam
1926 3258 2113 3313 habuit

517 3354 663 3409 circa
715 3353 925 3409 lumbos
976 3351 1102 3424 (IV
1152 3353 1280 3426 Reg.
1332 3354 1429 3423 ι),
1482 3354 1733 3409 similiter
1780 3363 1835 3409 et
1874 3353 2112 3409 Joannes

518 3443 736 3516 (Matth.
769 3448 876 3515 ιιι).
924 3446 1072 3501 Elias
1111 3445 1406 3503 Jordanem
1451 3445 1674 3501 fluvium
1719 3446 1882 3517 pallio
1932 3445 2114 3501 divisit

516 3539 570 3611 (1
587 3538 626 3592 V
646 3540 770 3612 Reg.
796 3542 934 3612 xu),
962 3549 1017 3596 et
1036 3540 1273 3598 Joannes
1296 3544 1349 3597 in
1374 3540 1608 3597 Jordane
1634 3541 1795 3595 ﬂuvio
1822 3541 2113 3610 baptizavit

514 3628 712 3697 (Joan.
746 3631 821 3700 1).
875 3630 1022 3686 Elias
1070 3632 1501 3699 persecutionem
1553 3632 1622 3684 ab
1659 3631 1847 3685 Achab
1905 3646 2030 3700 rege
2059 3638 2113 3686 et

517 3719 841 3789 impiissima
876 3721 1061 3789 regina
1093 3720 1311 3775 Jezabel
1347 3736 1539 3790 passus
1567 3732 1650 3775 est
1676 3718 1792 3788 (III
1820 3719 1947 3791 Reg.
1975 3722 2110 3791 xix),

516 3819 571 3863 et
615 3808 851 3866 Joannes
895 3811 961 3863 ab
1012 3810 1241 3865 Herode
1273 3819 1492 3880 prepter
1531 3810 1895 3865 Herodiadem
1936 3813 2113 3883 capite

524 3909 808 3956 truncatus
836 3909 920 3956 est
964 3900 1169 3971 (Marc.
1194 3904 1303 3972 v1).
1342 3921 1358 3953 ι
1390 3902 1660 3973 Propheta
1711 3920 1771 3959 es
1803 3905 1903 3957 tu?
1936 3904 2001 3958 Et
2033 3921 2113 3960 re-

517 3989 734 4062 Spondit
766 4009 777 4044 :
830 3989 971 4046 Non.
1007 4011 1026 4043 ι
1071 3991 1197 4047 ideo
1228 4002 1406 4047 autem
1431 3991 1667 4048 Joannes
1702 3995 2025 4065 prophetam
2055 4012 2114 4051 se

516 4097 637 4137 esse
665 4083 901 4155 negavit,
917 4083 1041 4153 quia
1066 4083 1187 4153 plus
1203 4101 1364 4155 quam
1386 4087 1706 4155 prophetam
1731 4102 1789 4142 se
1811 4102 1935 4143 esse
1958 4088 2114 4143 intel-

516 4174 670 4251 lexit_.
702 4170 987 4244 Pmphetaa
1015 4175 1158 4229 enim
1179 4175 1412 4232 oliicium
1437 4186 1522 4232 est
1547 4187 1768 4233 ventura
1794 4180 2110 4250 praedicere,

519 4282 627 4321 non
678 4274 854 4322 autem
907 4268 1300 4326 demonstrare.
1354 4272 1496 4343 Ergo
1542 4272 1780 4330 Joannes
1827 4274 2111 4347 plusquam

518 4360 784 4429 propheta
818 4360 957 4429 fuit,
996 4364 1122 4432 quia
1154 4378 1279 4418 eum
1310 4380 1471 4434 quem
1510 4376 1797 4423 venturum
1825 4370 2109 4439 praedixit,

517 4451 680 4505 etiam
730 4453 941 4508 venisse
994 4454 1161 4525 digito
1192 4455 1618 4523 demonstravit,
1647 4459 1872 4515 dicens:
1914 4478 1931 4511 ι
1972 4461 2111 4515 Ecce

2139 3217 2187 3279 C

2207 1970 2273 2022 ab
2310 1985 2395 2033 eo,
2429 1969 2570 2024 sicut
2613 1970 2693 2025 eis
2740 1970 2867 2026 alibi
2907 1970 3168 2027 Dominus
3193 1974 3516 2042 exprobrat,
3563 1974 3790 2030 dicens:

2213 2082 2229 2114 ι
2264 2061 2401 2116 Ecce
2422 2061 2756 2132 relinquetur
2780 2062 2971 2118 domus
2994 2073 3172 2118 vestra
3197 2063 3412 2120 deserta
3436 2063 3590 2138 (Luc.
3620 2064 3737 2137 xv).
3771 2084 3791 2118 ι

2206 2154 2263 2208 ln
2295 2155 2395 2209 hoc
2424 2169 2554 2223 ergo
2583 2154 2800 2210 deserto
2825 2152 3067 2211 Joannes
3095 2154 3389 2221 clamabat,
3419 2171 3543 2211 cum
3566 2171 3796 2227 peccan-

2209 2246 2354 2301 tibus
2382 2246 2760 2317 poenitentiam
2795 2247 3161 2318 praedicabat,
3193 2246 3379 2302 dicens
3408 2265 3422 2302 :
3459 2266 3478 2299 ι
3508 2246 3794 2305 Genimina

2209 2338 2541 2408 viperarum,
2573 2339 2696 2409 quis
2724 2338 2963 2394 ostendit
2988 2337 3143 2394 vobis
3172 2336 3359 2409 fugere
3379 2354 3411 2393 a
3432 2347 3656 2395 ventura
3676 2339 3794 2393 ira?

2212 2430 2375 2487 facite
2418 2447 2548 2502 ergo
2595 2431 2803 2487 fructus
2842 2432 3031 2504 dignos
3074 2430 3409 2503 pmnitentiae
3449 2430 3599 2505 (Luc.
3628 2433 3735 2504 ιιι).
3772 2452 3791 2485 ι

2213 2508 2321 2578 Sed
2361 2523 2537 2578 adhuc
2577 2524 2706 2593 quid
2747 2523 3106 2591 clamaverit,
3155 2524 3484 2580 audiamus:
3518 2544 3536 2575 ι
3576 2524 3800 2596 Dirigite

2210 2618 2353 2672 viam
2406 2617 2657 2684 Domini,
2708 2618 2851 2674 sicut
2904 2619 3041 2675 dixit
3094 2619 3263 2675 Isaias
3314 2620 3601 2690 propheta.
3634 2639 3652 2671 ι
3705 2619 3798 2675 Via

2212 2708 2355 2771 enim
2391 2704 2601 2765 Domini
2637 2711 2705 2765 ad
2731 2725 2825 2766 cor
2846 2710 3119 2782 dirigitur,
3160 2727 3285 2766 cum
3308 2711 3376 2766 ad
3408 2721 3681 2783 praecepta
3707 2696 3799 2768 Dei

2214 2801 2477 2856 audienda
2503 2817 2595 2857 cor
2617 2803 2893 2858 humiliter
2915 2803 3225 2858 inclinatur.
3240 2803 3413 2860 Aliter
3429 2823 3444 2859 :
3459 2803 3563 2859 Via
3583 2804 3795 2861 Domini

2213 2895 2279 2949 ad
2306 2910 2400 2950 cor
2425 2895 2695 2967 dirigitur,
2724 2912 2846 2952 cum
2874 2897 3074 2952 bonum
3096 2897 3241 2966 quod
3263 2912 3358 2953 cor
3383 2897 3657 2969 intelligit,
3687 2912 3801 2952 ma-

2214 3002 2316 3042 nus
2342 2996 2617 3058 operatur.
2652 2986 2758 3043 Sed
2791 2988 2982 3044 doctor
3011 2988 3240 3058 quilibet
3276 2989 3328 3043 in
3356 2989 3603 3061 exemplo
3632 2988 3797 3046 Joan-

2215 3082 2299 3135 nis
2326 3081 2511 3152 dirigit
2539 3082 2678 3136 viam
2699 3080 2931 3145 Domini,
2964 3082 3179 3151 quando
3206 3082 3478 3137 declinare
3496 3097 3529 3136 a
3560 3082 3726 3150 malo,
3747 3089 3804 3138 et

2219 3173 2399 3230 facere
2424 3174 2624 3229 bonum
2653 3175 2965 3244 persuadet,
3002 3184 3059 3228 ut
3088 3174 3340 3231 videlicet
3365 3174 3623 3230 mandato
3647 3174 3799 3230 aditu

2217 3266 2425 3332 cordis,
2471 3266 2617 3320 illum
2654 3267 3015 3323 habitatorem
3055 3268 3259 3323 habere.
3282 3266 3448 3337 possit
3479 3266 3571 3336 qui
3612 3266 3750 3321 dicit
3782 3284 3796 3320 :

2222 3381 2237 3411 ι
2274 3360 2411 3415 Ecce
2433 3375 2532 3429 ego
2559 3369 2645 3416 sto
2669 3361 2736 3415 ad
2761 3360 2960 3416 ostium
2983 3369 3039 3415 et
3074 3358 3249 3430 pulso.
3289 3358 3348 3414 Si
3377 3358 3496 3428 quis
3522 3357 3805 3428 aperuerit

2217 3451 2351 3506 mihi
2375 3493 2389 3517 ,
2424 3452 2640 3506 intrabo
2668 3452 2735 3507 ad
2765 3451 2915 3506 illum
2939 3493 2953 3517 ,
2980 3460 3039 3507 et
3072 3450 3305 3506 coenabo
3334 3464 3463 3506 cum
3488 3448 3599 3514 illo,
3629 3456 3688 3503 et
3714 3447 3811 3503 ille

2215 3557 2425 3598 mecum
2456 3541 2650 3613 (Apoc.
2680 3541 2793 3615 ιιι).
2826 3563 2853 3595 ›
2887 3541 3093 3598 Taliter
3122 3542 3286 3614 igitur
3320 3541 3478 3597 nobis
3517 3540 3664 3595 viam
3693 3538 3799 3594 Do-

2216 3635 2344 3690 mini
2374 3635 2823 3705 praeparantibus,
2848 3634 3008 3692 Jesus
3036 3637 3104 3691 ad
3132 3648 3228 3691 eor
3251 3643 3497 3691 nostrum
3522 3640 3622 3704 per
3642 3632 3799 3688 ﬁdem

2216 3730 2400 3783 venire
2431 3730 2763 3800 dignabitur,
2808 3731 2950 3786 sicut
2978 3731 3094 3801 ipse
3131 3731 3211 3785 ait
3250 3730 3303 3785 in
3334 3727 3658 3800 Erangelio:
3690 3730 3717 3779 ό
3743 3726 3807 3782 Si-

2214 3821 2336 3890 quis
2363 3820 2535 3893 diligit
2560 3837 2646 3877 me
2663 3864 2678 3889 ,
2716 3837 3023 3879 sermonem
3050 3838 3230 3878 meum
3261 3821 3538 3887 servabit,
3563 3826 3620 3877 et
3642 3819 3799 3874 Pater

2214 3928 2368 3969 meus
2407 3915 2594 3988 diliget
2636 3932 2794 3984 eum,
2842 3927 2898 3972 et
2932 3918 3001 3972 ad
3030 3932 3153 3973 eum
3188 3917 3508 3983 veniemus,
3547 3925 3605 3971 et
3644 3927 3798 3970 man-

2215 4005 2420 4062 sionem
2465 4008 2611 4078 apud
2634 4024 2757 4064 eum
2798 4008 3062 4065 faciemus
3085 4008 3269 4081 (Joan.
3296 4007 3432 4081 xw).
3465 4028 3487 4061 ν
3523 4006 3678 4064 Unde
3707 4021 3804 4078 per

2214 4099 2555 4155 Psalmistam
2591 4102 3042 4171 praedicatoribus
3086 4102 3317 4158 dicitur:
3357 4121 3376 4153 ‹
3412 4101 3518 4157 lter
3565 4100 3726 4156 facite
3753 4099 3802 4155 ei

2214 4192 2303 4263 qui
2351 4191 2595 4247 ascendit
2645 4208 2809 4263 super
2856 4190 3107 4249 oeca’s'u‘ni
3135 4211 3150 4249 :
3181 4190 3440 4249 Dominus
3498 4209 3697 4251 nomen
3727 4194 3800 4249 illi

2215 4282 2384 4356 (Psal.
2423 4286 2614 4358 vau).
2647 4307 2666 4339 ι
2702 4284 2811 4343 Sed
2840 4289 2966 4358 quia
2997 4290 3309 4345 sacerdotes
3334 4296 3395 4344 et‘
3419 4280 3599 4344 lbvitte
3628 4288 3803 4361 magis

2214 4378 2642 4448 reprehendendi
2692 4382 2874 4436 studio
2911 4397 3073 4453 quam
3116 4381 3358 4438 discendi
3387 4390 3514 4438 veto
3537 4370 3803 4438 Joannem

2212 4469 2652 4542 interrogabant,
2706 4474 2869 4529 tacite
2899 4473 3228 4547 evangelista
3260 4474 3613 4531 manifestare
3649 4490 3805 4531 cura—

517 4545 701 4642 dgnus
729 4544 864 4642 Dei,
895 4548 1139 4642 ecce‘qui
1160 4548 1556 4642 tollitpeccata
1582 4552 1763 4606 mundi
1788 4551 1968 4623 (Joan.
1998 4556 2058 4624 1).
2085 4573 2103 4605 ι
2136 4579 2191 4642 D
2212 4562 2312 4627 vit,
2338 4577 2460 4617 cum
2493 4563 2775 4633 adjunxit;

519 4636 624 4692 Sed
641 4640 950 4696 sacerdotes
966 4649 1018 4696 et
1033 4639 1327 4712 levitae,qui
1342 4642 1409 4697 ad
1422 4640 1683 4697 Joannem
1706 4644 1855 4699 missi
1870 4642 2107 4711 fuerant,

523 4728 698 4782 adhuc
725 4729 1034 4801 diligentius
1062 4732 1182 4802 quis
1211 4733 1280 4787 sit
1312 4732 1612 4803 inquirunt,
1640 4734 1917 4790 dicentes:

596 4841 613 4871 ι
659 4819 788 4888 Quis
813 4835 940 4895 ergo
966 4841 1044 4889 es,
1071 4836 1133 4880 ut
1158 4842 1477 4897 responsum
1505 4827 1695 4883 demus
1718 4827 1800 4883 his
1823 4829 1912 4897 qni
1945 4830 2106 4885 mise-

526 4932 542 4961 ι
580 4921 706 4966 runt
742 4915 878 4969 nos?
909 4916 1035 4985 quid
1079 4917 1213 4973 dicis
1243 4920 1309 4973 de
1349 4920 1564 4989 teipso?
1595 4940 1613 4971 ι
1647 4920 1753 4975 Sed
1794 4920 1881 4976 ille
1919 4922 2009 4992 qui
2049 4938 2108 4978 se

522 5002 796 5060 Christum
825 5016 1138 5077 negaverat,
1169 5011 1259 5079 qui
1288 5026 1345 5066 se
1377 5028 1551 5082 neque
1576 5012 1745 5067 Eliam
1776 5030 1950 5084 neque
1976 5031 2101 5086 pro-

519 5096 739 5163 phetam
765 5112 888 5153 esse
910 5098 1152 5166 dixerat,
1186 5101 1313 5170 quid
1343 5103 1408 5157 de
1434 5118 1492 5158 se
1514 5104 1713 5158 sentiat
1737 5145 1751 5168 ,
1784 5107 1954 5174 aperit
1982 5122 2103 5162 cum

521 5189 831 5261 subjungit:

599 5301 616 5333 ι
647 5282 759 5354 Ego
781 5299 881 5339 vox
903 5285 1187 5341 clamantis
1215 5287 1268 5341 in
1297 5286 1532 5343 deserto.
1564 5311 1582 5342 ι
1611 5290 1839 5347 Pulchre
1861 5308 1919 5347 se
1946 5290 2108 5347 Joan-

523 5388 621 5429 nes
652 5391 840 5431 vocem
874 5378 1041 5441 dixit,
1090 5381 1214 5450 quia
1246 5382 1469 5436 verbum
1508 5384 1750 5451 prmibat.
1785 5385 1840 5439 In
1872 5386 2105 5442 humana

521 5468 665 5523 enim
697 5466 967 5524 locutione
994 5485 1092 5525 vox
1123 5474 1400 5541 praecedit,
1431 5482 1485 5528 et
1518 5479 1855 5543 postmodum
1882 5478 2107 5534 verbum

523 5560 771 5628 sequitur
794 5561 949 5630 :quia
968 5576 1073 5615 non
1092 5565 1529 5633 poteritverbum
1564 5566 1808 5634 formari,
1833 5571 1933 5626 nisi
1958 5574 2108 5641 prius

522 5665 627 5703 vox
653 5653 915 5708 senuerit.
948 5652 1116 5710 Recte
1143 5672 1272 5727 ergo
1310 5658 1546 5714 Joannes
1576 5676 1633 5714 se
1672 5677 1853 5718 vocem
1888 5665 2105 5731 fatetur,

522 5742 651 5812 quia
671 5746 896 5800 verbum
938 5748 1162 5816 praeibat
1182 5790 1198 5814 ,
1248 5750 1377 5807 illud
1406 5754 1615 5825 scilicet
1643 5755 1708 5810 de
1735 5771 1840 5825 quo
1871 5757 2108 5816 Joannes

525 5834 849 5904 evangelista
874 5838 1004 5894 dicit
1032 5858 1044 5893 :
1077 5858 1095 5891 ι
1116 5841 1172 5896 in
1194 5843 1459 5914 principio
1482 5824 1876 5913 cratVerbum,
1894 5859 1947 5905 et
1973 5851 2106 5907 Ver-

2290 4673 2310 4705 r
2342 4653 2409 4708 Et
2435 4655 2524 4726 qui
2553 4656 2702 4713 missi
2732 4656 2969 4723 fuerant,
3001 4669 3160 4715 erant
3185 4675 3261 4716 ex-
3281 4659 3581 4732 pharisieis.
3612 4670 3637 4711 ι
3658 4654 3739 4715 Ac
3758 4658 3817 4715 si

2215 4746 2420 4801 diceret
2448 4765 2461 4801 :
2512 4747 2590 4803 llli
2630 4748 2896 4805 Joannem
2928 4750 2997 4807 de
3027 4751 3142 4807 suis
3172 4749 3805 4821 actibus‘requirebant,

2212 4837 2303 4906 qui
2327 4838 2497 4908 magis
2526 4839 2772 4895 solebant
2790 4841 3094 4897 doctrinam
3119 4843 3559 4914 invidere,quam
3576 4840 3802 4899 imitari.

2287 4945 2305 4977 ι
2338 4927 2407 4982 Et
2441 4929 2912 4999 interrogaverunt
2937 4947 3060 4987 eum
3090 4942 3145 4988 et
3169 4932 3423 4988 dixerunt
3448 4933 3520 4989 ei.
3558 4952 3577 4985 ι
3614 4932 3722 4988 Sed
3746 4932 3813 4988 hi

2210 5017 2304 5087 qui
2328 5018 2483 5074 missi
2510 5020 2750 5088 fuerant,
2782 5024 2909 5093 quia
2941 5025 3008 5081 de
3041 5038 3273 5095 persona
3302 5034 3622 5096 responsum
3649 5038 3815 5081 ποθί

2212 5122 2424 5180 perant,
2457 5114 2622 5169 etiam
2668 5116 2735 5171 de
2762 5117 3066 5172 ministerio
3092 5118 3497 5188 inquisitionem
3528 5116 3806 5173 faciebant

2214 5205 2455 5261 dicentes
2487 5225 2499 5260 :
2535 5224 2553 5257 ι
2590 5206 2731 5274 Quid
2768 5221 2899 5279 ergo
2924 5209 3202 5279 baptizas,
3251 5210 3295 5264 si
3328 5217 3385 5264 tu
3413 5224 3520 5265 non
3555 5220 3615 5265 es
3639 5208 3804 5266 Chri-

2219 5319 2237 5351 ‹
2269 5310 2386 5354 stus
2406 5340 2420 5363 ,
2453 5314 2629 5371 neque
2673 5300 2853 5367 Elias,
2884 5316 3059 5372 neque
3082 5303 3389 5374 propheta?
3420 5323 3439 5356 ι
3472 5304 3551 5359 Ac
3574 5303 3620 5360 si
3651 5302 3805 5358 dice-

2214 5400 2334 5445 rent
2359 5410 2372 5446 :
2406 5389 2571 5460 Cujus
2596 5393 2939 5449 auctoritatis
2966 5409 3043 5460 es,
3069 5404 3124 5450 ut
3150 5408 3344 5451 novam
3371 5394 3675 5451 doctrinam
3703 5402 3804 5448 an-

2211 5486 2341 5542 deas
2362 5489 2576 5551 docere,
2592 5497 2645 5543 et
2660 5488 2961 5543 inauditum
2980 5491 3128 5560 prius
3148 5488 3456 5545 hominibus
3473 5488 3804 5559 baptismum

2213 5579 2372 5647 dare,
2415 5594 2538 5635 cum
2572 5591 2625 5636 tu
2659 5598 2762 5637 non
2799 5584 2874 5638 sis
2904 5584 3181 5650 Christus,
3227 5598 3402 5654 neque
3430 5580 3597 5647 Eiias,
3628 5594 3813 5651 neque

2212 5672 2469 5740 propheta
2493 5674 2518 5726 ?
2548 5673 2615 5730 Et
2637 5676 2784 5744 quia,
2815 5676 3109 5731 secundum
3144 5675 3371 5748 apostoli
3402 5675 3550 5732 Petri
3576 5682 3804 5731 senten-

2212 5762 2342 5815 tiam
2387 5763 2437 5831 (Ι
2462 5761 2607 5817 Petr.
2658 5767 2760 5837 in),
2798 5768 2968 5837 parati
3006 5774 3222 5838 semper
3251 5780 3371 5824 esse
3409 5768 3702 5835 debemus,
3732 5764 3807 5823 ad

2208 5855 2537 5912 reddendam
2588 5859 2855 5915 rationem
2891 5860 3037 5917 omni
3077 5863 3359 5933 poscenti,
3388 5862 3455 5920 de
3500 5877 3566 5919 ea
3593 5876 3713 5933 quae
3742 5859 3805 5916 in
