4038 6352
293 462 364 517 45
1498 464 1800 521 ΗΟΜΙΙΜΕ
1840 466 1857 520 I

1968 463 2312 522 TEMPORE.
2544 490 2547 493 ι
3481 468 3556 529 46

230 596 245 604 ο
292 577 454 633 nobis
479 586 561 632 est
591 568 726 642 ﬁde,
761 585 1110 649 percontatus
1136 578 1370 636 Joannes
1397 596 1494 637 cur
1527 581 1831 654 baptizaret
1850 625 1864 651 ,
1894 585 1944 642 Δ
1972 584 2043 641 ιίε
2076 599 2187 643 suae
2210 591 2449 652 tempora
2472 597 2594 638 eum
2618 597 2724 638 non
2746 590 3119 655 coangustant.
3146 583 3414 651 Quoniam
3455 587 3549 657 qui

292 670 573 739 respondit
598 669 784 725 dicens
808 687 822 723 :

368 778 389 813 ‹
418 761 532 831 Ego
572 761 784 832 baptizo
830 762 884 817 in
924 777 1081 832 aqua.
1121 784 1137 815 ι
1176 758 1276 819 Ubi
1322 767 1617 820 notandum
1660 767 1784 834 quia
1819 766 1872 819 in

289 864 433 920 aqua
480 867 540 906 se
575 852 853 922 baptizare
880 852 1047 919 dixit,
1078 868 1183 909 non
1227 855 1278 908 in
1308 852 1512 925 Spiritu
1533 898 1546 922 ,
1577 856 1702 926 quia
1748 871 1869 911 cor-

285 950 419 1009 pora
450 940 741 1007 abluebat,
783 943 879 997 sed
903 943 1121 1012 peccata
1154 958 1261 998 non
1297 944 1621 1000 dimittebat.
1669 944 1744 1001 De
1767 961 1872 1016 quo

284 1032 549 1101 scriptum
586 1041 713 1089 est:
748 1053 768 1086 ‹
802 1035 933 1089 Erat
959 1033 1194 1091 Joannes
1232 1036 1287 1091 in
1327 1037 1539 1093 deserto
1573 1032 1872 1108 praedicaris

281 1122 614 1193 baptismum
639 1125 1169 1199 pmnitentizeUlfarc.
1195 1128 1255 1199 1).
1284 1148 1300 1179 ι
1324 1128 1391 1182 Ει
1414 1130 1609 1185 iterum
1635 1149 1646 1182 :
1671 1146 1691 1179 ‹
1711 1126 1871 1183 Joan-

281 1228 380 1268 nes
411 1216 711 1285 baptizavit
737 1232 898 1287 aqua,
924 1233 1018 1271 vos
1041 1228 1218 1272 autem
1241 1217 1647 1289 baptizabimini
1666 1216 1868 1287 Spiritu

279 1314 475 1361 sancto
503 1308 642 1379 (Act.
676 1310 737 1379 ι).
776 1329 795 1361 ι
832 1310 1010 1377 Quare
1034 1325 1163 1381 ergo
1194 1310 1537 1380 baptizabat,
1571 1311 1612 1366 si
1646 1320 1868 1380 peccata

276 1411 384 1449 non
426 1398 786 1453 dimittebat?
832 1398 1087 1469 Nunquid
1113 1415 1208 1469 per
1238 1401 1340 1456 hoc
1388 1401 1502 1472 ejus
1541 1402 1865 1470 baptismum

274 1501 514 1542 vacuum
558 1489 881 1544 videbatur?
912 1489 1049 1544 Non.
1103 1490 1366 1546 Nimirum
1398 1501 1458 1547 ut
1484 1494 1867 1564 prtecursionis

275 1593 388 1634 sua:
414 1581 663 1635 ordinem
695 1594 950 1645 servans,
980 1581 1070 1651 qui
1104 1582 1434 1637 nasciturum
1466 1582 1739 1639 Christum
1774 1600 1866 1638 na-

272 1671 484 1725 scendo
516 1676 873 1740 prmvenerat,
906 1673 1307 1741 baptizaturum
1337 1689 1554 1745 quoque
1581 1676 1634 1730 in
1661 1674 1865 1746 Spiritu

269 1761 562 1832 baptizans
605 1764 657 1818 in
701 1780 839 1834 aqua
888 1767 1228 1834 praeveniret.
1279 1766 1411 1820 Nam
1456 1776 1511 1822 et
1554 1764 1864 1824 sacerdotes

269 1850 435 1908 hodie
467 1854 521 1908 in
546 1866 685 1924 aqua
712 1854 986 1926 baptizant
1010 1897 1025 1922 ,
1070 1857 1196 1926 quia
1224 1872 1321 1927 per
1346 1859 1586 1913 exterius
1617 1859 1859 1913 ministe-

1975 684 2096 747 post
2120 691 2205 731 me
2238 683 2395 731 natus
2426 682 2510 729 est
2553 675 2619 729 de
2653 684 2826 730 matre
2854 676 2972 730 sine
2995 682 3150 745 patre
3181 684 3305 730 ante
3328 691 3545 733 omnem

1974 774 2302 832 creaturam,
2334 765 2448 821 sine
2477 765 2584 820 nilo
2607 765 2763 820 initio
2790 768 3002 836 genitus
3032 764 3206 822 estex
3234 774 3390 838 patre
3426 767 3544 823 sine

1972 865 2165 913 matre.
2215 854 2293 911 De
2331 870 2436 926 quo
2470 852 2597 909 alibi
2629 855 2743 924 ipse
2778 853 3011 911 Joannes
3036 858 3149 912 ait:
3180 876 3198 909 ι
3227 856 3311 913 Me
3331 864 3547 928 Oportet

1972 948 2173 1014 minui,
2211 947 2357 1002 illum
2402 955 2578 1002 autem
2607 962 2851 1003 crescere
2883 948 3062 1020 (Joan.
3094 949 3198 1023 ιιι).
3232 969 3250 1002 ι
3297 942 3354 1005 In
3390 949 3545 1021 cujus

1972 1036 2796 1112 comparationismagnitudine,
2821 1056 2982 1111 quam
3006 1057 3063 1098 se
3089 1038 3314 1113 parvum
3336 1045 3545 1109 credat,

1971 1131 2285 1187 manifestat
2322 1133 2657 1204 adjungens:
2693 1152 2710 1184 ι
2747 1131 2910 1201 Cujus
2955 1149 3063 1189 non
3102 1150 3219 1190 sum
3258 1138 3450 1210 dignus
3485 1146 3548 1191 ut

1972 1224 2173 1279 solvam
2211 1224 2327 1295 ejus
2368 1225 2654 1296 corrigiam
2679 1224 3030 1281 calceamenti
3075 1222 3257 1296 (Joan.
3282 1229 3343 1300 ῐ).
3386 1248 3406 1281 ι
3441 1222 3545 1284 Ubi

1970 1317 2421 1372 considerandum
2470 1327 2579 1380 est,
2639 1318 2762 1387 quia
2806 1333 2929 1373 cum
2982 1334 3176 1390 magna
3222 1315 3290 1373 sit
3322 1310 3546 1375 Joannis

1969 1410 2227 1464 sanctitas
2243 1450 2257 1474 ,
2286 1424 2390 1464 non
2421 1411 2597 1464 minor
2621 1410 2736 1479 ejus
2763 1409 3066 1464 declaratur
3090 1410 3385 1465 humilitas.
3410 1412 3544 1466 Cum

1969 1503 2112 1557 enim
2137 1511 2301 1558 tanta:
2323 1504 2626 1559 sanctitatis
2645 1513 2810 1570 esset,
2828 1513 2887 1559 ut
2916 1521 2945 1558 a
2972 1505 3143 1560 turbis
3154 1506 3405 1561 Christus
3424 1521 3545 1562 esse

1967 1602 2267 1662 putaretur,
2302 1602 2463 1649 tanta).
2507 1596 2830 1650 humilitatis
2860 1594 2992 1662 fuit,
3038 1604 3095 1650 ut
3141 1596 3208 1651 ad
3234 1590 3546 1651 solvendam

1967 1685 2083 1755 ejus
2105 1685 2393 1755 corrigiam
2422 1686 2771 1743 calceamenti
2794 1688 3070 1759 indignum
3094 1705 3152 1745 se
3174 1689 3461 1760 judicaret.
3487 1688 3544 1744 Si

1968 1778 2262 1848 spiritalem
2307 1796 2520 1835 sensum
2566 1795 2879 1850 sequamur,
2928 1790 3013 1837 est
3067 1782 3120 1836 in
3160 1782 3391 1853 corrigia
3432 1781 3541 1837 cal-

1966 1874 2230 1928 ceameuti
2255 1913 2269 1938 ,
2301 1873 2530 1944 ligatura
2573 1874 2834 1945 mysterii.
2879 1871 3319 1930 Calceamentum
3345 1874 3543 1947 quippe

268 1944 411 1999 rium
440 1946 835 2016 haptizatorum
861 1963 1085 2018 corpora
1111 1949 1162 2002 in
1191 1964 1327 2018 aqua
1345 1949 1634 2020 intingunt,
1659 1950 1753 2005 sed
1770 1950 1857 2005 ille

1961 1976 2028 2017 ex
2068 1973 2279 2018 mortuo
2324 1963 2384 2018 fit
2420 1965 2700 2019 animanti.
2756 1966 2891 2032 Quia
2930 1966 3073 2020 enim
3114 1966 3543 2022 calceamentum

266 2034 421 2090 solus
450 2036 504 2090 in
534 2036 736 2107 Spiritu
762 2040 1032 2109 baptizat,
1076 2040 1165 2109 qui
1196 2044 1292 2109 per
1320 2038 1579 2110 Spiritum
1609 2053 1854 2097 sanctum

264 2134 499 2194 peccata
545 2128 788 2183 dimittit.
840 2129 916 2185 De
951 2145 1056 2200 quo
1100 2146 1232 2186 voce
1271 2130 1448 2187 Patris
1496 2132 1561 2187 ad
1608 2136 1855 2188 eumdem

263 2214 536 2274 Joannem
568 2221 769 2276 dictum
790 2230 904 2276 est:
936 2240 954 2273 (
981 2221 1156 2293 Super
1181 2239 1340 2293 quem
1376 2225 1575 2279 videris
1596 2226 1854 2296 Spiritum

261 2319 520 2364 sanctum
552 2311 966 2367 descendentem
992 2314 1151 2381 quasi
1173 2314 1477 2369 columbam
1501 2357 1514 2380 ,
1554 2325 1607 2370 et
1636 2330 1857 2371 manen-

259 2410 381 2456 tem
418 2417 582 2470 super
606 2418 730 2456 eum
749 2445 761 2465 ,
789 2405 880 2458 hic
910 2413 993 2458 est
1018 2406 1107 2473 qui
1140 2405 1377 2475 baptizat
1407 2407 1461 2460 in
1491 2405 1694 2477 Spiritu
1729 2424 1855 2462 san-

267 2500 388 2546 cto.
425 2511 443 2543 ι
470 2493 539 2547 Εῑ
565 2492 952 2549 sicutVerhum
967 2495 1309 2564 praedicando
1333 2497 1577 2566 praeibat,
1606 2499 1676 2551 ita
1703 2513 1858 2552 suum

261 2583 607 2653 baptismum
651 2585 705 2638 in
749 2601 855 2653 quo
897 2594 1118 2655 peccata
1163 2602 1268 2641 non
1306 2588 1668 2652 solvebantur,
1718 2589 1860 2644 illius

259 2689 456 2731 verum
485 2676 814 2746 baptismum
837 2677 1178 2744 praeveniret,
1204 2678 1386 2749 inquo
1405 2689 1624 2747 peccata
1653 2680 1859 2733 relaxa-

262 2775 477 2823 rentur.
506 2764 661 2821 Unde
689 2768 987 2822 secundum
1017 2766 1182 2821 alium
1212 2767 1621 2839 evangelistam,
1662 2768 1853 2823 videli-

263 2867 352 2915 cet
398 2858 708 2913 Matthmum
735 2898 749 2923 ,
807 2857 943 2913 bene
971 2859 1318 2929 respondisse
1346 2855 1581 2913 Joannes
1618 2859 1850 2913 dicitur:

269 2970 287 3003 ‹
324 2952 440 3022 Ego
479 2951 697 3020 quidem
730 2965 870 3019 aqua
914 2950 1128 3020 baptizo
1156 2966 1253 3005 vos
1296 2950 1348 3004 in
1388 2949 1759 3019 paenitentiam
1784 2991 1797 3015 ,
1832 2969 1849 3001 ι

266 3050 323 3097 ει
358 3050 483 3113 post
522 3041 778 3111 pusillum
832 3041 1070 3110 adjecit:
1108 3060 1127 3091 ι
1162 3040 1280 3110 Ipse
1325 3055 1419 3096 vos
1466 3041 1763 3110 baptizabit
1804 3040 1854 3094 in

270 3133 475 3203 Spiritu
499 3142 684 3189 sancto
707 3143 761 3188 et
784 3134 892 3204 igni
910 3131 1125 3203 (Matth.
1143 3132 1246 3203 nt).
1276 3152 1293 3184 ι
1315 3132 1457 3202 Ignis
1477 3132 1619 3187 enim
1641 3132 1855 3187 nomine

274 3224 510 3294 Spiritus
547 3235 765 3280 sanctus
805 3225 1141 3296 designatur.
1192 3226 1267 3281 De
1294 3242 1402 3295 quo
1447 3224 1694 3281 Salvator
1738 3226 1849 3279 ait:

280 3335 302 3366 ι
337 3315 515 3385 Ignem
540 3316 660 3370 veni
689 3317 902 3371 mittere
931 3317 985 3369 in
1024 3324 1244 3380 terram,
1281 3324 1337 3370 et
1357 3315 1483 3384 quid
1515 3315 1635 3369 volo
1664 3315 1764 3369 nisi
1792 3322 1849 3367 ut
1879 3304 1923 3366 C

284 3408 473 3460 ardeat
517 3402 665 3477 (Luc.
708 3408 838 3477 xu)?
866 3428 884 3461 ι
928 3407 1039 3464 Νεε
1078 3411 1373 3479 putandum
1402 3416 1487 3463 est
1527 3408 1852 3477 baptismum

279 3496 502 3552 Joannis
527 3514 713 3567 parum
737 3500 1001 3569 profuisse
1030 3502 1363 3566 hominibus,
1393 3500 1484 3571 qui
1510 3500 1609 3555 etsi
1634 3507 1853 3568 peccata

274 3603 384 3643 non
414 3588 733 3656 dimittebat,
761 3606 950 3647 omnes
974 3600 1152 3646 tamen
1175 3592 1265 3661 qui
1294 3591 1362 3645 ab
1384 3589 1477 3645 illo
1507 3589 1854 3659 baptizaban-

271 3690 380 3747 tur,
415 3682 513 3738 sub
541 3684 743 3753 peccati
767 3685 980 3740 vinculo
1019 3683 1358 3739 constrictos
1388 3698 1509 3739 esse
1558 3682 1848 3738 sentiebat.

269 3774 335 3829 Et
357 3776 476 3829 ideo
506 3774 917 3847 Redemptorem
952 3786 1195 3832 nostrum
1227 3786 1280 3833 et
1302 3776 1699 3841 mundatoretn,
1728 3788 1851 3829 mox

267 3866 357 3922 ubi
388 3868 757 3937 apparui‘SSet,
791 3870 881 3938 qui
915 3877 1137 3940 peccata
1166 3868 1441 3923 dimittere
1465 3875 1681 3936 posset,
1709 3881 1853 3935 qua:-

269 3972 386 4012 rcre
436 3974 657 4013 necesse
711 3960 1002 4016 habebant.
1062 3961 1137 4016 De
1175 3976 1282 4031 quo
1322 3974 1454 4014 voce
1501 3959 1851 4029 praecursoris

269 4049 347 4103 sui
377 4049 557 4105 adhuc
587 4051 836 4107 subditur
861 4071 873 4106 :
912 4072 929 4104 ι
957 4050 1164 4108 Medius
1200 4060 1380 4107 autem
1408 4061 1648 4106 vestrum
1673 4052 1849 4117 stetit,

273 4159 290 4190 ι
323 4157 484 4212 quem
507 4159 605 4198 vos
637 4160 743 4199 non
760 4145 930 4200 scitis.
953 4164 972 4196 ›
1001 4144 1228 4200 Medium
1252 4153 1431 4198 autem
1455 4144 1543 4199 hic
1567 4144 1851 4198 Dominum

266 4231 447 4288 Jesum
486 4232 760 4291 Christum
804 4236 965 4301 dicit,
998 4236 1090 4306 qui
1128 4235 1253 4290 dum
1289 4235 1360 4290 sit
1407 4234 1656 4289 excelsus
1693 4244 1854 4304 super

268 4326 444 4379 omnia
475 4367 489 4391 ,
520 4341 587 4381 ex
620 4324 819 4383 Iudaeis
846 4342 1063 4383 carnem
1101 4338 1380 4381 assumens
1400 4367 1414 4392 ,
1446 4326 1587 4381 inter
1608 4325 1853 4380 homines

268 4421 577 4475 conversari
621 4420 873 4492 dignatus
916 4430 1032 4487 est,
1084 4421 1225 4475 sicut
1257 4421 1371 4491 ipse
1416 4420 1492 4473 ait
1535 4418 1848 4488 discipulis:

274 4531 291 4561 ι
317 4511 430 4582 Ego
459 4522 636 4568 autem
668 4515 720 4568 in
754 4513 932 4568 medio
959 4524 1198 4568 vestrum
1240 4527 1356 4567 sum
1397 4512 1535 4566 sicut
1565 4512 1655 4581 qui
1688 4509 1849 4565 mini-

270 4612 408 4657 strat
436 4601 586 4675 (Luc.
611 4604 771 4678 χιιι).
796 4625 814 4657 ›
848 4608 1017 4674 Quem
1059 4602 1292 4659 medium
1324 4604 1570 4667 stetisse,
1616 4616 1720 4657 non
1751 4614 1846 4656 att-

270 4702 369 4747 tem
419 4695 691 4765 cognitum
734 4711 853 4751 esse
905 4695 1035 4750 dicit
1078 4712 1091 4747 :
1139 4694 1263 4766 quia
1314 4708 1411 4764 per
1460 4694 1849 4749 humanitatem

266 4781 575 4839 hominibus
597 4785 681 4839 vel
700 4784 905 4842 Judaeis
932 4785 1162 4841 visibilis
1184 4785 1456 4856 apparuit,
1484 4786 1575 4840 sed
1607 4785 1854 4855 plurimis

176 4881 184 4885 ‘
264 4889 357 4943 per
409 4876 746 4932 divinitatem
798 4879 1106 4949 incognitus
1149 4880 1366 4932 mansit.
1413 4876 1566 4934 Unde
1615 4876 1853 4933 Joannes

265 4965 595 5038 evangeliSta
620 4968 786 5024 dicit:
825 4986 844 5020 ‹
876 4969 933 5023 In
959 4969 1175 5039 prepria
1208 4968 1375 5035 venit,
1401 4977 1458 5023 et
1484 4969 1565 5024 sui
1600 4983 1722 5024 eum
1745 4976 1853 5023 non

265 5067 585 5127 receperunt
611 5058 793 5130 (Joan.
823 5061 923 5131 xi).
958 5082 975 5111 ι
1009 5060 1085 5114 De
1107 5075 1214 5130 quo
1234 5060 1411 5115 adhuc
1433 5060 1684 5114 subditur
1708 5078 1719 5112 :

337 5168 355 5201 ι
389 5148 510 5220 Ipse
531 5159 615 5205 εει
650 5152 741 5220 qui
774 5159 897 5222 post
938 5167 1027 5207 me
1055 5162 1316 5207 venturus
1345 5160 1458 5215 est,
1500 5151 1588 5221 qui
1614 5162 1738 5206 ante
1768 5164 1855 5206 me

269 5260 287 5293 ι
323 5240 505 5298 factus
522 5253 624 5297 est.
653 5263 671 5296 ι
703 5244 857 5311 Quod
884 5251 965 5300 εει
986 5244 1187 5310 dicere,
1217 5250 1338 5312 post
1360 5258 1447 5297 me
1467 5250 1852 5308 venturusest,

265 5333 393 5401 quin
421 5341 544 5402 post
572 5348 659 5389 me
691 5344 852 5390 natus
884 5344 969 5390 est
1008 5344 1127 5405 post
1161 5348 1249 5389 me
1275 5332 1569 5404 praadicare
1600 5332 1849 5402 incipiet,

266 5425 357 5479 sed
380 5435 510 5480 ante
547 5441 635 5481 me
665 5426 870 5491 factus,
913 5428 966 5483 id
996 5437 1080 5482 est
1107 5428 1238 5483 mihi
1272 5427 1531 5499 dignitate
1565 5427 1848 5496 praelatus,

266 5513 319 5570 id
348 5526 435 5571 est
470 5519 828 5588 antepositus.
858 5518 1010 5584 Quod
1041 5527 1220 5572 autem
1252 5519 1349 5583 ait,
1381 5528 1545 5572 «ante
1572 5533 1656 5572 me
1678 5516 1852 5573 factus

265 5625 378 5679 est,
425 5632 449 5666 ι
496 5615 564 5669 ad
605 5614 982 5671 excellentiam
1043 5612 1319 5684 dignitatis
1376 5614 1657 5683 pertinet,
1701 5610 1854 5681 cujus

266 5704 598 5775 prtelationis
650 5722 845 5761 causas
896 5705 1038 5760 idem
1086 5702 1322 5760 Joannes
1364 5704 1491 5759 alibi
1529 5705 1736 5775 aperit,
1769 5704 1852 5759 di-

269 5816 396 5856 cens
427 5820 438 5855 :
481 5818 500 5853 ι
534 5802 671 5871 Quia
692 5803 843 5873 prior
864 5817 950 5857 me
975 5808 1093 5857 erat
1126 5798 1307 5872 (Joan.
1342 5800 1488 5871 111).»
1522 5801 1597 5853 Ac
1630 5800 1674 5854 si
1706 5800 1851 5853 dice-

270 5892 549 5950 ret:Inde
592 5910 679 5951 me
722 5902 846 5964 post
894 5903 1054 5950 natus
1106 5902 1354 5964 supcrat,
1412 5894 1539 5964 quia
1597 5892 1851 5947 nativita-

1957 2053 2121 2123 pedes
2170 2056 2379 2110 munire
2424 2056 2590 2119 solet,
2643 2064 2789 2111 recte
2828 2073 2927 2127 per
2961 2057 3386 2113 calceamentum
3435 2055 3542 2111 Do-

1956 2148 2088 2209 mini
2115 2195 2129 2220 ,
2176 2154 2291 2226 ejus
2318 2155 2666 2211 humanitatis
2696 2156 2995 2211 incarnatio
3021 2154 3356 2227 designatur.
3391 2154 3537 2223 Quo-

1956 2249 2099 2303 niam
2126 2250 2249 2304 Cnm
2273 2246 2559 2306 invisibilis
2587 2252 2727 2307 Deus
2757 2252 2810 2306 in
2843 2252 3090 2319 homine,
3139 2234 3541 2333 quem-assum-

1954 2344 2095 2414 psit,
2137 2342 2307 2398 nobis
2339 2344 2565 2399 visibilis
2613 2346 2893 2416 apparuit,
2949 2345 3101 2415 quasi
3160 2346 3403 2421 calceata
3463 2344 3543 2397 di-

1961 2437 2155 2490 vinitas
2200 2430 2272 2489 ad
2312 2451 2411 2490 nos
2456 2438 2633 2503 venit,
2694 2439 2834 2493 sicut
2880 2439 3146 2508 ipse'per
3197 2422 3541 2513 Psalmistam

1959 2527 2087 2582 dicit
2114 2545 2126 2579 :
2157 2546 2173 2577 ι
2206 2528 2261 2581 In
2283 2527 2568 2583 Idumream
2592 2531 2877 2607 extendam
2907 2529 3330 2603 calceamentum
3360 2545 3537 2585 meum

1959 2617 2131 2690 (Psal.
2175 2619 2307 2693 ιιι).
2337 2640 2357 2673 ι
2393 2620 2619 2699 ldumzea
2653 2629 2866 2685 autem,
2903 2636 3022 2691 qua:
3047 2622 3337 2699 sanguinea
3372 2621 3544 2675 inter—

1957 2718 2219 2778 pretatur,
2280 2696 2546 2782 significat
2586 2712 2839 2787 gentilem
2886 2696 3179 2784 populum,
3233 2713 3323 2784 qui
3372 2711 3542 2777 variis

1955 2801 2283 2857 facinoribus
2321 2812 2664 2872 peccatorum
2702 2805 3319 2876 erattsanguinolentus.
3375 2802 3542 2873 Quasi

1956 2893 2101 2948 enim
2129 2894 2388 2949 Dominus
2414 2896 2468 2950 in
2493 2895 2781 2951 lduuneam
2812 2896 3247 2953 calceamentum
3273 2896 3533 2967 extendit,

1954 2985 2170 3055 quando
2194 3001 2291 3057 per
2316 2982 2705 3044 incarnationis
2731 3004 2843 3044 sua;
2870 2989 3187 3061 mysterium
3207 2990 3458 3061 gentibus
3481 3003 3541 3042 se

1940 3077 2337 3135 .manifestavit.
2365 3078 2469 3133 Sed
2483 3079 2599 3149 ejus
2618 3080 2908 3151 corrigiam
2930 3066 3281 3136 calceamenti
3305 3079 3540 3136 Joannes

1953 3171 2163 3226 solvere
2178 3188 2281 3227 non
2300 3173 2665 3244 praesumpsit,
2682 3173 2808 3244 quia
2824 3172 3213 3229 incarnationis
3224 3172 3342 3242 ejus
3353 3185 3536 3226 secre-

1956 3271 2089 3327 tum,
2120 3260 2353 3332 qualiter
2381 3250 2740 3322 obumbrante
2761 3265 2967 3337 Spiritu
2996 3275 3203 3330 sancto,
3221 3265 3386 3335 Virgo
3407 3279 3535 3319 con-

1955 3355 2177 3433 ceperit,
2211 3370 2310 3410 nec
2340 3348 2453 3429 ipse
2468 3357 2803 3426 perscrutari
2828 3358 3189 3428 pressumpsit,
3210 3344 3308 3426 qui
3334 3370 3458 3410 eum
3485 3355 3541 3408 in

1955 3465 2119 3506 carne
2164 3449 2467 3503 venientem
2513 3448 2678 3501 etiam
2729 3448 2897 3518 digito
2945 3446 3530 3509 dentonstravit.,AIta

1956 3542 2099 3596 enim
2145 3549 2200 3595 et
2241 3522 2612 3609 inscr‘utabili'a
2654 3547 2781 3594 sunt
2825 3546 3165 3595 sacramenta
3211 3536 3529 3599 divinitatis,

1956 3647 2058 3687 nec
2089 3645 2152 3685 ea
2186 3629 2493 3684 mortalium
2515 3629 2807 3706 quisquam
2836 3628 3142 3683 discurrere
3168 3635 3370 3699 potest,
3394 3625 3536 3680 sicut

1956 3740 2053 3794 per
2094 3724 2414 3794 prophetam
2462 3722 2696 3777 dicitur:
2731 3740 2749 3772 ι
2785 3720 3200 3776 Generatienem
3241 3718 3384 3787 illius
3415 3717 3538 3788 quis

1955 3813 2231 3869 enarrabit
2270 3813 2403 3884 (Isa.
2441 3812 2603 3883 un)?
2634 3833 2651 3864 ι
2688 3802 2857 3882 Hujus
2885 3796 3291 3867 inscrtitabilem
3323 3807 3533 3879 profun-

1956 3904 2179 3960 ditatem
2202 3905 2583 3959 considerabat
2603 3902 2802 3958 Paulus
2822 3902 3117 3974 apostolus,
3138 3918 3260 3958 cum
3283 3902 3496 3957 dicebat
3523 3919 3534 3952 :

1962 4017 1980 4049 ι
2012 3995 2056 4053 Ο
2091 3995 2317 4051 altitudo
2355 3995 2667 4050 divitiarum
2716 3995 2997 4065 sapientiae
3045 4004 3100 4048 et
3145 3994 3386 4049 scientiae
3414 3990 3533 4057 Dei,

1957 4105 2121 4165 quam
2152 4086 2715 4159 incomprehensibilia
2743 4094 2868 4141 sunt
2889 4085 3094 4156 ju'dicia
3126 4086 3264 4165 ejus,
3292 4092 3347 4139 et
3374 4099 3536 4153 quam

1958 4164 2357 4252 investigabiles
2386 4180 2486 4234 via:
2519 4178 2667 4247 ejus!
2700 4178 2832 4246 Quis
2858 4179 3003 4234 enim
3033 4164 3287 4249 cogﬁovit
3316 4192 3533 4232 sensum

1955 4276 2210 4334 Domini?
2239 4283 2332 4329 aut
2355 4274 2474 4344 quis
2497 4273 2839 4329 consiliarius
2870 4273 2987 4342 ejus
3011 4272 3114 4328 fuit
3134 4270 3314 4346 (Rom.
3342 4271 3491 4342 xw)?
3514 4292 3531 4322 ι

1955 4372 2022 4426 Ει
2050 4370 2374 4429 Psalmista:
2408 4386 2427 4419 ί
2464 4368 2636 4436 Quam
2666 4368 3010 4442 magniﬁcata
3038 4375 3170 4441 sunt
3205 4380 3369 4435 opera
3412 4374 3537 4427 tua,

1956 4465 2181 4521 Domine
2215 4461 2385 4537 (Psal.
2414 4464 2539 4537 xc)!
2575 4484 2595 4518 ι
2621 4463 2717 4519 Est
2741 4477 2957 4533 quoque
2989 4470 3044 4517 et
3077 4463 3129 4516 in
3163 4460 3394 4527 corrigia
3428 4458 3540 4511 cal-

1956 4560 2221 4617 ceamenti
2271 4559 2417 4614 aliud
2467 4559 2611 4629 quod
2652 4556 2986 4613 considerari
3027 4553 3298 4610 subtiliter
3336 4558 3534 4619 potest.

1876 4661 1930 4722 1)
1955 4651 2298 4707 Consuetudo
2320 4650 2464 4705 enim
2494 4648 2596 4705 fuit
2622 4648 2763 4718 apud
2790 4654 2999 4702 veteres
3024 4653 3083 4700 ut
3101 4644 3146 4698 si
3165 4642 3288 4712 quis
3310 4656 3536 4697 uxorem

1956 4744 2139 4801 fratris
2169 4743 2411 4799 defuncti
2451 4742 2697 4812 accipere
2735 4738 2930 4807 nollet,
2976 4736 3067 4791 ille
3096 4733 3212 4803 ejus
3248 4732 3537 4805 corrigiam

1957 4835 2307 4892 calceamenti
2354 4834 2626 4897 solveret,
2670 4831 2763 4900 qui
2814 4830 2881 4884 ad
2929 4828 3072 4884 hanc
3116 4825 3537 4899 prepinquitatis

1951 4931 2077 5001 jure
2106 4944 2338 5000 sponsus
2369 4928 2652 4983 accederet
2674 4967 2689 4991 ,
2745 4933 2801 4981 et
2844 4925 2913 4980 ob
2954 4924 3097 4979 hanc
3142 4936 3363 4978 causam
3394 4918 3537 4973 illius

1959 5026 2183 5088 domus,
2232 5020 2540 5077 discalceati
2590 5018 2779 5075 domus
2827 5016 3192 5089 appellaretur
3236 5015 3289 5068 in
3336 5011 3537 5076 Israel,

1961 5115 2101 5172 sicut
2138 5113 2385 5184 exemplo
2424 5112 2569 5167 Ruth
2611 5110 2918 5167 Moabitidis
2957 5110 3236 5165 discimus.
3289 5106 3537 5163 Christus

1962 5218 2140 5263 autem
2168 5208 2310 5262 inter
2335 5205 2581 5260 homines
2609 5212 2811 5259 sancta:
2838 5202 3094 5257 Ecclesia:
3118 5214 3346 5271 sponsus
3376 5211 3538 5268 appa-

1962 5305 2103 5369 ruit,
2146 5304 2287 5358 sicut
2324 5315 2421 5371 per
2450 5299 2712 5371 psalmum
2746 5298 2983 5354 dicitur:
3015 5316 3033 5349 ι
3066 5296 3343 5365 Tanquam
3378 5302 3539 5363 spon;

1961 5416 2056 5458 sus
2102 5398 2401 5471 procedens
2449 5397 2516 5452 de
2566 5396 2801 5451 thalamo
2850 5409 2949 5449 suo
2985 5391 3158 5465 (Psal.
3187 5388 3363 5459 xvnt).
3397 5406 3416 5437 ι
3473 5385 3539 5438 Ει

1961 5492 2101 5548 idem
2131 5490 2405 5545 Joannes:
2443 5507 2461 5540 ι
2492 5488 2592 5556 Qui
2637 5488 2798 5541 habet
2836 5499 3124 5556 sponsam,
3173 5490 3400 5550 sponsus
3430 5486 3532 5531 est.

1958 5585 2180 5640 Amicus
2210 5598 2337 5639 vero
2365 5584 2581 5653 sponsi,
2621 5583 2713 5652 qui
2753 5590 2860 5637 stat
2893 5588 2949 5633 et
2977 5577 3124 5632 audit
3153 5589 3275 5630 eum
3297 5615 3310 5638 ,
3343 5570 3537 5642 gaudio

1959 5681 2156 5751 gaudet
2203 5690 2423 5751 propter
2465 5694 2650 5735 vocem
2683 5678 2863 5749 sponsi
2897 5675 3076 5747 (Joan.
3106 5670 3210 5739 in).
3236 5688 3252 5718 ι
3290 5666 3438 5721 Unde
3484 5674 3539 5719 et

1960 5772 2073 5841 ipse
2105 5774 2361 5829 Dominus
2404 5775 2481 5827 ait
2526 5775 2577 5828 in
2616 5768 2943 5840 Evangelio:
2978 5785 2995 5815 ι
3028 5761 3278 5832 Nunquid
3312 5768 3531 5831 possunt

1962 5870 2055 5925 lilii
2082 5868 2265 5939 sponsi
2286 5867 2558 5939 jejunare,
2592 5863 2826 5936 quandiu
2858 5872 2981 5916 cum
3008 5857 3115 5913 illis
3148 5864 3231 5911 est
3265 5868 3495 5925 sponsus
3517 5850 3545 5905 ἵ
