4038 6352
498 425 568 477 "
1135 424 1482 482 HAYMONIS
1521 427 1879 482 HALBERST
1884 429 1994 483 AT.
2029 427 2238 485 EPISC.
2277 429 2424 483 OPP.
2463 429 2639 484 PARS
2678 430 2742 483 ll.
2779 458 2848 468 —
2886 429 3120 484 HOMIL.

3668 438 3759 494 48

499 535 711 608 (Matth.
737 538 845 607 ιιι.)
874 555 894 589 ι
929 537 1061 591 Cum
1089 544 1267 591 autem
1299 537 1451 592 mirae
1475 539 1774 594 sanctitatis
1796 539 2061 598 Joannem
2088 549 2140 606 Α
2165 547 2249 592 est
2288 539 2339 593 in
2382 548 2536 596 utero
2579 539 2783 596 habens
2823 540 2890 594 de
2929 539 3134 609 Spiritu
3174 551 3381 600 sancto.
3413 565 3432 596 ι
3485 547 3606 614 Quo
3643 567 3757 606 or-

496 629 742 684 homines
771 635 1082 692 cernerent,
1126 643 1248 683 eum
1289 629 1433 684 hunc
1465 628 1740 684 Christum
1775 640 2060 700 putarent,

493 717 648 786 quasi
689 726 887 773 saneta:
927 713 1180 773 Ecclesiae
1223 733 1478 788 sponsum
1515 720 1735 776 credere
1779 721 2057 787 volebant,

492 809 635 864 sicut
668 810 737 866 de
767 824 832 864 eo
863 809 1120 864 Dominus
1155 810 1264 864 ait:
1301 811 1408 868 Vos
1434 813 1656 868 venistis
1686 813 1749 867 ad
1775 812 2056 880 Joannem,

491 909 546 956 et
573 901 818 959 voluistis
848 901 1120 957 exsultare
1155 902 1210 956 in
1246 903 1461 958 nomine
1489 903 1625 973 ejus.
1685 904 1788 960 Sed
1826 904 2060 962 Joannes

490 992 558 1046 ad
606 991 893 1062 corrigiam
935 992 1284 1046 ealceamenti
1326 993 1636 1048 solvendam
1683 994 1955 1065 indignum
2000 1012 2058 1053 se

488 1083 652 1148 dicit,
693 1083 820 1152 quia
854 1096 975 1136 cum
1008 1098 1066 1137 se
1091 1081 1396 1148 Christum,
1439 1085 1580 1154 quod
1620 1087 1909 1154 putabatur
1937 1102 2057 1142 esse

486 1175 729 1245 negavit,
762 1175 942 1244 sponsi
971 1189 1166 1231 nomen
1196 1176 1494 1232 immeritus
1522 1193 1627 1232 non
1655 1181 1959 1249 usurpavit,
1995 1195 2058 1235 ac

481 1280 578 1335 per
606 1266 710 1320 hoe
739 1279 800 1321 se
824 1281 947 1321 esse
974 1281 1231 1337 sponsum
1267 1279 1466 1324 sanetae
1491 1271 1746 1326 Ecclesiae
1763 1313 1778 1336 ,
1816 1274 2052 1343 negavit.

481 1355 560 1408 Ac
593 1355 642 1409 si
680 1355 920 1412 diceret:
959 1355 1075 1411 Non
1111 1373 1228 1413 sum
1266 1374 1364 1431 ego
1401 1376 1660 1431 sponsus,
1711 1363 1804 1416 sed
1849 1363 2055 1418 amicus

480 1447 685 1515 sponsi.

556 1555 575 1586 ‹
605 1536 728 1593 Haec
760 1537 814 1592 in
842 1536 1103 1594 Bethania
1128 1538 1272 1596 facta
1301 1549 1427 1597 sunt
1455 1551 1604 1598 trans
1626 1542 1939 1611 Jordanem,
1962 1544 2052 1600 ubi

484 1644 502 1675 ε
535 1636 654 1681 erat
681 1627 920 1686 Joannes
945 1629 1243 1700 baptizans.
1275 1649 1294 1683 ι
1342 1630 1633 1687 Bethanias
1664 1633 1796 1690 duas
1831 1649 1951 1691 esse
1976 1636 2053 1689 le-

476 1717 692 1785 gimus:
723 1725 806 1774 est
832 1733 1066 1788 namque
1090 1721 1350 1776 Bethania
1396 1723 1451 1776 in
1497 1723 1666 1778 latere
1711 1727 1913 1780 montis
1941 1726 2050 1782 Oli-

475 1808 612 1873 veti,
647 1807 738 1863 ubi
765 1809 1031 1865 Dominus
1057 1810 1322 1865 Lazarum
1353 1814 1663 1880 suscitavit,
1716 1817 1832 1885 ipsa
1869 1826 1952 1872 est
1993 1826 2049 1873 et

2171 629 2325 694 dine,
2371 629 2456 684 vel
2501 631 2554 684 in
2597 645 2702 700 qua
2745 630 2961 685 civitate
3005 631 3075 685 sit
3119 632 3386 689 celebrata
3428 639 3750 708 conceptio,

2162 716 2338 772 Lucas
2381 719 2704 786 evangelista
2751 720 3078 776 sufﬁcienter
3118 723 3353 792 exponit.
3411 726 3564 794 Quod
3605 732 3746 800 quia

2161 819 2353 865 vestrm
2388 811 2659 866 sanctitati
2682 821 2894 867 constat
2916 828 3036 868 esse
3058 815 3417 882 notissimum,
3445 819 3743 878 dicendum

2160 909 2242 956 est
2279 903 2464 971 paucis
2485 903 2552 956 de
2576 904 2660 958 his
2680 920 2800 974 quae
2824 905 3106 961 Ma‘tthteus
3138 907 3346 963 scribit.
3395 909 3744 969 Notandum-

2159 1005 2262 1060 que
2301 991 2357 1046 in
2392 993 2601 1062 primis,
2643 994 2698 1048 in
2737 1009 2801 1048 eo
2841 995 2984 1064 quod
3023 996 3120 1060 ait,
3160 1016 3179 1049 ι
3214 1006 3504 1069 antequam
3532 1016 3741 1058 conve-

2159 1081 2355 1148 nirent,
2385 1101 2404 1134 ι
2451 1084 2616 1138 verbo
2643 1086 2992 1141 conveniendi
3026 1103 3134 1143 non
3159 1089 3334 1158 ipsum
3358 1094 3734 1162 concubitum,

2157 1172 2251 1226 sed
2290 1173 2618 1243 nuptiarum,
2661 1191 2779 1245 quae
2819 1177 3124 1247 praecedere
3166 1179 3361 1246 solent,
3405 1191 3618 1253 tempus
3649 1185 3734 1239 in-

2156 1265 2424 1331 sinuatur,
2485 1267 2698 1336 quando
2744 1284 2806 1323 ea
2849 1285 2969 1338 qua:
3011 1270 3159 1340 prius
3206 1282 3460 1341 sponsata
3511 1275 3728 1341 fuerat,

2155 1367 2274 1408 esse
2301 1354 2494 1424 eonjux
2525 1355 2733 1425 incipit.
2757 1356 2898 1427 Ergo
2929 1376 2948 1408 ‹
2977 1366 3264 1428 antequam
3299 1363 3678 1430 convenirent,
3703 1385 3724 1417 ι

2155 1445 2313 1511 dicit,
2358 1455 2648 1516 antequam
2691 1449 2999 1518 nuptiarum
3043 1450 3302 1506 solemnia
3341 1453 3443 1508 rite
3486 1455 3730 1510 celebra-

2153 1547 2312 1604 rent,
2369 1557 2390 1590 ‹
2445 1538 2662 1593 inventa
2709 1548 2792 1594 est
2844 1541 2897 1595 in
2951 1550 3107 1597 utero
3152 1543 3355 1600 habens
3400 1545 3467 1600 de
3521 1545 3727 1616 Spiritu
3792 1540 3799 1611 ξ

2151 1638 2356 1685 saneto.
2392 1649 2411 1681 ι
2468 1631 2744 1700 Siquidem
2786 1642 3085 1689 memorato
3125 1635 3313 1690 ordine
3357 1645 3544 1706 postea
3589 1654 3724 1694 con-
3769 1638 3783 1652 ’

2150 1729 2435 1787 venerunt,
2475 1722 2690 1790 quando
2727 1721 2927 1793 Joseph
2966 1725 3033 1779 ad
3075 1736 3402 1796 praeceptum
3429 1731 3605 1800 angeli
3633 1747 3724 1786 ae-

2149 1813 2293 1882 cepit
2325 1814 2606 1884 conjugem
2645 1831 2818 1880 suam,
2859 1816 2953 1871 sed
2985 1832 3091 1872 non
3119 1819 3566 1887 concumbebant,
3593 1824 3722 1892 quia

473 1899 766 1974 Betphage.
809 1902 906 1958 Est
933 1911 987 1958 et
1012 1902 1114 1957 alia
1143 1905 1398 1960 Bethania
1431 1916 1578 1962 trans
1603 1907 1920 1973 Jordanem.
1956 1912 2030 1967 ub.

2146 1904 2410 1972 sequitur,
2446 1923 2463 1954 ι
2497 1912 2553 1959 et
2593 1919 2700 1960 non
2744 1908 3104 1976 cognoscebat
3140 1923 3282 1963 eam.
3317 1929 3336 1960 ι
3386 1910 3607 1967 Inventa
3637 1922 3722 1968 est

472 2001 591 2046 erat
633 1991 868 2051 Joannes
918 1996 1231 2066 baptizans,
1288 2007 1342 2053 et
1390 1999 1480 2054 ubi
1529 2001 1645 2056 haec
1691 2001 1835 2058 facta
1877 2004 2043 2059 fuisse

472 2081 800 2139 referuntur.
852 2088 928 2142 De
955 2103 1060 2156 qua
1091 2090 1232 2144 idem
1267 2089 1501 2147 Joannes
1537 2095 1865 2165 evangelista
1897 2112 2044 2151 com-

469 2184 756 2242 memorat,
773 2176 957 2232 dicens
982 2195 997 2231 :
1028 2198 1046 2230 ς
1077 2180 1203 2233 Erat
1221 2179 1456 2237 Joannes
1479 2183 1756 2253 baptizans
1786 2186 1842 2240 in
1862 2186 2042 2242 Ᾰίιιοιι

470 2262 616 2319 iuxta
656 2263 867 2333 Salim,
921 2283 987 2322 eo
1033 2270 1177 2338 quod
1226 2281 1407 2326 essent
1456 2273 1529 2327 ibi
1578 2289 1731 2343 aquae
1780 2277 1978 2331 multae.
2017 2297 2036 2329 ι

468 2352 834 2422 Spiritualiter
855 2364 1037 2412 autem
1063 2359 1324 2415 Bethania
1353 2363 1406 2415 in
1433 2372 1617 2418 nostra
1647 2365 1827 2436 lingua
1855 2366 2039 2421 domus

466 2445 770 2502 obedientite
817 2449 1226 2519 interpretatur.
1282 2451 1512 2508 Pulchre
1562 2471 1691 2525 ergo
1737 2471 2040 2525 praecursor

470 2533 679 2592 Domini
713 2537 770 2593 in
799 2536 1059 2594 Bethania
1085 2581 1100 2606 ,
1145 2557 1267 2611 quae
1311 2541 1495 2598 domus
1535 2545 1835 2601 obedientice
1873 2548 2038 2602 inter-

474 2634 716 2693 pretatur
739 2665 756 2692 ,
799 2629 1077 2698 baptizare
1104 2631 1324 2696 dicitur,
1351 2633 1431 2686 uti
1471 2635 1770 2705 intelligant
1794 2639 2038 2693 homines

461 2715 589 2782 quia
615 2716 662 2770 si
689 2732 722 2770 a
748 2729 972 2787 peccato
999 2719 1278 2790 originali,
1320 2722 1463 2790 quod
1491 2737 1588 2792 per
1616 2724 2032 2781 inobedientiam

467 2807 622 2860 mimi
651 2809 889 2865 hominis
909 2811 1150 2881 contigit,
1175 2813 1380 2867 absolvi
1407 2814 1740 2881 desiderant,
1767 2819 2034 2873 submisso

463 2912 691 2966 corpore
714 2909 770 2953 et
796 2902 1014 2957 credulo
1045 2903 1206 2958 corde
1237 2904 1491 2974 baptismi
1521 2917 1920 2972 sacramentum
1949 2925 2035 2964 su-

462 2987 672 3057 scipere
704 2990 917 3046 debent.
971 2993 1232 3060 Quoniam
1279 2996 1421 3050 sicut
1465 2997 1542 3050 ait
1587 2997 1834 3053 Salvator
1862 3000 2026 3055 alibi:

465 3097 482 3128 ι
511 3078 624 3135 Nisi
654 3081 776 3150 quis
801 3093 1021 3138 renatus
1045 3082 1209 3138 fuerit
1239 3101 1306 3140 ex
1331 3101 1469 3156 aqua
1503 3098 1556 3142 et
1591 3089 1791 3158 Spiritu
1819 3100 2025 3156 sancto,

461 3184 565 3225 non
612 3179 789 3242 potest
835 3173 1059 3230 introire
1109 3175 1163 3228 in
1210 3191 1432 3248 regnum
1482 3179 1579 3233 Dei
1625 3179 1818 3249 (Joan.
1868 3182 1972 3253 ιιι).
2004 3202 2022 3232 ι

2144 2004 2324 2050 autem
2368 1997 2420 2050 in
2463 2005 2615 2051 utero
2655 1997 2877 2063 habens,
2924 2015 2956 2054 a
2992 2000 3137 2056 nullo
3177 2001 3284 2056 alio
3307 2017 3468 2072 quam
3494 2003 3716 2076 Joseph,

2142 2089 2233 2158 qui
2261 2089 2479 2144 licentia
2507 2089 2742 2143 maritali
2769 2090 2962 2146 futura:
2997 2093 3188 2148 'uxoris
3227 2110 3366 2164 pene
3399 2098 3581 2151 omnia
3622 2113 3718 2152 no-

2143 2186 2314 2243 verat,
2354 2178 2582 2247 ideoque
2619 2187 2915 2234 tumentem
2956 2178 3072 2248 ejus
3108 2192 3322 2238 uterum
3348 2199 3474 2239 mox
3499 2185 3716 2242 curioso

2144 2269 2497 2338 deprehendit
2521 2270 2740 2324 intuitu.
2772 2270 3066 2340 Sequitur:

2217 2381 2235 2413 ι
2269 2362 2469 2434 Joseph
2512 2373 2694 2419 autem
2739 2365 2822 2419 vir
2868 2367 3015 2436 ejus,
3064 2382 3186 2422 eum
3226 2382 3373 2426 esset
3404 2371 3611 2440 justus,
3653 2386 3711 2432 et

2145 2473 2164 2505 ί
2193 2455 2357 2510 nollet
2409 2470 2529 2510 eam
2582 2459 2899 2524 traducere,
2965 2459 3131 2514 voluit
3183 2462 3393 2518 occulte
3441 2465 3713 2522 dimittere

2145 2563 2162 2595 ‹
2193 2559 2329 2598 eam.
2369 2565 2387 2596 ι
2421 2543 2620 2601 Videns
2658 2555 2839 2602 autem
2872 2546 3072 2619 Joseph
3107 2565 3358 2619 sponsam
3397 2557 3710 2626 concepisse

2139 2652 2312 2703 suam,
2359 2653 2519 2709 quam
2562 2639 2700 2695 bene
2739 2650 2964 2697 noverat
3009 2657 3038 2696 a
3078 2643 3224 2700 nullo
3262 2645 3379 2700 viro
3418 2645 3587 2703 fuisse
3631 2663 3700 2705 at-

2140 2738 2360 2794 tactam,
2386 2745 2509 2784 cum
2534 2740 2680 2786 esset
2695 2733 2874 2801 justus
2897 2742 2951 2788 et
2969 2733 3115 2804 juste
3139 2737 3320 2792 omnia
3339 2737 3498 2795 vellet
3526 2755 3707 2812 agere,

2135 2820 2396 2888 optimum
2429 2821 2589 2876 duxit
2626 2831 2686 2878 ut
2725 2839 2900 2893 neque
2942 2826 3045 2881 hoc
3088 2826 3207 2882 aliis
3232 2830 3508 2899 proderet,
3535 2849 3708 2904 neque

2137 2911 2251 2980 ipse
2314 2926 2436 2967 eam
2485 2915 2756 2986 acciperet
2801 2931 3070 2984 uxorem;
3118 2921 3212 2974 sed
3255 2931 3459 2978 mutato
3500 2927 3708 2982 occulte

2136 3001 2443 3070 nuptiarum
2501 3007 2812 3075 proposito,
2878 3010 2932 3063 in
2991 3011 3296 3069 conditione
3335 3031 3454 3070 eam
3498 3034 3706 3088 sponsae

2135 3107 2352 3147 manere
2393 3103 2686 3165 pateretur,
2725 3108 2946 3153 uterat.
2992 3100 3128 3156 Nam
3153 3113 3207 3158 et
3231 3106 3284 3159 in
3309 3105 3446 3161 Isaia
3473 3107 3698 3180 legerat,

2135 3182 2399 3253 virginem
2435 3185 2501 3239 de
2535 3185 2694 3242 domo
2735 3187 2908 3244 David
2947 3206 3067 3247 esse
3103 3205 3482 3265 concepturam
3518 3208 3573 3253 et
3605 3217 3700 3269 pa-

464 3260 706 3319 lordanis
732 3274 914 3321 autem
939 3267 1214 3323 descensus
1236 3285 1415 3324 eorum
1441 3271 1867 3342 interpretatur:
1897 3291 2030 3345 quo-
2058 3251 2104 3315 Ο
2134 3272 2360 3328 rituram
2388 3273 2554 3330 Deum
2574 3316 2589 3342 ,
2634 3278 2698 3332 de
2734 3293 2840 3348 qua
2875 3281 3037 3336 etiam
3072 3285 3226 3339 domo
3262 3296 3484 3342 noverat
3527 3305 3696 3359 genus

459 3369 618 3421 rum,
664 3356 768 3412 nisi
814 3359 1257 3428 baptizatorum?
1305 3365 1461 3433 quasi
1507 3366 1650 3420 enim
1697 3367 1752 3421 in
1797 3368 2029 3427 Jordane

455 3444 803 3515 baptizantur
827 3449 1093 3517 homines,
1123 3454 1248 3523 quia
1280 3463 1565 3526 antequam
1594 3457 1662 3512 ad
1700 3459 2026 3530 baptismum

457 3538 707 3608 veniant,
748 3542 843 3597 ﬁlii
879 3544 974 3598 ira:
1009 3555 1063 3600 et
1100 3546 1193 3600 ﬁlii
1222 3547 1418 3603 diaboli
1453 3559 1579 3604 sunt
1620 3565 1634 3602 :
1671 3555 1764 3608 sed
1807 3571 1928 3610 eum
1971 3558 2026 3611 in

453 3633 779 3702 baptismum
805 3638 1161 3705 descendunt,
1183 3641 1630 3697 descendentibus
1655 3645 1908 3712 peccatis,
1931 3645 2025 3701 lilii

453 3722 604 3788 pacis
627 3731 684 3778 et
707 3723 804 3778 lilii
830 3726 924 3780 Dei
951 3741 1048 3796 per
1072 3729 1411 3797 ad0ptionem
1436 3731 1746 3787 ascendunt.

1015 3862 1293 3921 HOMILIA
1334 3865 1459 3922 Vlll.

769 3985 824 4025 ΙΝ
858 3985 1076 4028 νιςιιιιδ
1111 3990 1459 4034 NATIVJTATIS
1497 3994 1702 4035 DOIINI.

521 4076 760 4146 (Mum.
790 4081 906 4170 t.).¢
943 4084 1002 4140 lu
1029 4085 1120 4142 illo
1153 4096 1392 4160 tempore
1417 4131 1432 4157 ,
1465 4107 1590 4148 cum
1624 4105 1766 4151 esset
1790 4097 2020 4170 despon-

457 4187 475 4219 ι
509 4178 626 4224 sata
654 4182 832 4230 mater
859 4174 988 4233 Jesu
1020 4179 1188 4235 Maria
1220 4181 1453 4255 Joseph,
1498 4195 1783 4260 antequam
1823 4208 2020 4249 conve-

452 4277 471 4310 ι
503 4260 723 4329 nirent,
768 4263 983 4323 inventa
1033 4280 1116 4326 est
1159 4271 1211 4326 'm
1260 4281 1410 4330 utero
1457 4278 1663 4334 habens
1709 4282 1772 4335 de
1818 4279 2020 4351 Spiritu

451 4369 469 4400 ι
501 4361 709 4420 saneto,
728 4373 748 4406 ι
769 4364 823 4411 et
847 4358 1073 4428 reliqua.
1098 4360 1230 4416 Cum
1243 4365 1576 4421 nativitatem
1590 4369 1822 4435 Domini,
1838 4372 2022 4426 etSal-

441 4442 645 4498 vatoris
673 4447 844 4502 nostri
870 4446 996 4503 Jesu
1023 4448 1242 4518 Christi,
1269 4469 1373 4522 qua
1413 4464 1645 4512 aaternus
1665 4469 1788 4514 ante
1827 4461 2020 4515 saecula

443 4533 539 4588 Dei
587 4535 797 4605 Filius,
861 4540 1096 4597 hominis
1151 4559 1217 4598 ex
1271 4554 1506 4615 tempore
1556 4548 1698 4604 illius
1747 4554 2013 4621 apparuit.

441 4628 722 4688 Matthaeus
742 4636 1072 4704 evangelista
1102 4637 1252 4694 brevi
1281 4613 1497 4709 quidem
1526 4613 1794 4709 sermone,
1815 4613 1912 4701 sed
1943 4647 2012 4703 ab
2043 4613 2093 4670 υ

439 4718 711 4775 Abraham
735 4739 903 4793 usque
926 4727 992 4781 ad
1016 4726 1214 4800 Joseph
1251 4730 1426 4786 virum
1450 4731 1630 4788 Maria:
1647 4737 2006 4804 perduxisset,

439 4825 732 4883 omnesque
769 4821 1038 4874 communi
1084 4823 1329 4879 humanae
1367 4826 1659 4882 ereationis
1695 4827 1882 4883 ordine
1920 4845 2010 4899 ge-

441 4903 583 4956 nitos
619 4903 780 4960 simul
820 4915 876 4960 et
914 4909 1233 4978 generalites
1271 4919 1618 4986 ostendisset,
1644 4937 1765 4976 mox
1794 4923 1858 4977 de
1891 4923 2006 4993 ipsa

439 4991 737 5060 locuturus,
776 5006 1038 5065 quantum
1077 5002 1191 5071 ejus
1234 5010 1512 5074 generatio
1548 5024 1577 5063 a
1605 5013 1813 5065 caeteris
1842 4991 2007 5068 dista-

438 5090 540 5146 ret,
566 5085 810 5152 aperuit:
835 5089 959 5158 quia
981 5091 1232 5150 videlicet
1253 5101 1432 5152 caeteri
1458 5115 1555 5169 per
1577 5098 2006 5167 eonjunctionem

438 5172 604 5228 maris
639 5185 698 5230 et
730 5176 943 5236 feminae
973 5185 1204 5252 solitam,
1242 5188 1354 5257 ipse
1386 5201 1564 5247 autem
1590 5208 1687 5262 per
1720 5194 2004 5264 virginem,

435 5271 621 5354 utpote
658 5265 828 5325 Filius
861 5271 958 5329 Dei
993 5287 1310 5333 nasceretur
1364 5281 1417 5334 in
1460 5285 1736 5338 mundum.
1783 5285 1848 5339 Et
1888 5287 2006 5354 qui-

435 5351 556 5408 dem
595 5355 824 5414 deeebat
864 5364 1114 5421 omnibus
1152 5369 1358 5434 modis,
1405 5381 1462 5425 ut
1501 5389 1620 5427 eum
1665 5375 1806 5430 Deus
1844 5351 2024 5432 homo-

432 5457 654 5519 propter
697 5453 943 5512 homines
981 5457 1098 5512 ﬁeri
1141 5461 1322 5528 vellet,
1349 5480 1454 5519 non
1496 5482 1563 5520 ex
1604 5469 1706 5523 alia
1744 5486 1904 5540 quam
1934 5473 2000 5527 de

432 5539 638 5608 virgine
679 5555 1015 5612 nasceretur,
1040 5563 1162 5602 cum
1188 5550 1451 5621 virginem
1491 5539 2000 5624 generareicontin-

433 5635 619 5696 geret,
664 5649 770 5689 non
815 5635 1018 5702 alium,
1069 5655 1229 5708 quam
1272 5643 1361 5712 qui
1411 5644 1551 5702 Deus
1597 5659 1778 5718 esset,
1830 5652 1997 5708 ﬁlium

429 5730 758 5786 procrearet.
801 5745 820 5775 ι
849 5725 983 5782 Cum
1023 5742 1166 5785 esset
1204 5732 1420 5805 (inquit)
1465 5738 1785 5808 desponsata
1828 5755 2000 5800 mater

430 5807 556 5867 Jesu
599 5813 765 5871 Maria
800 5817 1018 5890 Joseph,
1059 5834 1345 5895 antequam
1385 5833 1750 5900 convenirent,
1782 5837 1996 5892 inventa

2131 3364 2351 3422 duxisse
2394 3367 2636 3435 Mariam,
2679 3379 2843 3442 atque
2887 3374 3008 3430 ideo
3044 3392 3150 3432 non
3187 3378 3522 3436 discredebat
3559 3382 3611 3436 in
3637 3398 3700 3439 ea

2130 3459 2464 3527 prophetiam
2505 3460 2645 3516 hanc
2686 3462 2854 3519 fuisse
2895 3467 3284 3538 complendam.
3345 3470 3451 3527 Sed
3497 3473 3543 3528 si
3583 3489 3698 3528 eam

2129 3546 2385 3602 voluisset
2424 3550 2634 3604 occulte
2673 3551 2967 3620 dimittere,
3012 3572 3195 3626 neque.
3230 3560 3479 3630 accipere
3516 3563 3698 3632 conju-

2128 3651 2267 3706 gem,
2303 3646 2358 3692 et
2392 3637 2484 3692 illa
2520 3654 2719 3709 sponsa
2755 3653 2991 3712 pareret,
3035 3647 3288 3703 nimirum
3315 3651 3471 3720 pauci
3497 3663 3696 3720 essent,

2126 3729 2218 3797 qui
2257 3744 2377 3783 eam
2409 3730 2695 3802 virginem,
2741 3742 2798 3789 et
2841 3750 2950 3790 non
2988 3737 3167 3806 potius
3203 3749 3550 3798 autumarent
3581 3759 3698 3800 esse

2126 3823 2486 3878 meretricem.
2540 3823 2690 3880 Unde
2727 3825 2926 3898 Joseph
2967 3831 3253 3886 consilium
3299 3843 3522 3905 repente
3565 3851 3693 3892 eon-

2126 3910 2244 3965 silio
2280 3912 2504 3968 meliore
2539 3923 2797 3983 mutatur,
2823 3927 2882 3973 ut
2907 3920 3154 3976 videlicet
3179 3923 3246 3977 ad
3272 3928 3693 3982 conservandam

2125 4002 2305 4058 Mariae
2342 4005 2563 4072 famam,
2605 4008 2721 4077 ipse
2758 4025 2877 4064 eam
2914 4012 3188 4069 celebrato
3228 4016 3538 4084 nuptiarum
3568 4035 3694 4073 con-

2123 4096 2302 4163 vivio,
2364 4099 2646 4170 conjhgem
2691 4103 3000 4171 acciperet,
3055 4107 3149 4162 sed
3189 4117 3398 4163 castam
3437 4121 3693 4180 perpetuo

2124 4189 2436 4244 custodiret.
2484 4188 2670 4247 Maluit
2703 4207 2934 4265 namque
2959 4195 3218 4254 Dominus
3244 4198 3452 4269 aliquos
3476 4203 3690 4255 modum

2123 4296 2234 4336 suae
2253 4283 2615 4351 generationis
2633 4289 2909 4354 ignorare.
2925 4306 3084 4360 quam
3105 4292 3410 4349 castitatem
3433 4293 3690 4350 infamare

2121 4371 2414 4440 genitricis.
2443 4373 2576 4429 Nam
2606 4379 2889 4448 sequitur:

2197 4482 2214 4512 ι
2248 4461 2372 4518 Haec
2413 4477 2594 4523 autem
2635 4482 2700 4524 eo
2744 4472 3028 4542 cogitante,
3057 4490 3182 4533 ecce
3218 4480 3442 4550 angelus
3475 4480 3686 4537 Domini

2127 4571 2145 4604 ‹
2179 4553 2234 4607 in
2271 4559 2472 4613 somnis
2505 4563 2756 4632 apparuit
2785 4565 2857 4633 ei,
2894 4566 3114 4624 dicens:
3154 4570 3352 4641 Joseph
3389 4573 3464 4628 fili
3497 4575 3685 4641 David,

2124 4665 2142 4696 ‹
2179 4646 2289 4702 noli
2351 4649 2538 4706 timere
2601 4656 2845 4724 accipere
2895 4658 3120 4716 Mariam
3175 4664 3458 4736 eonjugem
3519 4678 3685 4722 tuam.

2124 4759 2141 4791 ι
2178 4741 2329 4806 Quod
2357 4746 2516 4799 enim
2564 4751 2618 4801 in
2661 4764 2724 4804 ea
2766 4760 2946 4808 natum
2988 4765 3100 4823 est,
3144 4757 3210 4812 de
3253 4759 3455 4830 Spiritu
3501 4773 3687 4818 sancto

2123 4851 2142 4882 ‹
2172 4842 2276 4890 est.
2323 4835 2506 4892 Pariet
2542 4849 2717 4896 autem
2758 4844 2949 4913 filium,
2992 4857 3046 4902 et
3081 4851 3299 4907 vocabis
3339 4869 3532 4911 nomen
3571 4856 3687 4926 ejus

2121 4945 2139 4975 ‹
2174 4923 2374 4980 Jesum.
2433 4929 2551 5000 Ipse
2595 4933 2735 4988 enim
2778 4937 2983 4992 salvum
3027 4939 3190 4997 faciet
3233 4946 3487 5016 populum
3527 4923 3680 5002 suum

2121 5036 2140 5070 c
2171 5032 2204 5072 a
2241 5021 2481 5088 peccatis
2523 5039 2727 5080 eorum.
2763 5049 2781 5081 ι
2833 5031 3037 5097 Quibus
3073 5036 3315 5103 profecto
3339 5040 3540 5106 verbis,
3569 5055 3685 5094 mo-

2111 5108 2210 5163 dus
2251 5113 2622 5183 eonceptionis
2659 5117 2775 5187 ejus
2809 5123 2967 5178 simul
2998 5135 3055 5179 et
3084 5126 3316 5198 dignitas
3346 5138 3532 5200 partus
3557 5133 3684 5187 edo-

2109 5208 2284 5263 cetur,
2310 5202 2435 5272 quia
2464 5206 2708 5262 videlicet
2739 5217 2795 5264 et
2824 5212 2889 5266 de
2925 5212 3129 5283 Spiritu
3163 5229 3348 5273 sancto
3370 5222 3682 5291 conciperet

2108 5301 2160 5345 et
2199 5293 2438 5360 paritura
2483 5300 2552 5352 sit
2590 5300 2882 5357 Christum.
2954 5307 3124 5374 Quem
3173 5313 3274 5366 etsi
3326 5324 3510 5383 aperta
3551 5329 3680 5370 voce

2105 5385 2329 5454 angelus
2364 5387 2635 5446 Christum
2678 5410 2782 5449 non
2828 5400 3074 5469 appellet,
3121 5405 3174 5459 in
3214 5422 3279 5460 eo
3316 5416 3491 5461 tamen
3538 5410 3680 5478 quod

2107 5477 2484 5548 etymologiam
2530 5484 2763 5540 nominis
2796 5486 2923 5545 Jesu
2955 5507 3254 5562 exponens,
3281 5497 3456 5566 ipsum
3489 5477 3679 5552 salutis

2109 5568 2342 5621 ostendit
2372 5583 2679 5639 auctorem,
2723 5579 3145 5652 populorumque
3186 5571 3510 5642 salvatorem
3555 5605 3676 5644 eum

2107 5669 2402 5728 nuncupat,
2428 5665 2714 5722 manifesta
2754 5672 2982 5736 ratione,
3022 5676 3144 5742 quia
3186 5677 3255 5731 sit
3291 5677 3575 5746 Christus;
3607 5681 3679 5736 si-

2107 5751 2328 5818 gnificat
2365 5762 2421 5806 ut
2451 5770 2545 5824 per
2580 5759 2693 5812 haec
2728 5769 2782 5814 et
2813 5779 2930 5832 quae
2950 5766 3235 5832 nescierat,
3261 5768 3432 5823 discat
3455 5770 3673 5841 Joseph.

2109 5848 2167 5893 ut
2212 5857 2241 5893 a
2285 5853 2534 5900 contactu
2564 5848 2655 5902 llci
2684 5854 2959 5923 gcnitricis
2983 5855 3222 5912 funditus
3265 5871 3498 5915 mentem
3530 5879 3674 5915 alno-
