4038 6352
469 443 531 498 Μ
1023 405 1025 407 ι
1073 438 1426 496 HAYMONIS
1465 439 1941 502 HALBEBSTAT.
1987 442 2197 500 EPISC.
2240 444 2386 501 OPP.
2430 443 2612 508 PARS
2649 445 2711 500 11.
2750 475 2820 486 -
2856 443 3088 500 HOMIL.
3506 487 3523 499 .
3681 458 3763 512 5-2

467 561 629 618 nibus
650 567 848 614 mentis
867 567 922 612 et
942 555 1201 626 corporis,
1219 568 1337 624 quae
1353 553 1422 608 ob
1441 561 1662 624 peccata
1686 555 2055 626 contigerunt,
2087 563 2131 624 Α
2162 559 2203 610 Α
2231 557 2378 612 nullo
2416 557 2520 610 alio
2549 557 2652 611 nisi
2697 573 2726 611 a
2767 555 2964 628 Ioseph
2985 598 2998 620 ,
3041 558 3130 627 qui
3159 559 3393 615 mal-itan
3425 562 3642 622 licentia
3668 567 3763 626 ιη,

464 651 722 713 salt/abit.
766 649 1012 708 Christus
1063 662 1192 702 vero
1227 646 1548 702 vocabulum
1576 656 1660 701 est
1701 646 2053 704 sacerdotalis

474 742 558 798 vel
588 742 748 814 regia:
775 738 1070 812 dignitatis.
1101 737 1238 792 Nam
1269 744 1326 794 et
1363 738 1676 794 sacerdotes
1703 747 1758 794 et
1801 751 1971 810 reges'
1999 739 2052 794 in

471 837 592 908 lege
625 851 658 894 a
696 833 1010 898 chrismate,
1045 831 1099 888 id
1127 839 1214 886 est
1242 830 1494 886 unctione
1534 830 1637 886 olei
1665 831 1838 889 sancti
1876 830 2055 900 appel-

469 927 718 986 labantur
737 924 968 991 Christi,
994 921 1365 994 signiticantes
1401 937 1524 976 eum
1563 921 1653 992 qui
1683 937 1843 979 verus
1880 937 1975 976 rex
2000 929 2055 976 et

387 1004 390 1007 1
468 1019 708 1093 pontifex
752 1020 807 1076 in
839 1018 1040 1082 mundo
1067 1032 1352 1088 apparens,
1380 1025 1578 1074 unctus
1607 1023 1690 1074 est
1711 1015 1831 1071 oleo
1853 1015 2052 1070 latitia:

469 1127 580 1183 pra:
601 1111 958 1182 participibus
982 1109 1114 1166 suis.
1159 1109 1205 1164 Α
1248 1123 1356 1180 qua
1390 1108 1676 1172 unctione,
1711 1108 1764 1164 id
1795 1116 1879 1163 est
1909 1107 2053 1164 ebri-

467 1214 664 1269 smate,
713 1206 828 1278 ipse
869 1203 1139 1270 Christus,
1185 1211 1241 1259 et
1291 1201 1529 1272 ejusdem
1571 1203 1858 1269 unctionis,
1885 1204 1939 1258 id
1967 1211 2054 1258 est

462 1300 654 1372 gratiae
680 1297 982 1370 spiritualis
1007 1297 1329 1368 participes,
1357 1304 1484 1352 sunt
1514 1294 1807 1350 Christiani
1852 1295 2048 1350 vocati.

448 1389 569 1458 .Qui
597 1404 698 1460 per
721 1390 776 1443 id
804 1388 949 1458 quod
982 1386 1218 1444 salvator
1257 1393 1339 1440 est
1363 1399 1509 1450 ,nos
1543 1383 1777 1440 salvaret
1806 1399 1835 1439 a
1861 1397 2052 1453 pecca-

453 1485 537 1540 tis
565 1503 578 1539 :
609 1498 711 1555 per
738 1483 792 1538 id
819 1484 964 1553 quod
1003 1479 1240 1552 pontifex
1274 1489 1379 1544 est,
1417 1493 1516 1534 nos
1543 1477 1918 1534 reconciliaret
1941 1477 2050 1532 Deo

467 1578 638 1634 Patri.
680 1577 784 1632 Per
831 1577 887 1632 id
931 1576 1074 1647 quod
1109 1589 1204 1630 rex
1251 1582 1334 1628 est
1361 1614 1375 1640 ,
1423 1586 1648 1643 regnum
1695 1571 1851 1626 nobis
1879 1570 2051 1641 patris

465 1669 780 1742 dignaretur
805 1675 1066 1723 aeternum

545 1781 564 1812 ι
597 1759 796 1817 Christi
821 1768 1000 1815 autem
1031 1758 1311 1830 generatio
1335 1757 1415 1814 sic
1435 1765 1571 1813 erat.
1610 1775 1627 1808 ι
1657 1754 1931 1822 Quaeritur
1951 1769 2052 1812 cur

466 1869 573 1908 non
603 1853 713 1918 ait,
739 1850 868 1907 Iesu
907 1851 1143 1914 Christi,
1193 1849 1287 1906 sed
1330 1847 1666 1905 solummodo
1700 1865 1718 1898 ‹
1754 1845 1987 1910 Christi,
2026 1865 2043 1896 ι

2160 659 2294 706 tura:
2323 649 2505 704 uxoris
2531 649 2712 704 omnia
2745 657 2987 704 noverat.
3018 648 3116 706 llic
3139 649 3420 708 Matthacus
3449 659 3764 724 praetermi-

2157 742 2231 798 sit
2271 740 2438 796 multa
2463 756 2582 810 qua:
2609 740 2785 796 Lucas
2813 742 3074 808 narravit,
3105 742 3290 800 dicens
3323 761 3335 798 :
3377 765 3396 796 ι
3429 745 3488 802 In
3516 764 3710 810 mense
3735 793 3757 819 ,

2158 835 2352 905 inquit,
2385 843 2559 900 sexto,
2593 834 2792 890 missus
2833 843 2917 890 est
2957 835 3176 891 Gabriel
3222 837 3445 908 angelus
3475 855 3507 894 a
3544 840 3659 898 Deo
3692 844 3758 904 in

2156 927 2434 982 civitatem
2457 926 2712 1000 Galilaeam,
2747 928 2833 982 cui
2881 941 3076 984 nomen
3125 928 3431 1000 Nazaretb,
3477 932 3546 988 ad
3580 934 3760 1004 virgi-

2156 1035 2279 1076 nem
2319 1019 2698 1088 desponsatam
2742 1019 2859 1072 viro
2879 1059 2894 1084 ,
2936 1019 3022 1074 cui
3053 1035 3246 1075 nomen
3276 1029 3395 1084 erat
3418 1020 3655 1094 Ioseph,
3683 1027 3759 1083 de

2153 1110 2314 1168 domo
2343 1110 2510 1166 David
2529 1150 2544 1177 ,
2573 1119 2627 1166 et
2658 1125 2856 1165 nomen
2900 1111 3128 1182 virginis
3160 1109 3348 1169 Maria.
3378 1113 3446 1172 Et
3471 1115 3757 1186 ingressus

2154 1203 2378 1275 angelus
2415 1204 2480 1260 ad
2504 1219 2623 1260 eam
2651 1244 2666 1267 ,
2711 1203 2845 1263 dixit
2871 1220 2884 1256 :
2909 1203 3043 1268 Ave,
3067 1205 3242 1272 gratia
3269 1205 3451 1274 plena,
3485 1207 3756 1266 Dominus

2155 1305 2353 1362 tecum,
2383 1309 2486 1353 etc.
2525 1317 2543 1350 i
2570 1295 2832 1359 Nimirum
2866 1294 3011 1352 enim
3059 1296 3127 1350 ad
3169 1297 3221 1355 id
3263 1313 3434 1367 usque
3460 1300 3526 1356 ad
3549 1315 3756 1371 εριιθα..

2153 1389 2348 1460 logiam
2376 1389 2637 1453 deduxit,
2679 1399 2738 1444 ut
2768 1388 2992 1454 diceret,
3023 1385 3223 1460 Ioseph
3252 1389 3430 1452 virum
3461 1389 3647 1449 Mariis
3681 1393 3752 1448 de

2151 1497 2258 1550 qua
2297 1489 2456 1534 natus
2505 1487 2654 1536 esset
2681 1477 2946 1539 Christus.
2981 1479 3048 1540 Et
3086 1480 3206 1536 ideo
3235 1491 3556 1550 conceptum
3588 1483 3706 1553 ejus
3730 1525 3750 1550 ,

2149 1587 2311 1642 quem
2341 1573 2770 1652 transcenderat,
2799 1573 2960 1628 Lucae
3001 1572 3329 1638 narrandum
3357 1572 3596 1643 reliquit.
3633 1593 3652 1626 ι
3689 1574 3748 1632 ln

2151 1672 2325 1720 utero.
2357 1684 2376 1716 ι
2413 1663 2528 1719 Non
2557 1665 2610 1720 in
2645 1672 2861 1720 uterum
2886 1665 3178 1734 accipiens,
3206 1665 3258 1724 id
3284 1674 3367 1730 est
3393 1681 3503 1727 non
3531 1667 3748 1724 aliunde

2149 1742 2454 1826 acceptum,
2487 1755 2580 1811 sed
2609 1755 2837 1812 interius
2863 1755 3115 1812 veniente
3147 1755 3353 1826 Spiritu
3376 1765 3567 1818 sancto
3589 1759 3748 1818 habi-

2150 1857 2374 1925 tumhut
2402 1848 2532 1904 illud
2560 1867 2574 1902 :
2611 1847 2832 1907 Femina
2864 1847 3221 1906 circumdabit
3245 1849 3441 1902 virum.

463 1947 610 2016 quod
659 1945 850 2015 angelo
892 1960 1018 2000 mox
1067 1944 1280 1999 dicturo
1318 1941 1573 2000 servavit.
1616 1961 1632 1992 ς
1662 1939 1953 1996 Generatio
1979 1979 1994 2002 .
2031 1957 2049 1990 ι
2083 1934 2132 1994 Β
2235 1961 2254 1994 ‹
2294 1942 2369 1998 De
2399 1939 2604 2012 Spiritu
2640 1949 2850 1998 sancto.
2889 1959 2908 1992 ι
2935 1939 3226 2007 Quaeritur,
3256 1939 3304 1994 si
3331 1941 3551 1996 inventa
3587 1948 3676 1998 est
3713 1957 3746 1998 a

465 2039 584 2108 ipse
609 2037 860 2094 Christus
879 2038 934 2092 in
962 2052 1127 2092 carne
1156 2043 1464 2106 generatus.
1504 2033 1581 2088 Ae
1609 2033 1653 2088 si
1679 2033 1919 2088 diceret:
1945 2030 2050 2087 Ge—

466 2132 698 2199 neratio,
743 2147 863 2200 quae
909 2139 994 2185 est
1033 2128 1306 2194 Christus,
1335 2127 1414 2183 sic
1455 2135 1597 2191 erat,
1641 2124 1836 2182 bifarie
1861 2123 2049 2193 expla-

467 2222 727 2286 nandum,
758 2221 839 2277 vel
861 2221 930 2289 ad
956 2221 1200 2276 decursa:
1232 2217 1559 2290 genealogis:
1589 2220 1790 2280 locum,
1822 2213 1912 2278 ubi
1934 2215 2045 2270 ait:

462 2314 633 2372 Iacob
657 2315 844 2387 genuit
871 2313 1070 2385 Ioseph
1099 2313 1276 2367 virum
1308 2311 1509 2376 Mariae,
1545 2311 1610 2366 de
1636 2324 1742 2380 qua
1769 2318 1928 2363 natus
1967 2314 2052 2362 est

459 2406 618 2474 Iesus
643 2408 735 2476 qui
764 2415 990 2462 vocatur
1027 2405 1295 2462 Christus.
1327 2404 1528 2461 Omnes
1555 2405 1720 2477 igitur
1745 2403 2048 2474 generatio-

461 2516 560 2556 nes
588 2501 657 2556 ab
686 2500 960 2556 Abraham
984 2514 1154 2569 usque
1187 2499 1258 2554 ad
1287 2498 1478 2563 David,
1510 2497 1888 2569 generationes
1913 2509 2047 2564 qua-

461 2595 779 2652 tuordecim.
822 2593 888 2647 Et
925 2608 956 2646 a
995 2592 1164 2647 David
1207 2607 1376 2662 usque
1407 2591 1474 2644 ad
1523 2588 2046 2658 transmigrationem

460 2685 771 2756 Babylonis,
819 2684 1197 2756 generationes
1235 2681 1664 2752 quatuor-decim.
1713 2681 1778 2734 Et
1809 2698 1839 2734 a
1868 2690 2046 2733 trans-

463 2779 783 2849 migratione
807 2775 1094 2848 Babylonis
1123 2789 1293 2844 usque
1319 2775 1386 2828 ad
1409 2772 1684 2829 Christum
1710 2811 1724 2836 ,
1748 2769 2050 2842 generatio-

465 2884 561 2924 nes
589 2867 1019 2938 quatuordecirn.

540 2980 560 3013 ε
595 2959 796 3016 Christi
824 2969 1004 3014 autem
1027 2967 1305 3030 generatio
1331 2959 1409 3014 sic
1439 2968 1574 3014 erat.
1607 2957 1742 3012 Cum
1781 2965 1925 3012 esset
1949 2959 2044 3013 de-

467 3076 486 3108 ι
518 3063 771 3126 sponsata
799 3061 971 3108 mater
992 3051 1117 3108 Iesu
1139 3051 1304 3107 Maria
1331 3051 1549 3122 Ioseph,
1573 3059 1679 3106 etc.
1705 3071 1723 3102 ι
1745 3051 1836 3105 Sic
1863 3059 2044 3106 autem

461 3156 581 3202 erat
605 3145 806 3202 Christi
835 3145 1113 3217 generatio
1135 3185 1150 3210 ,
1181 3145 1234 3199 id
1256 3153 1340 3200 est
1359 3145 1440 3220 sic
1473 3145 1541 3198 ad
1571 3142 1847 3200 Christum
1877 3143 2044 3213 parti-

460 3244 554 3291 net
588 3236 703 3290 haec
735 3235 1068 3306 genealogia.
1100 3253 1118 3286 ι
1155 3233 1290 3290 Cum
1331 3243 1479 3290 esset
1515 3235 1857 3304 desponsata.
1896 3253 1914 3286 ι
1949 3233 2042 3288 His

2155 2035 2354 2104 Ioseph
2381 2035 2585 2090 habens
2609 2034 2678 2089 de
2705 2032 2908 2104 Spiritu
2935 2040 3142 2097 sancto,
3186 2048 3285 2088 cur
3310 2033 3590 2092 dimittere
3621 2051 3745 2092 eam

2154 2127 2358 2184 voluit?
2377 2127 2502 2182 ldeo
2532 2125 2756 2190 scilicet,
2787 2127 2916 2196 quia
2961 2141 3063 2182 nec
3103 2133 3278 2182 totum
3325 2126 3503 2192 scivit,
3536 2143 3639 2186 nec
3663 2138 3748 2186 tn-

2153 2227 2266 2274 tum
2310 2217 2594 2290 ignoravit.
2631 2216 2866 2272 Noverat
2909 2217 2962 2274 in
3005 2225 3162 2272 utero
3193 2217 3504 2286 habentem,
3535 2234 3646 2278 non
3675 2221 3745 2276 de

2152 2310 2354 2367 carnali
2385 2310 2704 2377 concubitu,
2735 2311 2830 2368 sed
2855 2310 3086 2381 spiritali
3115 2311 3336 2368 virtute.
3363 2310 3440 2368 De
3473 2328 3576 2382 quo
3606 2327 3739 2369 vero

2153 2402 2356 2474 Spiritu
2383 2403 2694 2474 conceperit
2716 2389 3037 2474 ignorabat,
3070 2405 3214 2473 quod
3241 2403 3293 2460 ei
3317 2404 3560 2474 aperitur
3585 2405 3745 2475 quasi

2151 2496 2417 2551 nescienti
2453 2514 2471 2546 ι
2501 2493 2570 2550 de
2609 2494 2848 2564 Spiritu,
2879 2515 2898 2548 ι
2933 2493 3062 2549 dum
3094 2494 3321 2558 inducit,
3350 2513 3370 2545 ι
3400 2497 3611 2560 saneto,
3647 2515 3666 2548 ι
3687 2503 3745 2552 et

2152 2587 2378 2657 reliqua.
2417 2587 2548 2642 Item
2597 2587 2858 2658 quaeritur
2906 2602 3005 2641 cur
3048 2585 3334 2642 Matthzeus
3379 2587 3742 2657 anticipavit,

2151 2679 2294 2750 quod
2331 2693 2454 2733 mox
2499 2677 2722 2750 angelus
2757 2677 3003 2732 dicturus
3031 2684 3192 2735 erat:
3221 2691 3320 2747 pro
3364 2677 3598 2746 spiritali
3631 2676 3744 2736 fer-

2149 2788 2280 2828 vore
2308 2814 2322 2838 ,
2352 2782 2408 2828 et
2433 2787 2501 2826 ne
2527 2771 2745 2828 lectoris
2787 2771 3002 2828 animus
3042 2773 3390 2842 paucissimis
3434 2773 3561 2830 licet
3585 2775 3744 2832 lineis

2149 2865 2463 2931 dubitaret,
2511 2872 2567 2920 et
2614 2873 2673 2920 ut
2711 2865 2767 2920 in
2811 2879 2907 2921 ore
2937 2863 3166 2920 duorum
3193 2865 3280 2920 vel
3312 2866 3474 2925 trium
3521 2868 3742 2923 testium

2149 2959 2257 3011 ste’t
2281 2971 2444 3012 omne
2465 2957 2688 3012 verbum
2715 2955 2897 3027 (Deut.
2926 2953 3138 3022 xv,’lll
3161 2954 3287 3011 Cor.
3311 2959 3453 3028 xm).

2227 3069 2245 3100 ι
2279 3049 2478 3120 Ioseph
2509 3049 2593 3104 vir
2619 3047 2755 3118 ejus.
2791 3068 2809 3100 ι
2843 3048 2903 3103 lu
2934 3047 3230 3118 Scripturis
3257 3063 3468 3118 sponsa:
3495 3065 3697 3108 uxores
3719 3091 3738 3118 ,

2147 3149 2200 3196 et
2231 3141 2411 3210 sponsi
2455 3140 2555 3194 viri
2595 3138 2679 3194 vel
2718 3154 2901 3194 mares
2943 3139 3215 3194 dicuntur.
3251 3159 3271 3190 ¢
3307 3140 3438 3194 Cum
3470 3152 3616 3196 esset
3641 3141 3737 3213 ju-

2145 3242 2281 3288 stus.
2315 3252 2334 3284 D
2367 3230 2502 3286 Cum
2533 3230 2734 3286 conscii
2761 3231 3082 3296 criminum,
3109 3230 3326 3285 obnoxii
3353 3231 3463 3285 sint
3491 3235 3731 3300 peccati,

458 3329 638 3384 causis
673 3343 778 3384 non
813 3329 880 3383 de
923 3327 1148 3398 simplici
1195 3327 1434 3398 virgine,
1481 3325 1576 3382 sed
1611 3327 1678 3381 de
1713 3328 2036 3397 desponsata
2065 3323 2110 3386 C
2144 3342 2241 3380 cur
2268 3324 2466 3394 Ioseph
2489 3339 2612 3380 cum
2640 3323 2846 3380 crimen
2883 3322 3053 3390 celet,
3078 3321 3258 3392 justus
3283 3325 3537 3378 vocatur?
3559 3322 3622 3381 ld
3649 3333 3736 3379 est.

459 3428 619 3476 natus
638 3430 722 3476 est
741 3419 992 3476 Christus
1017 3434 1030 3473 :
1062 3417 1140 3475 Ne
1165 3433 1264 3489 per
1289 3417 1544 3474 feminam
1563 3458 1578 3480 ,
1605 3417 1699 3472 sed
1729 3432 1826 3488 per
1863 3417 2038 3472 virum

475 3495 604 3565 uxta
635 3525 841 3566 morem
869 3510 1164 3580 Scriptura:
1188 3507 1499 3580 genealogia
1537 3515 1842 3574 terreretur;
1869 3522 1938 3562 ne
1965 3509 2043 3562 la-

443 3603 737 3673 “pidaretur
760 3618 790 3656 a
819 3600 1018 3657 Iudaeis
1059 3609 1119 3656 ut
1161 3601 1428 3656 adultera.
1461 3601 1531 3658 Ut
1559 3601 1610 3655 in
1643 3601 1933 3672 Egyptutn
1960 3603 2042 3656 fu-

455 3695 630 3764 giens,
656 3693 883 3748 haberet
904 3693 1006 3747 viri
1037 3693 1318 3755 solatium;
1345 3703 1406 3748 ut
1431 3701 1617 3763 partus
1635 3693 1751 3763 ejus
1771 3694 2043 3748 celaretur

457 3784 690 3849 diabolo,
720 3785 848 3839 dum
875 3793 1029 3856 putat
1070 3799 1176 3842 non
1225 3786 1290 3839 de
1337 3785 1572 3856 virgine,
1625 3785 1718 3840 sed
1765 3787 1830 3840 de
1874 3801 2040 3844 uxore

456 3879 716 3948 genitum.
747 3877 825 3934 Ne
854 3886 1130 3932 temerata:
1165 3878 1390 3948 virginis
1428 3877 1750 3933 adureretur
1777 3877 1996 3936 infamia
2023 3896 2036 3936 :

455 3969 648 4025 maluit
691 3969 833 4025 enim
877 3971 1137 4026 Dominus
1183 3970 1390 4041 aliquos
1435 3971 1503 4026 de
1545 3987 1643 4026 suo
1685 3973 1864 4042 potius
1892 3981 2037 4037 ortu,

453 4076 613 4130 quam
648 4061 714 4116 de
741 4063 931 4117 matris
958 4063 1162 4131 pudore
1185 4061 1451 4117 dubitare.
1493 4061 1572 4116 Ne
1611 4064 1912 4136 virginibus
1947 4080 2039 4119 ve-

452 4152 628 4206 lanien
655 4153 1020 4208 excusationis
1044 4152 1229 4220 ﬁeret,
1272 4155 1414 4226 quod
1457 4154 1716 4212 infamata
1755 4158 1822 4212 sit
1867 4167 2039 4211 mater

451 4242 683 4300 Domini.
707 4243 786 4300 Ne
807 4245 1018 4301 dicente
1041 4248 1268 4304 Domino
1289 4247 1431 4304 :Non
1459 4251 1580 4305 veni
1607 4251 1813 4306 solvere
1837 4251 2031 4321 legem,

453 4337 547 4392 sed
575 4338 890 4408 adimplere,
911 4339 1049 4395 ullus
1069 4341 1349 4413 obiiceret,
1367 4343 1508 4412 quod
1533 4360 1656 4398 eum
1678 4343 1808 4414 legis
1837 4345 2031 4416 injuria

451 4437 610 4484 natus
639 4428 729 4484 sit.
762 4429 834 4486 Ut
860 4431 1014 4486 testis
1037 4431 1254 4501 pudoris
1281 4435 1506 4488 maritus
1538 4435 1906 4500 adhiberetur,
1941 4437 2032 4506 qui

447 4531 633 4591 posset
654 4521 834 4577 delere
857 4531 912 4578 et
943 4522 1217 4611 vindicare
1245 4525 1617 4596 Opprobrium,
1643 4527 1814 4596 sinon
1840 4543 2035 4598 agnos-

449 4626 598 4670 ceret
657 4627 1076 4672 sacramentum.
1137 4618 1214 4675 Ne
1266 4621 1316 4674 vi
1341 4623 1538 4676 feretur
1590 4619 1754 4675 Maria
1819 4621 2032 4692 culpam

2145 3426 2204 3476 ut
2247 3420 2502 3474 idoneum
2546 3418 2662 3488 ejus
2709 3419 3074 3473 testimonium
3117 3417 3480 3473 commendet.
3519 3417 3576 3472 In
3621 3417 3736 3489 ple-

2143 3513 2328 3582 risque
2364 3511 2708 3580 exemplariis
2736 3511 2974 3575 additur,
3013 3525 3135 3565 cum
3171 3520 3317 3566 esset.
3347 3511 3508 3565 homo
3531 3511 3730 3582 justus,

2143 3614 2204 3658 ut
2245 3604 2496 3659 ostendat
2537 3603 2833 3659 secundum
2882 3603 3174 3658 humanam
3215 3600 3486 3672 justitiam
3532 3601 3732 3675 Ioseph

2137 3697 2341 3766 justum
2371 3694 2566 3762 fuisse,
2605 3697 2730 3766 quia
2770 3693 3177 3766 comparatione
3205 3693 3432 3763 iustitia:
3475 3695 3604 3758 Dei,
3637 3711 3733 3766 pro

2143 3786 2309 3842 nihilo
2353 3787 2584 3845 ducitur.
2638 3786 2706 3841 Et
2749 3787 2870 3842 ideo
2900 3794 3045 3842 recte
3088 3785 3380 3854 sequitur:
3425 3806 3443 3838 ι
3474 3787 3543 3841 Et
3570 3787 3733 3841 nollet

2141 3895 2280 3934 eam.
2319 3900 2338 3930 ι
2375 3877 2490 3934 Non
2535 3878 2706 3934 solum
2739 3878 2898 3945 celat,
2928 3879 3023 3934 sed
3067 3892 3168 3933 nec
3211 3877 3374 3932 audet
3416 3879 3731 3948 contingere

2145 3968 2400 4038 templum
2423 3967 2679 4022 dominici
2703 3967 2966 4039 corporis,
2987 3967 3324 4036 rectejustus
3349 3966 3576 4036 justitiae
3599 3977 3730 4023 tem-

2143 4063 2286 4133 plum
2321 4078 2424 4116 non
2457 4063 2774 4132 corrumpit.
2811 4081 2829 4114 ι
2881 4062 3210 4118 Traducere.
3244 4083 3260 4113 ι
3295 4061 3374 4118 Ac
3395 4063 3442 4116 si
3475 4061 3683 4118 diceret
3711 4077 3726 4117 :

2142 4158 2316 4213 Nollet
2352 4161 2548 4215 ducere
2591 4175 2846 4230 sponsam
2869 4200 2885 4227 ,
2934 4175 3095 4230 quam
3139 4161 3446 4230 suspicatus
3485 4170 3571 4217 est
3611 4177 3732 4218 esse

2139 4253 2458 4308 adulteram.
2502 4252 2608 4308 Aut
2649 4233 2844 4309 aliter:
2871 4253 2985 4309 sive
3028 4253 3312 4308 traducere
3361 4253 3429 4308 ad
3475 4269 3728 4324 pcenam,

2139 4359 2304 4414 quam
2329 4343 2536 4400 sciebat
2570 4359 2675 4400 non
2698 4343 2767 4398 ab
2799 4344 3015 4398 homine
3038 4343 3370 4414 concepisse.
3404 4341 3730 4399 Traductio-

2141 4437 2224 4492 nis
2249 4437 2393 4492 enim
2415 4437 2658 4504 verbum,
2680 4437 2875 4508 saepius
2897 4437 2954 4492 in
2977 4437 3117 4492 mala
3138 4451 3300 4507 quam
3326 4437 3380 4491 in
3409 4436 3549 4491 bona
3575 4446 3731 4506 parte

2139 4531 2426 4586 invenitur.
2471 4530 2622 4599 Quod
2669 4532 2832 4586 etiam
2873 4529 3096 4588 Graecus
3137 4546 3243 4585 non
3287 4531 3520 4586 absurde
3550 4547 3730 4589 sermo

2138 4621 2406 4692 significat
2433 4621 2926 4702 παραδειγματίσαι,
2954 4623 3008 4678 id
3036 4632 3120 4678 est
3150 4623 3456 4694 propalare,
3479 4624 3623 4694 quod
3643 4631 3728 4679 est

449 4705 776 4762 obumbrare
815 4710 1098 4765 mendacio
1127 4724 1141 4764 :
1174 4726 1396 4766 causam
1423 4712 1566 4766 enim
1615 4689 1922 4768 mentiendi
1943 4715 2035 4769 de-
2059 4689 2112 4750 Β
2138 4689 2314 4781 palam
2345 4689 2541 4778 facere,
2579 4721 2635 4768 et
2659 4689 2910 4770 omnibus
2943 4722 3130 4772 notum
3151 4689 3349 4770 facere
3378 4689 3726 4785 conceptum.

450 4807 703 4868 sponsata
755 4815 858 4854 non
913 4801 1133 4866 habuit,
1170 4818 1290 4858 cum
1325 4803 1561 4875 conjugii
1593 4806 1873 4874 pr:emium
1913 4822 2036 4877 par-

452 4899 538 4943 tus
569 4891 637 4944 sit
676 4888 1018 4946 feminarum.
1057 4893 1134 4950 Ne
1163 4894 1360 4950 Herodi
1405 4906 1460 4952 et
1493 4895 1692 4952 Iudaeis
1739 4900 2032 4955 excusandi

437 4979 783 5052 'prazberetur
808 4985 1044 5051 occasio,
1079 4988 1221 5055 quod
1251 4998 1436 5042 natum
1468 5005 1531 5043 ex
1563 4991 1826 5044 adulterio
1853 5006 2037 5061 perse-

448 5079 762 5140 querentur.
814 5073 884 5128 Ut
924 5075 1170 5130 lidelibus
1197 5077 1498 5147 conjugatis
1523 5095 1590 5133 ex
1625 5080 1736 5147 pari
1765 5094 2032 5136 consensu

447 5163 776 5218 continentia
800 5165 1188 5222 insinuaretur.
1215 5167 1287 5222 Ut
1309 5169 1407 5222 nisi
1433 5170 1861 5238 prmvaricationi
1885 5184 2030 5228 esset

447 5252 694 5316 obnoxia,
721 5255 955 5324 qualiter
978 5257 1210 5311 humana
1235 5259 1519 5333 progenies
1543 5261 1890 5330 multiplicari
1913 5264 2030 5319 sine

446 5343 775 5414 virginitatis
827 5345 1152 5402 detrimento
1197 5347 1488 5418 potuisset,
1539 5350 2028 5410 demonstraretur.

412 5457 419 5464 ·
451 5457 469 5490 ι
501 5440 850 5510 Desponsata.
876 5462 894 5493 ι
913 5442 967 5495 id
996 5449 1080 5496 est
1107 5441 1342 5496 nondum
1368 5452 1554 5513 nupta.
1594 5463 1611 5497 ι
1641 5445 1814 5503 Mater
1835 5433 1970 5517 ejus.
2004 5471 2022 5504 ι

445 5528 616 5585 Mater
637 5530 754 5602 ejus
778 5573 793 5597 ,
823 5533 1032 5602 inquit,
1065 5548 1170 5588 non
1201 5548 1340 5588 uxor
1378 5533 1598 5606 Ioseph.
1639 5538 1697 5594 ln
1726 5542 1841 5612 ipsa
1861 5539 2027 5610 janua

447 5624 726 5681 amborum
767 5635 1042 5696 ponuntur
1073 5626 1293 5682 nomina
1315 5667 1330 5693 ,
1363 5643 1482 5698 qua:
1511 5629 1669 5688 factis
1700 5646 2027 5707 congruunt.

453 5734 472 5766 ε
527 5716 826 5788 Antequam
869 5718 1242 5774 convenirent.
1295 5738 1312 5770 ι
1363 5718 1674 5778 Proximum
1725 5728 2031 5797 nuptiarum

449 5819 658 5882 tempus
686 5813 940 5874 ostendit,
977 5827 1080 5867 non
1101 5813 1244 5883 quod
1267 5823 1588 5882 sequeretur
1612 5827 1668 5871 ut
1688 5828 1877 5890 postea
1900 5838 2032 5878 con-

429 5900 711 5967 'venirent,
741 5903 880 5957 sicut
919 5904 1021 5959 hoc
1063 5905 1191 5962 dicit
1237 5903 1529 5963 Helvidius.
1565 5928 1582 5957 ι
1624 5909 1841 5966 Inventa
1869 5923 1969 5966 est.
2005 5933 2023 5965 ›

2145 4822 2162 4852 ε
2201 4801 2441 4860 Occulte.
2484 4824 2502 4856 ι
2535 4803 2614 4860 Ne
2641 4814 2736 4860 aut
2761 4805 2982 4862 dimissa
3011 4822 3180 4863 uxore
3211 4823 3329 4872 sua,
3359 4807 3519 4861 alieni
3553 4807 3729 4861 coitus

2141 4907 2345 4951 reatum
2380 4911 2543 4966 super
2581 4911 2702 4952 eam
2732 4898 3050 4964 induceret,
3081 4908 3175 4955 aut
3220 4898 3449 4952 liberata
3488 4898 3728 4966 seipsum

2137 4987 2288 5057 quasi
2316 4988 2564 5042 adulterii
2590 4989 2931 5046 innocentem
2959 4992 3232 5047 liberaret.
3263 4992 3402 5045 Ecce
3427 4989 3596 5043 Adam
3621 4995 3730 5042 ca:-

2139 5080 2289 5136 lestis
2318 5097 2453 5136 nova
2468 5084 2690 5153 Opponit
2711 5085 3004 5141 veteribus.
3035 5085 3208 5139 Priori
3233 5085 3368 5148 vice,
3392 5098 3459 5138 ex
3481 5081 3597 5137 solo
3609 5083 3728 5136 vim

2141 5171 2338 5228 femina
2375 5176 2518 5229 facta
2559 5185 2642 5232 est
2683 5177 2802 5232 sine
2851 5185 3057 5241 matre;
3091 5176 3327 5232 secunda
3360 5189 3512 5240 vero,
3539 5173 3621 5227 vir
3657 5187 3726 5228 ex

2138 5264 2251 5320 sola
2279 5266 2506 5322 muliere
2529 5275 2688 5323 natus
2713 5277 2798 5323 est
2821 5269 2940 5324 sine
2967 5269 3174 5324 carnali
3202 5278 3371 5340 patre.
3404 5267 3482 5322 Ex
3509 5267 3728 5322 feminis

2138 5359 2478 5434 decuitnova
2529 5361 2850 5431 redemptio,
2892 5377 2922 5417 a
2957 5363 3155 5434 quibus
3193 5361 3473 5433 praecessit
3503 5360 3725 5430 antiqua

2135 5452 2526 5523 praevaricatio.
2581 5453 2852 5511 Terrenus
2889 5456 3061 5512 Adam
3109 5457 3176 5513 de
3220 5457 3531 5524 incorrupta
3579 5461 3725 5508 terra

2139 5545 2400 5600 formatus
2435 5557 2536 5613 est,
2585 5548 2853 5605 secundus
2898 5549 3071 5604 Adam
3106 5551 3173 5604 de
3211 5548 3524 5616 incorrupta
3561 5559 3726 5600 carne

2137 5636 2360 5707 virginis
2383 5637 2565 5692 Mariae
2591 5635 2640 5710 (1
2665 5636 2787 5694 Cor.
2813 5639 2924 5711 xv).

2215 5749 2231 5778 ι
2263 5729 2386 5786 Haec
2408 5739 2586 5786 autent
2615 5747 2680 5785 eo
2703 5733 2998 5802 cogitante,
3021 5745 3150 5785 ecce
3178 5729 3400 5802 angelus
3432 5726 3665 5784 Domini.
3700 5745 3717 5776 ι

2135 5821 2284 5876 Bono
2314 5823 2432 5878 viro
2455 5831 2510 5876 et
2533 5822 2696 5892 justo,
2727 5823 2865 5877 bona
2896 5832 2952 5877 et
2979 5821 3129 5892 justa
3178 5821 3435 5893 cogitanti
3465 5822 3639 5875 bonus
3667 5826 3722 5873 et

2127 5915 2307 5988 justus
2336 5925 2558 5988 apparet
2582 5917 2821 5972 nuntius.
2844 5916 3075 5988 ld‘ettque
3107 5918 3343 5983 additur,
3373 5938 3392 5969 ι
3425 5915 3660 5980 Domini,
3695 5932 3714 5966 ι
