4038 6352
196 408 266 463 ⁵⁵
1454 398 1758 460 HDMILIE
1798 398 1885 455 DE
1921 393 2271 457 TEMPOBE.
3424 389 3492 445 54

196 523 262 577 ad
291 522 714 581 distinctionem
736 529 1115 592 apostatarum
1156 519 1493 590 angelorum.
1526 516 1681 572 Hunc
1709 532 1805 571 au-
1833 520 1882 579 Α
1911 513 2032 569 ideo
2050 509 2220 567 Maria
2241 507 2440 578 conjux
2460 506 2681 575 dicitur,
2712 509 2837 581 quia
2866 505 2967 563 sub
2992 506 3178 563 eodem
3202 505 3332 576 jugo
3363 504 3495 559 edu-

195 612 380 686 aeltam
409 612 727 671 Gabrielem
755 612 909 673 multi
936 621 1130 682 putant
1149 653 1163 677 ,
1180 610 1336 680 juxta
1360 610 1521 666 Lucae
1552 608 1803 687 videlicet

197 703 604 763 narrationem.
637 699 757 763 Non
782 703 940 771 Quasi
978 702 1097 773 ipse
1136 703 1210 763 sit
1246 702 1471 769 nuntius
1504 699 1804 759 nativitatis

193 793 477 859 anilllll,
504 794 599 853 sed
618 794 745 865 quia
764 794 1155 866 interpretatur
1164 793 1422 865 fortitudo
1438 792 1535 847 Dei
1556 799 1615 847 et
1638 792 1805 849 victo-

195 888 276 945 ria
294 886 580 945 bellorum
596 887 651 949 ei
676 889 966 951 cetumissa
990 896 1095 955 est,
1114 887 1239 943 ideo
1261 887 1316 945 in
1340 886 1620 941 nativitate
1641 883 1802 949 Joan-

195 980 281 1037 nis
301 989 362 1036 et
378 977 597 1037 Christi
613 981 833 1047 nuntius
846 979 1176 1047 venientium
1199 991 1347 1034 recte
1368 977 1618 1033 mittitur.
1634 976 1803 1033 Recte

193 1086 420 1142 duoque
450 1072 524 1129 de
554 1070 666 1129 Deo
694 1070 955 1142 cogitanti
988 1079 1295 1139 opportuna
1344 1068 1634 1139 adhibetur
1666 1083 1799 1125 con-

115 1206 132 1224 .
194 1161 427 1227 solatio,
460 1164 614 1219 sicut
639 1162 850 1221 duobus
880 1162 935 1217 in
982 1161 1070 1217 via
1112 1160 1515 1219 ambulantibus
1549 1168 1803 1217 osuansus

192 1263 275 1312 est
296 1254 590 1317 Christus.
606 1272 630 1315 ι
651 1254 712 1315 In
732 1255 937 1317 somnis
954 1254 1227 1326 apparuit.
1253 1273 1272 1306 ι
1295 1254 1488 1310 Sermo
1510 1252 1802 1326 apparendi

194 1349 482 1407 insolitam
524 1365 642 1415 rem
670 1348 959 1421 signiﬁcat.
1008 1349 1225 1407 Duobus
1252 1348 1428 1404 modis
1464 1346 1662 1403 locutio
1709 1346 1789 1401 di-

192 1443 318 1498 vina
368 1442 737 1513 distinguitur
760 1461 774 1497 z
799 1450 893 1499 aut
946 1458 1043 1512 per
1081 1442 1329 1512 angelos,
1360 1448 1458 1500 aut
1485 1454 1583 1510 per
1606 1446 1802 1495 semet-

194 1534 397 1604 ipsum.
444 1533 560 1590 Sed
608 1550 736 1591 eum
776 1549 876 1605 per
904 1534 1254 1605 semetipsum
1294 1532 1374 1597 tit,
1407 1532 1519 1589 sola
1569 1531 1802 1601 inspira-

196 1624 347 1680 tione
372 1625 621 1681 interius
646 1628 767 1683 sine
796 1625 977 1682 verbis
1003 1634 1060 1680 et
1106 1625 1328 1697 syllabis
1364 1639 1461 1679 eor
1499 1624 1676 1689 docet,
1709 1624 1801 1694 qui

194 1716 449 1770 auditum
478 1716 677 1787 aperit,
705 1725 763 1771 et
783 1717 986 1773 habere
1011 1717 1246 1774 sonitum
1274 1717 1469 1783 nescit,
1503 1717 1645 1773 sicut
1673 1716 1801 1773 Phi-

194 1802 341 1875 lippo
396 1804 649 1876 Spiritus
702 1806 877 1865 dixit:
911 1826 930 1857 ι
964 1805 1141 1879 .Iunge.
1168 1816 1220 1862 te
1264 1808 1334 1865 ad
1377 1823 1598 1875 currum
1634 1809 1797 1867 istum

196 1897 334 1966 (Act.
366 1899 521 1967 ιῖιιι).
571 1916 595 1957 ι
623 1896 757 1957 Cum
804 1913 932 1953 vero
956 1913 1055 1969 per
1082 1898 1349 1969 angelum,
1379 1899 1464 1957 his
1504 1900 1679 1965 modis
1715 1899 1793 1955 ﬁt.
1825 1894 2050 1963 Bjuxta
2081 1896 2283 1961 Lucam
2328 1898 2395 1957 ad
2424 1896 2651 1953 Mariam
2690 1912 2892 1953 vocare
2921 1912 3118 1959 nomen
3160 1896 3314 1969 pueri
3356 1910 3498 1965 prte—
3590 1936 3593 1939 .
3666 1898 3677 1905 '

195 1987 519 2059 Aliquando
538 1989 719 2049 verbis
746 1988 866 2045 sine
892 1988 998 2045 ulla
1031 1989 1283 2060 imagine,
1313 1990 1453 2049 sicut
1478 1990 1698 2051 Christo
1723 1993 1802 2047 di-

198 2088 360 2136 cente
392 2098 410 2136 :
446 2100 468 2141 ι
503 2079 686 2147 Pater,
712 2080 956 2143 claritira
988 2081 1184 2147 Filium
1207 2081 1391 2153 (Joan.
1423 2085 1581 2154 xvu),
1620 2104 1639 2137 ι
1678 2099 1805 2154 pro-

198 2168 350 2224 tinus
396 2171 804 2240 respondetur;
840 2192 858 2222 ε
910 2170 1237 2240 Clariticavi,
1280 2182 1336 2231 et
1361 2173 1557 2233 iterum
1604 2173 1803 2230 clariﬁ-

196 2262 362 2327 cabo,
402 2282 424 2314 ι
462 2270 520 2320 et
549 2258 777 2333 reliqua.
809 2262 1114 2333 Aliquando
1141 2264 1325 2333 rebus,
1353 2264 1467 2321 sine
1504 2265 1699 2328 verbis,
1731 2267 1803 2321 si-

197 2363 291 2409 cut
346 2353 613 2413 Ezechiel
663 2354 851 2413 electri
902 2355 1138 2424 speciem
1172 2355 1305 2409 vidit
1348 2355 1404 2410 in
1443 2356 1621 2411 medio
1667 2356 1807 2426 ignis

196 2445 442 2517 (Exerit.
491 2445 556 2515 ι),
611 2460 709 2515 ρει·
756 2446 897 2502 hanc
936 2444 1140 2507 Christi
1194 2446 1621 2503 incarnationem
1664 2447 1809 2503 desi-

201 2553 408 2610 gnans.
479 2537 789 2607 Aliquando
815 2538 995 2594 verbis
1016 2546 1072 2593 et
1096 2539 1281 2605 rebus,
1321 2539 1462 2597 sicut
1487 2539 1658 2594 Adam
1689 2556 1808 2594 am-

207 2631 496 2686 bulantem
522 2631 813 2687 Dominum
839 2632 893 2687 in
924 2632 1176 2701 paradiso
1218 2642 1342 2702 post
1367 2632 1645 2687 meridiem
1675 2632 1811 2687 vidit

210 2719 363 2792 (Gen.
397 2721 511 2791 ιιι),
559 2720 875 2791 signiﬁcans
920 2720 1096 2776 lucem
1139 2722 1383 2777 veritatis
1411 2738 1442 2785 a
1475 2737 1535 2777 se
1565 2738 1810 2778 recessu-

213 2829 350 2869 ram.
373 2812 683 2883 Aliquando
707 2812 1033 2883 imaginibus
1055 2813 1236 2873 cordis
1253 2812 1427 2875 oculis
1453 2814 1706 2881 ostensis,
1732 2813 1809 2869 si-

218 2913 303 2959 cut
331 2903 503 2961 Jaeob
554 2903 797 2963 innixam
852 2902 994 2961 etelo
1039 2903 1243 2961 scalam
1282 2901 1433 2975 (Gen.
1491 2905 1710 2976 xxvtu),
1754 2912 1809 2960 et

216 2994 413 3053 Petrus
447 3009 544 3059 vas
570 2994 791 3066 plenum
841 2995 1208 3053 animantibus
1255 2994 1311 3050 iu
1350 2995 1553 3055 exstasi
1597 2996 1808 3055 viderat

219 3087 359 3156 (Act.
386 3086 465 3159 x).
497 3087 803 3158 Aliquando
829 3087 1158 3158 itnaginibus
1179 3095 1307 3143 ante
1348 3101 1641 3158 corporeos
1678 3101 1808 3143 ocu-

223 3179 305 3235 los
328 3196 397 3235 ex
424 3196 548 3239 aere
575 3182 888 3253 assumptis,
917 3181 1058 3239 sicut
1085 3181 1361 3239 Abraham
1387 3190 1500 3239 tres
1524 3182 1669 3240 viros
1696 3197 1806 3239 non

1905 611 2094 669 catura
2143 599 2478 657 Salvatorem
2537 610 2674 653 erat.
2738 620 2755 651 ι
2798 599 2983 668 Quod,
3052 596 3248 666 inquit,
3302 603 3491 650 natum

1904 702 2009 759 est,
2059 713 2079 747 ι
2130 707 2238 746 non
2293 691 2635 745 extrinsecus
2693 690 3039 744 seminatum.
3091 706 3109 739 t
3159 685 3237 741 De
3286 685 3494 755 Spiritu

1904 793 2093 851 sancto
2134 793 2239 839 est.
2278 803 2296 834 ι
2332 782 2430 837 Hic
2463 781 2693 837 solvitur
2721 782 2865 851 quod
2902 780 3100 851 Joscph
3128 778 3313 834 scierit
3348 777 3493 848 quod

1903 875 2190 948 ignoravit.
2224 874 2331 933 Sed
2354 890 2459 939 non
2486 873 2555 929 ob
2584 873 2687 928 hoc
2713 870 2952 944 Spiritus
2974 881 3129 942 pater
3153 871 3356 929 Christi
3379 871 3496 926 exi-

1902 968 2203 1029 stimandus
2227 977 2331 1033 est,
2354 976 2414 1024 ut
2442 967 2584 1023 Deus
2606 966 2769 1021 Pater
2798 964 3035 1021 Verbum
3058 968 3333 1041 genuerit,
3368 964 3493 1037 Spi-

1904 1060 2041 1115 ritus
2071 1075 2200 1117 vero
2226 1061 2524 1127 hominem,
2576 1060 2671 1115 sed
2698 1058 2824 1137 quia
2849 1056 2967 1128 ejus
3011 1057 3315 1115 ministerio
3354 1058 3497 1112 nati-

1904 1153 2044 1210 vitas
2066 1152 2272 1209 Christi
2310 1151 2599 1223 adimpleta
2625 1160 2727 1207 est.

1980 1268 1997 1302 ι
2041 1249 2225 1305 Pariet
2252 1258 2432 1305 autem
2462 1249 2655 1304 tilium.
2697 1268 2714 1299 ι
2743 1247 2946 1304 Parere
2970 1256 3151 1302 tamen
3195 1246 3356 1302 faciet
3375 1247 3493 1302 sine

1904 1342 2087 1399 dolore
2151 1342 2419 1413 pariendi,
2472 1342 2612 1398 sicut
2657 1343 2773 1399 siue
2830 1341 3037 1411 peccati
3074 1340 3350 1395 voluntate
3397 1339 3498 1395 fuit

1904 1445 2218 1507 conceptus.
2252 1435 2353 1491 Hic
2377 1446 2751 1492 monstrantur
2788 1444 3024 1507 quatuor
3061 1434 3269 1489 incerta
3306 1434 3492 1488 unius—

1904 1530 2161 1602 cujusque
2180 1531 2472 1595 uascentis,
2506 1531 2631 1600 quia
2674 1530 2849 1599 pariet
2887 1528 3057 1584 tilium
3089 1529 3182 1598 qui
3209 1527 3491 1582 vocabitur

1903 1619 2077 1688 Jesus,
2124 1620 2215 1691 qui
2239 1621 2446 1678 salvum
2478 1619 2641 1677 faciet
2668 1619 2929 1693 populum
2970 1635 3146 1675 suum.
3186 1637 3205 1669 ι
3245 1616 3313 1673 Et
3334 1630 3498 1671 voca-

1903 1712 2005 1768 bis.
2039 1732 2057 1765 ι
2090 1710 2374 1784 OJoseph,
2417 1713 2638 1768 vocibus
2678 1712 3066 1782 prophetarum
3105 1727 3211 1767 non
3269 1719 3493 1766 contra-

1905 1803 2073 1860 dicas.
2103 1802 2406 1863 Notandum
2441 1807 2583 1876 quod
2605 1804 2762 1875 juxta
2810 1804 3122 1865 Matthaeum
3156 1804 3227 1861 ad
3268 1801 3488 1873 Ioseph.

1903 1988 2105 2049 dictum
2134 1990 2226 2055 sit,
2259 1990 2386 2060 quia
2428 1989 2587 2046 Jesus
2631 1990 2700 2045 ad
2728 1990 2959 2045 salutem
3009 1990 3296 2059 utriusque
3324 2002 3491 2044 sexus

1903 2083 2068 2139 venit.
2098 2081 2281 2139 Jesum
2312 2084 2558 2155 sequitur
2582 2082 2903 2155 etymologia
2928 2082 3188 2147 nominis,
3218 2096 3341 2136 cum
3380 2079 3493 2134 ait:

1912 2194 1929 2226 ι
1964 2174 2084 2245 Ipse
2112 2175 2257 2231 enim
2306 2174 2514 2237 salvum
2560 2173 2725 2229 faciet
2770 2173 3033 2246 populum
3081 2186 3261 2227 suum.
3302 2190 3322 2222 ι
3355 2168 3497 2225 Vere

1906 2282 2055 2330 suus,
2087 2267 2179 2336 qui
2221 2265 2401 2323 salvus
2432 2280 2554 2321 esse
2594 2265 2787 2337 possit.
2820 2282 2838 2315 t
2872 2262 3195 2337 Apeccatis.
3228 2281 3247 2313 ι
3297 2259 3500 2315 Contra

1906 2358 2141 2425 Iudaeos,
2169 2360 2258 2430 qui
2305 2368 2497 2429 putant
2518 2357 2774 2428 pepnlum
2820 2358 2887 2411 de
2916 2354 3340 2427 captivitatibus,
3386 2365 3497 2406 non

1909 2450 1975 2505 de
2016 2451 2254 2520 peccatis
2298 2464 2395 2519 per
2442 2448 2718 2511 Christum
2768 2446 3131 2502 liberandum.
3161 2463 3178 2495 ι
3209 2444 3431 2509 Eorum.
3466 2460 3485 2492 ι

1910 2525 2046 2595 Nota
2071 2540 2213 2610 quod
2240 2538 2357 2611 ejus
2387 2547 2469 2594 est
2517 2539 2681 2604 salus,
2711 2545 2898 2594 nostra
2936 2553 3063 2594 vero
3096 2544 3221 2593 sunt
3248 2541 3497 2605 peccata.

2501 2631 2780 2691 IIOMILIA
2810 2629 2902 2686 IX.

2176 2742 2229 2783 IN
2269 2742 2357 2785 DIE
2398 2741 2599 2789 SANCTO
2636 2739 2987 2779 NATIVITATIS
3026 2737 3229 2779 υοιιιιιι.

1979 2815 2163 2888 (Joan.
2195 2816 2258 2888 ι.)
2289 2836 2307 2867 ι
2334 2817 2392 2871 In
2422 2816 2686 2888 principio
2720 2824 2838 2870 erat
2860 2812 3120 2879 Verbum,
3162 2819 3217 2867 et
3262 2811 3499 2868 Verbum

1914 2927 1931 2958 ι
1967 2916 2086 2962 erat
2110 2909 2249 2978 apud
2286 2908 2475 2973 Deum,
2520 2916 2575 2967 et
2624 2906 2766 2963 Deus
2806 2915 2922 2961 erat
2951 2903 3208 2960 Verbum.
3243 2903 3355 2958 Hoc
3383 2908 3503 2958 erat

1913 3022 1931 3052 ι
1971 3002 2025 3056 iu
2054 3000 2320 3071 principio
2350 2998 2488 3071 apud
2519 2999 2710 3054 Deum.
2752 2996 2946 3053 Omnia
2996 3011 3092 3066 per
3133 2996 3309 3066 ipsum
3351 2993 3497 3049 facta

1916 3109 1934 3141 ι
1968 3099 2111 3155 sunt,
2127 3098 2182 3145 et
2199 3090 2443 3160 sineipso
2465 3089 2669 3145 factum
2692 3097 2778 3145 est
2798 3087 2955 3153 nihil,
2978 3106 2997 3139 ι
3015 3083 3509 3155 etreliqua.Domi-.

1907 3183 2044 3238 nicas
2086 3182 2388 3239 nativitatis
2428 3181 2590 3248 diem,
2628 3197 2734 3251 qua
2786 3179 3155 3249 temporaliter
3200 3186 3361 3232 natus
3390 3185 3495 3243 est,

220 3271 400 3327 solum
426 3273 579 3339 vidit,
609 3273 704 3329 sed
734 3274 786 3329 in
810 3274 1032 3331 domum
1061 3274 1292 3344 accepit,
1317 3282 1374 3329 et
1398 3274 1620 3345 insuper
1644 3274 1806 3330 etiam
1834 3263 1880 3327 C
1912 3290 2091 3329 annua
2137 3273 2472 3329 revolutione
2516 3271 2776 3337 colentes,
2822 3271 2956 3329 libet
2980 3269 3167 3325 oculos
3200 3267 3398 3322 IllellllS
3429 3265 3500 3321 ad

227 3362 380 3431 pavit
408 3361 561 3431 (Gen.
592 3364 769 3436 xvtu).
793 3364 1098 3435 Aliquando
1129 3364 1443 3422 cmlestibus
1464 3366 1803 3433 substantiis,

235 3452 380 3507 sicut
399 3453 670 3524 baptizata
693 3454 917 3514 Domino
952 3472 1059 3515 vox
1094 3456 1354 3523 insonuit,
1381 3457 1610 3514 dicens:
1640 3475 1657 3511 ι
1707 3454 1807 3512 Hic

229 3553 313 3598 est
340 3543 506 3601 Filius
533 3562 689 3603 meus
710 3546 926 3619 (lauit.
950 3549 1058 3617 ιιι).
1090 3569 1109 3602 ι
1142 3548 1443 3619 Aliquando
1486 3548 1720 3605 terrenis
1753 3557 1811 3604 et

229 3635 555 3703 calestihus,
581 3639 721 3703 sicut
749 3654 931 3699 coram
982 3641 1167 3713 Moyse
1195 3641 1251 3696 in
1291 3650 1474 3697 monte
1516 3640 1697 3711 ignem
1724 3656 1810 3695 ru-

229 3729 459 3801 bumque
485 3731 713 3791 sociavit
742 3732 940 3806 (Exod.
977 3733 1081 3804 ιιι),
1109 3732 1423 3805 signiﬁcans
1444 3748 1503 3789 se
1530 3732 1807 3793 doctorem

230 3822 400 3893 populi
430 3822 567 3890 fore,
590 3826 681 3897 qui
708 3826 844 3899 legis
858 3826 1129 3887 ﬂatumam
1155 3827 1444 3898 acciperet,
1475 3835 1654 3887 tamen
1682 3841 1809 3898 pec-

235 3914 329 3970 cati
359 3915 573 3987 spinam
619 3931 730 3974 non
766 3918 1099 3988 relinqueret
1138 3935 1153 3973 :
1187 3919 1303 3974 sive
1325 3919 1471 3990 quod
1495 3933 1560 3974 ex
1594 3918 1686 3973 illo
1715 3934 1809 3988 po-

236 4007 346 4076 pulo
387 4009 587 4076 exiret,
637 4011 730 4081 qui
774 4012 955 4084 ignem
1006 4013 1306 4071 divinitatis
1354 4012 1407 4067 iu
1458 4011 1809 4068 humanitatis

235 4107 423 4154 nostra:
449 4100 636 4171 spinas
673 4101 993 4172 imponeret.
1020 4103 1328 4175 Aliquando
1359 4102 1610 4158 humanis
1638 4101 1809 4159 cordi-

233 4185 323 4245 bus
353 4201 568 4248 secreta
612 4194 900 4264 prasentia
923 4194 1189 4265 inspirat;
1212 4195 1353 4250 unde
1374 4193 1668 4250 Zacharias
1689 4194 1765 4248 ait
1791 4210 1803 4245 :

239 4297 256 4331 ι
284 4281 346 4337 Et
386 4283 529 4339 dixit
572 4284 639 4341 ad
695 4301 784 4342 me
828 4286 1054 4357 angelus
1102 4288 1195 4358 qui
1240 4288 1563 4357 loquebatur
1611 4287 1666 4341 in
1722 4300 1810 4342 me

235 4370 413 4443 (lactt.
447 4376 532 4448 ιι).
566 4395 585 4430 ι
624 4376 759 4434 Cum
789 4394 918 4435 vero
945 4379 1074 4436 huic
1094 4378 1463 4449 beatoJoseph
1494 4379 1807 4450 apparuisse

232 4464 445 4534 dicitur,
486 4471 721 4543 imagine
761 4473 945 4529 cordis
981 4482 1202 4537 ostensa
1230 4473 1499 4543 apparuit.
1538 4490 1556 4523 ι
1584 4471 1804 4542 Ioseph.

237 4556 305 4613 ﬁli
330 4558 518 4617 David.
555 4581 574 4617 ι
604 4560 945 4623 Blandientis
968 4562 1164 4623 aﬂeetu
1187 4562 1445 4633 loquitur,
1472 4572 1656 4619 notum
1682 4578 1806 4619 eum

1910 3363 2378 3433 contemplandum
2421 3372 2672 3419 naturam
2715 3361 3023 3417 Divinitatis
3055 3370 3401 3424 convertere;
3446 3367 3503 3413 et

1908 3456 2036 3527 quia
2083 3456 2134 3511 in
2175 3454 2349 3509 tribus
2376 3452 2830 3523 evangelistarum
2861 3452 3038 3521 dictis,
3077 3449 3318 3504 Matthaei
3350 3448 3495 3503 scili-

1908 3559 2014 3616 cet,
2047 3548 2211 3607 Marci
2241 3556 2297 3603 et
2323 3546 2501 3610 Lucae,
2545 3545 2737 3601 modus
2786 3546 3035 3599 humana:
3061 3542 3361 3598 nativitatis
3399 3541 3496 3596 de-

1909 3643 2184 3715 scribitur,
2235 3640 2303 3699 ad
2371 3637 2894 3696 consubstantialem
2942 3637 3035 3692 Dei
3074 3634 3254 3691 Patris
3302 3649 3493 3690 essen-

1908 3736 2061 3801 tiam,
2092 3739 2304 3803 oportet
2334 3732 2479 3789 beati
2520 3730 2742 3787 Joannis
2769 3729 3113 3803 evangelista:
3147 3729 3288 3784 dicta
3319 3724 3500 3783 consi-

1909 3831 2120 3885 derare.
2166 3826 2241 3883 De
2268 3824 2422 3894 cujus
2471 3823 2765 3896 Evangelio
2810 3823 3063 3889 locuturi,
3105 3821 3344 3893 breviter
3372 3819 3493 3891 qui-

1908 3921 2053 3987 dem,
2086 3920 2181 3976 sed
2226 3918 3204 3983 rationabilitercommemorandum
3257 3914 3492 3977 videtur,

1908 4028 2078 4084 quare
2126 4022 2235 4071 tam
2281 4012 2491 4068 Domini
2546 4011 2773 4067 dilectus
2830 4010 3146 4081 discipulus,
3197 4010 3251 4065 in
3308 4010 3500 4065 ordine

1907 4105 2291 4175 prophetarum
2342 4111 2578 4174 ponatur
2629 4112 2928 4158 extremus.
2973 4101 3107 4170 Quia
3150 4100 3292 4156 enim
3339 4114 3500 4159 suum

1909 4197 2256 4268 Evangelium
2307 4196 2525 4267 scripsit
2568 4196 2917 4261 novissimus,
2955 4195 3076 4251 ideo
3110 4194 3234 4264 jure
3279 4193 3500 4264 ponitur

1910 4290 2133 4345 ultimus
2160 4287 2299 4359 :jam
2329 4303 2458 4343 vero
2487 4288 2587 4343 tria
2605 4287 2896 4357 Evangelia
2925 4287 3126 4356 scripta
3150 4292 3311 4339 erant
3334 4278 3499 4353 atque

1911 4382 1964 4437 in
1990 4382 2303 4437 universum
2334 4382 2521 4436 orbem
2537 4379 2828 4450 divulgata.
2849 4377 2954 4433 Per
2974 4377 3284 4432 Matthxeum
3300 4374 3499 4445 quippe

1910 4479 1963 4534 in
1992 4477 2196 4546 Judaaa,
2228 4492 2325 4548 per
2354 4476 2595 4533 Marcum
2624 4491 2755 4532 vero
2795 4482 2851 4531 et
2877 4471 3081 4529 Lucam
3129 4472 3183 4525 in
3225 4466 3494 4540 gentibus.

1908 4573 2027 4644 Ipse
2055 4583 2235 4630 autem
2258 4583 2380 4645 post
2407 4575 2783 4631 ascensionem
2812 4570 3052 4633 Domini,
3082 4583 3179 4637 per
3214 4562 3497 4634 sexaginta

235 4650 535 4722 ίίῑηίθαωί
562 4666 618 4713 α
652 4655 974 4719 “minam”!
1013 4655 1167 4725 cuius
1201 4670 1395 4712 n0men
1427 4665 1482 4711 (τι
1521 4670 1693 4727 genus
1717 4656 1809 4712 de-
1834 4644 1887 4705 Ῑ)
1913 4644 2623 4739 fermeannosEvangelium
2640 4680 2815 4727 suum,
2834 4663 3037 4729 absque
3053 4653 3498 4713 ulloadminiculo

235 4742 489 4813 signatur.
535 4745 675 4805 Hinc
714 4755 939 4819 apparet
982 4747 1127 4818 quod
1176 4762 1243 4802 ex
1276 4747 1466 4803 eadem
1501 4747 1644 4803 tribu
1685 4756 1805 4803 erat

234 4831 420 4908 loscph
445 4845 504 4894 et
537 4837 729 4906 Maria,
755 4837 912 4909 juxta
958 4838 1086 4897 illud
1128 4836 1336 4895 :Nemo
1383 4838 1663 4910 copuletur
1701 4839 1806 4894 nisi

235 4926 293 4982 de
317 4929 462 4985 tribu
489 4945 588 4987 sua
614 4930 807 5003 (Nam.
836 4930 1046 5003 xxxvr).
1078 4930 1137 4986 In
1165 4946 1274 5003 quo
1311 4930 1605 4987 notandum
1661 4930 1806 5000 quod

238 5032 330 5074 non
358 5029 472 5077 tam
497 5037 665 5079 carne
683 5038 850 5094 quam
877 5023 1069 5094 spiritu
1089 5022 1257 5079 tilium
1285 5021 1453 5078 David
1482 5021 1629 5078 illum
1656 5023 1781 5088 dixe

238 5113 317 5179 rit,
344 5124 408 5171 ut
422 5117 628 5188 justum
651 5117 828 5174 virum
844 5133 911 5175 ex
932 5133 1131 5190 genere
1150 5119 1282 5189 justi
1311 5126 1685 5190 propagatum,
1704 5119 1807 5173 hoc

237 5207 488 5265 “lauisse
511 5208 833 5266 declararet.
875 5228 895 5265 ι
926 5209 1046 5266 Noli
1072 5211 1280 5267 timere.
1328 5230 1347 5263 ι
1399 5209 1638 5281 Apparet
1663 5210 1809 5280 quod

238 5312 384 5358 causa
407 5302 621 5367 timoris
643 5305 932 5376 appetierit
960 5305 1235 5365 dimittere
1261 5320 1403 5372 eam,
1449 5304 1542 5376 qui
1586 5305 1809 5360 timebat

239 5395 466 5462 proﬁteri
494 5398 781 5471 spirituale
807 5396 1138 5470 conjugium.
1164 5398 1299 5455 Vide
1327 5397 1472 5469 quod
1502 5406 1680 5453 metus
1720 5395 1808 5451 ille

240 5501 332 5544 non
352 5492 646 5559 coercitus,
675 5505 786 5563 quo
824 5492 1074 5561 accipere
1103 5505 1327 5549 uxorem
1358 5490 1664 5561 prohibitus
1702 5498 1806 5555 est,

240 5584 559 5658 sedjubetur
583 5603 653 5644 ne
680 5588 748 5644 ad
776 5602 931 5647 suam
975 5587 1320 5658 praesentiam
1371 5586 1518 5642 illam
1564 5585 1811 5654 accipere

240 5687 571 5748 expavescat.
603 5678 763 5737 Prius
789 5681 955 5737 timor
982 5679 1293 5751 expellitur,
1344 5687 1404 5733 ut
1431 5677 1687 5734 libentius
1724 5679 1809 5734 di-

241 5772 393 5827 cenda
415 5780 604 5844 postea
641 5774 949 5831 audiantur.
1002 5792 1022 5826 ι
1067 5769 1362 5845 Conjugem
1411 5778 1577 5825 tuam.
1614 5789 1632 5822 ι
1664 5769 1813 5826 Solet

242 5858 514 5941 Scriptura
541 5884 793 5947 sponsas,
821 5869 1078 5943 conjuges
1105 5867 1190 5925 vel
1217 5880 1416 5924 uxores
1438 5878 1655 5921 vocare.
1686 5864 1813 5923 Sive

1908 4758 2201 4824 scribendi,
2230 4756 2371 4813 Asiae
2399 4758 2642 4827 partibus
2672 4751 3012 4826 praedicavit;
3068 4748 3160 4805 sed
3208 4754 3497 4820 postquam

1907 4869 1937 4907 a
1992 4853 2327 4916 Domitiano,
2380 4849 2698 4919 impiissimo
2744 4845 2957 4901 Caesare
3011 4858 3075 4898 ac
3117 4840 3493 4897 crudelissimo

1910 4952 2156 5013 tyranno,
2188 4948 2408 5012 prepter
2441 4936 2857 5010 iusuperabilem
2907 4932 3316 5006 evangelizandi
3359 4945 3459 4985 con

1910 5036 2185 5100 stantiam,
2215 5035 2267 5090 in
2298 5035 2517 5090 Patmos
2548 5032 2777 5091 insulam
2800 5029 2990 5087 exsilio
3021 5037 3165 5085 esset
3202 5026 3471 5097 relegatus

1909 5135 2204 5199 eruperunt
2236 5127 2470 5183 lucretici
2515 5128 2570 5181 in
2620 5125 2941 5188 Ecclesiam,
2994 5120 3256 5184 Marcion,
3304 5116 3466 5174 Cerin

1916 5221 2064 5286 thus,
2084 5229 2139 5274 et
2167 5220 2362 5285 Ebion,
2393 5228 2449 5274 et
2471 5218 2562 5274 alii
2592 5217 2686 5273 filii
2716 5217 2936 5282 diaboli,
2976 5230 3113 5284 quos
3139 5214 3254 5283 ipse
3300 5212 3354 5267 in
3383 5210 3469 5280 epi

1913 5315 2050 5371 stola
2083 5331 2176 5369 sua
2204 5312 2566 5369 Antichristos
2595 5311 2845 5383 appellat,
2879 5310 2971 5380 qui
3001 5324 3121 5364 eam
3152 5306 3380 5371 diversis
3400 5306 3497 5360 do-

1913 5407 2184 5477 gmatibus
2224 5405 2470 5461 scindere
2516 5405 2696 5460 conati
2739 5411 2885 5469 sunt,
2937 5402 3181 5459 dicentes
3216 5398 3492 5455 Christum

1914 5508 2039 5556 ante
2054 5498 2274 5553 Mariam
2298 5513 2404 5552 non
2428 5497 2612 5554 fuisse.
2630 5497 2820 5553 Postea
2835 5510 2963 5551 vero
2984 5509 3132 5559 cum.
3149 5491 3497 5565 permittente

1914 5592 2158 5663 piissimo
2182 5606 2309 5661 rege
2334 5590 2530 5657 Nerva,
2548 5604 2828 5662 regressus
2859 5589 2924 5643 de
2943 5585 3136 5643 exsilio
3168 5579 3365 5653 Ephesi
3383 5594 3499 5635 mo-

1914 5690 2127 5739 raretur
2147 5722 2162 5748 ,
2192 5692 2413 5753 rogatus
2449 5681 2681 5738 traditur
2712 5680 2780 5735 ab
2810 5676 3082 5733 universis
3109 5670 3377 5745 episcopis
3436 5675 3497 5726 et

1918 5775 2269 5847 presbyteris,
2301 5783 2359 5830 ut
2382 5775 2507 5845 quia
2527 5773 2642 5843 jam
2670 5773 2724 5827 in
2746 5772 2922 5826 tribus
2946 5765 3401 5838 evangelistarum
3432 5762 3499 5818 li-

1920 5869 2049 5934 bris,
2081 5876 2141 5923 ut
2176 5868 2432 5934 diximus,
2484 5864 2833 5937 temporalem
2886 5860 3099 5921 Domini
3157 5857 3501 5915 nativitatem
