4038 6352
536 375 605 430 5ῗῖ
1148 376 1497 432 llAVMO‘NlS
1538 376 2017 433 HALBERSTAT.
2059 376 2272 432 EPISC.
2318 377 2466 433 OPP.
2511 376 2689 433 PARS
2726 375 2788 432 ll.
2819 407 2889 417 —
2928 375 3153 433 HOMIL.
3737 382 3808 435 56

533 492 768 564 pleniter
812 489 1082 550 habebant
1127 495 1450 564 expositam,
1477 495 1560 550 eis
1600 495 1668 550 de
1695 494 1978 549 divinitate
2003 509 2115 548 ser-
2143 495 2194 554 Α
2218 492 2286 547 Ει
2350 493 2405 546 in
2461 492 2768 548 Proverbiis
2816 507 2836 546 :

535 602 752 642 monem
779 586 1002 651 faceret,
1020 595 1075 641 et
1095 588 1162 641 ad
1185 588 1501 642 memoriam
1525 585 1827 642 futurorum
1857 585 2116 656 scriptum

534 678 883 748 relinqueret,
944 687 1004 734 ut
1042 679 1249 734 scilicet
1301 687 1422 750 post
1475 680 1593 749 ejus
1640 679 2002 735 recessionem
2049 678 2116 733 de

533 769 758 832 mundo,
800 769 1062 823 haberent
1103 768 1288 824 ﬁdeles
1310 769 1452 824 unde
1481 768 1641 824 fidem
1666 784 1818 823 suam
1843 768 2117 823 munirent

535 866 589 911 et
639 858 1017 913 luereticoruin
1067 857 1204 914 falsa
1246 860 1499 931 dogmata
1542 859 1903 914 destruerent.
1962 857 2116 924 Quod

532 952 764 1021 primum
791 967 849 1006 se
874 953 1091 1022 negavit
1122 952 1410 1017 facturum,
1453 953 1546 1008 sed
1580 951 1685 1007 illis
1715 952 1768 1006 in
1797 966 1958 1021 prece
1990 965 2115 1021 per-

530 1042 923 1107 severantibus,
956 1060 1063 1097 non
1100 1044 1257 1098 aliter
1302 1045 1407 1099 hoc
1454 1043 1635 1098 facere
1670 1043 1956 1113 acquievit,
2010 1041 2113 1097 nisi

526 1133 680 1202 prius
703 1135 949 1189 triduano
965 1133 1170 1204 jejunio
1193 1150 1382 1191 omnes
1414 1135 1470 1190 in
1512 1149 1800 1191 commune
1823 1133 2112 1188 Dominum

523 1235 902 1294 precarentur.
929 1225 1082 1294 Quod
1108 1244 1230 1282 cum
1259 1227 1615 1283 libentissime
1661 1228 1728 1281 ab
1755 1226 2008 1281 omnibus
2033 1224 2112 1278 fa-

525 1326 672 1373 ctum
698 1327 866 1384 esset,
899 1319 988 1373 die
1015 1320 1174 1374 tertia
1215 1319 1412 1389 expleti
1449 1318 1640 1391 jejunii
1694 1326 1842 1373 tanta
1891 1317 2108 1372 Domini

525 1411 720 1481 gratia,
752 1411 1048 1466 secundum
1083 1413 1168 1468 sui
1197 1413 1432 1474 nominis
1458 1429 1757 1485 congruam
1790 1415 2113 1482 interpreta-

525 1503 750 1567 tionem,
778 1502 977 1557 dicitur
1005 1504 1333 1574 repletus,et
1356 1520 1527 1574 usque
1553 1507 1620 1559 ad
1641 1503 2109 1574 contemplandam

523 1591 824 1648 divinitatis
853 1603 1105 1650 naturam
1134 1597 1454 1652 substantiae
1479 1596 1616 1650 ultra
1648 1610 1838 1651 omnes
1864 1596 2111 1650 homines

523 1696 826 1756 raperetur,
865 1697 923 1743 et
947 1703 1131 1760 regem
1157 1689 1212 1744 in
1245 1690 1440 1746 decore
1470 1705 1568 1744 suo
1603 1705 1855 1754 cernens,
1897 1689 1965 1744 de
1992 1688 2110 1758 ipso

523 1777 817 1844 purissimo
856 1777 1006 1833 fonte
1048 1779 1348 1834 divinitatis
1387 1781 1631 1835 hauriret
1669 1779 1812 1849 quod
1847 1778 2001 1834 nobis
2031 1778 2106 1833 si-

521 1867 780 1923 tientibus
809 1871 1141 1939 propinaret,
1170 1880 1226 1926 et
1257 1872 1336 1927 sie
1361 1887 1461 1940 per
1490 1879 1663 1926 totum
1709 1871 1793 1925 sui
1830 1870 2108 1940 Evangelii
2136 1865 2184 1924 B
2211 1870 2336 1927 lista
2387 1871 2634 1942 dissipat,
2688 1887 2810 1926 cum
2849 1871 3124 1942 subiungit
3177 1891 3192 1926 :

518 1967 726 2015 textum
759 1978 930 2031 pauca
961 1965 1027 2018 de
1073 1965 1325 2019 humanis
1363 1964 1572 2020 actibus
1621 1963 1920 2018 Salvatoris
1963 1964 2108 2018 inse-

519 2067 664 2119 rens,
699 2053 1028 2111 suﬁicienter
1053 2071 1121 2111 ex
1147 2057 1429 2112 divinitate
1452 2058 1656 2126 scripta
1685 2056 1922 2126 reliquit.
1957 2056 2112 2112 Unde

513 2148 654 2203 bene
699 2149 751 2203 in
782 2164 937 2205 coena
965 2165 1130 2220 super
1156 2161 1346 2221 pectus
1377 2151 1595 2206 Domini
1622 2151 1940 2206 recubuisse
1968 2149 2108 2205 dici-

517 2247 623 2294 tur.
649 2238 786 2306 Quia
809 2240 957 2295 enim
984 2242 1038 2295 in
1064 2250 1285 2312 pectore
1330 2240 1459 2298 Jesu
1499 2249 1626 2298 sunt
1649 2257 1840 2296 omnes
1870 2242 2110 2296 thesauri

513 2333 793 2402 sapientia;
815 2342 872 2389 et
890 2334 1131 2390 scientia:
1159 2336 1484 2401 absconditi,
1522 2336 1646 2390 inde
1678 2344 1900 2405 gustans
1943 2349 2107 2403 quam

513 2426 695 2480 suavis
727 2435 812 2482 est
856 2427 1137 2495 Dominus,
1179 2429 1338 2486 nobis
1381 2428 1750 2485 esurientibus
1776 2429 1954 2483 cibum
1984 2428 2108 2483 vita:

511 2529 729 2574 aeternae
756 2529 840 2575 est
859 2522 1186 2592 impartitus.
1206 2523 1359 2580 Unde
1387 2523 1527 2579 bene
1556 2524 1700 2578 inter
1727 2531 1960 2592 quatuor
1991 2521 2107 2576 aui-

511 2611 676 2665 malia
700 2612 892 2681 aquila:
918 2614 1158 2683 speciem
1181 2615 1580 2669 rationabiliter
1603 2615 1806 2668 habere
1843 2612 2106 2668 describi-

513 2712 621 2769 tur,
655 2704 782 2775 quia
807 2706 950 2762 sicut
975 2706 1154 2776 aquila
1199 2722 1312 2776 prae
1347 2708 1560 2763 caeteris
1604 2707 1792 2761 avibus
1822 2705 1985 2762 altius
2012 2722 2106 2762 vo-

511 2797 607 2860 lat,
638 2805 693 2852 et
713 2812 823 2866 prae
853 2799 1064 2853 cunctis
1104 2799 1474 2856 animantibus
1514 2798 1678 2868 jubar
1703 2799 1831 2854 solis
1872 2799 2105 2854 irrever-

507 2887 716 2942 beratis
759 2889 931 2944 oculis
959 2890 1380 2960 contemplatur,
1413 2890 1488 2944 ita
1537 2889 1772 2946 Joannes
1806 2905 1919 2959 prae
1969 2905 2102 2944 cun-

510 2981 614 3035 ctis
640 2981 950 3036 hominibus
966 2982 1215 3037 subtilius
1245 2997 1314 3036 ex
1361 2981 1642 3036 divinitate
1676 2981 1862 3046 sensit,
1897 2991 1950 3036 et
1988 2995 2100 3050 pm

510 3071 722 3124 cunctis
749 3071 1069 3127 mortalibus
1095 3072 1256 3128 altius
1283 3073 1474 3129 aeterni
1523 3073 1653 3127 solis
1699 3081 1948 3126 naturam
1975 3087 2100 3126 con-

509 3163 800 3232 templatus
826 3172 930 3228 est,
959 3164 1146 3220 dicens
1179 3184 1190 3218 :
1222 3183 1239 3216 ‹
1271 3165 1328 3219 ln
1370 3165 1636 3235 principio
1684 3173 1800 3219 erat
1834 3162 2094 3229 Verbum,

2899 511 2919 543 ‹
2966 492 3230 548 Dominus
3289 493 3530 562 possedit
3595 511 3685 550 me
3752 497 3805 551 in

2221 587 2375 642 initio
2410 586 2619 640 viarum
2645 601 2865 642 suarum
2895 591 3181 656 antequam
3211 584 3506 656 quidquam
3537 585 3749 644 faceret
3774 605 3808 644 a

2218 678 2503 748 principio,
2535 679 2603 732 ab
2645 686 2847 734 aeterno
2884 677 3135 733 ordinata
3165 693 3305 742 sum,
3341 685 3397 732 et
3447 693 3516 733 ex
3562 679 3808 751 antiquis

2217 779 2504 840 antequam
2546 779 2689 826 terra
2729 771 2881 826 ﬁeret
2919 770 3101 842 (Prov.
3155 771 3298 843 VIII).
3348 791 3368 823 ι
3424 771 3492 826 Et
3546 773 3749 828 iterum
3790 793 3803 828 :

2224 879 2244 914 ι
2273 859 2498 929 Quando
2519 864 2863 933 praeparabat
2891 862 3081 929 caelos,
3111 864 3353 929 aderam,
3376 864 3540 919 simul
3562 881 3687 920 eum
3711 865 3808 924 illo

2217 970 2545 1025 componens
2583 957 2764 1012 omnia
2805 954 3017 1028 (Ibid)
3057 975 3074 1006 ›
3124 954 3262 1010 Hinc
3317 972 3415 1027 per
3447 955 3802 1015 Psalmistam

2216 1046 2415 1102 dicitur
2446 1065 2490 1100 ε(
2515 1046 2840 1117 Priusquam
2872 1055 3084 1102 montes
3107 1045 3322 1112 fierent,
3337 1056 3433 1103 aut
3466 1047 3806 1106 formaretur

2216 1145 2359 1192 terra
2382 1147 2439 1194 et
2463 1139 2613 1193 orbis
2638 1154 2669 1193 a
2696 1138 2894 1194 saeculo
2909 1154 3081 1208 usque
3110 1139 3166 1193 in
3189 1139 3445 1195 s:eculum
3470 1149 3528 1195 tu
3554 1155 3615 1196 es
3653 1140 3800 1197 Deus

2215 1227 2387 1298 (Psal.
2418 1229 2666 1296 LXXXIX).
2709 1249 2727 1280 ι
2755 1229 2954 1284 lterum
2992 1228 3144 1286 luere
3178 1231 3270 1286 alii
3309 1233 3558 1288 veritatis
3589 1233 3802 1290 inimici

2212 1318 2303 1388 qui
2330 1327 2441 1374 tres
2468 1334 2727 1390 personas
2768 1329 2967 1375 sanetae
2988 1320 3273 1376 Trinitatis
3304 1336 3505 1393 negare
3530 1323 3802 1390 volentes,

2213 1411 2453 1466 dicerent
2488 1430 2500 1466 :
2540 1412 2702 1467 Pater
2747 1411 2964 1483 quando
3006 1411 3155 1478 vult,
3207 1413 3376 1469 Filius
3425 1425 3538 1479 est;
3582 1416 3804 1486 quando

2212 1503 2344 1568 vult,
2377 1503 2610 1573 Spiritus
2632 1511 2852 1558 sanctus
2884 1513 2963 1558 est
2991 1523 3003 1557 :
3026 1503 3198 1559 Filius
3227 1505 3442 1574 quando
3470 1504 3588 1559 vult
3616 1505 3802 1571 Pater,

2211 1594 2428 1663 quando
2453 1593 2569 1648 vult
2615 1592 2850 1663 Spiritus
2875 1602 3096 1649 sanctus
3134 1604 3258 1660 est;
3303 1593 3536 1664 Spiritus
3583 1605 3805 1652 sanctus

2211 1687 2428 1754 quando
2455 1685 2589 1750 vult,
2616 1685 2783 1739 Pater
2805 1694 2888 1740 est
2915 1694 3008 1740 aut
3037 1685 3226 1752 Filius,
3257 1688 3400 1743 idem
3433 1697 3618 1750 tamen
3665 1705 3805 1745 unus

2211 1788 2313 1834 est.
2344 1779 2410 1833 Et
2440 1779 2634 1834 horum
2673 1778 3024 1834 falsissimum
3065 1794 3306 1834 errorem
3351 1794 3519 1835 verax
3565 1795 3802 1853 evange-

3247 1891 3266 1924 ‹
3320 1873 3387 1927 Et
3419 1873 3660 1930 Verbum
3687 1886 3804 1930 erat

2219 1963 2358 2032 apud
2381 1962 2571 2017 Deum.
2611 1981 2632 2013 ι
2666 1961 2725 2016 Si
2755 1962 2900 2018 enim
2929 1962 3066 2017 alter
3095 1963 3234 2032 apud
3255 1963 3487 2017 alterum
3516 1973 3658 2029 erat,
3691 1980 3802 2019 ma-

2216 2055 2470 2111 nifestum
2507 2064 2592 2111 est
2618 2057 2744 2126 quia
2784 2055 2889 2110 alia
2919 2064 3005 2112 est
3028 2071 3260 2126 persona
3290 2054 3490 2123 Patris,
3519 2058 3626 2112 alia
3655 2059 3800 2124 Filii,

2215 2146 2319 2202 alia
2344 2145 2578 2216 Spiritus
2624 2145 2818 2201 sancti.
2863 2145 2974 2202 Nec
3014 2146 3178 2201 Pater
3209 2147 3366 2217 juxta
3395 2146 3610 2202 illorum
3642 2148 3800 2202 falla-

2213 2239 2350 2294 ciam
2374 2238 2664 2308 aliquando
2684 2247 2928 2294 mutatur
2951 2240 3003 2293 in
3029 2239 3249 2303 Filium,
3281 2247 3374 2293 aut
3401 2238 3569 2295 Filius
3609 2241 3660 2294 in
3697 2240 3801 2296 Pa-

2213 2341 2372 2395 trem,
2400 2346 2576 2401 ncque
2600 2331 2834 2402 Spiritus
2851 2340 3072 2387 sanctus
3103 2333 3157 2400 in
3195 2330 3415 2386 Patrem
3443 2341 3536 2386 aut
3574 2331 3796 2397 Filium,

2211 2425 2305 2479 sed
2343 2423 2504 2478 Pater
2526 2438 2742 2494 semper
2769 2431 2855 2478 est
2880 2421 3064 2487 Pater,
3114 2421 3284 2478 Filius
3325 2437 3541 2493 semper
3574 2432 3658 2477 est
3705 2423 3795 2478 Fi-

2211 2515 2335 2579 lius,
2368 2515 2603 2585 Spiritus
2647 2523 2872 2570 sanctus
2917 2528 3131 2584 semper
3160 2522 3244 2568 est
3287 2513 3526 2584 Spiritus
3553 2523 3794 2570 sanctus.

2209 2605 2327 2661 Non
2349 2608 2492 2662 enim
2536 2607 2720 2662 divina
2757 2615 2951 2662 natura
2990 2605 3075 2660 vel
3127 2605 3431 2662 substantia
3467 2607 3670 2661 mutari
3697 2623 3792 2678 po-

2208 2706 2337 2765 test,
2382 2707 2519 2754 teste
2571 2697 2773 2754 Jacobo
2819 2698 3078 2770 Apostolo
3121 2698 3214 2768 qui
3245 2698 3322 2752 ait
3354 2716 3366 2752 :
3402 2717 3421 2750 (
3455 2699 3612 2768 Apud
3636 2713 3793 2768 quem

2207 2808 2315 2849 non
2383 2801 2467 2848 est
2516 2794 2918 2857 transmutatio,
2978 2809 3078 2848 nec
3153 2793 3545 2849 vicissitudinis
3605 2795 3793 2849 obum-

2205 2884 2383 2940 bratio
2439 2884 2646 2953 (Iacob.
2680 2885 2742 2956 ι).
2774 2905 2793 2938 ι
2843 2884 2974 2940 Item
3017 2882 3240 2940 fuerunt
3284 2884 3376 2939 alii
3433 2884 3528 2940 lilii
3570 2886 3791 2950 diaboli,

2209 2976 2302 3046 qui
2333 2976 2608 3031 Christum
2631 2977 2905 3032 hominem
2944 2985 3154 3031 tantum
3181 2977 3484 3042 crederent,
3513 2976 3684 3032 Deum
3705 2992 3795 3032 ve-

2201 3083 2324 3122 rum
2369 3077 2645 3138 negarent.
2686 3069 2755 3124 Et
2802 3069 2995 3124 horum
3039 3068 3305 3125 fallaciam
3348 3069 3619 3138 spirituali
3667 3086 3796 3124 mu—

2204 3173 2370 3214 crone
2412 3147 2741 3229 evangelista
2783 3161 3104 3231 amputavit,
3145 3175 3267 3216 cum
3306 3159 3550 3229 adjungit
3593 3178 3606 3212 :
3658 3178 3678 3211 ‹
3725 3160 3797 3215 Et

508 3260 566 3305 et
590 3249 826 3307 Verbum
852 3261 970 3308 erat
995 3257 1135 3324 apud
1165 3233 1441 3320 Deum,_et
1465 3233 1609 3310 Deus
1629 3263 1748 3309 erat
1771 3254 2029 3310 Verbum.
2055 3264 2093 3306 ἰ
2129 3233 2174 3296 C
2207 3248 2349 3305 Deus
2387 3258 2506 3303 erat
2546 3249 2805 3305 Verbum;
2859 3272 2878 3304 ›
2923 3250 3170 3322 Congrua
3221 3250 3366 3305 enim
3405 3249 3618 3305 ratione
3645 3265 3794 3308 eoae-

507 3345 612 3399 Alii
639 3347 782 3400 enim
818 3348 1161 3418 evangelista:
1201 3347 1478 3404 Christum
1514 3348 1568 3403 in
1618 3356 1864 3417 tempore
1912 3355 2098 3402 natum

509 3437 844 3502 describunt,
879 3439 970 3494 ille
990 3455 1120 3495 vero
1149 3449 1274 3496 ante
1295 3441 1477 3496 omnia
1509 3449 1751 3511 tempora
1780 3454 1902 3494 eum
1931 3438 2098 3494 fuisse

507 3540 922 3597 commemorat,
945 3531 1132 3588 dicens
1163 3552 1175 3586 :
1220 3552 1238 3585 ‹
1271 3533 1327 3587 1η
1349 3533 1615 3602 principio
1637 3540 1757 3588 erat
1782 3533 2037 3588 Verbum.
2075 3553 2093 3584 ι

504 3622 612 3676 Alii
642 3639 767 3677 eum
807 3625 987 3679 subito
1011 3626 1285 3680 hominem
1327 3627 1469 3679 inter
1497 3626 1745 3680 homines
1785 3626 2099 3696 apparuisse

506 3723 953 3780 commemorant,
990 3715 1079 3770 ille
1129 3731 1340 3786 semper
1385 3733 1507 3771 cum
1538 3717 1650 3773 Deo
1686 3718 1847 3773 Patre
1878 3733 2097 3774 manere

504 3803 763 3868 ostendit,
797 3804 984 3859 dicens
1018 3822 1030 3858 :
1067 3823 1086 3856 ‹
1117 3805 1184 3859 Et
1213 3803 1450 3860 Verbum
1499 3816 1619 3861 erat
1665 3808 1807 3878 apud
1835 3808 2024 3863 Deum.
2073 3827 2089 3859 ι

505 3892 612 3948 Alii
658 3895 804 3949 hunc
845 3909 1033 3949 verum
1083 3897 1356 3951 hominem
1402 3898 1733 3963 describunt,
1781 3897 1869 3955 ille
1907 3915 2095 3956 verum

505 3984 796 4040 conﬁrmat
817 3985 1008 4051 Deum,
1038 3987 1222 4043 dicens
1249 4005 1262 4040 :
1308 4009 1325 4038 ‹
1349 3987 1424 4043 'Et
1454 3991 1594 4044 Deus
1622 4001 1741 4045 erat
1763 3991 2020 4047 Verbum.
2070 4014 2088 4046 ι

505 4075 611 4130 Alii
643 4076 1001 4145 corporaliter
1029 4079 1095 4131 de
1124 4077 1287 4132 Maria
1309 4079 1519 4147 virgine
1568 4090 1776 4146 natum,
1819 4090 2094 4152 tempora-

505 4168 631 4222 liter
655 4169 795 4222 inter
824 4169 1072 4223 homines
1098 4179 1477 4224 conversatum
1505 4171 1672 4227 fuisse
1703 4182 1977 4239 asserunt,
2003 4174 2094 4230 ille

504 4273 629 4312 cum
661 4257 772 4312 Deo
816 4257 980 4313 Patre
1010 4274 1226 4327 semper
1260 4257 1430 4315 fuisse
1462 4261 1824 4329 demonstrat,
1856 4265 2042 4319 dicens
2075 4283 2086 4318 :

509 4369 526 4401 ε
560 4348 673 4405 Hoc
698 4351 890 4406 eratin
921 4351 1187 4422 principio
1226 4353 1368 4422 apud
1398 4353 1587 4407 Deum.
1639 4374 1657 4406 ι
1706 4355 1810 4409 Alii
1854 4356 2006 4427 signa
2036 4366 2089 4412 et

501 4441 734 4497 virtutes
777 4457 915 4512 quas
973 4443 1115 4496 inter
1146 4443 1393 4498 homines
1441 4443 1592 4510 fecit,
1624 4445 1712 4499 ille
1750 4446 1893 4516 quod
1951 4447 2092 4503 Deus

501 4544 618 4591 erat
646 4551 744 4606 per
781 4536 978 4591 Filium
1025 4551 1242 4591 omnem
1277 4546 1584 4593 creaturam
1622 4540 1942 4607 condiderit,
1975 4556 2090 4596 ma-

500 4628 741 4695 nifestat,
777 4646 901 4686 cum
939 4631 1017 4686 ait
1043 4649 1055 4685 :

577 4742 595 4773 ‹
636 4721 831 4778 Omnia
871 4740 968 4794 per
1017 4725 1194 4795 ipsum
1226 4724 1368 4781 facta
1410 4734 1555 4791 sunt,
1585 4735 1642 4781 et
1712 4726 1829 4782 sine
1852 4727 1970 4797 ipso
2007 4726 2086 4781 fa-

505 4833 524 4865 c
563 4822 712 4868 ctum
739 4823 824 4868 est
859 4815 1010 4870 nihil.
1067 4837 1086 4868 ›
1120 4815 1187 4871 Ει
1211 4817 1444 4872 mirabili
1480 4817 1670 4872 ordine
1707 4817 1898 4872 beatus
1925 4815 2088 4872 Joan-

500 4921 600 4962 nes
650 4907 980 4978 evangelista
1010 4909 1066 4962 in
1094 4911 1320 4966 exordio
1367 4911 1450 4965 sui
1485 4910 1786 4982 Evangelii,
1829 4919 1884 4967 et
1925 4911 2085 4966 ﬁdem

499 4997 838 5053 credentium
873 4998 1112 5065 roborat,
1154 5010 1210 5056 et
1245 5003 1623 5058 haereticorum
1651 5001 1842 5056 falsum
1893 5005 2084 5072 dogma

499 5091 740 5147 damnat.
758 5091 1000 5150 Fuerunt
1022 5097 1166 5150 enim
1195 5095 1434 5152 haeretici
1461 5097 1553 5167 qui
1579 5095 1861 5151 dicebant:
1884 5095 2085 5168 Siergo

499 5191 659 5238 natus
688 5193 771 5239 est
793 5183 1061 5252 Christus,
1087 5195 1207 5241 erat
1230 5195 1441 5256 tempus
1463 5186 1681 5256 quando
1707 5186 1914 5241 illenon
1944 5198 2080 5244 erat.

499 5273 740 5341 Quorum
794 5291 1034 5333 errorem
1095 5277 1422 5348 evangelista
1481 5278 1534 5331 in
1590 5279 1708 5348 ipso
1743 5279 1964 5334 exordio
2001 5281 2082 5335 sui

498 5365 778 5438 Evangelii
804 5367 1052 5434 destruit,
1067 5385 1192 5423 eum
1207 5367 1367 5424 dicit:
1400 5387 1419 5420 ‹
1447 5367 1503 5422 ln
1525 5369 1792 5439 principio
1811 5380 1929 5426 erat
1954 5372 2082 5427 Ver—

497 5460 645 5513 bum.
692 5478 710 5511 ι
743 5457 880 5526 Quia
903 5476 1012 5514 non
1031 5459 1185 5522 dixit,
1216 5459 1271 5512 in
1298 5458 1563 5529 principio
1598 5460 1765 5530 cmpit
1794 5475 1911 5516 esse
1943 5459 2078 5517 Ver-

495 5551 649 5618 bum,
677 5552 771 5606 sed
802 5551 855 5605 in
884 5550 1148 5620 principio
1175 5557 1296 5604 erat
1329 5547 1586 5617 Verbum,
1624 5551 1828 5606 nullum
1869 5560 2081 5622 tempus

497 5637 614 5706 ejus
643 5649 893 5694 naturam
941 5639 1322 5704 antecessisse,
1373 5640 1466 5695 sed
1507 5643 1678 5710 ipsum
1725 5651 1850 5697 ante
1899 5643 2080 5697 omnia

496 5736 742 5800 tempora
766 5747 978 5799 semper
1012 5745 1153 5796 esse,
1183 5731 1323 5786 sicut
1350 5731 1465 5801 ipse
1495 5733 1548 5786 in
1588 5732 1884 5803 Evangelio
1907 5734 2075 5789 dicit:

501 5838 521 5870 ι
560 5821 673 5891 Ego
698 5821 1017 5890 principium
1043 5823 1134 5892 qui
1161 5834 1214 5880 et
1243 5824 1436 5893 loquor
1454 5823 1605 5878 vobis
1640 5823 1820 5894 (Joan.
1860 5841 1957 5878 vm
1986 5826 2022 5892 ).
2059 5846 2075 5877 ι

2205 3349 2393 3396 ternus
2425 3339 2571 3395 Patri
2615 3341 2785 3396 Filius
2829 3340 3065 3396 Verbum
3093 3341 3309 3406 dicitur,
3340 3340 3469 3411 quia
3505 3339 3651 3394 sicut
3688 3355 3794 3396 nos

2205 3431 2519 3488 interiorem
2565 3433 2748 3489 cordis
2798 3435 2971 3489 nostri
3023 3433 3358 3488 voluntatem
3406 3448 3505 3504 per
3559 3432 3790 3487 verbum

2201 3523 2576 3595 patefacimus,
2625 3526 2699 3579 ita
2749 3526 2891 3582 Deus
2919 3526 3078 3580 Pater
3097 3541 3196 3596 per
3219 3525 3418 3580 Filium
3439 3532 3637 3580 cuncta
3669 3539 3790 3594 quae

2202 3617 2453 3672 videntur
2491 3626 2746 3687 cperatus
2790 3628 2894 3684 est,
2939 3626 3079 3673 teste
3125 3617 3438 3684 Psalmista,
3484 3618 3575 3686 qui
3605 3616 3784 3672 dicit:

2207 3728 2225 3761 ι
2263 3709 2443 3765 Verbo
2483 3709 2577 3765 Dei
2620 3711 2745 3765 (εωιὶ
2782 3711 2984 3767 ﬁrmati
3023 3719 3168 3777 sunt,
3208 3721 3265 3766 et
3310 3711 3506 3782 spiritu
3533 3711 3650 3766 oris
3671 3710 3788 3779 ejus

2199 3803 2376 3858 omnis
2401 3802 2573 3857 virtus
2599 3819 2787 3858 eorum
2810 3801 2987 3876 (Psal.
3012 3803 3183 3877 xxxx).
3210 3824 3229 3856 ι
3262 3804 3390 3859 Sive
3417 3803 3658 3859 Verbum
3686 3802 3786 3856 Pa-

2200 3895 2298 3950 tris
2325 3893 2494 3950 Filius
2529 3895 2748 3960 dicitur,
2777 3897 2923 3966 quia,
2949 3905 3010 3952 ut
3047 3899 3124 3952 ait
3161 3897 3452 3966 Apostolus
3483 3915 3496 3952 :
3533 3914 3553 3946 ι
3596 3894 3782 3950 Virtus

2197 3994 2252 4040 et
2282 3986 2544 4058 sapientia
2598 3994 2682 4042 est
2724 3985 2903 4042 Patris
2942 3987 2995 4058 (Ι
3028 3986 3150 4042 Cor.
3189 3986 3251 4058 ι).
3311 4005 3329 4037 ›
3379 3986 3456 4041 De
3500 4001 3608 4057 quo
3657 3983 3786 4039 alibi

2197 4077 2482 4132 Psalmista
2520 4078 2596 4132 ait
2639 4096 2651 4132 :
2695 4097 2714 4130 ‹
2756 4078 3038 4134 Eruetavit
3085 4095 3182 4135 eor
3220 4093 3399 4134 meum
3433 4078 3660 4133 verbum
3690 4078 3784 4130 bo-

2197 4187 2324 4226 num
2375 4170 2546 4242 (Psal.
2599 4171 2766 4242 κων).
2803 4191 2822 4223 ι
2852 4170 3095 4226 Fuerunt
3141 4186 3333 4226 rursus
3360 4169 3452 4225 alii
3482 4170 3574 4240 qui
3615 4168 3784 4222 Deum

2194 4263 2470 4319 Christum
2497 4263 2714 4334 quidem
2748 4264 3054 4330 crederent,
3084 4264 3178 4319 sed
3207 4277 3275 4316 ex
3305 4260 3472 4316 Maria
3496 4259 3780 4315 exordium

2198 4356 2489 4425 sumpsisse
2539 4364 2823 4425 putarent,
2873 4371 3103 4425 quorum
3158 4369 3296 4410 unus
3355 4361 3536 4408 mente
3592 4361 3786 4422 captus

2196 4445 2399 4500 dixisse
2425 4444 2598 4501 fertur
2633 4464 2645 4500 :
2687 4445 2803 4501 Non
2833 4446 3048 4502 invideo
3082 4445 3299 4502 Christo
3328 4443 3473 4499 facto
3499 4442 3627 4507 Deo,
3654 4443 3782 4511 quia

2196 4539 2241 4593 si
2271 4538 2412 4604 volo,
2445 4553 2666 4608 possum
2703 4539 2818 4595 ﬁeri
2849 4539 3042 4595 similis
3069 4539 3167 4595 illi.
3201 4539 3269 4594 Et
3288 4540 3486 4595 horum
3508 4536 3784 4593 nefandis-

2198 4634 2396 4689 simum
2427 4649 2669 4691 errorem
2720 4645 2941 4691 sanctus
2979 4634 3312 4707 evangelista
3345 4633 3624 4704 opprimit,
3655 4647 3777 4686 cum

2198 4724 2376 4780 ahhuc
2415 4723 2688 4795 subjungit
2744 4744 2755 4779 :
2816 4745 2832 4777 ι
2895 4725 3007 4780 Hoc
3058 4734 3180 4780 erat
3225 4725 3281 4780 in
3325 4723 3594 4795 principio
3637 4723 3781 4793 apud

2197 4815 2388 4870 Deum.
2432 4836 2449 4866 ›
2489 4814 2789 4872 Ostendens
2842 4816 2992 4870 illum
3042 4831 3148 4871 non
3193 4831 3260 4870 ex
3315 4824 3556 4886 tempore
3603 4813 3784 4868 incre-

2197 4915 2436 4962 mentum
2483 4909 2796 4977 sumpsisse,
2847 4909 2943 4964 sed
2989 4922 3204 4979 semper
3241 4909 3297 4963 in
3343 4915 3615 4963 coaeterna
3645 4906 3779 4961 sub-

2195 5001 2394 5054 stantia
2423 5016 2545 5055 cum
2597 5001 2756 5057 Patre
2801 5017 2942 5057 esse.
2990 5001 3124 5056 ltem
3170 4999 3389 5055 fuerunt
3439 5007 3498 5054 et
3525 4997 3614 5052 alii
3640 4997 3783 5051 veri-

2196 5092 2323 5146 tatis
2344 5092 2571 5158 inimici,
2596 5095 2688 5164 qui
2709 5095 2969 5164 quasdam
2992 5101 3272 5148 creaturas
3305 5106 3336 5146 a
3359 5092 3490 5156 Deo,
3515 5090 3779 5161 quasdam

2194 5196 2224 5234 a
2251 5180 2484 5251 quodam
2515 5182 2758 5252 principe
2786 5183 3136 5238 tenebrarum
3168 5180 3341 5238 {actas
3365 5187 3702 5244 assererent,
3724 5189 3782 5234 et

2192 5275 2294 5329 hos
2348 5276 2580 5328 destruit
2631 5275 2977 5347 evangelicus
3035 5290 3232 5337 sermo,
3286 5290 3412 5330 cum
3463 5272 3708 5343 adjungit
3763 5289 3776 5326 :

2198 5383 2216 5416 ι
2254 5362 2448 5420 Omnia
2476 5379 2575 5435 per
2602 5364 2781 5436 ipsum
2810 5363 2954 5421 facta
2987 5374 3138 5432 sunt,
3173 5374 3230 5422 et
3259 5366 3378 5422 sine
3407 5364 3529 5434 ipso
3571 5362 3777 5418 factum

2190 5467 2274 5513 est
2303 5458 2459 5514 nihil.
2491 5477 2509 5510 ι
2542 5457 2672 5526 Quae
2713 5459 2858 5515 enim
2913 5459 3238 5525 subsistunt,
3272 5473 3370 5529 per
3415 5456 3592 5526 ipsum
3631 5451 3775 5509 facta

2185 5559 2330 5616 sunt,
2361 5552 2500 5608 sicut
2528 5552 2792 5623 scriptum
2821 5563 2904 5610 est
2937 5572 2993 5608 ε(
3027 5554 3130 5622 Qui
3173 5558 3357 5607 manet
3387 5551 3443 5605 in
3485 5539 3797 5613 aeternum:

2184 5643 2390 5696 ereavit
2417 5643 2598 5698 omnia
2629 5643 2808 5699 simul.
2855 5665 2873 5697 ι
2911 5644 3028 5700 Non
3054 5643 3302 5715 quaedam
3338 5642 3499 5705 bona,
3526 5637 3778 5710 quaedam

2185 5732 2348 5798 mala,
2380 5743 2438 5786 ut
2460 5735 2534 5788 illi
2565 5744 2913 5805 putaverunt,
2937 5735 3032 5792 sed
3053 5736 3238 5792 omnia
3265 5734 3421 5790 valde
3440 5733 3605 5797 bona,
3634 5730 3779 5786 sicut

2187 5824 2448 5894 scriptum
2498 5835 2580 5880 est
2615 5846 2627 5880 :
2664 5846 2681 5877 ι
2720 5827 2865 5884 Vidit
2915 5836 3108 5884 cuncta
3157 5843 3280 5898 quae
3331 5824 3480 5891 fecit,
3529 5831 3584 5878 et
3617 5829 3778 5877 erant
