4038 6352
520 392 588 449 69
1132 390 1483 448 ΗΑΥΜοΝιε
1521 391 1997 449 llALBERS’l‘AT.
2036 393 2090 470 β]

2191 393 2254 450 c.
2296 392 2447 452 ore.
2485 354 2668 453 ritas
2706 394 2789 451 n.‘
2812 426 2883 437 —
2920 393 3150 453 HOMIL.
3726 409 3807 464 so

526 520 650 566 ante
694 511 885 576 solem,
922 525 1022 582 per
1049 509 1207 580 cuius
1258 510 1623 566 testiinonium
1671 518 1728 565 et
1762 510 2100 581 prtedicatio—
2127 522 2177 582 Α
2204 522 2549 584 augmentum
2579 515 2740 585 capit,
2778 530 2880 571 nec
2906 516 3177 572 defectum
3204 517 3431 587 patitur,
3452 521 3549 576 sed
3568 536 3805 594 semper

528 618 650 657 item
680 604 748 659 ad
776 602 1060 659 videndam
1084 616 1265 658 veram
1289 602 1463 657 lucem
1484 601 1748 672 lippitudo
1772 602 1971 657 mentis
2001 602 2104 657 bu-

529 710 700 749 manaz
718 703 1138 765 praeparantur,
1164 703 1218 749 et
1234 700 1657 765 cognosceretur
1679 692 1826 749 Deus
1844 700 1900 748 et
1921 694 2101 748 homo.

524 787 588 845 Si
610 788 755 843 enim
784 786 996 842 Domini
1041 786 1133 841 lux
1181 788 1360 843 subito
1398 787 1553 843 nobis
1588 796 1894 858 appareret,
1936 789 2108 857 magis

528 878 653 933 inde
679 891 1080 934 excaecaremur
1124 893 1284 947 quam
1336 878 1783 933 illuminaremnr.
1817 877 1925 934 Sed
1969 894 2103 949 pau-

527 971 679 1026 latim
718 970 978 1027 Dominus
1012 986 1110 1042 per
1149 972 1487 1042 patriarchas
1534 979 1590 1027 et
1626 973 1919 1043 pr0phetas
1948 987 2105 1027 suum

523 1065 813 1119 adventum
853 1062 1008 1118 nobis
1036 1064 1356 1119 denuntiare
1382 1064 1570 1129 voluit,
1599 1073 1675 1127 ut,
1726 1064 1878 1119 verbi
1918 1080 2101 1131 causa,

524 1154 664 1211 sicut
694 1172 817 1211 cum
844 1155 897 1211 in
925 1155 1064 1211 valle
1083 1156 1451 1221 consistimus,
1487 1157 1756 1211 orientem
1782 1156 1953 1211 solem
1984 1172 2105 1211 cer-

524 1263 651 1302 nere
668 1262 774 1302 non
796 1262 1105 1317 possumus,
1122 1257 1301 1304 tamen
1326 1249 1381 1304 in
1403 1246 1518 1316 ejus
1536 1249 1907 1304 summitatem
1923 1265 2105 1305 ascen.

521 1340 732 1406 dentes,
758 1340 902 1397 illius
926 1348 1108 1396 ortum
1146 1342 1486 1412 resplendere
1516 1343 1779 1405 videmus,
1813 1350 1870 1397 et
1901 1344 2103 1400 scimus

521 1432 692 1497 ipsum
724 1433 937 1487 radiare
962 1434 1070 1488 cito
1096 1450 1110 1487 :
1142 1433 1213 1487 ita
1233 1442 1298 1511 Oet
1321 1435 1580 1490 Dominus
1615 1450 1711 1505 per
1736 1446 1953 1492 sanctos
1975 1452 2105 1493 suos

520 1531 727 1577 mentes
752 1535 966 1579 nostras
986 1525 1054 1579 ad
1092 1540 1244 1578 suam
1282 1524 1456 1579 lucem
1483 1527 1953 1596 contemplandam
1993 1536 2104 1581 ira-

518 1615 648 1670 here
679 1616 867 1673 voluit.
901 1617 977 1671 De
1016 1618 1215 1686 quibus
1241 1618 1515 1673 montibus
1554 1617 1659 1672 fuit
1687 1618 1791 1674 iste
1818 1619 1887 1675 de
1911 1634 2019 1689 quo
2047 1627 2103 1675 et

521 1705 770 1761 subditur
796 1725 808 1759 :

592 1814 610 1847 α
648 1796 771 1851 Fuit
794 1799 956 1853 homo
984 1799 1181 1855 missus
1207 1814 1238 1854 a
1272 1799 1401 1855 Deo.
1435 1821 1453 1852 ι
1494 1799 1596 1855 Ubi
1636 1800 1691 1855 in
1734 1801 1911 1871 primo
1931 1804 2097 1860 verbo

2208 605 2432 676 requalis
2452 616 2754 677 permanet.
2787 607 2887 663 Cui
2925 607 3056 675 luci,
3102 609 3155 663 id
3188 619 3273 665 est
3299 610 3537 677 Christo,
3568 615 3615 669 si
3646 630 3806 672 com-

2207 708 2467 768 parentur
2498 699 2769 766 homines,
2810 711 2924 755 tam
2953 700 3195 757 minores
3216 716 3383 771 quam
3408 703 3799 775 perfectiores,

2209 788 2449 844 tenebrae
2476 789 2950 859 computabontur.
2998 788 3136 847 Nam
3168 799 3226 845 et
3268 791 3707 862 nostm‘justitia,
3746 798 3802 854 si

2209 877 2350 933 illius
2391 879 2616 950 iustitiae
2646 889 3013 948 comparetur,
3050 878 3314 949 iniustitia
3339 884 3702 952 reputabitur.
3726 885 3801 941 11-

2206 967 2538 1023 luminantur
2569 970 2713 1024 enim
2750 970 3019 1035 homines,
3062 979 3122 1025 ut
3171 970 3262 1025 lux
3300 971 3437 1037 sint,
3477 973 3548 1028 ab
3577 975 3669 1031 illo
3694 978 3795 1047 qui

2204 1059 2283 1113 ait
2318 1059 2372 1114 in
2402 1059 2690 1131 Evangelia
2723 1079 2735 1114 :
2770 1080 2788 1112 ι
2829 1060 2942 1131 Ego
2963 1076 3082 1116 sum
3116 1060 3208 1116 lux
3237 1063 3444 1117 mundi.
3477 1063 3582 1131 Qui
3606 1068 3799 1137 sequi-

2208 1160 2295 1207 tur
2311 1167 2419 1217 me,
2445 1168 2552 1208 non
2575 1152 2817 1208 ambulat
2847 1153 2900 1207 in
2932 1152 3195 1217 tenebris,
3237 1153 3332 1210 sed
3358 1154 3581 1211 habebit
3604 1155 3798 1214 lumen

2205 1242 2329 1297 vita:
2371 1242 2552 1314 (Joan.
2604 1242 2681 1315 v).
2732 1264 2750 1295 ι
2782 1243 2969 1310 Qualis
3009 1252 3128 1300 erat
3168 1245 3272 1300 iste
3306 1243 3545 1303 Joannes
3584 1249 3653 1304 de
3682 1264 3795 1320 quo

2207 1333 2464 1388 Dominus
2494 1333 2621 1389 alibi
2669 1335 2746 1389 ait
2778 1352 2790 1388 :
2830 1354 2848 1387 ι
2880 1330 3123 1389 llle'erat
3146 1334 3368 1391 lucerna
3400 1337 3601 1394 ardens
3623 1347 3681 1397 et
3708 1339 3795 1396 lu-

2204 1439 2352 1480 cens.
2382 1443 2402 1477 »
2428 1424 2639 1481 Ardeas
2660 1426 2949 1481 dilectione
2974 1435 3031 1481 et
3047 1440 3253 1487 amore.
3280 1426 3469 1484 lucens
3490 1443 3749 1487 sermone
3772 1452 3790 1489 :

2203 1516 2297 1571 sed
2326 1531 2431 1571 non
2464 1531 2584 1573 esse
2611 1516 2848 1573 Joannes
2880 1517 2970 1572 lux
2992 1517 3210 1584 dicitur,
3236 1518 3304 1573 ad
3325 1521 3792 1589 comparationem

2202 1623 2343 1663 vera:
2364 1608 2523 1673 lucis,
2551 1623 2672 1679 qua:
2699 1624 2889 1664 omnes
2940 1608 3225 1671 illuminat,
3263 1617 3320 1665 et
3343 1625 3374 1664 a
3404 1610 3553 1666 nullo
3582 1612 3789 1669 illumi-

2201 1708 2379 1755 natur.
2407 1699 2638 1756 Tantum
2680 1702 2823 1757 enim
2873 1701 3038 1756 distat
3068 1702 3211 1758 inter
3236 1701 3410 1758 lucem
3434 1718 3556 1773 quae
3582 1704 3787 1761 illumi-

2201 1801 2292 1848 nat
2320 1802 2373 1849 et
2402 1810 2523 1865 qua:
2548 1793 2907 1859 illuminatur,
2941 1802 3203 1865 quantum
3244 1795 3387 1852 inter
3414 1796 3697 1855 lucernam
3733 1809 3791 1856 et

510 1886 833 1944 obedientiaz
857 1888 1029 1945 virtus
1050 1890 1104 1944 in
1135 1891 1225 1946 illo
1245 1893 1674 1957 commendatur,
1709 1907 1828 1948 cum
1858 1895 2055 1950 dicitur
2080 1914 2090 1950 :

2202 1884 2486 1941 luciferum
2510 1895 2568 1941 et
2594 1886 2783 1942 solem.
2824 1886 2920 1941 Illa
2944 1883 3029 1942 est
3066 1886 3232 1957 igittu
3255 1886 3573 1958 principalis
3594 1887 3687 1945 lux
3716 1889 3786 1946 de

520 1997 540 2031 ι
576 1978 701 2035 Fuit
730 1982 890 2037 homo
914 1983 1112 2043 missus
1132 2000 1161 2039 a
1192 1986 1318 2040 Deo.
1357 2005 1374 2038 ι
1411 1985 1528 2042 Non
1555 1987 1703 2042 enim
1725 2003 1754 2042 a
1784 1990 2091 2061 semetipso,

514 2069 566 2124 id
609 2080 695 2127 est
728 2087 827 2127 sua
868 2075 1286 2145 praesumptione
1333 2078 1509 2141 venit,
1558 2078 1651 2133 sed
1678 2095 1708 2133 a
1756 2080 1866 2135 Deo
1900 2082 2097 2139 missus

511 2174 615 2222 est.
638 2166 796 2223 Aliud
822 2178 909 2223 est
932 2170 1077 2223 enim
1109 2185 1138 2223 a
1166 2186 1223 2225 se
1247 2170 1451 2238 venire,
1486 2172 1628 2228 aliud
1658 2189 1687 2227 a
1715 2173 1825 2230 Deo
1850 2176 2011 2230 mitti.
2048 2175 2095 2231 A

512 2273 573 2315 se
594 2259 795 2330 quippe
823 2260 993 2325 venit,
1016 2262 1106 2331 qui
1138 2263 1541 2332 praesumptive,
1568 2265 1621 2318 in
1652 2279 1718 2320 eo
1741 2267 1884 2336 quod
1914 2267 2091 2335 docet,

509 2366 662 2406 suam
711 2352 936 2423 gloriam
994 2355 1205 2423 quaerit.
1273 2354 1425 2410 Unde
1482 2357 1548 2411 de
1610 2360 2093 2430 pseudoprophetis

513 2445 715 2500 dictum
748 2454 833 2501 est
871 2464 885 2500 :
919 2466 936 2497 ι
974 2447 1076 2516 Ipsi
1103 2447 1407 2513 veniebant,
1432 2458 1487 2503 et
1511 2467 1615 2505 non
1641 2452 1921 2508 mittebam
1944 2470 2040 2510 eos
2074 2474 2087 2510 :

508 2535 888 2605 loquebantur,
909 2554 1032 2593 cum
1061 2555 1166 2594 non
1189 2556 1550 2611 praeceperant
1571 2544 1676 2599 illis
1703 2543 1837 2614 (Jer.
1860 2547 1987 2618 xxv)
2018 2566 2036 2599 ι
2072 2562 2087 2602 :

509 2641 638 2697 ergo
665 2642 770 2681 non
802 2638 923 2683 erat
946 2630 1013 2682 de
1040 2629 1236 2684 talibus
1269 2631 1523 2696 Joannes,
1558 2633 1653 2687 sed
1694 2635 1872 2702 potius
1893 2650 1957 2690 ex
1985 2637 2091 2693 illis

509 2726 629 2773 erat
648 2719 848 2788 quibus
875 2717 1127 2774 Salvator
1154 2722 1225 2775 ait
1259 2723 1312 2775 in
1337 2722 1628 2793 Evangelio
1654 2742 1667 2777 :
1695 2724 1804 2794 Ego
1833 2741 1931 2781 vos
1950 2726 2090 2798 elegi

509 2811 576 2867 de
602 2812 820 2875 mundo,
861 2819 919 2866 ut
944 2814 1102 2879 eatis,
1141 2822 1195 2868 et
1235 2814 1470 2870 fructum
1499 2815 1762 2883 ail'eratis,
1796 2826 1847 2873 et
1876 2818 2088 2876 fructus

508 2910 689 2958 vester
732 2912 949 2959 maneat
978 2902 1163 2977 (Joan.
1213 2907 1323 2979 xv).
1369 2910 1414 2962 A
1444 2908 1557 2964 Deo
1594 2911 1790 2982 quippe
1830 2890 2085 2980 mittitur,

510 2994 602 3065 qui
635 2995 689 3049 in
717 3010 783 3050 eo
804 2997 947 3067 quod
975 2997 1129 3053 docet
1158 2998 1250 3053 Dei
1279 2998 1490 3055 laudem
1515 3010 1572 3056 et
1610 3000 1917 3057 animarum
1938 3003 2083 3059 lucra

506 3086 725 3155 quaerit,
761 3085 937 3155 qualis
964 3095 1083 3141 erat
1109 3086 1342 3157 Moyses,
1376 3089 1461 3145 cui
1496 3091 1697 3146 dictum
1717 3101 1801 3147 est
1828 3109 1842 3145 :
1883 3110 1903 3144 ‹
1926 3091 2083 3161 Veni,

507 3185 564 3232 et
583 3178 793 3233 mittam
827 3187 878 3232 te
914 3179 966 3233 in
1000 3178 1315 3251 Egyptum,
1354 3200 1374 3234 ι
1409 3182 1584 3253 qualis
1604 3192 1720 3239 erat
1753 3185 1922 3241 Isaias
1961 3202 2087 3256 pro-

505 3271 693 3342 pheta,
714 3272 827 3341 qui,
855 3271 1070 3327 dicente
1083 3249 1320 3329 Domino
1346 3292 1359 3329 :
1392 3249 1609 3342 i—Quem
1630 3277 1863 3344 mittam,
1887 3286 1941 3333 et
1962 3249 2085 3348 quis
2113 3249 2158 3313 ο

506 3362 608 3418 ibit
630 3364 786 3419 nobis
812 3365 879 3419 ad
920 3365 1175 3436 pepulum
1222 3366 1422 3422 istum?
1466 3387 1484 3421 ι
1516 3367 1813 3440 Respondit
1845 3389 1857 3425 :
1886 3391 1905 3423 ι
1946 3372 2086 3428 Ecce

505 3476 627 3532 ego,
661 3462 814 3516 mitte
838 3477 923 3517 mc
948 3459 1083 3533 (Ira.
1119 3462 1216 3541 v1).
1267 3480 1285 3516 ι
1322 3464 1467 3520 Talis
1487 3474 1605 3521 erat
1630 3465 1865 3522 Joannes
1900 3468 2082 3539 Bapti-

505 3550 607 3633 sta,
632 3553 695 3607 de
721 3569 827 3625 quo
852 3554 1048 3608 dicitur
1072 3572 1085 3608 :
1118 3574 1136 3607 ι
1171 3550 1294 3610 Fuit
1316 3556 1479 3612 homo
1502 3559 1695 3613 missus
1716 3574 1745 3612 a
1769 3559 1898 3615 Deo.
1936 3580 1953 3611 ι
1983 3560 2082 3633 Qui

503 3630 801 3699 vocabatur
832 3648 994 3701 homo
1041 3646 1143 3705 ille.
1188 3648 1433 3716 sequitur
1476 3662 1490 3701 :
1539 3669 1555 3699 ι
1593 3648 1690 3703 Cui
1734 3666 1930 3706 nomen
1965 3630 2084 3706 erat

505 3734 762 3792 Joannes.
805 3757 822 3789 ι
862 3738 939 3792 Ad
968 3735 1095 3823 quid
1124 3745 1305 3793 autem
1336 3739 1533 3794 missus
1566 3737 1663 3794 fuit
1698 3755 1730 3795 a
1757 3741 1885 3809 Deo,
1913 3743 2084 3798 mani-

507 3828 736 3885 festatur
763 3844 883 3885 cum
909 3831 1159 3885 subditur
1184 3848 1198 3884 :

580 3941 598 3974 ε
646 3922 742 3978 Hic
777 3924 927 3978 venit
968 3924 1022 3979 in
1059 3923 1451 3990 testimonium,
1486 3934 1545 3979 ut
1576 3926 1938 3981 testimonium
1966 3943 2085 3998 per—

504 4013 715 4069 hiberet
736 4014 800 4069 de
816 4014 1035 4070 lumine.
1063 4034 1080 4067 i
1106 4014 1175 4070 Ut
1194 4014 1322 4085 quid
1341 4015 1704 4071 testimonium
1727 4018 1996 4088 perhibuit
2017 4019 2083 4074 de

505 4106 743 4161 lumine?
766 4106 1071 4162 declaratur
1085 4123 1208 4163 cum
1236 4108 1598 4164 subini‘ertnr:
1623 4128 1640 4161 ι
1675 4109 1742 4165 Ut
1758 4126 1946 4168 omnes
1966 4128 2084 4169 cre-

508 4195 987 4268 derentperillum.
1016 4218 1033 4250 »
1056 4197 1170 4253 Non
1199 4198 1406 4253 dixitnt
1431 4214 1617 4255 omnes
1648 4201 1928 4256 crederent
1949 4204 2000 4257 in
2025 4203 2084 4259 il-

504 4288 647 4353 lttm,
671 4291 795 4358 quia
833 4310 849 4342 ι
879 4291 1195 4347 maledictns
1218 4293 1380 4347 homo
1407 4294 1497 4363 qui
1531 4294 1749 4359 conlidit
1781 4295 1834 4349 in
1867 4296 2083 4352 homine

504 4381 723 4455 (Jerem.
745 4384 900 4454 xvn),
928 4405 946 4437 ι
975 4387 1065 4440 sed
1094 4404 1111 4436 ι
1143 4394 1200 4439 ut
1220 4401 1409 4441 omnes
1432 4388 1713 4441 crederent
1736 4403 1832 4457 per
1860 4388 2026 4455 illum,
2055 4408 2075 4442 ι

504 4476 555 4531 id
571 4484 673 4541 est,
693 4491 789 4546 per
809 4476 925 4547 ejus
951 4476 1314 4531 testimonium
1330 4492 1518 4531 omnes
1537 4478 1821 4532 crederent
1848 4479 1899 4533 in
1928 4478 2083 4534 Chri—

505 4575 671 4623 stum.
700 4567 857 4622 Aliud
887 4575 969 4621 est
996 4566 1138 4620 enim
1170 4567 1391 4621 credere
1421 4566 1589 4631 illum,
1616 4566 1756 4621 aliud
1784 4583 1880 4638 per
1907 4568 2079 4637 illum,
2111 4612 2161 4672 Β

503 4658 647 4711 aliud
683 4659 734 4712 in
769 4658 891 4712 illis.
924 4656 1156 4713 Credere
1183 4656 1351 4722 illum,
1377 4668 1431 4712 et
1457 4673 1553 4728 per
1579 4659 1747 4724 illum,
1773 4662 1837 4714 ad
1870 4661 2081 4716 fidelem

502 4751 775 4806 hominem
805 4749 993 4805 referri
1012 4759 1221 4821 potest;
1251 4749 1472 4807 credere
1502 4763 1679 4807 autem
1706 4753 1757 4806 in
1777 4753 1944 4817 illum,
1977 4754 2078 4811 nisi

502 4840 568 4894 ad
598 4856 719 4894 eum
749 4854 852 4895 non
889 4840 1145 4910 pertinet,
1177 4841 1329 4895 verbi
1357 4843 1530 4913 gratia
1566 4841 1781 4897 :Crcdo
1830 4843 2072 4908 Paulum,

502 4942 557 4988 et
590 4947 686 5004 per
717 4918 945 4986 Paulum
976 4933 1159 4999 credo,
1208 4933 1261 4987 id
1312 4942 1412 4998 est,
1445 4949 1542 5003 per
1575 4934 1689 5001 eius
1735 4934 2077 5004 praedicatio-

503 5039 649 5087 nem,
702 5032 879 5077 tamen
931 5038 1037 5077 non
1088 5025 1248 5079 credo
1278 5024 1333 5078 in
1382 5023 1633 5089 Paulum,
1676 5024 1769 5078 scd
1811 5025 1864 5078 in
1909 5024 2076 5079 Deum

502 5130 662 5185 quem
689 5115 965 5185 praedicat.

578 5226 595 5257 ι
630 5205 743 5260 Non
772 5216 890 5261 erat
917 5205 1003 5261 ille
1029 5206 1139 5269 lux,
1172 5206 1267 5261 sed
1290 5214 1350 5259 ut
1381 5205 1745 5259 testimonium
1772 5204 2083 5274 perhiberet

508 5317 526 5349 ι
565 5300 630 5353 de
659 5298 878 5353 lumine.
912 5317 930 5351 ι
971 5296 1242 5365 Qnmritur
1281 5310 1448 5371 quare
1479 5294 1805 5364 evangelista
1839 5295 1982 5349 dicat
2012 5296 2080 5352 de

502 5389 710 5446 Joanne
740 5389 935 5443 dilecto
962 5389 1197 5453 Domini,
1225 5397 1281 5441 et
1302 5386 1440 5439 inter
1461 5394 1618 5438 natos
1651 5384 1934 5439 mulierum
1967 5402 2081 5441 ma-

495 5481 638 5553 jore,
671 5499 688 5532 «
721 5498 827 5537 non
866 5489 986 5537 erat
1030 5480 1117 5534 ille
1154 5479 1262 5541 lux,
1308 5496 1325 5528 ι
1363 5491 1484 5529 cum
1516 5470 1776 5532 Dominus
1801 5477 2078 5547 discipulis

502 5574 643 5629 dicat
675 5593 687 5628 :
724 5594 740 5623 ι
766 5574 872 5629 Vos
893 5572 1129 5627 estislnx
1150 5568 1332 5623 mundi
1356 5567 1571 5637 (Matth.
1590 5570 1641 5641 ν)
1663 5612 1676 5636 ,
1705 5590 1722 5622 ι
1751 5572 1843 5626 sed
1872 5570 1938 5625 ad
1964 5571 2077 5626 haec

503 5666 676 5723 l‘acilis
713 5674 862 5737 patet
910 5663 1205 5733 responsio,
1245 5662 1368 5731 quia
1409 5662 1511 5716 alia
1548 5672 1630 5717 est
1675 5664 1761 5717 lux
1802 5680 1921 5734 qum
1951 5664 2071 5718 illu-

501 5761 692 5827 minat,
732 5760 835 5814 alia
864 5772 982 5827 qua:
1006 5753 1354 5809 illuminatur.
1383 5756 1496 5810 Lux
1528 5766 1609 5813 est
1638 5773 1755 5828 qtae
1780 5757 2067 5824 illuminat,

500 5866 619 5927 quae
650 5867 749 5907 nec
782 5848 991 5906 mitium
1029 5848 1241 5919 accipit,
1286 5864 1383 5905 nec
1428 5850 1531 5907 line
1581 5850 1939 5916 concluditur,
1970 5863 2069 5905 nec

2195 1993 2301 2048 qua
2324 1978 2505 2055 adhuc
2534 1978 2784 2034 subditur
2806 1996 2820 2031 :

2271 2090 2290 2122 ι
2328 2070 2455 2125 Erat
2480 2070 2571 2125 lux
2620 2086 2747 2129 vera
2784 2085 2903 2140 quae
2930 2069 3200 2125 illuminat
3241 2084 3461 2126 omnem
3506 2071 3782 2129 hominem

2200 2179 2220 2213 ‹
2253 2163 2562 2217 venientem
2590 2162 2642 2216 in
2672 2162 2816 2217 hunc
2848 2163 3127 2225 mundum.
3165 2182 3186 2219 ι
3213 2161 3315 2217 Ubi
3350 2177 3474 2217 cum
3510 2181 3529 2217 ‹
3567 2178 3783 2220 omnem

2193 2257 2470 2312 hominem
2523 2258 2829 2312 venientem
2893 2256 2949 2310 in
3007 2256 3152 2311 hunc
3210 2254 3470 2311 mundum
3502 2275 3523 2317 ›
3575 2259 3781 2326 posuit,

2191 2351 2427 2408 ostendit
2459 2350 2587 2420 quia
2638 2350 2756 2405 sine
2808 2348 3079 2420 spirituali
3134 2348 3336 2420 gratia,
3386 2349 3500 2404 sive
3548 2349 3782 2405 naturali

2192 2442 2407 2511 ingenio
2443 2441 2816 2497 illuminentur
2870 2440 3138 2504 homines,
3183 2449 3393 2501 taan
3427 2441 3497 2495 ab
3537 2440 3630 2496 illo
3659 2456 3781 2511 pos-

2190 2541 2316 2588 sunt
2341 2532 2635 2587 illuminari
2664 2548 2694 2587 a
2723 2548 2832 2603 quo
2860 2532 3108 2603 procedit
3130 2533 3311 2588 omnis
3335 2533 3627 2603 sapientia,
3654 2549 3779 2590 cum

2189 2639 2297 2693 quo
2326 2623 2429 2678 fuit
2455 2638 2669 2695 semper
2692 2632 2752 2678 et
2774 2631 2865 2679 est
2889 2632 3017 2678 ante
3050 2639 3248 2681 aevum.
3362 2618 3364 2621 ’

2264 2734 2285 2766 ι
2320 2714 2376 2769 ln
2408 2717 2607 2769 munde
2633 2724 2773 2779 erat,
2798 2722 2856 2769 et
2881 2714 3116 2769 mundus
3140 2729 3239 2784 per
3264 2714 3442 2784 ipsum
3472 2715 3654 2772 [actus
3673 2726 3777 2784 est,

2194 2824 2213 2858 σ
2239 2817 2295 2863 et
2340 2807 2573 2863 mundus
2614 2820 2739 2861 eum
2776 2822 2887 2861 non
2931 2806 3206 2876 cognovit.
3279 2826 3299 2859 ι
3351 2805 3453 2862 Hic
3496 2806 3780 2864 manifeste

2188 2899 2517 2970 evangelista
2578 2899 2633 2954 in
2686 2899 2874 2954 mundi
2934 2898 3200 2955 vocabulo
3277 2908 3388 2955 tres
3445 2899 3779 2957 diil‘erentias

2186 2995 2442 3050 ostendit.
2503 2994 2806 3064 Aliquando
2865 2994 3011 3051 enim
3067 2996 3251 3051 mundi
3328 2996 3550 3051 nomine
3604 2998 3779 3053 sancti

2187 3086 2582 3157 signiﬁcantur,
2634 3087 2927 3158 aliquando
2960 3089 3098 3145 situs
3135 3090 3284 3147 orbis
3340 3099 3628 3156 terrarum,
3684 3091 3781 3146 ali-

2186 3177 2400 3246 quando
2428 3177 2613 3233 mundi
2640 3187 2928 3234 amatores.
2960 3178 3112 3247 Quod
3138 3195 3266 3250 ergo
3289 3180 3363 3233 ait
3390 3197 3404 3233 :
3430 3198 3450 3231 r
3482 3178 3541 3234 ln
3570 3182 3779 3239 mundo

2188 3276 2309 3323 erat
2340 3286 2359 3318 ι
2399 3267 2466 3321 ad
2496 3277 2711 3323 sanctos
2739 3269 3003 3339 pertinet,
3048 3271 3113 3324 de
3138 3269 3332 3339 quibus
3355 3267 3485 3323 alibi
3510 3268 3776 3327 Dominus

2187 3359 2347 3415 dicit:
2369 3379 2388 3411 ‹
2407 3358 2523 3415 Non
2537 3361 2686 3414 venit
2706 3360 2873 3416 Filius
2896 3362 3132 3417 hominis
3153 3370 3213 3415 ut
3228 3361 3479 3431 perderet
3490 3362 3774 3430 mundum,

2187 3452 2281 3507 sed
2312 3458 2370 3505 ut
2404 3451 2645 3507 salvetur
2683 3454 2915 3509 mundus
2941 3469 3038 3524 per
3064 3454 3239 3522 ipsum
3257 3452 3444 3524 (Joan.
3477 3452 3599 3525 xu).
3640 3472 3660 3517 ο
3709 3454 3778 3509 Et

2186 3542 2383 3596 Paulus
2411 3543 2682 3613 apostolus
2713 3561 2726 3598 :
2765 3561 2784 3594 ι
2828 3544 2970 3599 Deus
2992 3552 3111 3598 erat
3144 3544 3199 3598 in
3227 3543 3469 3611 Christo,
3510 3544 3773 3601 mundum

2186 3635 2541 3691 reconcilians
2571 3636 2671 3692 sibi
2702 3636 2754 3709 (I
2791 3636 2915 3693 Cor.
2945 3637 3022 3710 v).
3054 3657 3072 3690 ι
3105 3637 3260 3706 Quod
3284 3654 3418 3697 vero
3456 3640 3771 3712 subiungit:

2190 3745 2210 3777 ι
2249 3727 2316 3781 Et
2343 3728 2571 3784 mundus
2595 3743 2693 3798 per
2722 3729 2896 3802 ipsum
2936 3731 3111 3787 tactus
3137 3740 3240 3794 est,
3276 3751 3295 3784 ι
3345 3733 3412 3787 ad
3443 3732 3609 3787 situm
3648 3748 3775 3803 per-

2186 3817 2321 3874 tinet
2346 3819 2495 3874 orbis
2542 3828 2830 3885 terrarum,
2850 3820 3001 3890 juxta
3029 3822 3158 3877 illud
3196 3823 3340 3895 quod
3391 3822 3653 3883 Dominus
3696 3825 3774 3880 ait

2185 3911 2241 3966 in
2271 3912 2562 3984 Evangelia
2590 3914 2871 3986 discipulis
2911 3934 2924 3970 :
2971 3936 2990 3968 ί
3027 3916 3227 3973 Euntes
3261 3918 3317 3973 in
3356 3919 3622 3973 mundum
3646 3918 3769 3973 uni-
3800 3990 3807 3995 _

2184 4020 2419 4060 versum.
2462 4026 2480 4058 ι
2524 4006 2676 4073 Quod
2726 4017 2909 4062 autem
2952 4007 3162 4063 infert:
3223 4025 3242 4058 ι
3281 4019 3336 4064 et
3376 4007 3609 4063 mundus
3643 4023 3768 4063 eum

2186 4111 2293 4151 non
2341 4099 2612 4167 cognovit,
2668 4119 2686 4151 ι
2740 4100 2808 4154 ad
2840 4099 3024 4155 mundi
3078 4101 3316 4170 pertinet
3360 4107 3651 4155 amatores.
3696 4101 3772 4156 De

2185 4189 2383 4259 quibus
2423 4190 2550 4245 alibi
2586 4192 2845 4247 Dominus
2894 4192 2971 4246 ait
3000 4209 3013 4245 :
3048 4190 3215 4246 Pater
3252 4192 3417 4262 jusle,
3452 4192 3682 4248 mundus
3718 4200 3772 4247 te

2188 4293 2291 4333 non
2314 4280 2583 4349 cognovit.
2601 4279 2656 4333 In
2679 4295 2745 4335 eo
2777 4296 2904 4336 vero
2928 4281 3071 4350 quod
3099 4281 3209 4335 ait:
3238 4298 3259 4333 ι
3279 4280 3336 4334 In
3359 4279 3558 4335 mundo
3571 4291 3706 4343 erat,
3744 4300 3764 4333 ι

2185 4372 2420 4426 ostendit
2444 4370 2551 4443 'per
2574 4371 2912 4427 divinitatem
2951 4388 3074 4428 eum
3123 4373 3321 4443 ubique
3366 4387 3487 4435 esse
3532 4387 3770 4442 prasen-

2187 4473 2334 4520 tetn:
2380 4465 2505 4535 quia
2553 4464 2700 4519 nullo
2749 4464 3093 4520 concluditur
3133 4466 3270 4530 loco,
3311 4465 3394 4519 vel
3438 4463 3763 4529 excluditur,
3830 4458 3835 4471 ’

2187 4558 2280 4611 sed
2316 4557 2431 4627 ipse
2455 4564 2539 4610 est
2580 4556 2826 4625 superior
2861 4565 2917 4611 et
2962 4557 3077 4626 ipse
3120 4555 3363 4621 inferior,
3394 4556 3509 4627 ipse
3541 4555 3768 4611 interior

2187 4656 2242 4702 et
2275 4647 2390 4717 ipse
2427 4647 2685 4702 exterior.
2718 4647 2943 4718 Legitur
2972 4667 2990 4698 ι
3029 4647 3082 4701 in
3118 4648 3320 4703 mundo
3353 4654 3489 4709 erat,
3527 4665 3548 4699 ι
3583 4645 3639 4700 id
3679 4654 3768 4701 est

2187 4741 2241 4795 in
2277 4740 2405 4794 orbe
2430 4751 2716 4794 terrarum.
2744 4738 2973 4807 Quidam
3020 4749 3201 4794 tamen
3232 4759 3251 4791 ι
3294 4740 3348 4794 in
3376 4739 3603 4805 mundo,
3641 4757 3660 4791 ι
3702 4738 3759 4793 in

2187 4830 2391 4885 sanctis
2423 4830 2731 4885 hominibus
2773 4839 3069 4900 exponunt.
3110 4849 3128 4881 ε
3181 4828 3410 4884 Mundus
3442 4843 3543 4898 per
3585 4828 3764 4898 ipsum

2186 4922 2359 4977 factus
2399 4931 2501 4988 est,
2538 4943 2557 4975 ι
2588 4923 2712 4992 quia
2753 4923 2929 4979 omnis
2971 4931 3222 4978 creatura
3251 4937 3348 4992 per
3387 4920 3562 4991 ipsum
3610 4927 3667 4975 et
3694 4918 3765 4974 ab

2185 5014 2302 5083 ipso
2333 5013 2473 5069 facta
2500 5022 2582 5070 est
2621 5028 2686 5069 ex
2715 5014 2903 5069 nihilo.
2949 5033 2967 5066 α
3008 5015 3073 5069 Et
3119 5015 3353 5069 mundus
3381 5012 3506 5067 eum
3534 5025 3644 5066 non
3671 5025 3766 5066 co-

2184 5108 2389 5178 gnovit,
2422 5128 2439 5159 ι
2467 5108 2519 5163 id
2542 5118 2649 5174 est,
2673 5107 2857 5163 mundi
2887 5116 3177 5161 amatores.
3203 5105 3371 5161 Recte
3399 5104 3544 5160 enim
3575 5102 3764 5184 mundi

2181 5207 2454 5254 amatores
2484 5200 2667 5253 mundi
2715 5198 2932 5252 nomine
2978 5205 3259 5261 vocantur,
3308 5197 3436 5267 quia
3478 5202 3662 5250 mente
3706 5201 3765 5251 et

2181 5290 2449 5344 desiderio
2477 5290 2735 5343 mundum
2784 5288 3044 5342 incolunt.
3083 5288 3382 5344 Visibiliter
3408 5296 3591 5343 autem
3637 5301 3763 5342 eum

2180 5382 2329 5453 signa
2359 5380 2662 5443 facientem,
2693 5378 2899 5433 scilicet
2930 5379 3119 5445 Judaei,
3161 5381 3436 5445 viderunt,
3485 5388 3542 5435 et
3583 5378 3761 5451 ipsum

2183 5491 2290 5530 non
2321 5481 2706 5544 cognoverunt.
2736 5470 2871 5527 Nam
2913 5473 3112 5529 caelum
3152 5472 3420 5542 cognovit,
3452 5470 3671 5541 quando
3694 5483 3762 5529 eo

2184 5576 2312 5623 nato
2340 5581 2532 5621 novam
2567 5564 2774 5620 stellam
2821 5566 2998 5632 misit;
3032 5578 3185 5619 mare
3223 5563 3508 5633 cognovit,
3542 5561 3762 5633 quando

2182 5660 2281 5716 sub
2304 5659 2503 5730 plantis
2538 5657 2653 5727 ejus
2695 5673 2754 5714 se
2797 5657 3057 5713 calcabile
3088 5655 3349 5727 praebuit;
3386 5663 3531 5713 terra
3559 5668 3762 5725 cogno-

2178 5754 2272 5818 vit,
2302 5752 2516 5822 qnando
2544 5766 2609 5806 eo
2643 5750 2905 5806 moriente
2945 5747 3300 5811 contremuit;
3356 5744 3436 5799 sol
3476 5744 3757 5815 cognovit,

2181 5846 2307 5918 quia
2354 5845 2534 5899 radios
2562 5859 2687 5899 suos
2735 5844 2787 5898 in
2828 5841 2944 5913 ejus
2970 5830 3157 5897 morte
3197 5838 3505 5901 abscondit.
3536 5836 3667 5904 Sed,
3699 5845 3760 5897 ut
