4038 6352
156 436 209 491 Μ
1396 431 1698 499 HDMIIJZE
1742 431 1831 489 DE
1876 431 2220 491 TEMPORE.
2648 457 2655 465 -
2922 386 2925 391 ν
3349 435 3419 491 63

155 547 400 609 diximus,
445 545 631 601 mundi
660 552 952 611 amatores,
997 544 1203 600 scilicet
1244 545 1439 613 iudici,
1490 562 1595 600 non
1637 561 1729 601 co-
1758 553 1807 611 Α
1835 554 1986 617 garet
2018 562 2187 616 quare
2218 566 2236 598 ι
2271 562 2334 602 ex
2368 550 2720 619 sanguinibus
2758 569 2776 603 ι
2813 549 3055 615 dixisset,
3099 549 3419 620 exponendo

157 647 473 709 gnoverunt.
501 637 579 692 De
604 636 801 706 quibus
832 635 1010 693 adhuc
1032 634 1413 707 subiungitur:

224 749 241 779 ι
274 729 329 782 lu
360 728 582 798 propria
610 729 778 794 venit,
819 737 873 782 et
914 729 997 783 sui
1030 743 1151 785 eum
1182 744 1289 789 non
1318 718 1669 801 receperunt.
1706 749 1726 785 ›

153 824 204 879 ln
231 822 447 892 propria
492 822 696 893 quippe
720 822 889 888 venit,
929 823 1058 893 quia
1090 838 1199 879 non
1251 822 1426 891 solum
1467 837 1533 877 ex
1562 822 1735 893 stirpe

152 914 452 971 Judmorum
504 929 726 970 carnem
768 914 1080 985 assumpsit,
1131 914 1224 970 sed
1260 914 1424 970 etiam
1472 915 1613 968 inter
1640 929 1734 973 eos

157 1009 344 1097 docuit,
393 1009 738 1089 pmdicavit,
772 1010 927 1080 signa
977 1016 1031 1075 et
1071 1009 1303 1077 virtutes
1343 1009 1735 1067 inenarrabiles

154 1102 395 1159 ostendit.
437 1123 457 1154 ι
495 1102 605 1157 Sed
635 1103 714 1158 sui
745 1118 868 1167 eum
896 1117 1003 1158 non
1026 1109 1367 1171 receperunt,
1406 1121 1424 1152 ι
1458 1100 1512 1156 id
1533 1109 1615 1155 est
1642 1101 1734 1156 Ju-

152 1194 263 1259 dzei,
284 1209 422 1263 quos
439 1193 546 1248 sibi
568 1193 916 1264 peculiariter
940 1192 1214 1263 prioribus
1236 1192 1568 1262 temporibus
1590 1190 1734 1245 velut

153 1286 388 1357 proprios
442 1287 751 1351 asciverat,
794 1301 931 1357 quos
983 1285 1036 1339 in
1087 1294 1229 1351 terra
1263 1284 1728 1354 repromissionis,

149 1379 323 1445 ejectis
351 1378 629 1444 hostibus,
654 1377 901 1433 habitare
931 1376 1157 1441 fecerat,
1188 1378 1385 1446 quibus
1415 1376 1548 1446 legis
1585 1376 1728 1430 noti-

151 1470 268 1523 tiam
305 1469 556 1535 dederat,
584 1465 642 1524 'et
669 1469 736 1524 ad
768 1483 1001 1537 quorum
1049 1467 1408 1521 eruditionem
1440 1465 1730 1535 prophetas

150 1560 377 1625 miserat,
419 1568 476 1614 et
506 1576 577 1615 ex
602 1560 799 1630 quibus
822 1558 974 1613 nasci
1003 1558 1263 1627 elegerat.
1294 1557 1419 1611 Sive
1448 1566 1597 1611 certe
1629 1575 1646 1606 ι
1675 1556 1728 1610 in

148 1652 349 1721 propria
384 1652 561 1717 venit,
601 1670 620 1702 ι
657 1651 782 1720 quia
806 1650 858 1704 in
888 1648 1088 1704 mundo
1117 1649 1365 1725 apparuit
1396 1664 1492 1721 per
1530 1648 1725 1703 huma-

147 1743 405 1805 nitatem,
457 1757 622 1812 quem
675 1740 880 1817 fecerat
937 1754 1036 1817 per
1112 1738 1472 1792 divinitatem.
1531 1737 1727 1791 Venire

146 1834 326 1904 quippe
358 1841 416 1888 et
465 1834 638 1897 abire,
690 1812 1044 1886 humanitatis
1088 1839 1209 1884 est:
1243 1844 1466 1883 manere
1495 1838 1551 1882 et
1582 1842 1720 1889 esse,

1833 640 2133 711 subjunxit,
2173 640 2404 705 dicens:
2447 661 2464 693 ‹
2505 639 2689 711 Neque
2736 658 2804 698 ex
2833 642 3110 701 voluntate
3152 643 3274 709 viri,
3318 658 3417 701 ne-

1832 747 1939 801 que
1970 747 2037 788 ex
2079 733 2355 789 voluntate
2401 734 2602 789 carnis.
2665 753 2684 786 ι
2724 734 2954 793 Carnem
2985 750 3085 807 pro
3113 750 3283 792 uxore
3325 751 3421 808 po-

1831 824 1971 890 suit,
2006 824 2161 894 juxta
2210 823 2342 880 illud
2383 825 2526 894 quod
2574 825 2837 896 scriptum
2878 836 2963 883 est
3000 845 3013 882 :
3053 845 3072 880 ‹
3116 828 3227 883 Hoc
3270 843 3419 895 nunc

1837 934 1899 975 os
1936 934 2009 981 ,ex
2050 920 2261 975 ossibus
2306 920 2478 986 meis,
2520 928 2575 976 et
2614 934 2740 977 caro
2771 920 2837 976 de
2879 932 3043 977 carne
3066 937 3203 977 mea.
3244 940 3262 981 ρ
3308 921 3412 986 Et;

1840 1028 1858 1060 ι
1890 1008 2062 1073 Erunt
2110 1010 2215 1066 duo
2256 1010 2311 1065 in
2365 1026 2528 1065 carne
2570 1026 2676 1071 una
2714 1008 2869 1081 (Gen.
2900 1010 2982 1081 ιι).
3019 1030 3036 1062 ι
3074 1012 3140 1071 Et
3191 1012 3421 1083 Aposto.

1832 1100 1952 1157 lus:
2005 1120 2023 1151 ‹
2070 1099 2239 1156 Nemo
2288 1116 2526 1170 unquam
2582 1116 2803 1163 carnem
2851 1117 3005 1165 suam
3044 1104 3169 1157 odio
3203 1103 3412 1171 habuit,

1832 1193 1928 1249 sed
1959 1193 2130 1248 nutrit
2162 1208 2280 1248 eam
2317 1190 2534 1247 etfovet
2563 1190 2780 1263 (Ep/tes.
2812 1191 2885 1263 v).
2924 1212 2940 1243 ›
2980 1190 3161 1255 Velcx
3201 1192 3415 1264 sangui-

1828 1286 2010 1349 nibus,
2057 1286 2109 1342 id
2137 1294 2242 1349 est,
2285 1285 2429 1340 vitiis
2468 1293 2522 1339 et
2558 1286 2818 1353 peccatis,
2869 1284 3009 1347 sicut
3051 1298 3148 1353 per
3186 1283 3418 1345 Psalmis

1828 1388 1971 1441 stam
2017 1378 2252 1437 dicitur:
2290 1396 2308 1428 α
2347 1376 2542 1432 Libera
2587 1392 2673 1431 me
2716 1376 2784 1445 de
2829 1376 3204 1447 sanguinibus,
3251 1366 3439 1442 Deus,’

1832 1470 1974 1529 Deus
2000 1470 2191 1525 salutis
2213 1467 2538 1537 meae(Psal.
2566 1469 2640 1539 ι).
2666 1490 2684 1521 ι
2715 1488 2731 1522 ι
2760 1469 2867 1549 Sed
2881 1485 2949 1522 ex
2962 1469 3072 1523 Deo
3102 1467 3214 1527 nati
3228 1477 3371 1523 sunt.
3392 1486 3411 1521 ›

1828 1561 2070 1629 Qualiter
2100 1561 2183 1616 vel
2206 1561 2472 1632 quomodo
2500 1576 2567 1617 ex
2593 1562 2704 1616 Deo
2737 1569 3029 1629 nascantur
3056 1559 3327 1623 homines,
3358 1565 3417 1615 ut

1828 1655 1924 1717 lilii
1968 1654 2063 1709 Dei
2104 1655 2212 1709 sint
2243 1668 2338 1724 per
2373 1653 2740 1723 adoptionem,
2786 1654 3045 1713 Dominus
3083 1651 3209 1719 alibi
3250 1651 3416 1707 mani-

1830 1745 2010 1807 festat,
2037 1746 2223 1801 dicens
2251 1762 2267 1798 :
2307 1763 2324 1795 ι
2353 1743 2464 1801 Nisi
2506 1745 2629 1815 quis
2658 1754 2879 1801 renatus
2913 1743 3079 1803 fuerit
3106 1759 3173 1801 ex
3196 1757 3336 1814 aqua
3362 1750 3418 1811 et

1832 1836 2036 1906 Spiritu
2079 1845 2286 1901 sancto,
2336 1851 2441 1893 non
2492 1845 2668 1907 potest
2712 1837 2936 1893 introire
2960 1837 3015 1903 in
3044 1852 3269 1907 regnum
3316 1835 3413 1907 Dei

145 1924 451 1979 divinitatis.
491 1942 510 1975 ι
543 1923 652 1979 Sed
680 1923 764 1978 sui
796 1938 921 1977 eum
950 1937 1056 1976 non
1084 1929 1424 1990 receperunt.
1469 1938 1491 1974 ι
1524 1918 1582 1973 ld
1615 1926 1718 1984 est,
1750 1924 1798 1998 ρ
1825 1925 2008 1998 (Jonn.
2043 1925 2161 1997 tu).
2187 1946 2205 1976 ι
2254 1926 2320 1993 Et
2354 1926 2551 1981 iterum
2579 1945 2589 1979 :
2629 1944 2647 1977 ι
2687 1924 2839 1993 Quod
2869 1934 3057 1983 natum
3101 1933 3184 1987 est
3229 1939 3415 1991 carne,

147 2020 376 2076 homines
405 2035 547 2089 quos
575 2019 641 2074 ad
691 2019 980 2089 imaginem
1021 2023 1077 2082 _et
1130 2014 1538 2083 similitudinem
1567 2028 1721 2088 suam

144 2111 352 2173 fecerat,
385 2127 584 2183 magna
622 2127 690 2167 ex
716 2117 871 2181 parte
901 2109 956 2164 in
988 2124 1111 2163 eum
1140 2108 1364 2163 credere
1406 2105 1719 2160 noluerunt.

144 2203 240 2259 Sed
261 2205 510 2274 nunquid
541 2218 729 2260 omnes
766 2202 837 2256 ab
877 2200 994 2271 ejus
1025 2198 1217 2265 notitia
1252 2198 1417 2254 alieni
1448 2212 1724 2253 remanse-

146 2298 287 2351 runt?
316 2296 461 2352 Non.
494 2295 628 2353 Nam
657 2295 936 2364 sequitur:

204 2404 222 2437 ι
250 2387 537 2455 Quotquot
559 2394 741 2441 autem
764 2390 1089 2454 receperunt
1112 2398 1258 2441 eum.
1291 2402 1309 2435 ι
1338 2381 1416 2439 llli
1438 2396 1560 2439 eum
1576 2395 1725 2435 rece-

147 2487 345 2549 perunt,
373 2479 611 2548 qui-eum
634 2494 664 2533 a
690 2477 853 2532 Patre
881 2477 1104 2539 missum
1129 2475 1323 2541 Filium
1346 2475 1442 2529 Dei
1476 2474 1723 2533 credide-

153 2581 275 2627 runt.
294 2570 405 2626 Sed
423 2571 554 2640 quid
581 2570 663 2624 eis
681 2568 1038 2638 profuitquod
1064 2583 1187 2629 eum
1208 2566 1563 2636 receperunt?
1581 2584 1599 2617 ι
1624 2565 1728 2619 De-

158 2685 170 2714 t
198 2665 265 2719 dit
300 2664 404 2726 eis,
452 2662 649 2731 inquit,
692 2670 1017 2730 potestatem
1050 2660 1189 2714 filios
1227 2660 1320 2714 Dei
1347 2658 1484 2724 fieri,
1518 2659 1604 2713 his
1632 2658 1723 2727 qui

163 2777 177 2804 ι
202 2756 422 2811 credunt
444 2755 500 2811 in
543 2753 761 2809 nomine
791 2751 927 2820 ejus.
965 2770 984 2803 ι
1024 2750 1123 2807 Ubi
1164 2752 1313 2821 larga
1352 2750 1720 2808 miserit-ordia

164 2848 237 2903 Dei
262 2848 586 2911 ostenditur,
624 2846 844 2916 quando
871 2846 963 2916 qui
1002 2846 1143 2900 servi
1173 2860 1278 2899 non
1315 2844 1528 2899 fuerant
1551 2845 1698 2915 digni

160 2939 298 2994 etiam
328 2939 422 2994 filii
452 2946 716 2993 vocantur
744 2955 759 2990 :
792 2952 897 2993 non
928 2952 1024 3006 per
1069 2944 1337 2999 naturam,
1361 2934 1456 2990 sed
1492 2950 1588 3004 per
1627 2932 1717 2988 ad-

158 3032 369 3100 eptionis
393 3032 643 3103 gratiam,
678 3039 735 3085 ut
777 3031 866 3086 hic
894 3029 1137 3086 haeredes
1167 3028 1258 3083 Dei
1289 3043 1383 3099 per
1420 3026 1579 3083 fidem
1628 3042 1694 3081 co

155 3121 383 3177 haeredes
424 3120 717 3177 efﬁciamur
741 3120 945 3175 Christi
983 3134 1080 3189 per
1106 3118 1360 3190 gratiam,
1391 3116 1547 3186 juxta
1574 3116 1719 3187 quod

157 3213 287 3269 idem
310 3214 540 3272 Joannes
566 3217 618 3271 in
643 3217 750 3272 ﬁne
794 3215 1067 3287 Evangelii
1097 3215 1178 3270 sui
1208 3214 1441 3285 scripsit,
1488 3215 1671 3271 dicens
1697 3232 1711 3269 :

1826 2035 1956 2089 caro
1984 2027 2103 2074 est:
2134 2030 2190 2074 et
2228 2020 2372 2090 quod
2398 2028 2584 2077 natum
2617 2028 2703 2075 est
2729 2035 2791 2081 ex
2821 2018 3036 2091 spiritu,
3067 2019 3291 2091 spiritus
3336 2025 3420 2073 est

1828 2109 2038 2183 (Ibid).
2077 2130 2096 2164 ι
2140 2110 2256 2167 Una
2285 2120 2367 2166 est
2405 2110 2549 2166 enim
2586 2119 2778 2179 natura
2824 2109 3075 2183 carnalis,
3109 2109 3279 2167 altera
3305 2108 3415 2180 spi-

1826 2208 2052 2273 ritualis.
2083 2208 2198 2265 Una
2223 2209 2469 2275 visibilis,
2505 2206 2610 2263 alia
2637 2206 2949 2265 invisibilis.

1900 2320 1919 2365 ε
1956 2301 2025 2357 Et
2054 2301 2286 2357 Verbum
2315 2316 2448 2357 caro
2490 2301 2689 2361 factum
2720 2309 2824 2370 est,
2851 2308 2906 2356 et
2932 2298 3195 2367 habitavit
3228 2298 3283 2353 in
3313 2313 3414 2353 no-

1832 2410 1849 2441 ι
1882 2390 1986 2451 his.
2027 2411 2046 2444 ι
2085 2390 2395 2449 Versiculus
2422 2392 2524 2447 iste
2565 2407 2634 2447 ex
2669 2389 3038 2461 superioribus
3077 2388 3307 2460 pendet;
3353 2402 3417 2449 ac

1828 2481 1873 2537 si
1902 2480 2105 2547 diceret
2131 2482 2471 2554 Evangelista
2504 2500 2518 2536 :
2551 2483 2620 2538 Ut
2660 2484 2907 2547 homines
2937 2497 3036 2552 per
3075 2482 3417 2552 adoptionem

1828 2572 1922 2639 filii
1952 2574 2045 2632 Dei
2097 2575 2211 2633 ﬁeri
2256 2585 2497 2645 possent,
2545 2575 2675 2631 illud
2722 2575 2955 2631 Verbum
3002 2574 3146 2645 quod
3200 2580 3317 2628 erat
3361 2571 3416 2629 in

1825 2666 2109 2736 principio,
2155 2668 2296 2727 Deus
2335 2669 2477 2739 apud
2514 2669 2706 2735 Deum,
2740 2669 2887 2734 illud,
2913 2670 3152 2737 inquam,
3178 2666 3416 2722 Verbum

1828 2756 2027 2817 factum
2063 2767 2147 2812 est
2180 2773 2327 2823 caro,
2357 2759 2411 2814 id
2449 2767 2534 2813 est
2572 2759 2716 2813 Dens
2747 2759 2930 2827 factus
2967 2769 3051 2821 est
3089 2761 3276 2827 homo,
3306 2773 3413 2825 non

1826 2856 2005 2917 tamen
2033 2848 2089 2902 in
2121 2863 2286 2905 carne
2316 2864 2630 2913 conversus,
2664 2865 2946 2915 assumens
2972 2850 3115 2920 quod
3144 2866 3249 2917 non
3275 2859 3411 2917 erat,

1822 2954 1923 3001 nec
1952 2938 2202 3001 desinens
2237 2954 2360 2997 esse
2390 2941 2531 3010 quod
2574 2948 2713 3007 erat,
2758 2957 3086 3011 permanens
3126 2942 3290 3013 Deus,
3336 2941 3414 2997 fa-

1823 3039 1943 3091 ctus
1962 3038 2047 3091 est
2072 3032 2252 3087 homo.
2286 3030 2388 3098 Qui
2414 3041 2606 3087 cuncta
2641 3032 2767 3103 fecit
2796 3033 3044 3099 informa
3075 3034 3188 3101 Dei,
3218 3033 3271 3088 id
3302 3043 3409 3100 est,

1822 3138 1943 3179 cum
1972 3131 2116 3179 esset
2138 3124 2298 3186 Deus,
2324 3123 2501 3180 factus
2524 3134 2609 3181 est
2637 3127 2691 3183 in
2721 3124 2897 3193 forma
2931 3124 3099 3195 servi,
3136 3126 3311 3183 factus
3332 3133 3415 3180 cst

1821 3213 1915 3283 qui
1949 3212 2189 3279 fecerat,
2234 3224 2296 3269 ut
2344 3216 2682 3271 inveniretur
2723 3215 2816 3285 qui
2846 3216 3104 3287 perierat.
3146 3214 3253 3270 Sed
3289 3230 3413 3270 cum

161 3324 178 3356 ι
212 3306 332 3361 Hinc
358 3317 533 3363 autem
562 3310 761 3378 scripta
791 3317 916 3364 sunt
949 3283 1015 3363 ut
1056 3283 1596 3377 credatisaqunniam
1622 3306 1713 3363 ιθ-
1743 3283 1788 3347 C
1821 3302 1956 3363 dicit
1989 3320 2001 3355 :
2058 3322 2076 3354 ι
2118 3302 2358 3365 Verbum
2420 3320 2549 3371 caro
2584 3283 2787 3377 factum
2840 3283 2945 3377 est,
2982 3326 3001 3377 ι
3061 3305 3243 3377 carnis
3307 3319 3409 3361 no-

159 3412 251 3452 sus
285 3405 367 3450 est
392 3397 556 3452 Filius
580 3399 695 3463 Dei,
724 3410 778 3455 et
810 3409 888 3465 ut,
922 3400 1230 3473 credentes,
1270 3398 1437 3457 vitam
1468 3397 1715 3455 habeatis

161 3486 213 3539 in
258 3489 467 3543 nomine
488 3488 601 3556 ejus
640 3488 815 3560 (Joan.
846 3493 963 3562 xx).
999 3512 1018 3543 ›
1053 3490 1194 3557 Quid
1239 3505 1368 3560 ergo
1411 3488 1718 3559 benigniUS.

157 3578 276 3647 quid
298 3580 714 3653 misericordias,
740 3600 904 3653 quam
935 3584 1127 3639 unicus
1162 3583 1331 3639 Filius
1372 3581 1491 3647 Dei,
1532 3580 1719 3637 nolens

160 3683 362 3725 manere
382 3672 545 3738 solus,
561 3682 747 3737 nostra
762 3691 927 3730 carne
941 3683 1175 3745 sumpta,
1193 3689 1291 3729 nos
1308 3673 1434 3729 fecit
1448 3673 1540 3728 Dei
1558 3672 1713 3734 ﬁlios.

162 3769 209 3815 et
228 3762 321 3816 sibi
343 3764 615 3836 adaptavit
644 3767 701 3821 in
730 3766 948 3833 fratres,
972 3776 1031 3823 ut
1052 3769 1195 3837 quod
1224 3768 1336 3838 ipse
1360 3768 1595 3823 habebat
1621 3781 1713 3835 per

169 3864 402 3919 naturam,
452 3874 553 3914 nos
592 3861 919 3917 haberemus
956 3875 1052 3930 per
1079 3861 1355 3931 gratiam?
1402 3860 1477 3915 De
1522 3860 1717 3929 quibus

177 3941 261 4010 ipse
281 3947 403 4003 dicit
438 3951 491 4005 in
523 3950 850 4022 Evangelio:
888 3972 906 4003 ι
947 3951 1265 4021 Quicunque
1309 3950 1497 4005 fecerit
1528 3950 1689 4004 volun

174 4041 302 4091 tatem
328 4038 503 4096 Patris
527 4044 653 4107 mei,
677 4045 768 4113 qui
808 4045 861 4099 in
891 4044 1042 4099 cmlis
1064 4054 1166 4108 cst,
1201 4044 1316 4112 ipse
1343 4058 1494 4099 meus
1521 4041 1713 4108 frater,

168 4140 293 4182 soror
318 4140 368 4185 et
408 4143 586 4189 mater
617 4144 701 4190 est
729 4134 942 4207 (Matth.
974 4137 1094 4201 vn).
1138 4157 1155 4188 ι
1206 4136 1269 4189 Et
1315 4145 1436 4205 post
1476 4150 1691 4191 resurre

167 4216 363 4276 ctionem
416 4226 714 4295 discipulos
770 4226 970 4283 fratres
1016 4242 1214 4282 vocare
1264 4227 1534 4296 dignatus,
1587 4227 1709 4279 ait:

170 4326 183 4357 ι
213 4308 295 4377 Ite,
320 4318 556 4372 nuntiate
584 4318 846 4374 fratribus
871 4320 1026 4375 meis.
1051 4339 1068 4373 ›
1096 4320 1176 4375 Ad
1207 4321 1348 4375 hanc
1370 4319 1711 4388 adoptionem

166 4413 250 4454 non
285 4408 434 4472 venit,
479 4410 581 4467 nisi
624 4412 715 4479 qui
760 4411 865 4467 fide
894 4412 1183 4467 crediderit
1229 4412 1282 4466 in
1329 4394 1543 4467 nomine
1575 4408 1709 4477 ejus,

163 4494 379 4557 Quoniam
405 4501 551 4555 sicut
598 4502 857 4572 scriptum
888 4512 973 4558 est
1003 4517 1017 4556 :
1052 4523 1069 4553 ‹
1105 4500 1291 4557 Justus
1334 4518 1397 4555 ex
1431 4501 1534 4557 fide
1563 4500 1711 4566 vivit,

164 4582 262 4637 sine
283 4602 373 4655 qua
396 4592 733 4661 impossibile
756 4602 840 4649 est
869 4593 1083 4663 placere
1108 4595 1217 4648 Deo
1246 4590 1424 4662 (Rom.
1453 4608 1503 4658 1;
1542 4589 1705 4647 Hebr.

180 4674 287 4745 11).»
316 4681 371 4736 Et
396 4701 466 4740 ne
496 4696 719 4755 putares
751 4689 889 4743 hanc
924 4688 1261 4743 nativitatem
1286 4686 1560 4742 carnalem
1589 4700 1710 4742 esse

162 4776 205 4822 et
240 4786 331 4828 non
367 4780 721 4848 spiritualem,
751 4790 898 4835 recte
933 4779 1307 4850 subjungitur:

224 4880 241 4914 ι
280 4869 367 4929 (iui
408 4886 521 4926 non
558 4885 625 4925 ex
668 4872 1044 4943 Sanguittibus',
1101 4886 1274 4940 neque
1319 4885 1385 4927 ex
1432 4868 1708 4931 voluntate

166 4974 180 5000 ι
212 4960 389 5026 carnis,
418 4977 600 5031 neque
649 4978 715 5019 ex
771 4964 1048 5019 voluntate
1096 4964 1215 5017 viri.
1254 4983 1271 5015 ι
1322 4964 1379 5019 ln
1428 4978 1535 5032 quo
1587 4962 1706 5017 loco

162 5054 264 5097 cum
301 5066 318 5099 ι
349 5065 411 5107 ex
444 5055 803 5124 sanguinibus
839 5075 857 5107 ι
888 5056 1088 5125 posuit,
1113 5062 1305 5111 contra
1352 5054 1592 5125 regulam
1622 5069 1706 5111 ar-

165 5131 220 5187 iis
239 5146 592 5206 grammatica:
623 5146 771 5212 fecit,
802 5148 928 5217 quia
970 5149 1112 5219 apud
1156 5148 1544 5218 grammaticos
1587 5162 1709 5203 san-

163 5227 259 5293 Suis
305 5248 515 5309 semper
563 5239 927 5309 singulariter,
987 5248 1042 5294 et
1089 5255 1363 5309 numquam
1428 5238 1710 5309 pluraliter

162 5322 433 5382 enuntiatur
482 5331 777 5384 secundum
820 5331 1078 5400 regulam.
1116 5331 1221 5387 Sed
1263 5348 1385 5399 non.
1420 5346 1562 5386 cura:
1606 5330 1707 5386 fuit

162 5416 466 5483 evangelista:
491 5420 784 5478 observare
840 5423 1080 5491 regulam
1130 5425 1264 5478 artis
1310 5424 1700 5495 grammatica,

164 5510 210 5551 ⁸η
229 5506 499 5570 Perfectius
527 5529 744 5571 sensum
776 5514 1047 5584 explicare
1074 5525 1273 5584 posset.
1302 5516 1359 5570 Si
1388 5516 1532 5570 enim
1559 5515 1703 5570 dice—

164 5601 230 5646 ret
265 5612 323 5652 ex
372 5606 651 5676 sanguine,
707 5608 808 5662 viri
848 5617 1054 5663 tantum
1095 5607 1369 5663 videretur
1400 5608 1706 5679 significare

163 5695 335 5759 semen,
363 5708 415 5753 et
435 5716 541 5756 non
574 5702 804 5771 pleniter
821 5705 965 5773 quod
1002 5703 1159 5759 vellet
1178 5705 1504 5773 exprimeret
1536 5724 1548 5758 :
1579 5720 1704 5761 cum

165 5787 269 5836 vero
292 5786 410 5845 dicit
438 5810 456 5844 ι
502 5808 570 5849 ex
601 5796 976 5867 sanguinibus,
1023 5817 1042 5851 ο
1068 5797 1172 5852 viri
1206 5798 1412 5868 pariter
1449 5807 1505 5854 et
1543 5798 1703 5855 femi-

165 5880 665 5953 naaconjunctionem
711 5890 965 5950 ostendit.
1016 5889 1167 5951 Unde
1217 5906 1283 5951 ne
1317 5892 1439 5963 quis
1479 5894 1707 5969 interro-

1822 3392 1967 3447 mine
1994 3391 2295 3462 perfectum
2326 3394 2598 3463 hominem
2626 3395 2920 3467 significat,
2960 3396 3053 3466 qui
3100 3404 3315 3451 constat
3343 3410 3411 3450 ex

1820 3483 2003 3551 anima
2034 3483 2286 3551 rationali
2314 3492 2369 3539 et
2407 3500 2593 3542 carne.
2654 3486 2791 3545 Usus
2834 3502 3069 3556 namque
3114 3484 3413 3557 Scriptura:

1820 3585 1905 3643 est
1929 3575 2219 3646 aliquando
2253 3592 2352 3647 per
2379 3576 2551 3634 solam
2586 3580 2848 3651 animam,
2881 3578 3172 3650 aliquando
3199 3592 3299 3651 per
3325 3594 3413 3637 so-

1820 3664 1926 3723 lam
1957 3682 2176 3735 carnem
2212 3676 2381 3739 totum
2420 3669 2691 3731 hominem
2728 3669 3052 3739 significare.
3081 3668 3287 3725 Animae
3310 3685 3411 3727 no-

1821 3761 1966 3816 mine
1997 3770 2140 3819 totus
2188 3763 2351 3825 homo
2395 3764 2753 3835 significatur,
2801 3765 2943 3820 sicut
2983 3763 3244 3834 scriptum
3284 3771 3408 3823 est:

1823 3869 1842 3901 ι
1884 3851 2174 3907 Descendit
2200 3849 2368 3911 Jacob
2395 3853 2447 3908 in
2477 3852 2771 3925 Aigyptum
2804 3854 2854 3908 in
2880 3854 3163 3925 aniliiabus
3197 3862 3412 3924 septua-

1819 3942 1965 4012 ginta
1980 3939 2137 4010 (Gen.
2158 3947 2326 4014 XLVI).
2356 3963 2373 3995 ι
2401 3944 2600 4015 lterum
2629 3946 2809 4015 carnis
2834 3947 3052 4005 nomine
3082 3956 3225 4009 totus
3250 3948 3411 4007 homo

1819 4033 2169 4105 significatur,
2187 4036 2329 4109 sicut
2345 4038 2608 4115 scripturn
2624 4048 2707 4094 est
2721 4040 2773 4093 in
2787 4040 3055 4111 Propheta
3073 4059 3115 4093 ς(
3129 4039 3412 4099 Etvidebit

1818 4128 1993 4187 omnis
2016 4144 2143 4184 caro
2166 4130 2399 4184 salutare
2416 4130 2508 4185 Dei
2534 4130 2685 4203 (Luc.
2714 4131 2818 4202 tu).
2857 4154 2874 4181 ι
2906 4130 3021 4189 Non
3044 4133 3188 4186 cnim
3215 4133 3411 4188 animae

1818 4218 1933 4272 siue
1957 4220 2275 4289 corporibus
2301 4220 2354 4274 in
2385 4219 2680 4293 {Egyptum
2713 4222 3129 4295 descenderunt,
3160 4240 3260 4295 nec
3282 4238 3409 4279 caro

1818 4309 1933 4379 sine
1959 4302 2140 4379 anima
2176 4310 2413 4375 salutare
2440 4312 2535 4367 Dei
2569 4312 2751 4379 videre
2782 4315 2999 4382 poterit,
3030 4315 3124 4379 sed
3166 4315 3315 4380 alibi,
3348 4324 3408 4373 ut

1816 4405 2071 4473 diximus,
2096 4421 2192 4477 per
2219 4407 2389 4463 solam
2414 4409 2672 4476 animam,
2702 4410 2828 4485 alibi
2862 4426 2959 4481 per
2997 4412 3165 4467 solam
3188 4415 3409 4473 cumtam

1818 4504 1960 4563 totus
1983 4498 2146 4553 homo
2175 4499 2532 4570 significatur.
2566 4501 2642 4556 lla
2672 4517 2803 4574 ergo
2828 4514 2882 4579 et
2912 4506 3017 4567 hoc
3046 4503 3260 4567 inloco,
3285 4505 3408 4559 cuin

1817 4590 1991 4655 dicit:
2029 4612 2047 4643 ι
2093 4591 2328 4648 Verbum
2377 4610 2505 4650 caro
2544 4594 2747 4651 factum
2788 4606 2893 4663 est,
2943 4617 2960 4647 ι
2998 4612 3103 4651 non
3139 4596 3284 4649 aliud
3322 4602 3410 4651 est

1816 4680 1995 4736 dicere
2036 4696 2199 4753 quam
2228 4683 2369 4739 Deus
2408 4685 2569 4741 homo
2606 4685 2783 4751 factus
2824 4694 2993 4743 estex
3024 4684 3205 4743 anima
3236 4685 3403 4751 ratio-

1814 4773 1942 4840 nali,
1970 4784 2029 4830 ut
2055 4776 2312 4845 diximus,
2351 4786 2406 4832 et
2449 4792 2632 4832 carne.
2683 4776 2929 4845 Fuerunt
2967 4776 3111 4831 enim
3149 4777 3394 4835 nonnulli

1768 4867 2054 4931 'hairetici
2113 4868 2203 4940 qui
2265 4868 2518 4923 dixerunt
2572 4868 2857 4925 Dominum
2914 4885 3134 4927 carnem
3195 4872 3402 4942 absque

1810 4958 1989 5025 anima
2017 4958 2339 5028 suscepisse.
2376 4957 2434 5013 Si
2460 4959 2602 5015 enim
2630 4959 2772 5030 quod
2804 4960 2983 5019 minus
3009 4970 3094 5017 est
3122 4962 3268 5028 fecit,
3294 4963 3403 5018 uti-

1809 5067 1916 5121 que
1945 5063 2000 5111 et
2024 5052 2167 5123 quod
2197 5050 2369 5122 majus
2400 5060 2484 5108 est
2533 5052 2790 5125 suscepit.
2836 5053 2940 5121 Qui
2974 5055 3116 5110 enim
3144 5070 3244 5125 pro
3272 5053 3405 5110 libe-

1820 5143 2007 5199 raudis
2045 5142 2331 5215 animabus
2370 5160 2591 5199 carnem
2622 5145 2894 5218 suscepit,
2946 5146 3063 5201 sine
3092 5146 3255 5219 dubio
3298 5147 3401 5203 hu-

1819 5250 2035 5311 manam
2069 5237 2305 5311 animam
2359 5237 2618 5310 suscepit.
2671 5237 2749 5303 De
2800 5254 2906 5310 qua
2955 5239 3070 5309 ipse
3116 5239 3398 5310 loquitur:

1822 5349 1839 5382 ι
1875 5331 2203 5397 Potestatem
2240 5331 2415 5387 habeo
2454 5333 2687 5403 ponendi
2727 5333 2961 5391 animam
2989 5349 3183 5399 meam,
3215 5344 3269 5389 et
3296 5333 3400 5389 ite-

1814 5438 1934 5479 rum
1967 5423 2213 5493 sumendi
2240 5438 2358 5481 eam
2382 5423 2563 5494 (Joan.
2604 5432 2741 5496 xw).
2778 5445 2796 5479 ι
2838 5426 2907 5482 Et
2948 5427 3143 5482 iterum
3177 5445 3188 5480 :
3232 5426 3403 5493 tTri-

1812 5522 1913 5578 stis
1967 5529 2053 5587 est
2106 5520 2284 5575 anima
2347 5536 2465 5577 mea
2535 5538 2705 5593 usque
2767 5524 2835 5580 ad
2899 5531 3128 5578 mortem
3180 5519 3396 5592 (Matth.

1813 5609 1984 5680 xxw).
2024 5630 2043 5661 ι
2074 5608 2225 5676 Quod
2250 5626 2379 5673 vero
2408 5613 2699 5669 subditur:
2737 5633 2756 5665 ι
2812 5613 2882 5669 Ει
2921 5613 3188 5669 habitavit
3215 5611 3271 5669 in
3300 5625 3396 5677 np-

1814 5703 1917 5769 bis,
1951 5723 1968 5754 »
2000 5701 2065 5757 ad
2097 5702 2215 5759 illos
2253 5705 2563 5775 specialiter
2596 5707 2855 5776 pertinet,
2886 5706 3082 5776 quibus
3110 5702 3399 5771 visibiliter

1813 5794 2081 5866 apparuit,
2133 5804 2345 5854 etcum
2395 5799 2590 5869 quibus
2643 5801 2996 5871 corporaliter
3042 5807 3401 5859 conversatus

1814 5899 1917 5951 est.
1951 5891 2046 5951 Vel
2075 5892 2258 5973 aliter,
2294 5915 2314 5949 ι
2352 5895 2620 5963 habitavit
2661 5898 2716 5953 in
2744 5896 2917 5962 nobis,
2948 5915 2967 5949 ι
3019 5906 3079 5959 ut
3126 5895 3398 5965 habitare-
