4038 6352
587 397 656 453 65
1187 400 1542 458 ΗΑῚΜΟΝΙὸ
1577 401 2055 460 HALBERSTAT.
2099 403 2181 460 ΕΡ

2284 405 2311 458 ἰ.
2354 405 2504 462 ΟΡΡ.
2548 407 2724 464 PARS
2764 409 2829 466 ll.
2867 441 2936 450 —
2974 408 3204 466 HOMIL.
3806 419 3880 472 64

585 530 710 569 mus
736 515 790 570 in
815 516 956 586 ipso,
987 515 1194 570 habitat
1216 515 1270 569 in
1297 516 1453 572 nobis
1478 517 1831 588 protegendo,
1860 517 2170 573 habitamus
2197 520 2251 579 Α
2281 536 2299 570 ι
2329 519 2431 586 tis,
2466 539 2483 570 ι
2539 521 2799 593 singulari
2844 523 3018 592 gratia
3069 523 3164 578 Dei
3194 524 3331 580 Filio
3371 526 3425 581 in
3457 519 3676 582 homine
3704 543 3878 598 quem

589 615 644 660 et
667 622 764 661 nos
794 607 849 661 in
876 607 990 678 ipso
1023 615 1079 660 ut
1112 617 1459 680 protegamur
1493 609 1695 664 abillo.
1724 608 1796 665 Ut
1823 618 2004 664 autem
2030 611 2174 665 inter

591 713 690 754 nos
711 697 954 753 habitare
979 707 1181 768 posset,
1215 718 1232 752 ‹
1268 716 1390 756 ειιιιι
1415 709 1562 756 esset
1605 702 1660 757 in
1701 700 1876 757 forma
1907 702 2022 769 Dei,
2065 717 2174 758 non

591 789 837 859 rapinam
883 789 1176 846 arbitratus
1204 801 1289 847 est
1317 807 1437 848 esse
1467 806 1524 848 se
1571 794 1836 864 aequalem
1885 795 2019 861 Deo,
2079 795 2176 850 sed

590 881 935 950 semetipsum
979 881 1282 937 exinanivit
1328 882 1557 938 formam
1598 885 1741 939 servi
1780 885 2073 954 accipiens,
2121 884 2175 938 in

587 971 994 1028 similitudinem
1033 973 1310 1028 hominum
1343 971 1548 1044 factus,
1596 983 1651 1029 et
1688 973 1878 1030 habitu
1923 975 2177 1031 inventus

587 1060 1031 1133 ut.homo(PIu’I.
1075 1063 1158 1134 ιι).
1210 1082 1230 1116 ι
1299 1081 1319 1115 ι
1354 1063 1424 1118 Et
1467 1064 1705 1120 vidimus
1761 1065 1986 1134 gloriam
2035 1065 2172 1136 ejus,

588 1152 812 1223 gloriam
877 1154 1032 1222 quasi
1079 1152 1354 1225 Unigeniti
1397 1172 1430 1211 a
1476 1155 1657 1211 Patre.
1696 1176 1716 1209 ι
1771 1155 2016 1227 Gloriam
2061 1158 2176 1227 ejus

586 1245 839 1300 viderunt
897 1245 950 1299 in
1021 1246 1396 1313 humanitate,
1460 1247 1554 1318 qui
1622 1226 1804 1302 videre
1874 1226 2178 1318 non

588 1349 712 1396 rant
772 1341 825 1395 in
871 1340 1193 1408 divinitate,
1249 1342 1376 1411 quia
1448 1357 1612 1413 quam
1674 1351 1799 1397 ante
1842 1343 2175 1398 incarnatio-

586 1447 708 1487 nem
739 1433 926 1489 videre
952 1448 1058 1489 non
1093 1442 1366 1504 poterant,
1400 1433 1587 1489 videre
1622 1441 1908 1504 postquam
1937 1432 2177 1489 Verbum

587 1541 714 1581 caro
744 1524 946 1580 factum
988 1534 1088 1581 est.
1127 1524 1365 1582 Gloriam
1395 1526 1562 1597 igitur
1602 1526 1696 1580 Dei
1734 1525 1954 1582 latentis
1992 1526 2048 1580 in
2075 1526 2175 1581 ho-

589 1620 756 1685 mine,
806 1619 881 1674 illi
931 1620 1236 1690 specialiter
1267 1621 1542 1686 viderunt,
1577 1621 1669 1690 qui
1718 1636 1844 1676 eum
1896 1621 2178 1677 miraculis

587 1715 961 1768 coruscantem
991 1714 1304 1784 conspicere
1333 1722 1668 1768 meruerunt.
1694 1712 1775 1767 Illi
1807 1728 2024 1783 quoque
2057 1711 2178 1782 ejus

587 1803 814 1873 gloriam
869 1801 1211 1860 manifestius
1263 1813 1681 1876 conspexerunt,
1735 1805 1828 1875 qui
1878 1820 2002 1859 eum
2046 1814 2172 1861 ante

590 1897 902 1966 passionem
961 1897 1402 1970 transﬁguratum
1468 1899 1522 1953 in
1590 1909 1774 1953 monte
1834 1895 2255 1969 contemplatiB

589 1999 733 2055 sunt,
771 1991 1052 2046 audientes
1098 1991 1332 2061 desuper
1375 2006 1563 2047 vocem
1590 1990 1769 2046 Patris
1796 1992 2173 2048 intonantem:

593 2100 611 2132 ι
644 2081 741 2138 Hic
769 2091 852 2137 est
871 2081 1041 2137 Filius
1070 2097 1224 2138 meus
1259 2082 1508 2148 dilectus,
1553 2084 1607 2138 in
1643 2099 1751 2154 quo
1781 2084 1914 2138 mihi
1940 2084 2178 2155 compla-

587 2173 672 2227 cui
705 2171 920 2244 (Matth.
947 2173 1054 2243 ιιι).
1089 2192 1108 2225 ι
1145 2173 1220 2228 De
1251 2173 1446 2243 quibus
1471 2189 1610 2230 unus
1641 2173 1744 2228 fuit
1781 2175 1883 2230 iste
1909 2174 2173 2242 Joannes,

589 2264 656 2320 de
683 2280 788 2334 quo
816 2263 943 2319 talia
981 2264 1222 2321 revelata
1264 2274 1409 2332 sunt,
1451 2275 1508 2322 et
1539 2281 1636 2336 per
1673 2282 1836 2337 quem
1864 2267 1993 2323 talia
2024 2269 2178 2339 signa

589 2364 714 2411 sunt
735 2363 1056 2420 monstrata,
1095 2371 1215 2426 quae
1254 2356 1434 2413 nullus
1479 2356 1659 2413 facere
1704 2368 1910 2429 posset,
1952 2359 2056 2414 nisi
2085 2359 2178 2429 qui

591 2448 912 2521 Unigenitus
946 2449 1123 2504 Patris
1148 2458 1310 2506 esset.
1339 2449 1474 2505 Nam
1497 2458 1553 2506 et
1573 2460 1696 2522 post
1723 2454 2179 2509 resurrectionem

591 2540 825 2611 Spiritus
849 2549 1070 2597 sanctus
1089 2541 1309 2596 eosdem
1332 2541 1626 2612 discipulos
1649 2543 1980 2598 obumbrare
2013 2551 2178 2614 atque

592 2633 800 2704 replere
826 2633 1075 2704 dignatus
1101 2643 1203 2699 est,
1251 2642 1310 2688 ut
1347 2649 1445 2704 per
1474 2635 1589 2690 haec
1615 2644 1671 2689 et
1717 2635 2054 2704 unigenitum
2084 2636 2178 2691 Dei

595 2735 984 2795 cognoscerent
1026 2726 1244 2794 Filium,
1293 2735 1349 2783 et
1401 2743 1472 2783 ex
1515 2733 1691 2783 matre
1736 2728 2176 2797 primogenitum.

596 2816 704 2872 Sed
732 2825 819 2872 est
857 2816 1157 2874 differentia
1206 2818 1350 2874 inter
1387 2819 1721 2890 unigenitum
1753 2827 1810 2873 et
1858 2820 2182 2892 primogeni-

593 2917 730 2975 tum,
754 2909 882 2980 quia
913 2925 1017 2965 non
1039 2926 1230 2967 omnes
1252 2911 1595 2982 primogeniti
1623 2909 1909 2979 unigeniti,
1937 2911 2032 2965 sed
2059 2926 2178 2966 om-

598 3015 693 3055 nes
721 3001 982 3072 unigeniti
1025 3003 1372 3074 primogeniti
1413 3009 1699 3057 vocantur.
1751 2999 2180 3071 Primogenitum

595 3095 739 3150 enim
767 3095 1016 3162 dicimus,
1047 3111 1154 3152 non
1192 3096 1366 3151 solum
1403 3110 1566 3165 quem
1607 3093 1698 3148 alii
1729 3103 2048 3163 sequuntur,
2086 3094 2180 3149 sed

598 3188 763 3243 etiam
816 3204 978 3259 quem
1029 3188 1208 3244 nullus
1257 3188 1531 3258 praecedit.
1581 3188 1661 3242 Ex
1702 3202 1767 3242 eo
1809 3197 1991 3242 autem
2035 3188 2180 3257 quod

598 3280 924 3350 evangelista
953 3279 1242 3337 Matthaaus
1289 3281 1408 3335 ait:
1448 3299 1467 3332 ι
1524 3279 1708 3337 Donec
1758 3280 1969 3352 peperit
2008 3279 2178 3334 tilium

597 3388 751 3427 suum
786 3373 1204 3444 primogenitum
1247 3371 1466 3444 (Matth.
1510 3372 1594 3444 ιι),
1628 3393 1647 3426 ι
1677 3373 2018 3429 occasionem
2065 3382 2180 3426 tra-

595 3466 729 3522 here
765 3466 1054 3522 voluerunt
1083 3466 1345 3531 heretici,
1378 3466 1549 3522 beatae
1594 3464 1779 3521 Maria:
1811 3465 2180 3535 virginitatem

597 3558 862 3613 infamare
889 3559 1190 3628 cupientes.
1242 3559 1505 3613 Dixerunt
1530 3558 1674 3612 enim
1701 3572 1822 3612 eam
1863 3555 1999 3610 alios
2043 3555 2182 3608 ﬁlios

595 3659 719 3720 post
746 3650 1033 3704 Dominum
1059 3665 1127 3704 ex
1152 3647 1350 3718 Joseph
1377 3649 1656 3712 habuisse,
1685 3656 1741 3702 et
1769 3648 1916 3716 ipsos
1941 3661 2061 3702 esse
2088 3661 2184 3701 vo-

597 3739 814 3794 luerunt
835 3740 929 3808 qui
956 3739 1009 3793 in
1045 3737 1338 3808 Evangelia
1359 3737 1558 3792 fratres
1585 3737 1798 3791 Domini
1827 3735 2181 3806 appellantur,

598 3845 706 3896 non
750 3832 1158 3887 considerantes
1192 3830 1319 3900 quia
1364 3829 1560 3885 fratres
1601 3830 1656 3884 in
1693 3829 1992 3898 Scripturis
2020 3828 2185 3882 variis

600 3925 774 3980 modis
799 3933 1082 3979 vocantur.
1119 3922 1424 3992 Aliquando
1462 3921 1609 3978 enim
1655 3931 1847 3976 natura
1875 3921 2076 3976 fratres
2104 3921 2185 3976 di-

600 4025 817 4083 cuntur,
851 4005 1140 4086 aliquando
1180 4015 1524 4084 cognatione,
1563 4013 1855 4085 aliquando
1879 4023 2058 4083 gente,
2087 4013 2185 4068 ali-

597 4111 816 4178 quando
839 4109 1006 4162 etiam
1039 4107 1344 4164 dilectione.
1372 4106 1598 4172 Natura,
1630 4107 1772 4161 sicut
1793 4105 1925 4162 Cain
1946 4115 2000 4161 et
2027 4105 2182 4173 Abel,

597 4200 740 4256 Esau
779 4210 835 4257 et
872 4199 1061 4268 Jacob,
1107 4201 1301 4256 Petrus
1349 4208 1406 4255 et
1428 4199 1695 4254 Andreas.
1729 4198 2085 4269 Cognatione,
2123 4207 2185 4253 ut

599 4292 872 4349 Abraham
921 4301 978 4348 et
1028 4293 1148 4359 Lot,
1195 4293 1354 4364 juxta
1400 4291 1545 4362 quod
1590 4292 1708 4361 ipse
1749 4290 2025 4346 Abraham
2071 4293 2180 4346 ait:

605 4406 623 4438 ι
664 4385 762 4451 Ne,
793 4400 996 4455 quaaso,
1021 4386 1092 4440 sit
1115 4385 1355 4456 jurgium
1378 4385 1522 4439 inter
1547 4399 1634 4439 me
1667 4392 1722 4438 et
1747 4393 1819 4450 te,
1844 4392 1897 4439 et
1927 4383 2068 4438 inter
2092 4399 2187 4454 pa-

599 4486 774 4532 stores
820 4490 968 4532 meos
1009 4485 1066 4532 et
1093 4484 1339 4546 pastores
1383 4484 1526 4540 tuos,
1578 4474 1778 4530 fratres
1817 4474 1962 4529 enim
1998 4490 2186 4530 sumus

603 4568 758 4638 (Gen.
829 4570 970 4640 xln).
1031 4588 1049 4622 ι
1105 4568 1369 4624 Similiter
1415 4567 1584 4623 Jacob
1631 4578 1686 4622 et
1726 4566 1931 4632 Laban,
1989 4569 2181 4623 eodem

598 4657 784 4712 Laban
809 4658 1062 4716 dicente:
1109 4679 1128 4712 ι
1171 4657 1310 4714 Num
1339 4659 1465 4728 quia
1512 4658 1686 4714 frater
1711 4675 1865 4715 meus
1894 4675 1974 4723 es,
2013 4660 2183 4730 gratis

602 4751 806 4806 servies
846 4752 1018 4807 mihi?
1052 4771 1073 4806 ι
1107 4751 1296 4817 Gente,
1343 4753 1484 4808 sicut
1527 4768 1718 4808 omnes
1771 4751 1943 4808 Judaei
1982 4752 2183 4810 fratres

601 4846 733 4900 dicti
759 4856 907 4913 sunt,
934 4847 1146 4904 dicente
1184 4849 1300 4920 ipso
1326 4848 1498 4904 latore
1532 4848 1667 4921 legis
1706 4847 1926 4922 Moyse:
1961 4849 2020 4905 Si
2048 4866 2182 4908 con-

601 4939 874 4994 stituendo
903 4941 1249 4996 constitueris
1287 4956 1452 5012 super
1481 4952 1533 4998 te
1573 4957 1778 5014 regem,
1825 4958 1930 4998 non
1957 4943 2184 5000 habebis

599 5041 923 5104 potestatem
970 5033 1088 5089 aliae
1135 5035 1308 5106 gentis
1354 5036 1630 5092 hominem
1675 5036 2037 5100 constituere,
2086 5036 2182 5090 sed

600 5141 725 5180 eum
751 5125 844 5195 qui
877 5125 949 5181 sit
974 5125 1142 5182 frater
1174 5135 1320 5193 tuus,
1369 5128 1422 5184 id
1451 5138 1534 5184 est
1575 5129 1642 5184 de
1687 5137 1848 5198 gente
1873 5136 1983 5181 tua.
2037 5126 2184 5182 Dile-

605 5217 806 5283 ctione,
832 5217 972 5272 sicut
995 5233 1185 5275 omnes
1205 5219 1507 5276 Christiani
1545 5220 1745 5275 fratres
1766 5227 2050 5284 vocantur,
2080 5220 2184 5274 Do-

604 5306 750 5362 mino
783 5307 1062 5379 discipulis
1097 5310 1345 5366 dicente:
1381 5329 1401 5361 ι
1448 5309 1649 5366 Omnes
1692 5309 1838 5364 enim
1869 5324 1967 5365 vos
1991 5309 2186 5366 fratres

603 5397 736 5468 estis
758 5397 973 5470 (Matth.
1019 5403 1177 5474 χχιι).
1209 5422 1228 5454 ι
1273 5401 1476 5458 Eodem
1518 5400 1677 5455 modo
1724 5399 1923 5456 fratres
1967 5400 2184 5457 Domini

605 5491 926 5562 cognatione
947 5493 1077 5548 dicti
1117 5503 1262 5559 sunt,
1290 5492 1418 5564 quia
1454 5491 1520 5546 de
1545 5491 1689 5546 illius
1721 5501 1880 5546 erant
1904 5493 2183 5564 progenie.

603 5580 745 5655 Ergo
766 5582 1025 5642 Dominus
1052 5602 1159 5641 non
1190 5585 1363 5641 solum
1395 5583 1722 5655 unigenitus,
1760 5585 1856 5640 sed
1881 5586 2044 5641 etiam
2075 5587 2187 5656 pri-

605 5677 910 5748 mogenitus
951 5678 1168 5743 dicitur,
1219 5676 1364 5745 quod
1413 5691 1520 5731 non
1560 5674 1734 5731 solum
1776 5675 1869 5732 alii
1912 5691 1979 5732 ex
2017 5676 2183 5732 Maria

605 5778 726 5840 post
753 5787 874 5826 eum
909 5770 1023 5824 nati
1063 5784 1170 5823 non
1216 5776 1361 5833 sunt,
1389 5769 1482 5824 sed
1529 5769 1653 5840 quia
1680 5777 1807 5824 ante
1835 5785 1958 5824 eum
1983 5769 2185 5825 nullus.

605 5862 764 5930 Quod
789 5871 972 5917 autem
1001 5859 1360 5931 subjungitur,
1407 5880 1425 5913 ι
1455 5861 1671 5934 plenum
1701 5862 1890 5933 gratia:
1909 5871 1964 5918 et
1987 5863 2188 5918 verita-

2281 613 2574 683 assumpsit
2603 613 2787 669 datum
2827 624 2913 671 est
2941 631 2970 670 a
3007 615 3188 682 Patre,
3217 628 3277 673 ut
3309 632 3378 672 ex
3407 633 3515 688 quo
3551 620 3722 675 homo
3751 635 3883 677 esse

2281 702 2566 774 inciperet,
2601 705 2876 775 perfectus
2912 715 3058 763 esset
3094 707 3255 775 Deus,
3297 709 3567 779 perfectus
3593 719 3652 767 et
3679 711 3875 768 homo.

2280 794 2392 852 Nec
2413 797 2657 854 eamdem
2685 801 2916 871 gratiam
2958 801 3026 854 ad
3061 817 3372 857 mensuram
3412 803 3623 874 accepit
3659 813 3724 858 ut
3749 806 3877 876 puri

2281 886 2552 955 homines,
2581 891 2677 946 sed
2717 890 2894 948 factus
2928 893 3092 949 homo
3111 894 3304 964 plenus
3338 895 3510 966 gratia
3555 895 3680 962 fuit,
3729 897 3881 952 sicut

2282 980 2415 1036 dicit
2453 982 2782 1053 Apostolus:
2821 1003 2840 1037 ι
2872 985 2931 1040 in
2977 1001 3084 1056 quo
3130 987 3340 1042 habitat
3367 988 3546 1043 omnis
3589 988 3879 1060 plenitudo

2282 1074 2581 1131 divinitatis
2613 1079 2968 1147 corporaliter
2992 1076 3190 1149 (Calas.
3223 1079 3306 1150 ιι).
3347 1101 3363 1133 ι
3397 1080 3465 1134 Et
3503 1079 3744 1137 Joannes
3770 1083 3878 1137 Ba-

2281 1167 2443 1236 ptista
2470 1185 2482 1220 :
2513 1168 2580 1222 Et
2617 1169 2684 1224 de
2710 1169 3043 1240 plenitudine
3074 1169 3190 1240 ejus
3220 1187 3321 1227 nos
3345 1187 3536 1228 omnes
3558 1175 3880 1245 accepimus

2282 1258 2510 1328 gratiam
2541 1275 2640 1329 pro
2667 1262 2864 1331 gratia.
2916 1262 2993 1317 De
3041 1278 3145 1332 qua
3174 1263 3508 1333 plenitudine
3552 1266 3743 1334 gratiae
3781 1281 3880 1334 per

2283 1349 2626 1406 Psalmistam
2652 1352 2850 1408 dicitur
2877 1373 2888 1407 :
2928 1373 2945 1404 ‹
2972 1353 3138 1408 Unxit
3160 1364 3212 1410 te
3238 1354 3403 1420 Deus,
3421 1355 3564 1410 Deus
3591 1364 3717 1411 tuus
3756 1356 3878 1411 oleo

2283 1441 2482 1498 lzetitia:
2509 1459 2620 1514 pra:
2641 1445 2982 1500 consortibus
3007 1447 3113 1500 tuis
3158 1443 3332 1517 (Psal.
3375 1445 3542 1518 xuv).
3580 1466 3598 1498 ι
3628 1445 3877 1502 Vcritate

2283 1553 2496 1609 quoque
2523 1540 2714 1609 plenus
2759 1540 2876 1605 fuit,
2924 1541 3064 1595 sicut
3105 1541 3219 1609 ipse
3264 1542 3317 1595 in
3357 1541 3652 1612 Evangelio
3699 1543 3871 1597 dicit:

2290 1651 2307 1684 ‹
2346 1632 2458 1703 Ego
2478 1647 2598 1687 sum
2627 1633 2733 1699 via,
2763 1633 2965 1688 veritas
2991 1641 3050 1687 et
3080 1633 3189 1688 vita
3221 1631 3406 1704 (Joan.
3448 1632 3587 1703 xw).
3629 1653 3648 1686 ι

2877 1766 3161 1824 HOMlLlA
3197 1767 3267 1822 X.

2509 1895 2576 1935 DE
2617 1895 2822 1938 SANCTO
2869 1896 3145 1936 STEPHANO
3186 1897 3640 1938 PBOTOHARTYRE.

2351 1990 2594 2060 (llum.
2657 1991 2841 2062 χχιιι.)
2886 2011 2904 2043 ι
2956 1991 3013 2046 in
3065 1992 3160 2047 illo
3219 2001 3484 2064 tempore,
3539 1995 3676 2049 dixit
3716 1994 3876 2052 Jesus

2286 2102 2304 2135 ‹
2335 2083 2507 2138 turbis
2528 2081 2838 2138 Judaaorum
2867 2101 2880 2137 :
2913 2083 3053 2140 Ecce
3092 2099 3194 2153 ego
3232 2087 3390 2141 mitto
3424 2087 3492 2142 ad
3517 2101 3615 2142 vos
3641 2089 3874 2158 prophe-

2286 2193 2304 2225 ‹
2341 2183 2424 2229 tas
2459 2183 2512 2229 et
2539 2175 2828 2244 sapientes,
2872 2184 2928 2230 et
2952 2176 3186 2241 scribas,
3220 2186 3274 2232 et
3302 2193 3370 2231 ex
3397 2177 3501 2233 illis
3522 2179 3785 2235 occidetis
3815 2191 3870 2236 et

2288 2283 2306 2315 ‹
2346 2265 2694 2336 cruciﬁgetis,
2724 2274 2780 2320 et
2805 2280 2871 2320 ex
2893 2267 2974 2322 eis
3006 2265 3345 2338 flagellabitis
3380 2268 3433 2322 in
3462 2271 3750 2340 synagogis
3780 2286 3873 2325 ve-

2286 2376 2304 2408 ι
2343 2356 2490 2422 stris,
2519 2376 2536 2406 ι
2563 2366 2617 2412 et
2639 2357 2868 2427 reliqua.
2907 2357 3106 2412 Narrat
3134 2360 3379 2430 superior
3403 2368 3574 2414 textus
3592 2361 3872 2432 Evangelii

2281 2449 2516 2519 qualiter
2542 2450 2825 2516 Dominus,
2857 2451 3169 2507 conﬂictum
3217 2453 3426 2509 habens
3462 2469 3585 2509 cum
3632 2453 3868 2523 Jndaeis,

2281 2543 2575 2611 convicerit
2601 2557 2695 2598 eos
2714 2543 3017 2600 homicidas
3046 2554 3102 2600 et
3137 2546 3528 2602 homicidarum
3572 2549 3740 2616 tilios,
3775 2553 3859 2622 qui

2280 2649 2405 2689 cum
2433 2634 2763 2690 aedificarent
2787 2636 3032 2706 sepulcra
3061 2639 3470 2708 prophetarum,
3523 2649 3580 2696 et
3615 2653 3869 2698 ornarent

2281 2737 2630 2783 monumenta
2649 2729 2942 2800 justorum,
2966 2731 3238 2787 dicentes:
3261 2730 3398 2799 Quia
3427 2733 3472 2788 si
3488 2731 3787 2788 fuissemus
3816 2735 3866 2787 in

2281 2820 2471 2878 diebus
2493 2829 2709 2890 patrum
2745 2831 3079 2889 nostrorum,
3113 2839 3220 2878 non
3253 2839 3493 2880 essemus
3521 2825 3656 2879 socii
3681 2840 3864 2880 eorum

2282 2911 2337 2964 in
2366 2913 2629 2983 sanguine
2674 2914 3084 2984 prophetarum.
3135 2915 3195 2969 In
3239 2916 3343 2972 hoc
3373 2931 3431 2972 se
3483 2917 3623 2972 filios
3670 2931 3861 2972 eorum

2281 3004 2662 3072 ostendebant,
2712 3006 2803 3075 qui
2851 3007 3144 3076 prophetas
3189 3009 3518 3074 occiderant,
3581 3010 3729 3079 quod
3759 3011 3871 3064 ani-

2282 3110 2429 3148 mum
2478 3095 2696 3164 plenum
2743 3097 3008 3153 habentes
3047 3098 3280 3163 invidiae,
3330 3099 3604 3154 Christum
3648 3099 3870 3171 ejusque

2283 3187 2577 3258 discipulos
2598 3190 3084 3260 persequebantur.
3119 3189 3268 3246 Unde
3304 3200 3359 3244 et
3385 3191 3643 3244 Dominus
3678 3192 3874 3260 adjun-

2207 3261 2253 3325 (ἶ
2285 3278 2384 3349 git,
2431 3279 2657 3334 dicens:
2688 3279 2876 3350 itaque
2915 3279 3227 3336 testimonio
3257 3280 3389 3335 estis
3441 3280 3874 3350 vobistnetipsis,

2282 3371 2426 3440 quod
2452 3369 2546 3426 filii
2579 3371 2713 3426 estis
2746 3387 2938 3427 eorum
2983 3373 3076 3442 qui
3106 3373 3398 3443 prophetas
3439 3372 3781 3437 occiderunt,
3822 3383 3876 3426 et

2283 3479 2380 3519 vos
2409 3464 2629 3533 implete
2654 3480 2966 3520 mensuram
2988 3475 3203 3534 patrum
3223 3474 3548 3521 vestrorum.
3582 3465 3660 3520 Ac
3700 3465 3748 3519 si
3788 3465 3872 3519 di-

2283 3563 2476 3610 ceret:
2525 3553 2679 3621 Quod
2713 3555 2817 3611 illis
2865 3555 3050 3620 defuit,
3107 3571 3204 3610 vos
3254 3555 3481 3627 implere
3524 3556 3744 3626 cupitis.
3790 3558 3867 3612 Illi

2284 3645 2600 3701 occiderunt
2644 3648 2908 3712 membra,
2945 3663 3042 3703 vos
3085 3655 3248 3718 caput
3305 3647 3740 3718 persequimini:
3791 3648 3869 3701 illi

2285 3741 2595 3810 prophetas,
2645 3756 2742 3796 vos
2779 3741 2956 3811 ipsum
2991 3740 3281 3796 Dominum
3322 3741 3730 3811 prophetarum,
3780 3741 3873 3808 qui

2285 3833 2354 3887 ab
2380 3833 2460 3889 eis
2489 3834 2779 3905 praedictus
2848 3842 2953 3900 est,
2995 3833 3245 3888 occidere
3294 3833 3634 3894 desideratis,
3682 3841 3738 3887 et
3784 3847 3874 3888 me

2287 3939 2546 3996 meosque
2589 3925 2903 3996 discipulos,
2953 3940 3090 3995 quos
3132 3925 3208 3980 illi
3249 3925 3370 3980 ideo
3407 3925 3534 3994 quia
3577 3939 3682 3978 non
3721 3923 3874 3980 vide-

2287 4024 2435 4080 runt,
2469 4029 2577 4068 non
2609 4015 2962 4069 occiderunt:
2998 4029 3096 4069 vos
3121 4014 3384 4079 videntes,
3416 4014 3630 4069 illorum
3661 4013 3874 4070 deside-

2287 4106 2428 4161 rium
2488 4107 2713 4177 implere
2770 4106 3114 4161 desideratis.
3165 4104 3372 4173 Quibus
3424 4105 3675 4177 congruit
3729 4106 3875 4174 quod

2287 4199 2570 4253 subditur:
2601 4198 2916 4268 Serpentes,
2942 4198 3215 4269 genimina
3238 4198 3574 4268 viperarum,
3599 4198 3873 4266 quomodo

2287 4290 2506 4362 fugietis
2531 4306 2560 4343 a
2583 4289 2796 4358 judicio
2843 4290 3150 4361 gehennae?
3179 4289 3345 4345 Recte
3389 4304 3539 4360 ergo.
3562 4289 3874 4358 viperarum

2288 4387 2506 4442 nomine
2528 4385 2618 4440 isti
2664 4395 2947 4450 vocantur,
2990 4385 3119 4454 quia
3149 4384 3290 4439 sicut
3329 4399 3395 4438 ex
3421 4383 3623 4455 viperis
3650 4383 3871 4453 viperae,

2287 4485 2341 4532 et
2363 4491 2430 4531 ex
2461 4473 2802 4546 serpentibus
2847 4484 3129 4547 serpentes
3173 4484 3490 4542 nascuntur,
3543 4475 3624 4530 sic
3669 4475 3760 4529 isti
3807 4489 3875 4530 ex

2287 4570 2567 4625 venenatis
2592 4570 2911 4640 parentibus
2938 4578 3264 4624 venenatum
3298 4569 3538 4624 animum
3570 4569 3875 4634 trahentes,

2286 4662 2564 4716 Christum
2595 4660 2817 4730 ejusque
2853 4660 3147 4730 discipulos
3195 4661 3448 4732 persequi
3487 4659 3870 4715 moliebantur.

2287 4752 2554 4808 Convenit
2581 4759 2761 4806 autem
2790 4752 2931 4815 istis,
2971 4751 3116 4821 quod
3144 4753 3454 4822 viperarum
3482 4760 3674 4805 natura
3703 4751 3876 4806 tradi-

2289 4856 2374 4900 tur
2399 4860 2543 4911 esse,
2583 4852 2646 4898 ut
2691 4844 2746 4898 in
2771 4844 3122 4914 conceptione
3162 4844 3426 4898 moriatur
3461 4851 3637 4913 pater,
3665 4843 3722 4897 in
3747 4858 3879 4913 para

2289 4939 2542 4993 turitione
2572 4945 2766 4992 mater.
2807 4938 3068 5006 Quamvis
3101 4937 3246 4993 enim
3277 4937 3492 4993 diversa
3521 4939 3630 4992 sint
3667 4953 3870 5007 genera

2287 5031 2596 5100 viperarum
2646 5037 2700 5083 et
2743 5030 3097 5099 serpentium,
3143 5029 3364 5084 tradunt
3405 5037 3588 5084 tamen
3635 5037 3874 5083 tantum-

2288 5123 2448 5179 modo
2472 5123 2604 5178 duas
2627 5137 2748 5177 esse
2772 5122 2986 5190 viperas
3013 5121 3066 5175 in
3090 5122 3334 5190 partibus
3352 5120 3584 5186 Arabiae,
3611 5121 3701 5175 ubi
3721 5121 3871 5176 nulla

2289 5217 2552 5274 habitatio
2595 5217 2872 5272 hominum
2903 5215 3174 5282 consistit,
3203 5216 3331 5287 quia
3371 5230 3478 5271 non
3503 5214 3675 5271 solum
3708 5214 3875 5270 homo

2289 5310 2333 5364 si
2362 5308 2677 5374 accesserit,
2702 5322 2888 5361 verum
2909 5307 3075 5362 etiam
3103 5309 3148 5363 si
3181 5309 3298 5363 avis
3327 5307 3561 5382 desuper
3587 5306 3873 5372 volaverit,

2289 5419 2318 5456 a
2343 5401 2471 5455 ﬂatu
2500 5415 2688 5455 earum
2718 5400 3066 5456 interimitur.
3116 5401 3356 5470 Quarum
3394 5403 3678 5473 conceptio
3719 5405 3875 5460 tarde

2289 5496 2496 5561 evenit,
2555 5495 2648 5549 sed
2700 5495 3128 5566 quotiescunque
3173 5496 3439 5562 evenerit,
3490 5495 3564 5550 ita
3613 5494 3674 5550 lit
3721 5503 3781 5551 ut
3816 5496 3876 5552 in

2291 5587 2642 5660 conceptione
2670 5588 2937 5643 moriatur
2971 5599 3146 5659 pater,
3183 5597 3242 5642 ut
3279 5589 3540 5654 diximus,
3569 5599 3624 5646 et
3655 5590 3710 5644 in
3748 5605 3878 5662 par-

2291 5681 2546 5736 turitione
2573 5690 2765 5736 mater.
2789 5680 2924 5735 Nam
2953 5692 3194 5750 tempore
3223 5682 3611 5750 conceptionis,
3642 5698 3759 5738 mas
3783 5699 3877 5738 ca-

2289 5783 2386 5844 put
2411 5775 2466 5829 in
2490 5790 2586 5830 ora
2630 5775 2844 5830 feminae
2876 5774 3061 5838 mittit,
3093 5782 3149 5828 at
3195 5773 3283 5828 illa
3314 5789 3427 5844 prze
3470 5775 3640 5830 nimio
3689 5791 3878 5832 amore

2291 5867 2562 5938 stringens
2589 5876 2750 5939 caput
2793 5866 2938 5922 illius
2983 5865 3270 5924 abscindit.
3312 5865 3447 5922 Cum
3491 5882 3620 5922 vero
3666 5876 3877 5938 tempus
