4038 6352
117 408 191 465 65
1377 413 1681 470 HOMILIAE
1719 414 1809 471 DE
1849 413 2196 470 TEMPORE.
3326 416 3395 472 66

116 520 507 593 parturitionis
530 524 732 589 evenit,
775 523 1040 581 scinditur
1067 534 1259 581 venter
1298 527 1507 592 matris,
1547 535 1603 580 et
1631 526 1714 582 sic
1739 535 1792 596 Α
1817 525 2072 582 invidiam
2093 523 2307 592 occisus
2331 522 2424 588 sit,
2449 520 2594 576 nulla
2620 532 2708 578 est
2727 521 3069 595 ambiguitas.
3100 521 3254 590 Quod
3294 539 3393 580 au-

119 613 220 668 ﬁlii
247 614 624 684 egrediuntur,
642 622 697 677 et
717 615 793 670 ita
818 616 880 670 fit
907 624 967 670 ut
991 617 1047 672 in
1068 618 1420 688 conceptione
1444 620 1709 674 moriatur

117 713 300 776 pater,
325 715 382 761 et
403 706 456 762 in
479 708 840 778 parturitione
855 717 1046 765 mater.
1062 709 1219 766 Unde
1242 710 1425 780 vipera
1442 710 1583 766 dicta
1605 719 1708 776 est,

117 799 268 869 quod
282 799 334 854 vi
346 798 638 872 jpariatvel
650 801 702 856 vi
729 802 906 872 perire
922 802 1102 858 faciat.
1119 802 1276 858 Tales
1291 819 1422 874 ergo
1442 817 1538 873 per
1557 804 1681 858 simi
1701 837 1713 846 ο

117 889 407 946 litudinem
445 890 667 948 fuerunt
713 892 903 960 Judaei,
960 894 1088 964 quia
1134 892 1431 961 Christum,
1475 895 1568 964 qui
1619 910 1714 951 eos

118 981 482 1053 spiritualiter
506 997 767 1055 generare
793 993 1037 1050 venerat,
1063 985 1238 1040 crucis
1259 984 1498 1056 patibulo
1520 1001 1713 1040 cruen—

117 1073 191 1127 tis
233 1073 490 1128 manibus
511 1074 870 1141 tradiderunt,
901 1075 1144 1130 dicentes
1169 1093 1182 1129 :
1229 1094 1248 1126 ‹
1276 1075 1563 1147 Crucifige,
1590 1091 1713 1131 cru-

117 1163 282 1235 cilige
308 1163 478 1219 illum.
511 1162 569 1218 Si
600 1165 744 1220 hunc
769 1164 1018 1230 dimittis,
1060 1181 1166 1220 non
1208 1181 1268 1221 es
1303 1166 1510 1222 amicus
1537 1166 1714 1222 Caesa-

119 1256 200 1311 ris
251 1254 471 1327 (Mauh.
498 1255 695 1328 xxvii).
747 1275 767 1308 ι
811 1255 1110 1312 Ecclesiam
1140 1271 1376 1328 quoque,
1406 1272 1526 1326 quae
1554 1256 1712 1326 spiri-

119 1347 288 1403 tualis
329 1355 502 1403 mater
527 1355 644 1403 erat
671 1363 860 1403 eorum
890 1348 1092 1416 futura,
1141 1349 1413 1432 persecuti
1450 1359 1574 1403 sunt
1603 1348 1714 1419 pri-

116 1455 273 1494 mum
301 1441 356 1495 in
388 1439 668 1511 apostolis,
705 1455 802 1511 per
822 1450 966 1512 ‘quos
1003 1448 1188 1495 sancta
1215 1439 1459 1496 Ecclesia
1485 1441 1712 1512 regeba-

115 1540 232 1598 tur,
259 1532 534 1589 deindein
564 1548 753 1587 eorum
783 1533 1209 1598 successoribus,
1242 1533 1309 1588 de
1335 1533 1533 1603 quibus
1569 1548 1715 1588 nunc

113 1624 327 1679 dicitur
352 1642 366 1679 :
401 1643 420 1676 ‹
448 1625 588 1680 Ecce
607 1640 708 1696 ego
730 1624 889 1680 mitto
904 1627 971 1680 ad
1000 1640 1096 1680 vos
1120 1626 1412 1695 prophetas
1427 1634 1484 1680 et
1501 1625 1716 1708 sapien-

115 1722 205 1769 tes
231 1722 290 1769 et
313 1715 541 1771 scribas.
566 1734 587 1767 ›
615 1714 721 1771 Sed
750 1715 804 1769 in
832 1715 1055 1771 exordio
1076 1713 1237 1784 hujus
1269 1715 1515 1772 lectionis
1547 1717 1717 1770 haere-

111 1806 361 1861 ticorum
393 1807 586 1879 dogma
613 1807 925 1873 destruitur,
956 1807 1049 1877 qui
1073 1808 1330 1862 dixerunt
1354 1807 1518 1862 alium
1544 1807 1714 1863 Deum

1817 627 1924 673 tem
1943 617 2123 689 justus
2141 615 2324 679 fuerit,
2351 629 2460 670 non
2491 614 2663 670 solum
2690 615 2745 670 in
2792 615 2988 673 Genesi
3037 616 3254 689 legitur,
3301 617 3392 674 ubi

1813 706 1932 777 ejus
1981 722 2204 763 munera
2249 705 2360 762 Deo
2390 712 2612 776 accepta
2642 719 2762 761 esse
2794 717 3185 774 memorantur,
3215 717 3272 764 et
3299 710 3390 765 ubi

1815 799 2035 869 sanguis
2055 799 2171 868 ejus
2196 799 2264 854 ad
2289 797 2578 853 Dominum
2603 797 2865 852 clamasse
2896 799 3090 854 dicitur
3111 796 3264 872 (Gen.
3291 799 3386 870 IV),

1815 891 1910 947 sed
1940 890 2104 947 etiam
2152 905 2296 945 nunc
2342 889 2708 944 testimonium
2754 889 2806 944 ei
2851 891 3127 960 perhibet,
3159 891 3388 947 dicens:

1821 1001 1840 1034 ι
1881 981 1929 1036 Α
1952 982 2211 1055 sanguine
2231 981 2365 1037 Abel
2379 967 2536 1051 justi.
2578 1002 2596 1034 ι
2633 981 2907 1049 Quaeritur
2931 991 3110 1039 autem
3136 985 3258 1055 quis
3289 985 3393 1040 iste

1816 1075 2111 1132 Zacharias
2153 1075 2336 1140 fuerit,
2363 1059 2490 1146 quia
2516 1075 2714 1131 multos
2740 1075 2967 1146 legimus
2995 1075 3309 1143 Zacharias,
3337 1085 3392 1132 et

1815 1183 1885 1222 ne
1937 1167 2186 1238 cuiquam
2231 1167 2448 1222 errandi
2495 1167 2760 1222 tribuatur
2800 1165 3052 1231 facultas,
3083 1167 3390 1234 adjunctum

1815 1267 1901 1314 est
1931 1275 1951 1308 ι
1977 1273 2139 1329 quem
2161 1258 2435 1314 occidistis
2460 1259 2603 1314 inter
2644 1258 2900 1329 templum
2924 1267 2980 1313 et
3005 1258 3179 1313 altare
3204 1277 3218 1313 :
3257 1277 3280 1313 ι
3308 1259 3395 1316 Di-

1815 1361 1973 1404 versa
2000 1349 2146 1404 enim
2170 1349 2236 1404 de
2271 1348 2374 1404 hoc
2403 1349 2601 1404 diversi
2643 1358 2948 1406 senserunt.
2971 1349 3224 1406 Nonnulli
3243 1349 3396 1407 dixe-

1816 1449 1946 1495 runt
1991 1441 2136 1496 hunc
2182 1440 2504 1496 Zachariam
2551 1441 2739 1509 fuisse,
2787 1444 2880 1514 qui
2923 1444 3064 1499 inter
3111 1444 3394 1500 duodecim

1815 1532 2107 1603 prophetas
2137 1533 2376 1588 minores
2397 1533 2715 1590 undecimus
2734 1536 2972 1604 ponitur,
2987 1536 3204 1591 nomine
3227 1537 3396 1606 patris

1817 1623 1868 1677 ei
1898 1625 2289 1690 consentiente,
2319 1639 2384 1679 eo
2407 1625 2550 1695 quod
2577 1625 2747 1681 Filius
2777 1626 2941 1682 fuerit
2965 1627 3270 1695 Barachiae,
3303 1629 3396 1684 sed

1819 1717 2106 1772 occisionis
2145 1716 2296 1772 locus
2332 1718 2554 1772 minime
2601 1720 2910 1785 concordat,
2955 1721 3082 1790 quia
3128 1721 3398 1790 quomodo

1820 1808 1963 1864 inter
1991 1813 2248 1880 templum
2276 1818 2332 1865 et
2360 1809 2529 1865 altare
2553 1812 2764 1867 occisus
2789 1811 2951 1867 fuerit
2976 1829 3085 1869 non
3107 1813 3398 1884 reperitur,

111 1914 244 1954 esse
271 1898 484 1956 Veteris
521 1899 855 1956 Testamenti
899 1908 954 1954 et
993 1901 1156 1955 alium
1206 1901 1360 1968 Novi,
1395 1917 1518 1957 cum
1545 1901 1710 1956 dicit:
1742 1908 1791 1970 Β
1818 1901 2052 1955 maxime
2081 1915 2203 1955 cum
2241 1917 2341 1956 suo
2367 1911 2608 1971 tempore
2636 1903 2888 1974 templum
2943 1905 3011 1960 ab
3059 1906 3156 1978 his)
3191 1906 3280 1976 qui
3333 1905 3400 1960 de

119 2009 136 2040 ι
183 1991 334 2046 Ecce
363 2007 464 2062 ego
491 1993 650 2048 mitto
686 1993 753 2047 ad
783 2008 878 2047 vos
914 1993 1206 2063 prophetas
1252 2003 1307 2047 et
1353 1994 1623 2063 sapientes
1660 1999 1718 2048 et

116 2081 366 2137 scribas.
398 2101 418 2134 ι
454 2082 532 2137 Ac
577 2084 624 2138 si
665 2083 902 2138 diceret:
934 2083 1047 2155 Ego
1078 2085 1169 2153 qui
1207 2085 1474 2154 quondam
1515 2083 1583 2138 ad
1614 2083 1716 2138 Pa-

113 2185 232 2230 tres
256 2184 470 2232 vestros
496 2177 620 2232 misi
650 2178 944 2248 pr0phetas
969 2187 1024 2232 et
1064 2177 1336 2247 sapientes
1379 2186 1433 2230 et
1482 2177 1713 2242 scribas,

110 2268 265 2323 idem
298 2268 418 2338 ipse
453 2277 510 2324 et
537 2285 646 2325 non
701 2269 838 2326 alius
888 2271 1043 2324 mitto
1105 2286 1248 2325 nunc
1299 2271 1612 2341 prophetas,
1664 2280 1722 2325 et

113 2360 423 2430 sapientes,
453 2371 511 2416 et
545 2363 771 2417 scribas.
801 2363 1044 2416 Fuerunt
1070 2363 1213 2416 enim
1241 2364 1295 2416 in
1321 2363 1503 2418 Veteri
1527 2363 1720 2418 Testa-

117 2458 306 2504 mento
349 2451 652 2520 prophetae,
689 2451 979 2520 sapientes,
1001 2460 1056 2504 et
1081 2452 1272 2507 scribae
1301 2469 1314 2506 :
1344 2451 1561 2506 fuerunt
1590 2461 1644 2507 et
1665 2454 1719 2506 in

116 2541 290 2598 Novo.
311 2541 376 2596 In
393 2542 574 2597 Veteri
593 2543 942 2598 Testamento
969 2543 1190 2598 fuerunt
1213 2546 1488 2613 prophetae
1505 2563 1517 2598 :
1532 2545 1716 2611 Isaias,

120 2635 412 2701 .leremias,
439 2642 495 2688 et
523 2634 677 2688 multi
700 2635 823 2700 alii;
857 2635 1079 2688 fuerunt
1102 2635 1405 2703 sapientes:
1442 2636 1582 2690 sicut
1622 2636 1720 2690 Sa-

125 2731 304 2787 lomon
335 2736 391 2783 et
421 2726 662 2792 Samuel,
693 2733 750 2780 et
777 2726 961 2796 plures
989 2727 1110 2792 alii;
1153 2726 1450 2782 fueruntet
1489 2727 1714 2783 scribae:

136 2821 302 2890 qualis
327 2818 431 2873 fuit
460 2816 696 2889 Moyses,
723 2815 815 2886 qui
847 2816 1020 2887 legem
1047 2817 1283 2886 scripsit,
1318 2824 1373 2870 et
1405 2817 1593 2880 Ezras,
1623 2817 1716 2886 qui

133 2921 248 2981 post
277 2911 646 2982 captivitatem
690 2909 1030 2982 Babyloniaa,
1069 2910 1303 2964 incensis
1349 2910 1712 2976 bibliothecis,

129 3003 305 3074 legem
327 3002 687 3072 recuperavit.
733 3003 810 3057 De
839 3016 946 3071 quo
984 3001 1246 3072 scriptum
1275 3010 1359 3056 est
1400 3020 1413 3055 :
1458 3020 1476 3053 ‹
1514 3002 1716 3058 Ascen-

125 3093 206 3148 dit
240 3094 411 3148 Ezras
437 3093 503 3149 de
527 3093 820 3164 Babylone,
846 3102 903 3148 et
927 3093 1041 3163 ipse
1088 3092 1190 3148 fuit
1235 3093 1414 3149 scriba
1461 3093 1616 3150 velox
1660 3096 1714 3149 in

125 3185 247 3256 lege
267 3184 438 3254 Moysi
468 3183 519 3255 (I
553 3184 712 3238 Esdr.
739 3183 857 3256 vn).
895 3203 915 3236 »
945 3184 1002 3238 ln
1033 3182 1181 3238 Novo
1205 3183 1557 3240 Testamento
1585 3185 1716 3256 legi-

1822 1989 2137 2060 captivitate
2166 1991 2524 2046 ascenderant
2564 1993 3001 2060 reaaditicaretur,
3028 2003 3084 2049 et
3113 1995 3254 2050 idem
3297 1995 3397 2050 Za-

1818 2080 2052 2147 charias,
2076 2081 2204 2151 quia
2239 2097 2499 2153 prospera
2537 2083 2654 2153 ejus
2681 2087 3056 2156 prophetaret,
3107 2087 3162 2140 in
3203 2102 3397 2156 magna

1817 2177 2167 2231 veneratione
2193 2192 2223 2230 a
2248 2174 2448 2248 populo
2481 2177 2802 2234 habebatur.
2829 2179 2935 2234 Alii
2971 2181 3224 2237 dixerunt
3253 2183 3399 2239 hunc

1819 2267 2140 2322 Zachariam
2185 2268 2350 2324 fuisse
2390 2280 2599 2340 patrem
2643 2269 2867 2325 Joannis
2894 2271 3169 2342 Baptistae,
3197 2281 3252 2327 et
3275 2290 3400 2344 pro-

1819 2367 2005 2426 pterea
2037 2360 2178 2427 quod
2204 2359 2493 2414 adventum
2525 2361 2735 2415 Domini
2787 2370 3093 2428 venturum,
3140 2365 3398 2432 praedica-

1822 2458 1922 2514 ret,
1951 2463 1981 2502 a
2003 2449 2200 2519 p0pulo
2227 2450 2298 2504 sit
2324 2449 2640 2506 interfectus
2671 2469 2684 2505 :
2718 2453 2812 2508 sed
2851 2453 2968 2508 haec
3011 2454 3192 2523 opinio
3229 2457 3402 2527 magis

1821 2554 1887 2593 ex
1909 2541 2344 2611 apocryphorum
2370 2543 2595 2599 somniis
2629 2551 2686 2598 et
2721 2543 3088 2600 deliramentis
3128 2546 3404 2602 descendit

1820 2645 1980 2699 quam
2006 2645 2074 2684 ex
2102 2632 2350 2686 veritate.
2385 2631 2493 2687 Sed
2527 2648 2650 2688 cum
2689 2635 2758 2689 ab
2801 2635 2886 2688 his
2932 2635 3289 2705 excludimur,
3316 2652 3404 2692 re—

1818 2722 1988 2777 currit
2035 2737 2191 2777 mens
2219 2723 2287 2777 ad
2323 2723 2631 2794 Regnorum
2678 2725 2868 2793 libros,
2922 2727 2978 2782 in
3032 2729 3228 2798 quibus
3270 2730 3403 2803 legi-

1817 2827 1939 2867 mus
1994 2812 2158 2882 quia,
2201 2812 2330 2868 Ozia
2383 2830 2510 2886 rege
2553 2825 2797 2882 mortuo,
2856 2832 2977 2872 cum
3029 2819 3241 2875 Athalia
3295 2821 3399 2875 im-

1817 2903 2062 2973 piissima
2114 2904 2298 2975 regina
2350 2906 2528 2961 locum
2581 2908 2700 2978 ejus
2743 2909 3089 2980 suscepisset,
3136 2920 3191 2967 et
3235 2913 3402 2967 inter-

1817 2997 2006 3051 ficeret
2033 3011 2195 3052 omne
2241 3013 2427 3053 semen
2479 2999 2721 3069 regium,
2751 2999 2873 3054 tulit
2924 2999 3114 3057 Joiada
3160 3003 3401 3072 pontifex

1816 3103 1983 3142 unum
2012 3087 2080 3144 de
2104 3088 2228 3144 ﬁliis
2254 3089 2418 3161 regis,
2444 3091 2536 3161 qui
2575 3099 2694 3146 erat
2717 3092 2897 3147 minor
2935 3103 3065 3148 natu
3083 3133 3098 3158 ,
3125 3093 3252 3150 Juas
3299 3111 3398 3150 no-

1817 3180 1984 3244 mine,
2009 3188 2063 3235 et
2090 3181 2375 3236 abscondit
2397 3197 2522 3237 eum
2545 3183 2598 3238 in
2629 3184 2828 3254 templo
2856 3184 3073 3241 Domini
3099 3202 3194 3242 sex
3222 3189 3396 3242 annis.

124 3294 258 3332 mus
286 3276 534 3346 Agabum
553 3277 922 3345 prophetasse,
949 3285 1006 3331 et
1029 3285 1259 3346 quatuor
1304 3277 1444 3331 tilias
1485 3275 1717 3348 Philippi
1745 3259 1790 3321 C
1822 3270 2064 3342 Septimo
2087 3281 2267 3330 autem
2291 3289 2434 3329 anno
2468 3276 2624 3330 unxit
2654 3291 2777 3331 eum
2825 3278 2880 3331 in
2927 3295 3130 3350 regem,
3179 3281 3403 3350 iniitque

121 3369 286 3438 (Act.
310 3382 354 3421 ιι
381 3375 428 3420 et
456 3367 592 3435 xxi).
617 3367 682 3420 Et
700 3369 872 3424 omnis
885 3370 976 3440 qui
1016 3369 1196 3424 futura
1221 3369 1361 3424 mala
1384 3385 1579 3425 cavere
1601 3386 1720 3425 mo-

118 3466 248 3522 net,
281 3465 339 3511 et
364 3457 504 3512 bona
543 3456 782 3528 diligere,
806 3461 1066 3530 propheta
1092 3468 1200 3516 est.
1233 3460 1476 3517 Fuerunt
1501 3462 1721 3532 sapien—

124 3559 234 3614 tes,
265 3549 410 3603 sicut
435 3549 683 3617 apostoli,
714 3551 857 3606 sicut
897 3553 1260 3623 evangelistae,
1309 3553 1403 3622 qui
1443 3553 1590 3608 dicta
1635 3553 1721 3609 vel

125 3642 272 3696 facta
299 3641 586 3697 Dominica
624 3641 779 3698 nobis
801 3643 1004 3714 scripta
1030 3644 1384 3715 reliquerunt.
1414 3643 1491 3699 De
1526 3644 1722 3714 quibus

129 3732 394 3788 Dominus
439 3733 494 3788 in
539 3733 834 3806 Evangelia
865 3755 878 3789 :
915 3754 933 3788 ‹
973 3735 1162 3792 Omnis
1208 3737 1387 3792 scriba
1434 3737 1624 3792 doctus
1664 3737 1720 3792 in

136 3839 296 3894 regno
323 3823 609 3889 caelorum,
641 3826 832 3881 similis
861 3837 947 3883 est
971 3828 1176 3883 homini
1207 3828 1602 3899 patrifamilias,
1628 3829 1718 3898 qui

143 3915 340 3984 profert
367 3915 435 3970 de
459 3915 715 3972 thesauro
737 3933 836 3973 suo
858 3934 997 3973 nova
1020 3927 1076 3975 et
1091 3928 1274 3975 vetera
1298 3919 1508 3992 (Matth.
1531 3921 1674 3991 xm).
1697 3941 1715 3972 ι

142 4005 247 4061 Sed
287 4016 472 4078 patres
513 4023 704 4064 eorum
752 4026 819 4065 ex
849 4010 956 4066 illis
983 4011 1299 4066 occiderunt
1321 4012 1537 4076 Isaiam,
1571 4011 1722 4067 .lcre-

135 4098 320 4165 miam,
351 4107 408 4153 et
437 4100 636 4156 multos
657 4101 792 4157 alios
823 4117 838 4155 :
870 4102 961 4157 isti
993 4111 1176 4158 autem
1216 4101 1475 4158 Jacobum
1516 4102 1718 4172 justum

134 4189 199 4245 de
248 4191 543 4260 pinnaculo
589 4194 772 4264 templi
817 4194 1333 4265 prtecipitaverunt,
1385 4194 1718 4266 Stephanum

131 4298 349 4353 quoque
381 4283 555 4356 (cujus
582 4287 741 4342 hodie
783 4288 1011 4344 colimus
1052 4288 1471 4359 solemnitatem)
1520 4289 1722 4358 lapida-

131 4385 350 4440 verunt,
376 4375 593 4432 Petrum
631 4387 687 4434 et
721 4379 995 4436 Andream
1033 4380 1444 4447 cruciﬁxerunt,
1479 4389 1534 4434 et
1579 4381 1720 4435 Pau-

131 4464 241 4519 lum
274 4466 701 4523 decollaverunt.
743 4468 898 4536 Quod
939 4479 1121 4525 autem
1161 4470 1216 4525 in
1275 4470 1562 4541 synagogis
1611 4471 1722 4525 suis

132 4555 544 4626 ﬂagellaverunt
569 4570 625 4615 et
663 4562 936 4632 persecuti
961 4577 1057 4619 eos
1080 4563 1301 4618 fuerunt
1328 4565 1394 4619 de
1422 4564 1640 4619 civitate
1667 4566 1718 4619 in

131 4648 435 4715 civitatem,
458 4650 593 4706 liber
613 4652 844 4709 Actuum
875 4655 1239 4726 apostolorum
1260 4656 1490 4727 pleniter
1511 4668 1717 4723 narrat,

133 4754 258 4794 cum
306 4740 479 4796 dicit:
517 4761 536 4794 ι
571 4745 699 4814 quia
741 4746 896 4802 ibant
919 4747 1168 4818 discipuli
1196 4764 1226 4802 a
1254 4758 1548 4818 conspectu
1588 4764 1720 4804 con-

132 4832 241 4886 cilii
277 4834 609 4904 gaudentes,
641 4840 896 4908 quoniam
926 4841 1071 4913 digni
1106 4842 1276 4896 habiti
1311 4851 1467 4898 erant
1495 4858 1594 4913 pro
1621 4858 1718 4897 no-

135 4924 281 4979 mine
306 4923 437 4981 Jesu
459 4929 845 4984 contumeliam
873 4933 982 5000 pati
1022 4933 1159 5003 (Act.
1188 4932 1264 5003 v).
1307 4951 1324 4983 ι

207 5033 226 5065 ι
283 5014 353 5070 Ut
399 5018 584 5072 veniat
627 5035 788 5092 super
823 5037 919 5077 vos
959 5023 1135 5078 omnis
1176 5024 1395 5093 sanguis
1439 5021 1636 5092 justus.
1695 5045 1714 5076 ι

131 5107 410 5174 Quaeritur
433 5111 704 5178 quomodo
732 5113 910 5168 omnis
939 5115 1158 5186 sanguis
1188 5115 1367 5184 justus
1402 5131 1568 5186 super
1605 5131 1716 5181 eos,

131 5198 330 5266 quibus
356 5199 474 5254 haec
495 5200 754 5258 Dominus
774 5204 1118 5274 loquebatur,
1142 5205 1328 5260 venire
1347 5207 1579 5273 dicatur,
1598 5222 1720 5263 cum

131 5303 238 5342 non
294 5289 398 5360 ipsi
453 5305 672 5348 omnem
723 5297 1042 5366 sanguinem
1083 5296 1289 5364 justum
1331 5297 1601 5354 fuderint?
1638 5299 1720 5354 Ad

131 5379 276 5447 quod
309 5381 745 5450 respondendum
768 5387 914 5456 quod
939 5386 1202 5442 malorum
1242 5389 1573 5460 generationi
1623 5405 1720 5460 per

131 5468 497 5526 imitationem
528 5487 587 5528 se
628 5475 995 5540 sociaverunt,
1023 5476 1146 5531 ideo
1169 5486 1223 5531 ct
1266 5482 1319 5532 in
1369 5480 1721 5534 retributione

132 5558 388 5615 vindicta:
421 5563 711 5634 participes
755 5580 943 5620 eorum
992 5581 1112 5622 esse
1156 5569 1424 5623 dicuntur.
1453 5588 1472 5619 ι
1501 5570 1546 5624 Α
1595 5585 1720 5624 san-

137 5669 157 5704 ι
199 5653 364 5724 guine
393 5655 528 5710 Abel
553 5656 685 5726 justi
735 5675 906 5731 usque
952 5663 1020 5717 ad
1069 5666 1385 5733 sanguinem
1444 5663 1719 5719 Zachariae

139 5765 158 5798 ι
206 5747 302 5803 filii
334 5748 639 5819 Barachiaz,
664 5770 826 5824 quem
854 5758 1130 5815 occidistis
1174 5759 1316 5812 inter
1359 5759 1616 5830 templum
1667 5768 1719 5815 et

141 5853 159 5890 ι
204 5839 394 5896 altare.
438 5861 456 5895 ι
490 5842 569 5900 De
593 5847 729 5902 Abel
752 5849 848 5919 qui
874 5848 1055 5916 fuerit,
1083 5850 1165 5905 vel
1192 5849 1330 5920 quod
1358 5865 1388 5904 a
1416 5850 1582 5906 fratre
1625 5867 1718 5921 per

1821 3377 1945 3416 cum
1973 3377 2040 3416 eo
2066 3362 2246 3418 foedus
2267 3373 2323 3418 et
2345 3380 2470 3418 cum
2496 3367 2643 3419 omni
2687 3368 2903 3436 populo,
2946 3370 3009 3422 'ut
3053 3371 3109 3423 in
3153 3371 3268 3440 lege
3307 3373 3400 3426 Dei

1822 3454 2148 3521 ambularet,
2174 3456 2318 3525 quod
2358 3464 2415 3510 et
2439 3456 2568 3510 fecit
2592 3459 2804 3512 eunetis
2824 3458 3016 3514 diebus
3037 3460 3232 3529 quibus
3268 3461 3403 3514 vixit

1819 3545 2028 3602 Joiada.
2054 3545 2266 3601 Mortuo
2289 3555 2471 3602 autem
2496 3546 2711 3616 Joiada,
2742 3551 3005 3605 successit
3029 3551 3080 3605 ei
3119 3551 3173 3605 in
3201 3551 3402 3607 honore

1819 3649 1874 3695 et
1902 3639 2092 3696 ordine
2129 3640 2449 3696 sacerdotali
2487 3640 2629 3698 filius
2669 3641 2786 3711 ejus
2830 3643 3120 3700 Zacharias
3163 3645 3398 3712 nomine,

1821 3730 1905 3784 vir
1927 3729 2100 3785 bonus
2134 3738 2189 3784 et
2211 3727 2415 3798 justus.
2440 3730 2684 3803 Cumque
2706 3731 2834 3788 Joas
2854 3733 3126 3790 declinare
3149 3736 3405 3804 coepisset

1822 3823 1996 3894 alege
2049 3823 2284 3888 Domini,
2335 3823 2648 3894 frequenter
2704 3827 2883 3898 arguit
2924 3842 3049 3882 eum
3090 3828 3398 3884 Zacharias.

1822 3914 2050 3985 Propter
2075 3915 2220 3985 quod
2243 3915 2426 3970 odium
2454 3916 2599 3987 regis
2624 3917 2876 3984 incurrit,
2901 3920 2957 3973 in
2979 3927 3186 3974 tantum
3210 3929 3272 3974 ut
3298 3936 3402 3974 una

1822 4006 1909 4061 die
1934 4020 2056 4061 cum
2097 4005 2309 4076 publice
2337 4015 2591 4078 argueret
2614 4023 2763 4074 eum,
2810 4009 2982 4064 iratus
3027 4025 3119 4066 rex
3152 4009 3405 4080 jussisset

1821 4112 1946 4152 eum
1985 4096 2226 4167 lapidare
2255 4097 2307 4151 in
2354 4099 2564 4167 porticu
2611 4100 2804 4155 domus
2855 4099 3105 4166 Domini,
3145 4102 3237 4170 qui
3280 4117 3400 4156 cum

1823 4198 2124 4244 moreretur
2181 4190 2324 4244 inter
2388 4190 2620 4260 lapides,
2679 4193 2757 4247 ait
2814 4211 2827 4245 :
2874 4211 2894 4244 ‹
2928 4191 3118 4247 Videat
3163 4192 3304 4248 Deus
3348 4203 3405 4248 et

1815 4279 2042 4348 judicet,
2081 4300 2099 4333 ι
2122 4290 2176 4336 et
2210 4282 2352 4336 sicut
2379 4281 2498 4352 ipsa
2522 4282 2800 4354 Scriptura
2825 4281 3065 4355 adjungit
3091 4303 3104 4338 :
3130 4303 3148 4336 ‹
3179 4284 3295 4340 Non
3322 4296 3404 4341 est

1824 4371 2140 4426 recordatus
2169 4369 2296 4427 Joas
2322 4387 2442 4443 qua:
2465 4382 2620 4443 pater
2640 4373 2756 4445 ejus
2785 4373 3003 4430 fecisset
3028 4375 3079 4430 ei
3124 4374 3286 4441 bona,
3311 4377 3403 4430 sed

1823 4461 2022 4516 occidit
2049 4461 2439 4518 collactaneum
2465 4480 2619 4519 suum
2643 4465 2812 4520 ﬁlium
2837 4465 2956 4536 ejus
2981 4466 3073 4536 qui
3102 4481 3162 4521 se
3200 4466 3406 4520 nutrie-

1825 4563 1911 4609 rat
1935 4553 2041 4626 (IV
2071 4554 2195 4626 Reg.
2228 4556 2310 4628 ιι).
2348 4576 2367 4610 ι
2394 4557 2492 4613 Hic
2524 4566 2760 4630 estergo
2799 4558 3112 4622 Zacharias,
3136 4557 3229 4626 qui
3257 4557 3400 4610 occi-

1753 4629 1800 4687 D
1827 4664 1919 4703 sus
1944 4657 2026 4703 est
2051 4664 2081 4702 a
2107 4647 2233 4704 Joas
2264 4665 2408 4721 rege,
2437 4649 2592 4719 cujus
2609 4629 2834 4719 justitiaa
2872 4648 3132 4702 Dominus
3165 4647 3404 4701 testimo-

1826 4741 1972 4794 nium
2015 4741 2296 4810 perhibet,
2322 4742 2550 4798 dicens:
2591 4761 2609 4792 ι
2653 4742 2700 4794 Α
2747 4740 3010 4807 sanguine
3049 4738 3184 4831 A.bel
3226 4737 3402 4808 justi,

1828 4847 1996 4902 usque
2025 4833 2092 4888 ad
2123 4835 2439 4902 sanguinem
2467 4833 2765 4898 Zachariae,
2791 4832 2886 4887 filii
2915 4832 3214 4900 Barachire,
3241 4850 3402 4905 quem

1824 4927 2098 4981 occidistis
2153 4927 2293 4981 inter
2335 4927 2594 4997 templum
2639 4936 2696 4982 et
2746 4927 2937 4994 altare,
2977 4946 2997 4980 ι
3029 4929 3081 4984 id
3124 4938 3208 4984 est
3265 4929 3406 4984 inter

1825 5019 1994 5075 aedem
2043 5019 2228 5089 templi
2273 5030 2327 5075 et
2374 5019 2544 5074 altare
2593 5019 2822 5075 incensi.
2873 5019 3101 5075 Fecerat
3150 5019 3402 5076 Salomon

1830 5111 1999 5166 altare
2027 5126 2255 5179 :eneum,
2287 5120 2347 5166 ut
2388 5110 2594 5182 Regum
2624 5119 2811 5165 narrat
2837 5111 3083 5176 historia,
3109 5097 3404 5166 ante'fores

1830 5205 2018 5259 domus
2041 5202 2272 5268 Domini,
2302 5206 2355 5258 iu
2384 5201 2594 5274 porticu
2621 5203 2825 5274 templi,
2850 5212 2911 5258 ut
2939 5202 3235 5260 afferentur
3260 5202 3316 5257 in
3339 5216 3405 5256 eo

1829 5295 2096 5351 sacriﬁcia
2139 5295 2381 5365 quotidie
2425 5309 2582 5350 mane
2625 5303 2681 5352 et
2723 5311 2949 5366 vespere
2992 5313 3004 5349 :
3059 5296 3184 5365 quia
3231 5295 3404 5350 altare

1829 5402 2052 5442 aureum
2081 5388 2223 5457 quod
2243 5393 2362 5441 erat
2385 5386 2441 5442 in
2463 5387 2622 5444 domo
2643 5387 2878 5454 Domini,
2905 5403 3012 5442 non
3045 5395 3257 5457 poterat
3284 5402 3406 5442 sus-

1831 5480 2002 5533 tinere
2049 5479 2231 5533 omnia
2280 5476 2595 5535 holocausta
2637 5494 2757 5550 qua:
2805 5478 3191 5534 atterebantur.
3242 5475 3403 5532 Juxta

1825 5571 1998 5626 altare
2020 5585 2150 5626 vero
2173 5586 2382 5626 aeneum
2411 5569 2532 5628 fons
2559 5571 2704 5628 Siloe
2725 5580 2864 5638 erat,
2891 5572 2982 5628 ubi
3005 5572 3170 5626 etiam
3201 5569 3403 5639 lapides

1827 5664 1976 5719 rubri
2026 5671 2308 5734 apparent,
2355 5664 2497 5720 unde
2550 5673 2607 5720 et
2649 5680 2680 5720 a
2725 5664 3062 5735 simplicibus
3107 5663 3406 5716 aestimatur

1825 5756 1965 5826 quod
1992 5757 2254 5827 sanguine
2285 5756 2442 5828 hujus
2457 5758 2588 5828 justi
2620 5761 2722 5816 viri
2759 5760 2865 5815 sint
2894 5758 3098 5814 ftedati.
3145 5756 3251 5810 Sed
3280 5772 3402 5811 cum

1828 5847 2143 5904 Zachariam
2174 5851 2455 5918 habemus,
2499 5863 2553 5908 et
2590 5853 2875 5908 occisionis
2906 5850 3205 5905 consentiat
3233 5850 3404 5914 locus,
