4038 6352
615 433 689 492 67
1575 463 1580 467 ~
1859 427 2165 487 HOHIME
2207 426 2301 485 DE
2335 424 2684 486 TEMPORE.
3826 432 3899 490 68

617 562 817 605 nomen
845 547 1014 619 patris
1038 543 1349 601 discordare
1371 542 1605 607 videtur,
1634 542 1762 612 quia
1792 543 1865 598 ibi
1912 544 2110 616 legitur
2130 543 2197 598 ﬁ-
2226 549 2277 608 Α
2303 542 2515 597 neratio
2530 555 2697 613 prava
2721 548 2777 596 et
2791 540 3037 596 adultera
3067 538 3283 612 signum
3311 541 3742 614 quarritﬂfatm.
3766 545 3895 613 tr).n‘

618 642 726 699 lius
750 642 971 706 Joiadae,
1002 639 1091 694 hic
1122 638 1323 694 dicitur
1338 638 1482 693 ﬁlius
1504 637 1798 693 Barachite.
1822 637 1920 694 Ubi
1949 637 2198 707 quamvis

617 733 790 804 possit
810 730 1048 802 prudens
1067 729 1243 785 lector
1271 728 1618 797 respondere,
1647 729 1791 782 hunc
1834 726 2000 782 fuisse
2037 726 2197 796 juxta

618 832 855 879 veterem
883 820 1332 877 consuetudinem
1359 819 1588 876 fortasse
1628 820 1947 884 binomium,
1977 829 2035 875 et
2071 819 2197 874 alibi

616 912 880 978 Joiadam,
913 920 969 968 et
993 912 1119 967 alibi
1151 911 1470 967 Barachiam
1515 909 1684 966 fuisse
1710 911 2071 975 nominatum,
2102 923 2200 964 nos

617 1012 796 1060 tamen
837 1002 1101 1069 dicimus,
1147 1003 1274 1073 quia
1322 1002 1629 1073 ubicunque
1674 1001 1728 1056 in
1779 999 1973 1057 Latina
2014 1000 2197 1071 lingua

616 1095 900 1168 Scriptura
930 1096 1133 1161 deﬁcit,
1176 1095 1565 1152 recurrendum
1596 1104 1679 1151 est
1724 1095 1793 1150 ad
1825 1094 2073 1151 Graecam
2114 1088 2205 1149 vel

614 1188 938 1245 Hebraicam
959 1189 1365 1260 proprietatem,
1388 1202 1454 1243 ex
1476 1188 1673 1258 quibus
1695 1188 1884 1243 eadem
1917 1185 2200 1256 Scriptura

614 1292 923 1352 sumpserat
966 1282 1253 1353 originem,
1301 1290 1359 1334 ut
1386 1295 1484 1350 per
1520 1280 2025 1351 interpretationem
2063 1294 2199 1335 con-

614 1388 805 1444 gruam
828 1372 1156 1428 conveniens
1181 1379 1456 1440 apjmreat,
1475 1369 1619 1427 quod
1648 1370 1715 1423 ad
1744 1368 1982 1423 litteram
2011 1367 2202 1424 incon—

613 1462 842 1517 veniens
866 1469 1040 1516 sonat.
1067 1459 1255 1515 Joiada
1287 1474 1418 1531 ergo
1458 1461 1845 1527 interpretatur
1857 1458 2072 1528 justitia
2096 1457 2201 1512 Do-

614 1554 765 1613 mini.
818 1552 1106 1607 Baracbias
1146 1552 1400 1606 memoria
1440 1548 1673 1613 Domini,
1710 1549 2004 1605 Zacharias
2043 1549 2199 1605 bene-

614 1647 784 1702 dictus
822 1645 1059 1700 Domini.
1108 1644 1247 1713 Quia
1274 1659 1404 1715 ergo
1439 1644 1505 1699 de
1528 1642 1736 1713 justitia
1780 1643 2014 1711 Demini,
2048 1652 2103 1699 et
2134 1644 2218 1699 de'

614 1740 879 1796 memoria
911 1740 1123 1796 Domini
1164 1740 1408 1795 nascitur
1437 1738 1741 1794 benedictio
1773 1739 2006 1805 Domini,
2044 1738 2198 1808 juxta

615 1848 910 1904 congruam
940 1833 1447 1901 interpretationem
1475 1830 1609 1884 nihil
1655 1830 1969 1886 discordare
1987 1831 2201 1887 videtur

2304 635 2503 692 Omnes
2550 649 2679 707 ergo
2706 643 3085 707 persecutores
3121 634 3379 703 ﬁdelium,
3433 651 3464 691 a
3522 639 3703 708 primo
3752 636 3897 694 Cain

2301 742 2474 796 usque
2507 729 2575 784 ad
2604 728 2853 783 ultimum
2878 727 2970 799 qui
3012 735 3276 783 venturus
3305 734 3411 793 est,
3441 728 3495 782 in
3533 744 3639 783 una
3667 745 3904 803 genera-

2301 822 2449 877 tione
2470 828 2872 891 computantur,
2896 820 3152 890 quoniam
3176 820 3278 874 etsi
3300 820 3495 876 divulsi
3526 829 3655 876 sunt
3681 821 3736 876 in
3761 832 3905 878 tem-

2301 928 2452 984 pore,
2474 914 2613 968 uniti
2642 920 2768 968 sunt
2816 913 2868 966 in
2917 912 3057 966 mala
3084 912 3383 967 voluntate.
3432 911 3698 968 Similiter
3727 922 3783 969 et
3825 915 3900 970 illi

2303 1005 2395 1074 qui
2433 1020 2531 1075 per
2558 1005 2699 1061 bona
2727 1018 2889 1074 opera
2916 1004 3253 1075 gener‘ation‘i
3286 1010 3557 1059 rectorum
3594 1005 3897 1072 adhaerent,

2304 1093 2358 1149 in
2382 1095 2566 1151 futuro
2591 1096 2873 1164 prmmium
2895 1110 3020 1150 cum
3059 1096 3138 1151 eis
3173 1095 3463 1165 accipient.

2383 1202 2403 1237 ‹
2434 1185 2759 1252 Jerusalem,
2782 1185 3104 1252 Jerusalem,
3129 1200 3249 1255 qua:
3268 1186 3475 1241 occidis
3494 1186 3821 1257 prophetas,
3845 1199 3900 1243 et

2310 1294 2330 1327 σ
2363 1274 2572 1346 lapidas
2594 1291 2690 1331 eos
2715 1276 2807 1346 qui
2834 1277 2901 1330 ad
2927 1284 2979 1330 te
3005 1276 3155 1332 missi
3180 1284 3327 1342 sunt,
3352 1278 3565 1347 quoties
3588 1278 3741 1333 volui
3764 1295 3897 1335 con-

2310 1386 2333 1420 r
2363 1383 2587 1440 gregare
2615 1369 2755 1424 ﬁlios
2789 1376 2909 1424 tuos
2935 1370 3390 1439 quemadmodum
3418 1372 3620 1443 galiina
3668 1388 3898 1445 congre-

2309 1479 2329 1512 ι
2366 1470 2454 1533 gat
2480 1462 2653 1531 pullos
2685 1477 2814 1518 suos
2845 1463 2945 1518 sub
2978 1463 3115 1529 alas,
3167 1472 3222 1520 et
3266 1464 3483 1520 noluisti
3510 1465 3537 1519 ?
3574 1486 3592 1518 ι
3626 1463 3766 1520 Cum
3799 1467 3895 1522 Do-

2303 1553 2484 1607 minus
2524 1554 2597 1608 ad
2641 1552 2941 1609 Jerusalem
3001 1554 3273 1626 loquitur,
3334 1572 3442 1611 non
3494 1557 3563 1611 ad
3620 1572 3755 1611 saxa
3818 1558 3895 1613 vel

2304 1643 2529 1698 aediﬁcia
2580 1644 2853 1714 putandus
2900 1653 2985 1701 est
3038 1646 3226 1717 loqui,
3267 1648 3363 1703 sed
3408 1650 3783 1719 metaphorice
3832 1652 3895 1706 ad

2305 1735 2451 1806 ipsos
2481 1737 2748 1803 homines,
2778 1746 2839 1792 ut
2857 1754 2957 1809 per
2984 1739 3346 1795 inhabitatum
3392 1738 3704 1797 habitantes
3743 1744 3894 1798 intelo

2304 1827 2462 1899 ligas.
2497 1828 2645 1909 Quos
2676 1839 2904 1900 paterno
2927 1832 3136 1902 planxit
3167 1830 3381 1897 aﬁectu,
3418 1834 3542 1902 quia
3587 1849 3781 1889 eorum
3812 1838 3892 1890 in-

613 1932 796 1978 utrum
838 1922 1117 1977 Barachiae
1160 1937 1229 1977 an
1257 1920 1459 1977 Joiadae
1506 1920 1650 1977 ﬁlius
1697 1920 1923 1992 legatur.
1966 1920 2099 1976 Nam
2146 1923 2199 1977 in
2230 1922 2279 1987 Β
2305 1921 2522 1975 teritum
2552 1922 2662 1977 cito
2688 1924 3007 1993 prmsciebat
3048 1940 3169 1980 esse
3197 1934 3505 1991 venturum,
3548 1926 3704 1996 juxta
3754 1926 3897 1998 quod

611 2012 907 2084 Evangelia
932 2028 1040 2083 quo
1070 2012 1310 2067 Nazarati
1342 2020 1588 2079 utuntur,
1618 2027 1719 2083 pro
1762 2012 1874 2068 ﬁlio
1898 2011 2197 2079 Barachize,

614 2107 759 2164 ﬁlius
780 2107 986 2164 Joiadte
1030 2108 1247 2163 dicitur.
1280 2107 1397 2162 Non
1441 2117 1623 2162 autem
1653 2107 1771 2162 sine
1806 2122 1968 2163 causa
2007 2115 2201 2179 putan-

614 2200 743 2255 dum
767 2206 852 2255 est
879 2199 1023 2269 quod
1053 2199 1317 2254 Dominus
1360 2198 1644 2254 beatorum
1692 2206 1996 2270 martyrum
2044 2212 2200 2253 men-

614 2292 818 2348 tionem
843 2291 1069 2357 faciens,
1091 2291 1193 2346 hos
1209 2291 1344 2345 duos
1370 2290 1679 2362 Specialiter
1698 2290 1980 2345 nominare
2008 2289 2197 2356 voluit,

612 2384 749 2441 Abel
794 2384 1001 2440 scilicet
1050 2394 1106 2439 et
1156 2383 1498 2449 Zachariam,
1540 2398 1664 2438 cum
1709 2383 1780 2438 ab
1828 2383 1984 2437 initio
2011 2381 2197 2437 saeculi

613 2477 768 2531 multi
795 2477 884 2532 alii
911 2492 1009 2548 pro
1028 2476 1145 2546 ejus
1173 2477 1392 2533 nomine
1412 2476 1643 2532 fuissent
1670 2476 1858 2533 occisi.
1890 2475 2049 2532 Tales
2069 2490 2201 2547 ergo

613 2583 815 2637 ponere
845 2569 1033 2636 voluit,
1074 2584 1173 2639 per
1202 2585 1431 2640 quorum
1461 2569 1779 2640 martyrium
1808 2569 2049 2623 omnium
2077 2583 2202 2639 pas-

615 2660 795 2715 siones
836 2660 1291 2732 signiﬁcarentur,
1334 2661 1427 2731 qui
1479 2675 1581 2729 pro
1626 2661 1742 2731 ejus
1792 2660 2012 2715 nomine
2055 2660 2199 2731 passi

616 2749 851 2817 fuerant,
891 2751 975 2807 vel
1012 2752 1224 2822 passuri
1267 2761 1441 2807 erant.
1471 2751 1576 2807 Per
1598 2751 1734 2806 Abel
1768 2766 1929 2816 vero,
1969 2752 2063 2821 qui
2094 2767 2201 2807 non

615 2850 840 2914 propter
889 2843 1366 2914 praedicationem,
1421 2845 1514 2899 sed
1568 2853 1792 2916 propter
1834 2844 2093 2900 invidiam
2146 2846 2200 2900 in

618 2949 750 3005 agro
796 2936 1010 2991 occisus
1036 2976 1052 3001 ,
1100 2951 1208 2992 non
1258 2937 1558 2993 reluctasse
1600 2937 1801 2993 dicitur
1845 2936 1929 2992 vel
1973 2938 2199 3009 legitur,

617 3025 694 3081 illi
723 3027 1096 3098 signiﬁcantur
1119 3030 1211 3099 qui
1234 3029 1507 3101 simplices
1527 3039 1651 3086 sunt
1677 3031 1732 3085 in
1758 3030 2027 3095 doctrina,
2057 3030 2199 3086 ﬁrmi

617 3123 798 3172 tamen
826 3118 879 3172 in
904 3117 1031 3185 ﬁde,
1055 3120 1147 3189 qui
1170 3121 1403 3176 scientes
1430 3130 1638 3177 tantum
1664 3120 1941 3177 Christtim
1969 3129 2023 3175 et
2058 3122 2201 3177 hunc

617 3213 935 3269 cruciﬁxum
962 3255 977 3281 ,
1016 3217 1188 3289 magis
1233 3218 1436 3289 eligunt
1481 3234 1581 3289 pro
1624 3218 1741 3288 ejus
1783 3220 2001 3276 nomine
2037 3220 2198 3287 mori,

2305 2010 2435 2065 alibi
2464 2011 2732 2082 legimus:
2773 2030 2793 2063 ‹
2836 2014 3093 2083 quoniam
3130 2029 3251 2069 cum
3281 2016 3505 2071 vidisset
3544 2015 3704 2072 Jesus
3756 2017 3890 2072 civi-

2303 2112 2489 2170 tatem,
2542 2104 2690 2159 ﬁevit
2720 2121 2884 2177 super
2916 2106 3084 2174 illam,
3130 2107 3361 2164 dicens:
3415 2107 3554 2175 Quia
3599 2109 3645 2163 si
3696 2116 3895 2181 Cogno-

2302 2199 2474 2254 visses
2496 2208 2552 2254 et
2580 2208 2657 2254 tu.
2697 2220 2716 2253 ι
2760 2198 2897 2277 Cum
2927 2210 3108 2257 autem
3146 2200 3423 2271 adjunxit,
3465 2221 3485 2255 ‹
3531 2219 3650 2275 quae
3689 2204 3894 2260 occidis

2303 2292 2598 2362 prophetas
2640 2300 2695 2347 et
2720 2293 2927 2364 lapidas
2956 2309 3051 2349 eos
3081 2295 3173 2365 qui
3201 2295 3268 2349 ad
3306 2304 3358 2349 te
3388 2296 3534 2351 missi
3562 2304 3705 2361 sunt,
3745 2316 3768 2349 ι
3799 2310 3894 2351 os-

2302 2384 2472 2439 tendit
2511 2386 2801 2455 prieteritis
2850 2386 3181 2457 temporibus
3209 2388 3503 2457 prophetas
3547 2389 3612 2443 ad
3661 2388 3895 2445 salutem

2301 2474 2541 2544 ejusdem
2565 2476 2743 2547 populi
2790 2491 2911 2533 esse
2942 2478 3156 2533 missos.
3203 2478 3480 2545 Quaeritur
3526 2489 3705 2536 autem
3755 2497 3881 2553 quo-

2302 2572 2464 2625 modo
2511 2571 2773 2627 Dominus
2812 2572 3001 2627 dicat:
3046 2592 3066 2623 ‹
3105 2572 3329 2639 Quoties
3371 2574 3513 2629 volui
3557 2586 3876 2647 congregare

2303 2659 2443 2715 ﬁlios
2471 2669 2611 2728 tuos,
2648 2662 3099 2732 quemadmodum
3148 2664 3344 2735 gallina
3394 2678 3691 2739 congregat
3719 2668 3883 2738 pullos

2302 2769 2431 2809 suos
2452 2756 2552 2811 sub
2578 2756 2679 2811 alis
2699 2797 2712 2821 ,
2745 2768 2800 2811 et
2827 2756 3069 2822 noluisti,
3114 2775 3133 2809 ›
3174 2772 3300 2813 cum
3327 2758 3452 2814 alibi
3486 2760 3751 2829 scriptum
3782 2761 3887 2816 sit:

2309 2868 2327 2901 ‹
2361 2847 2553 2905 Omnia
2588 2864 2922 2920 quazcunque
2967 2850 3164 2916 voluit,
3208 2851 3466 2908 Dominus
3504 2852 3635 2907 fecit
3670 2855 3726 2908 in
3756 2855 3892 2910 cmlo

2303 2949 2356 2995 et
2386 2941 2439 2995 in
2473 2951 2638 3007 terra,
2684 2942 2738 2996 in
2794 2942 2931 2996 mari
2971 2950 3026 2996 et
3072 2943 3124 2996 in
3168 2945 3420 3000 omnibus
3463 2946 3675 3017 abyssis
3719 2945 3890 3013 (Puri.

2302 3033 2543 3104 cxxxrv).
2578 3052 2596 3085 ι
2618 3033 2752 3100 Quia
2783 3035 2926 3088 enim
2958 3036 3139 3090 omnia
3161 3053 3281 3107 qua!
3311 3038 3421 3092 vult
3441 3038 3589 3103 facit,
3619 3043 3892 3112 quomodo

2303 3126 2444 3182 filios
2460 3126 2757 3182 Jerusalem
2775 3142 3106 3199 congregare
3130 3131 3313 3197 voluit,
3332 3141 3499 3186 etnon
3517 3137 3895 3206 congregavit!

2302 3219 2385 3274 Ad
2403 3222 2546 3291 quod
2559 3222 2841 3277 dicendum
2859 3224 3079 3293 estquia
3099 3225 3427 3294 omnipotens
3450 3225 3591 3281 Deus
3607 3228 3900 3286 hominum

617 3318 781 3376 quam
822 3307 940 3379 ejus
986 3307 1147 3364 ﬁdem
1193 3325 1411 3381 negare.
1446 3309 1553 3367 Per
1573 3312 1893 3369 Zachariam
1927 3327 2079 3380 vero,
2107 3313 2199 3383 qui
2227 3301 2271 3365 C
2306 3314 2523 3371 servitia
2554 3330 2661 3368 non
2685 3315 2799 3371 vult
2818 3315 3017 3371 habere
3041 3324 3248 3382 coacta,
3275 3319 3366 3372 sed
3387 3326 3684 3387 spontanee
3714 3329 3775 3376 et
3808 3339 3898 3378 vo-

617 3398 874 3456 sacerdos
903 3399 1005 3456 fuit
1043 3401 1099 3456 in
1138 3404 1328 3459 ordine
1362 3405 1686 3475 pontiﬁcali,
1735 3414 1790 3462 et
1829 3421 1934 3463 non
1967 3407 2022 3462 in
2048 3422 2199 3479 agro,

615 3492 711 3548 sed
744 3502 970 3565 propter
996 3496 1433 3566 praedicationem
1479 3499 1619 3554 inter
1647 3498 1907 3568 templum
1936 3508 1992 3554 et
2033 3500 2205 3555 altare

615 3594 700 3641 est
725 3586 959 3653 occisus,
993 3587 1068 3642 illi
1111 3588 1493 3659 signiﬁcantur
1521 3590 1612 3658 qui
1655 3590 1901 3661 magistri
1929 3599 1984 3645 et
2012 3592 2203 3647 docto-

617 3690 709 3733 res
732 3677 990 3734 Ecclesia:
1031 3689 1183 3746 sunt,
1232 3691 1289 3735 et
1321 3690 1542 3751 propter
1584 3683 1945 3737 constantiam
1975 3698 2204 3755 evange-

616 3769 837 3838 lizandi,
868 3771 953 3826 vel
982 3784 1204 3842 propter
1227 3772 1622 3843 correptionem
1646 3774 1995 3844 reproborum
2016 3819 2030 3842 ,
2060 3791 2205 3832 mar-

617 3864 818 3935 tyrium
869 3875 1238 3936 sumpserunt.
1279 3866 1519 3935 Quorum
1566 3868 1775 3938 primus
1819 3876 1941 3939 post
1991 3870 2204 3926 Domini

615 3958 924 4033 passionem
955 3955 1058 4013 fuit
1085 3960 1277 4015 beatus
1312 3959 1620 4030 Stephanus
1648 3959 1857 4029 Levita,
1908 3963 2061 4033 cujus
2111 3965 2207 4019 ho-

619 4032 707 4103 die
738 4046 1091 4104 festivitatem
1114 4049 1481 4117 celebramus,
1513 4051 1638 4121 quia
1683 4053 1748 4107 ad
1801 4032 2206 4121 praedicandum

618 4141 903 4197 ordinatus
950 4142 1018 4197 ab
1048 4143 1327 4213 apostolis,
1358 4160 1480 4200 eum
1526 4159 1593 4199 ex
1638 4146 1961 4201 auctoritate
2010 4146 2207 4201 divinae

619 4234 754 4307 legis
783 4234 1058 4291 Christum
1088 4234 1181 4291 Dei
1206 4236 1399 4292 Filium
1429 4239 1669 4305 doceret,
1714 4240 2067 4310 reproborum
2095 4256 2205 4295 ma-

620 4328 783 4384 nibus
814 4338 900 4383 est
929 4328 1219 4399 lapidatus.
1262 4326 1373 4385 Nec
1405 4340 1585 4386 tamen
1618 4331 1761 4386 inter
1792 4332 1996 4402 lapides
2026 4333 2208 4389 amisit

618 4423 960 4494 patientiam,
986 4423 1080 4479 sed
1106 4424 1159 4478 in
1180 4424 1423 4480 oratione
1442 4440 1631 4495 puram
1655 4427 1901 4482 exhibuit
1923 4427 2205 4483 conscien-

621 4514 774 4581 tiam,
792 4515 1106 4585 supplicans
1128 4514 1595 4586 prolapidantibus
1617 4518 1897 4574 etdicens:
1929 4537 1947 4569 ι
1984 4519 2208 4575 Domine

619 4605 779 4672 Jcsu,
832 4622 899 4663 ne
946 4614 1150 4663 statuas
1197 4606 1301 4664 illis
1335 4609 1436 4666 hoc
1461 4622 1766 4680 peccatum,
1790 4612 1917 4683 quia
1957 4612 2207 4669 nesciunt

620 4701 749 4769 quid
775 4701 977 4755 faciunt
1007 4701 1141 4772 (Act.
1175 4703 1295 4775 vn).
1332 4723 1351 4755 ι

698 4809 715 4839 ι
754 4791 923 4845 Amen
950 4792 1072 4847 dico
1095 4794 1269 4860 vobis,
1298 4796 1520 4851 venient
1555 4797 1673 4853 haec
1709 4796 1892 4853 omnia
1918 4812 2082 4869 super
2119 4813 2209 4869 ge-

628 4901 645 4933 ι
681 4882 1018 4939 nerationem
1040 4884 1222 4941 istam.
1252 4907 1271 4940 ι
1305 4885 1362 4943 Si
1389 4904 1552 4959 quem
1582 4899 1763 4945 movet
1798 4890 2069 4962 quomodo
2092 4891 2209 4947 hanc

622 4982 804 5036 omnia
848 4999 1010 5054 super
1042 4984 1448 5057 generationem
1494 5004 1659 5043 unam
1707 4988 1893 5045 venire
1936 4989 2206 5056 dicantur,

623 5090 744 5129 cunt
772 5091 870 5131 nec
915 5076 1047 5132 Abel
1081 5094 1180 5134 nec
1210 5079 1525 5134 Zachariam
1562 5080 1663 5149 ipsi
1693 5080 2010 5145 occiderint,
2054 5081 2211 5135 intel-

622 5164 754 5235 ligat
778 5168 902 5238 quia
934 5171 1231 5226 auctoritas
1255 5186 1423 5226 sacra:
1451 5170 1746 5241 Scriptura:
1767 5178 1866 5233 est,
1893 5170 2027 5226 duas
2047 5186 2210 5243 gene-

624 5258 864 5315 rationes
905 5272 1354 5327 commemorare,
1402 5261 1666 5315 bouorum
1712 5259 1917 5316 scilicet
1950 5270 2006 5315 et
2044 5262 2209 5317 malo-

624 5366 765 5405 rum.
817 5351 893 5408 De
945 5353 1100 5411 bonis
1162 5354 1388 5425 legimus
1434 5370 1449 5406 :
1504 5374 1522 5404 ‹
1592 5351 1882 5408 Generatio
1933 5363 2203 5410 rectorum

622 5444 977 5501 benedicelur
1018 5444 1193 5517 (Psal.
1228 5442 1363 5516 CXI).
1415 5463 1433 5496 ι
1484 5433 1833 5499 Et'itcrum:
1876 5465 1894 5498 ι
1952 5444 2075 5501 Hac
2121 5456 2204 5502 est

623 5538 900 5608 generatio
926 5538 1283 5607 quarrentium
1304 5534 1608 5601 Dominum,
1631 5546 1987 5606 quaerentium
2012 5535 2200 5592 faciem

624 5630 718 5687 Dei
747 5631 917 5688 Jacob
944 5629 1116 5702 (Psal.
1146 5630 1325 5703 χχιιι).
1362 5649 1380 5681 ι
1418 5627 1494 5683 De
1525 5628 1683 5685 malis
1723 5645 1852 5685 vero
1872 5672 1885 5697 ,
1918 5628 2209 5686 Geueratio

621 5741 789 5799 prava
811 5734 867 5782 et
894 5740 1171 5797 perversa.
1215 5723 1283 5779 Et
1325 5723 1520 5779 iterum
1554 5742 1565 5777 :
1599 5723 1890 5781 Generatio
1936 5740 2055 5796 qua:
2102 5743 2208 5783 non

625 5822 822 5877 direxit
872 5837 968 5877 cor
996 5837 1173 5877 suum.
1220 5819 1289 5876 Et
1336 5834 1467 5892 gens
1500 5820 1705 5891 absque
1732 5820 1977 5887 consilio,
2010 5829 2064 5875 et
2093 5821 2211 5877 sine

624 5913 929 5984 prudentia.
965 5913 1114 5971 Unde
1141 5922 1196 5971 et
1230 5913 1490 5969 Dominus
1518 5911 1571 5966 in
1604 5911 1893 5984 Evangelio
1925 5911 2030 5966 ait:
2055 5930 2072 5964 ι
2105 5909 2210 5968 Ge-

2306 3404 2562 3471 luntaria,
2594 3414 2652 3460 ut
2681 3406 2920 3462 inveniat
2958 3407 3011 3461 in
3052 3417 3238 3463 nostra
3266 3409 3405 3463 bona
3438 3409 3715 3465 voluntate
3749 3414 3897 3484 quod

2305 3508 2618 3553 remuneret
2652 3513 2716 3554 ex
2750 3514 2846 3554 sua
2875 3500 3107 3570 gratuita
3139 3500 3421 3571 largitate;
3458 3509 3511 3556 et
3545 3501 3666 3557 ideo
3696 3502 3823 3572 pius
3847 3513 3896 3559 et

2306 3591 2648 3661 omnipotens
2682 3588 2844 3655 Deus,
2896 3592 2986 3662 qui
3017 3607 3121 3647 non
3153 3592 3268 3647 vult
3308 3576 3534 3648 moitem
3570 3596 3888 3665 peccatoris,

2307 3684 2402 3738 sed
2434 3692 2495 3737 ut
2518 3688 2867 3738 convertatur
2900 3691 2957 3738 et
2986 3684 3157 3747 vivat,
3202 3699 3316 3739 non
3350 3693 3638 3756 propterea
3678 3685 3897 3756 reliquit

2307 3776 2447 3831 filios
2492 3773 2790 3831 Jerusalem
2843 3777 2967 3845 quia
3019 3791 3349 3848 congregare
3399 3793 3507 3831 non
3557 3781 3755 3847 potuit,
3801 3776 3898 3832 sed

2306 3868 2431 3940 quia
2458 3868 2578 3924 illos
2605 3868 2849 3924 nolentes
2879 3878 3231 3940 spontaneam
3264 3871 3594 3925 voluntatem
3618 3871 3895 3936 exhibere,

2307 3974 2638 4032 congregare
2686 3960 2876 4015 noluit.
2917 3961 3069 4028 Quod
3116 3975 3245 4015 vero
3282 3962 3392 4015 ait:
3428 3981 3446 4012 ι
3501 3960 3724 4027 Quoties
3756 3960 3909 4015 volui

2306 4067 2638 4124 congregare
2653 4051 2791 4109 filios
2814 4062 2957 4119 tuos,
2982 4075 2999 4125 i
3023 4063 3075 4110 et
3090 4054 3317 4123 reliqua,
3355 4054 3457 4109 tale
3477 4067 3561 4109 est
3592 4071 3655 4110 ac
3686 4055 3731 4109 si
3755 4056 3900 4109 dice-

2309 4153 2427 4200 ret:
2464 4145 2577 4215 Ego
2611 4145 2775 4210 volui,
2807 4146 2901 4199 sed
2936 4154 2989 4199 tu
3016 4145 3234 4200 noluisti
3261 4163 3275 4213 ;
3310 4160 3412 4215 ego
3434 4144 3574 4215 quod
3604 4144 3786 4199 meum
3817 4152 3901 4200 est

2308 4235 2435 4302 feci,
2476 4238 2569 4292 sed
2613 4245 2666 4291 tu
2705 4235 2850 4307 quod
2885 4245 3033 4291 tuum
3066 4245 3203 4303 erat,
3250 4252 3357 4291 non
3390 4235 3609 4301 fecisti;
3656 4250 3756 4305 ego
3802 4251 3903 4306 pro

2309 4338 2397 4384 tua
2447 4330 2623 4385 salute
2652 4330 2719 4385 ad
2764 4338 2814 4384 te
2843 4331 3137 4400 prophetas
3180 4331 3335 4396 misi,
3383 4329 3477 4385 sed
3510 4338 3565 4383 tu
3594 4342 3691 4385 eos
3735 4330 3903 4383 inter—

2310 4425 2484 4481 fecisti
2512 4442 2526 4489 ;
2556 4438 2657 4496 ego
2692 4424 2758 4480 ad
2793 4434 2843 4480 te
2890 4426 3005 4495 ipse
3033 4424 3175 4490 veni,
3224 4433 3279 4479 et
3316 4432 3369 4477 tu
3422 4440 3509 4478 me
3541 4424 3786 4495 recipere
3810 4440 3904 4477 no-

2309 4517 2476 4573 luisti.
2514 4517 2637 4573 Vult
2684 4517 2827 4571 enim
2858 4517 2999 4573 Deus
3045 4518 3389 4589 omnipotens
3430 4529 3619 4571 omnes
3656 4516 3906 4570 homines

2311 4609 2489 4665 salvos
2518 4608 2653 4669 ﬁeri,
2688 4617 2737 4663 et
2775 4618 2955 4663 tamen
2993 4624 3097 4664 non
3130 4623 3319 4664 omnes
3348 4608 3646 4672 salVantur,
3692 4608 3819 4677 quia
3852 4609 3903 4662 in

2311 4701 2509 4756 duritia
2540 4700 2719 4756 cordis
2768 4700 3171 4772 impcenitentes
3216 4709 3589 4775 perseverant.
3626 4698 3740 4755 Nec
3783 4701 3907 4756 abs-

2310 4807 2417 4864 que
2446 4792 2887 4848 consideratione
2917 4794 3351 4865 praetercundum
3379 4800 3462 4847 est
3504 4789 3649 4861 quod
3691 4790 3907 4860 gallina:

2312 4902 2373 4942 se
2397 4887 2735 4957 comparavit
2759 4902 2882 4941 cum
2914 4885 3059 4953 ﬁliis,
3096 4901 3217 4941 cum
3253 4884 3391 4939 ﬁlios
3429 4883 3735 4940 Jerusalem
3775 4900 3910 4939 con-

2312 4994 2537 5052 gregare
2588 4995 2646 5034 se
2698 4980 2836 5035 velle
2876 4980 3031 5035 dixit.
3086 4977 3297 5035 Gallina
3361 4979 3504 5033 enim
3556 4977 3789 5048 simplex
3855 4986 3909 5032 et

2313 5069 2599 5125 mitissima
2628 5078 2709 5124 est
2748 5071 2882 5137 avis,
2916 5064 3034 5140 quae
3066 5071 3191 5125 dum
3222 5069 3396 5139 pullos
3441 5070 3583 5122 fovet.
3618 5084 3683 5123 ac
3709 5070 3906 5135 nutrit,

2314 5162 2525 5233 plumas
2564 5162 2760 5234 erigit,
2800 5170 2855 5216 et
2892 5170 3059 5215 totam
3103 5177 3161 5217 se
3213 5162 3479 5232 hispidam
3530 5158 3739 5227 reddit,
3795 5160 3909 5213 alas

2314 5244 2556 5323 deponit,
2582 5267 2769 5307 vocem
2801 5248 3065 5318 attenuat,
3093 5260 3149 5309 et
3174 5263 3342 5309 totam
3372 5269 3429 5308 sc
3454 5248 3721 5306 infirmam
3755 5251 3910 5307 exhi-

2311 5348 2425 5411 bet,
2466 5354 2525 5400 ut
2558 5345 2732 5415 pullos
2763 5344 3015 5401 fortiores
3052 5347 3263 5414 reddat,
3314 5344 3551 5403 bestiolis
3594 5356 3816 5416 quoque
3858 5354 3911 5400 et

2312 5437 2505 5494 avibus
2537 5437 2925 5493 insidiantibus
2967 5454 3067 5509 pro
3112 5439 3281 5495 salute
3320 5434 3588 5511 pullorum
3639 5453 3817 5508 usque
3845 5438 3911 5493 ad

2312 5542 2542 5588 mortem
2589 5546 2648 5587 se
2686 5532 2926 5603 opponit.
2963 5532 3125 5588 Juxta
3157 5550 3286 5607 ergo
3316 5535 3455 5590 hanc
3497 5533 3912 5590 similitudinem

2314 5625 2575 5681 Dominus
2602 5624 2813 5696 gallina:
2845 5641 2902 5681 se
2933 5627 3296 5697 comparavit,
3337 5627 3464 5697 quia
3507 5635 3564 5680 ut
3601 5641 3699 5681 nos
3724 5625 3798 5682 de
3826 5628 3910 5680 in-

2311 5720 2485 5779 ﬁrmis
2515 5718 2698 5778 ﬁrmos
2731 5721 2955 5787 faceret,
2978 5731 3032 5777 et
3062 5721 3125 5776 de
3161 5723 3393 5778 terrenis
3418 5723 3485 5778 ad
3513 5721 3762 5777 coelestia
3789 5714 3914 5777 sub-

2314 5817 2536 5883 levaret,
2571 5818 2722 5888 quasi
2748 5815 2978 5872 inﬁrmis
3001 5817 3248 5873 exhibuit
3278 5832 3337 5872 se
3367 5816 3660 5880 inﬁrmum,
3690 5816 3912 5886 quando

2316 5908 2382 5965 de
2410 5906 2550 5965 ctelo
2580 5909 2859 5965 descendit
2896 5909 2949 5964 in
2979 5919 3191 5975 terras,
3239 5909 3418 5965 sciens
3455 5909 3583 5979 quia
3626 5926 3644 5959 ι
3674 5922 3788 5964 non
3832 5915 3913 5963 est
