  <div class='ocr_page' id='page_1' title='image "/cluster/home/n/w/nwhite01/storage/ocr_20150623/118/hvd.32044015466907/040.png"; bbox 0 0 4038 6352; ppageno 0'>
   <div class='ocr_carea' id='block_1_1' title="bbox 198 450 2800 522">
    <p class='ocr_par' dir='ltr' id='par_1_1' title="bbox 198 450 2800 522">
     <span class='ocr_line' id='line_1_1' title="bbox 198 450 2800 522; baseline 0.001 -3"><span class='ocrx_word' id='word_1_1' title='bbox 198 462 261 519; x_wconf 79' lang='grc' dir='ltr'><strong>δο</strong></span> <span class='ocrx_word' id='word_1_2' title='bbox 785 452 1142 520; x_wconf 72' lang='lat' dir='ltr'><strong>HAYMONIS</strong></span> <span class='ocrx_word' id='word_1_3' title='bbox 1176 454 1653 518; x_wconf 76' lang='lat' dir='ltr'><strong>HALBERSTAT.</strong></span> <span class='ocrx_word' id='word_1_4' title='bbox 1694 450 1913 520; x_wconf 85' lang='lat' dir='ltr'><strong>EPlSC.</strong></span> <span class='ocrx_word' id='word_1_5' title='bbox 1954 462 2106 519; x_wconf 86' lang='lat' dir='ltr'><strong>OPP.</strong></span> <span class='ocrx_word' id='word_1_6' title='bbox 2144 460 2325 520; x_wconf 75' lang='lat' dir='ltr'><strong>PARS</strong></span> <span class='ocrx_word' id='word_1_7' title='bbox 2362 454 2425 518; x_wconf 88' lang='lat' dir='ltr'><strong>ll.</strong></span> <span class='ocrx_word' id='word_1_8' title='bbox 2459 494 2528 506; x_wconf 89' lang='lat'><strong>--</strong></span> <span class='ocrx_word' id='word_1_9' title='bbox 2567 458 2800 522; x_wconf 83' lang='lat' dir='ltr'><strong>HOMIL.</strong></span> 
     </span>
    </p>
   </div>
   <div class='ocr_carea' id='block_1_2' title="bbox 3374 458 3447 521">
    <p class='ocr_par' dir='ltr' id='par_1_2' title="bbox 3374 458 3447 521">
     <span class='ocr_line' id='line_1_2' title="bbox 3374 458 3447 521; baseline -0.014 0"><span class='ocrx_word' id='word_1_10' title='bbox 3374 458 3447 521; x_wconf 71' lang='grc' dir='ltr'><strong>’ΖΟ</strong></span> 
     </span>
    </p>
   </div>
   <div class='ocr_carea' id='block_1_3' title="bbox 197 568 3444 650">
    <p class='ocr_par' dir='ltr' id='par_1_3' title="bbox 197 568 3444 650">
     <span class='ocr_line' id='line_1_3' title="bbox 197 568 3444 650; baseline 0.002 -17"><span class='ocrx_word' id='word_1_11' title='bbox 197 594 319 650; x_wconf 89' lang='lat' dir='ltr'><strong>opus</strong></span> <span class='ocrx_word' id='word_1_12' title='bbox 355 575 496 631; x_wconf 86' lang='lat' dir='ltr'><strong>sanis</strong></span> <span class='ocrx_word' id='word_1_13' title='bbox 534 568 794 641; x_wconf 89' lang='lat' dir='ltr'><strong>medicus,</strong></span> <span class='ocrx_word' id='word_1_14' title='bbox 842 576 937 632; x_wconf 90' lang='lat' dir='ltr'><strong>sed</strong></span> <span class='ocrx_word' id='word_1_15' title='bbox 975 576 1131 635; x_wconf 25' lang='lat' dir='ltr'><strong>male.</strong></span> <span class='ocrx_word' id='word_1_16' title='bbox 1155 576 1480 633; x_wconf 78' lang='lat' dir='ltr'><strong>habentibus</strong></span> <span class='ocrx_word' id='word_1_17' title='bbox 1523 573 1749 649; x_wconf 80' lang='lat' dir='ltr'><strong>(Matth.</strong></span> <span class='ocrx_word' id='word_1_18' title='bbox 1781 583 1832 644; x_wconf 81' lang='grc' dir='ltr'><strong>Α</strong></span> <span class='ocrx_word' id='word_1_19' title='bbox 1855 579 2042 650; x_wconf 84' lang='lat' dir='ltr'><strong>pulcra</strong></span> <span class='ocrx_word' id='word_1_20' title='bbox 2085 578 2315 647; x_wconf 84' lang='lat' dir='ltr'><strong>fodiens,</strong></span> <span class='ocrx_word' id='word_1_21' title='bbox 2356 589 2410 637; x_wconf 93' lang='lat' dir='ltr'><strong>et</strong></span> <span class='ocrx_word' id='word_1_22' title='bbox 2448 582 2802 639; x_wconf 81' lang='lat' dir='ltr'><strong>cadaveribus</strong></span> <span class='ocrx_word' id='word_1_23' title='bbox 2841 599 3068 640; x_wconf 90' lang='lat' dir='ltr'><strong>vescens</strong></span> <span class='ocrx_word' id='word_1_24' title='bbox 3108 580 3444 640; x_wconf 78' lang='lat' dir='ltr'><strong>mortuorum</strong></span> 
     </span>
    </p>
   </div>
   <div class='ocr_carea' id='block_1_4' title="bbox 196 660 1764 743">
    <p class='ocr_par' dir='ltr' id='par_1_4' title="bbox 196 660 1764 743">
     <span class='ocr_line' id='line_1_4' title="bbox 196 660 1764 743; baseline -0.004 -14"><span class='ocrx_word' id='word_1_25' title='bbox 196 674 265 743; x_wconf 87' lang='grc' dir='ltr'><strong>ιχ)</strong></span> <span class='ocrx_word' id='word_1_26' title='bbox 289 686 303 727; x_wconf 91' lang='lat'><strong>:</strong></span> <span class='ocrx_word' id='word_1_27' title='bbox 331 692 349 723; x_wconf 78' lang='grc' dir='ltr'><strong>ι</strong></span> <span class='ocrx_word' id='word_1_28' title='bbox 398 660 451 724; x_wconf 88' lang='lat' dir='ltr'><strong>et</strong></span> <span class='ocrx_word' id='word_1_29' title='bbox 492 669 651 740; x_wconf 88' lang='lat' dir='ltr'><strong>quasi</strong></span> <span class='ocrx_word' id='word_1_30' title='bbox 683 678 856 725; x_wconf 90' lang='lat' dir='ltr'><strong>totum</strong></span> <span class='ocrx_word' id='word_1_31' title='bbox 885 684 943 725; x_wconf 89' lang='lat' dir='ltr'><strong>se</strong></span> <span class='ocrx_word' id='word_1_32' title='bbox 974 669 1243 740; x_wconf 89' lang='lat' dir='ltr'><strong>hispidum</strong></span> <span class='ocrx_word' id='word_1_33' title='bbox 1276 669 1331 724; x_wconf 92' lang='lat' dir='ltr'><strong>in</strong></span> <span class='ocrx_word' id='word_1_34' title='bbox 1359 670 1611 742; x_wconf 85' lang='lat' dir='ltr'><strong>passione</strong></span> <span class='ocrx_word' id='word_1_35' title='bbox 1641 668 1764 724; x_wconf 91' lang='lat' dir='ltr'><strong>red-</strong></span> 
     </span>
    </p>
   </div>
   <div class='ocr_carea' id='block_1_5' title="bbox 197 761 1767 834">
    <p class='ocr_par' dir='ltr' id='par_1_5' title="bbox 197 761 1767 834">
     <span class='ocr_line' id='line_1_5' title="bbox 197 761 1767 834; baseline -0.002 -14"><span class='ocrx_word' id='word_1_36' title='bbox 197 764 316 821; x_wconf 91' lang='lat' dir='ltr'><strong>didit</strong></span> <span class='ocrx_word' id='word_1_37' title='bbox 341 761 431 832; x_wconf 94' lang='lat' dir='ltr'><strong>qui</strong></span> <span class='ocrx_word' id='word_1_38' title='bbox 464 762 615 817; x_wconf 90' lang='lat' dir='ltr'><strong>mitis</strong></span> <span class='ocrx_word' id='word_1_39' title='bbox 644 766 699 815; x_wconf 90' lang='lat' dir='ltr'><strong>et</strong></span> <span class='ocrx_word' id='word_1_40' title='bbox 728 764 1042 818; x_wconf 83' lang='lat' dir='ltr'><strong>mansuetus</strong></span> <span class='ocrx_word' id='word_1_41' title='bbox 1074 763 1345 834; x_wconf 77' lang='lat' dir='ltr'><strong>apparuit.</strong></span> <span class='ocrx_word' id='word_1_42' title='bbox 1370 762 1446 817; x_wconf 92' lang='lat' dir='ltr'><strong>De</strong></span> <span class='ocrx_word' id='word_1_43' title='bbox 1472 777 1578 833; x_wconf 90' lang='lat' dir='ltr'><strong>quo</strong></span> <span class='ocrx_word' id='word_1_44' title='bbox 1598 761 1767 817; x_wconf 85' lang='lat' dir='ltr'><strong>Isaias</strong></span> 
     </span>
    </p>
   </div>
   <div class='ocr_carea' id='block_1_6' title="bbox 195 850 1767 925">
    <p class='ocr_par' dir='ltr' id='par_1_6' title="bbox 195 850 1767 925">
     <span class='ocr_line' id='line_1_6' title="bbox 195 850 1767 925; baseline -0.003 -14"><span class='ocrx_word' id='word_1_45' title='bbox 195 855 299 911; x_wconf 89' lang='lat' dir='ltr'><strong>ait:</strong></span> <span class='ocrx_word' id='word_1_46' title='bbox 332 871 350 904; x_wconf 76' lang='grc' dir='ltr'><strong>ι</strong></span> <span class='ocrx_word' id='word_1_47' title='bbox 378 850 442 907; x_wconf 82' lang='lat' dir='ltr'><strong>Et</strong></span> <span class='ocrx_word' id='word_1_48' title='bbox 462 850 698 908; x_wconf 83' lang='lat' dir='ltr'><strong>vidimus</strong></span> <span class='ocrx_word' id='word_1_49' title='bbox 718 867 842 907; x_wconf 91' lang='lat' dir='ltr'><strong>eum</strong></span> <span class='ocrx_word' id='word_1_50' title='bbox 871 869 979 909; x_wconf 91' lang='lat' dir='ltr'><strong>non</strong></span> <span class='ocrx_word' id='word_1_51' title='bbox 1013 854 1302 910; x_wconf 81' lang='lat' dir='ltr'><strong>habentem</strong></span> <span class='ocrx_word' id='word_1_52' title='bbox 1328 854 1565 925; x_wconf 87' lang='lat' dir='ltr'><strong>speciem</strong></span> <span class='ocrx_word' id='word_1_53' title='bbox 1592 867 1767 922; x_wconf 89' lang='lat' dir='ltr'><strong>neque</strong></span> 
     </span>
    </p>
   </div>
   <div class='ocr_carea' id='block_1_7' title="bbox 195 938 1767 1018">
    <p class='ocr_par' dir='ltr' id='par_1_7' title="bbox 195 938 1767 1018">
     <span class='ocr_line' id='line_1_7' title="bbox 195 938 1767 1018; baseline -0.002 -16"><span class='ocrx_word' id='word_1_54' title='bbox 195 948 425 1003; x_wconf 85' lang='lat' dir='ltr'><strong>decorem</strong></span> <span class='ocrx_word' id='word_1_55' title='bbox 471 938 619 1017; x_wconf 80' lang='lat' dir='ltr'><strong>(lsa.</strong></span> <span class='ocrx_word' id='word_1_56' title='bbox 664 946 814 1018; x_wconf 69' lang='lat' dir='ltr'>LIII).</span> <span class='ocrx_word' id='word_1_57' title='bbox 850 966 869 999; x_wconf 72' lang='grc' dir='ltr'><strong>ι</strong></span> <span class='ocrx_word' id='word_1_58' title='bbox 922 946 1121 1003; x_wconf 79' lang='lat' dir='ltr'><strong>Vocem</strong></span> <span class='ocrx_word' id='word_1_59' title='bbox 1169 947 1503 1012; x_wconf 90' lang='lat' dir='ltr'><strong>attenuavit,</strong></span> <span class='ocrx_word' id='word_1_60' title='bbox 1551 944 1767 1017; x_wconf 85' lang='lat' dir='ltr'><strong>quando</strong></span> 
     </span>
    </p>
   </div>
   <div class='ocr_carea' id='block_1_8' title="bbox 193 1037 1766 1113">
    <p class='ocr_par' dir='ltr' id='par_1_8' title="bbox 193 1037 1766 1113">
     <span class='ocr_line' id='line_1_8' title="bbox 193 1037 1766 1113; baseline -0.004 -17"><span class='ocrx_word' id='word_1_61' title='bbox 193 1039 417 1113; x_wconf 86' lang='lat' dir='ltr'><strong>pendens</strong></span> <span class='ocrx_word' id='word_1_62' title='bbox 443 1038 501 1094; x_wconf 87' lang='lat' dir='ltr'><strong>in</strong></span> <span class='ocrx_word' id='word_1_63' title='bbox 537 1054 701 1095; x_wconf 85' lang='lat' dir='ltr'><strong>cruce</strong></span> <span class='ocrx_word' id='word_1_64' title='bbox 735 1038 869 1095; x_wconf 90' lang='lat' dir='ltr'><strong>dixit</strong></span> <span class='ocrx_word' id='word_1_65' title='bbox 899 1058 912 1093; x_wconf 90' lang='lat'><strong>:</strong></span> <span class='ocrx_word' id='word_1_66' title='bbox 952 1059 970 1091; x_wconf 79' lang='grc' dir='ltr'><strong>ι</strong></span> <span class='ocrx_word' id='word_1_67' title='bbox 1004 1040 1171 1105; x_wconf 90' lang='lat' dir='ltr'><strong>Deus,</strong></span> <span class='ocrx_word' id='word_1_68' title='bbox 1200 1038 1342 1095; x_wconf 86' lang='lat' dir='ltr'><strong>Deus</strong></span> <span class='ocrx_word' id='word_1_69' title='bbox 1370 1055 1544 1105; x_wconf 89' lang='lat' dir='ltr'><strong>meus,</strong></span> <span class='ocrx_word' id='word_1_70' title='bbox 1577 1037 1766 1108; x_wconf 89' lang='lat' dir='ltr'><strong>utquid</strong></span> 
     </span>
    </p>
   </div>
   <div class='ocr_carea' id='block_1_9' title="bbox 195 1120 1767 1203">
    <p class='ocr_par' dir='ltr' id='par_1_9' title="bbox 195 1120 1767 1203">
     <span class='ocr_line' id='line_1_9' title="bbox 195 1120 1767 1203; baseline -0.003 -15"><span class='ocrx_word' id='word_1_71' title='bbox 195 1146 275 1188; x_wconf 88' lang='lat' dir='ltr'><strong>me</strong></span> <span class='ocrx_word' id='word_1_72' title='bbox 315 1128 657 1200; x_wconf 88' lang='lat' dir='ltr'><strong>dereliquisti</strong></span> <span class='ocrx_word' id='word_1_73' title='bbox 694 1126 911 1202; x_wconf 70' lang='lat' dir='ltr'><strong>(Matth.</strong></span> <span class='ocrx_word' id='word_1_74' title='bbox 959 1132 1170 1203; x_wconf 85' lang='lat' dir='ltr'><strong>xxvu)?</strong></span> <span class='ocrx_word' id='word_1_75' title='bbox 1199 1152 1217 1184; x_wconf 72' lang='grc' dir='ltr'><strong>ι</strong></span> <span class='ocrx_word' id='word_1_76' title='bbox 1240 1120 1305 1187; x_wconf 83' lang='lat' dir='ltr'><strong>Et</strong></span> <span class='ocrx_word' id='word_1_77' title='bbox 1338 1138 1398 1186; x_wconf 92' lang='lat' dir='ltr'><strong>ut</strong></span> <span class='ocrx_word' id='word_1_78' title='bbox 1434 1130 1676 1202; x_wconf 81' lang='lat' dir='ltr'><strong>perfecta</strong></span> <span class='ocrx_word' id='word_1_79' title='bbox 1712 1129 1767 1184; x_wconf 94' lang='lat' dir='ltr'><strong>in</strong></span> 
     </span>
    </p>
   </div>
   <div class='ocr_carea' id='block_1_10' title="bbox 191 1214 1769 1294">
    <p class='ocr_par' dir='ltr' id='par_1_10' title="bbox 191 1214 1769 1294">
     <span class='ocr_line' id='line_1_10' title="bbox 191 1214 1769 1294; baseline -0.002 -15"><span class='ocrx_word' id='word_1_80' title='bbox 191 1223 333 1280; x_wconf 89' lang='lat' dir='ltr'><strong>nobis</strong></span> <span class='ocrx_word' id='word_1_81' title='bbox 360 1226 507 1279; x_wconf 83' lang='lat' dir='ltr'><strong>esset</strong></span> <span class='ocrx_word' id='word_1_82' title='bbox 553 1214 826 1288; x_wconf 86' lang='lat' dir='ltr'><strong>liberatio,</strong></span> <span class='ocrx_word' id='word_1_83' title='bbox 860 1214 1021 1280; x_wconf 88' lang='lat' dir='ltr'><strong>morti</strong></span> <span class='ocrx_word' id='word_1_84' title='bbox 1055 1222 1221 1279; x_wconf 83' lang='lat' dir='ltr'><strong>etiam</strong></span> <span class='ocrx_word' id='word_1_85' title='bbox 1250 1222 1349 1294; x_wconf 84' lang='lat' dir='ltr'><strong>pro</strong></span> <span class='ocrx_word' id='word_1_86' title='bbox 1391 1222 1546 1278; x_wconf 86' lang='lat' dir='ltr'><strong>nobis</strong></span> <span class='ocrx_word' id='word_1_87' title='bbox 1572 1238 1632 1279; x_wconf 92' lang='lat' dir='ltr'><strong>se</strong></span> <span class='ocrx_word' id='word_1_88' title='bbox 1672 1221 1769 1277; x_wconf 91' lang='lat' dir='ltr'><strong>ob-</strong></span> 
     </span>
    </p>
   </div>
   <div class='ocr_carea' id='block_1_11' title="bbox 191 1312 1767 1387">
    <p class='ocr_par' dir='ltr' id='par_1_11' title="bbox 191 1312 1767 1387">
     <span class='ocr_line' id='line_1_11' title="bbox 191 1312 1767 1387; baseline -0.003 -15"><span class='ocrx_word' id='word_1_89' title='bbox 191 1314 316 1373; x_wconf 86' lang='lat' dir='ltr'><strong>tulit.</strong></span> <span class='ocrx_word' id='word_1_90' title='bbox 352 1312 466 1370; x_wconf 88' lang='lat' dir='ltr'><strong>Nec</strong></span> <span class='ocrx_word' id='word_1_91' title='bbox 503 1314 784 1387; x_wconf 79' lang='lat' dir='ltr'><strong>indignum</strong></span> <span class='ocrx_word' id='word_1_92' title='bbox 812 1317 973 1372; x_wconf 90' lang='lat' dir='ltr'><strong>debet</strong></span> <span class='ocrx_word' id='word_1_93' title='bbox 1000 1315 1193 1382; x_wconf 90' lang='lat' dir='ltr'><strong>videri,</strong></span> <span class='ocrx_word' id='word_1_94' title='bbox 1235 1316 1281 1370; x_wconf 90' lang='lat' dir='ltr'><strong>si</strong></span> <span class='ocrx_word' id='word_1_95' title='bbox 1309 1314 1637 1385; x_wconf 81' lang='lat' dir='ltr'><strong>Redemptor</strong></span> <span class='ocrx_word' id='word_1_96' title='bbox 1665 1329 1767 1369; x_wconf 86' lang='lat' dir='ltr'><strong>no-</strong></span> 
     </span>
    </p>
   </div>
   <div class='ocr_carea' id='block_1_12' title="bbox 190 1403 1769 1478">
    <p class='ocr_par' dir='ltr' id='par_1_12' title="bbox 190 1403 1769 1478">
     <span class='ocr_line' id='line_1_12' title="bbox 190 1403 1769 1478; baseline -0.004 -13"><span class='ocrx_word' id='word_1_97' title='bbox 190 1416 291 1465; x_wconf 88' lang='lat' dir='ltr'><strong>ster</strong></span> <span class='ocrx_word' id='word_1_98' title='bbox 317 1408 369 1462; x_wconf 91' lang='lat' dir='ltr'><strong>in</strong></span> <span class='ocrx_word' id='word_1_99' title='bbox 399 1415 678 1477; x_wconf 88' lang='lat' dir='ltr'><strong>assumpta</strong></span> <span class='ocrx_word' id='word_1_100' title='bbox 710 1404 1048 1462; x_wconf 77' lang='lat' dir='ltr'><strong>humanitate</strong></span> <span class='ocrx_word' id='word_1_101' title='bbox 1085 1406 1297 1478; x_wconf 83' lang='lat' dir='ltr'><strong>gallinae</strong></span> <span class='ocrx_word' id='word_1_102' title='bbox 1338 1421 1398 1461; x_wconf 91' lang='lat' dir='ltr'><strong>se</strong></span> <span class='ocrx_word' id='word_1_103' title='bbox 1434 1403 1769 1475; x_wconf 82' lang='lat' dir='ltr'><strong>comparavit</strong></span> 
     </span>
    </p>
   </div>
   <div class='ocr_carea' id='block_1_13' title="bbox 189 1496 1768 1570">
    <p class='ocr_par' dir='ltr' id='par_1_13' title="bbox 189 1496 1768 1570">
     <span class='ocr_line' id='line_1_13' title="bbox 189 1496 1768 1570; baseline -0.003 -15"><span class='ocrx_word' id='word_1_104' title='bbox 189 1499 299 1567; x_wconf 91' lang='lat' dir='ltr'><strong>hic,</strong></span> <span class='ocrx_word' id='word_1_105' title='bbox 325 1499 417 1570; x_wconf 88' lang='lat' dir='ltr'><strong>qui</strong></span> <span class='ocrx_word' id='word_1_106' title='bbox 450 1499 620 1555; x_wconf 86' lang='lat' dir='ltr'><strong>etiam</strong></span> <span class='ocrx_word' id='word_1_107' title='bbox 660 1500 938 1555; x_wconf 86' lang='lat' dir='ltr'><strong>vermibus</strong></span> <span class='ocrx_word' id='word_1_108' title='bbox 972 1514 1031 1555; x_wconf 90' lang='lat' dir='ltr'><strong>se</strong></span> <span class='ocrx_word' id='word_1_109' title='bbox 1068 1498 1421 1563; x_wconf 89' lang='lat' dir='ltr'><strong>assimilavit,</strong></span> <span class='ocrx_word' id='word_1_110' title='bbox 1469 1496 1613 1552; x_wconf 80' lang='lat' dir='ltr'><strong>sicut</strong></span> <span class='ocrx_word' id='word_1_111' title='bbox 1653 1497 1768 1567; x_wconf 90' lang='lat' dir='ltr'><strong>ipse</strong></span> 
     </span>
    </p>
   </div>
   <div class='ocr_carea' id='block_1_14' title="bbox 189 1584 1770 1663">
    <p class='ocr_par' dir='ltr' id='par_1_14' title="bbox 189 1584 1770 1663">
     <span class='ocr_line' id='line_1_14' title="bbox 189 1584 1770 1663; baseline -0.002 -18"><span class='ocrx_word' id='word_1_112' title='bbox 189 1604 273 1662; x_wconf 88' lang='lat' dir='ltr'><strong>per</strong></span> <span class='ocrx_word' id='word_1_113' title='bbox 307 1584 626 1661; x_wconf 77' lang='lat' dir='ltr'><strong>prophetam</strong></span> <span class='ocrx_word' id='word_1_114' title='bbox 664 1586 835 1645; x_wconf 84' lang='lat' dir='ltr'><strong>dicit:</strong></span> <span class='ocrx_word' id='word_1_115' title='bbox 876 1610 894 1643; x_wconf 77' lang='grc' dir='ltr'><strong>ι</strong></span> <span class='ocrx_word' id='word_1_116' title='bbox 923 1591 1036 1663; x_wconf 84' lang='lat' dir='ltr'><strong>Ego</strong></span> <span class='ocrx_word' id='word_1_117' title='bbox 1081 1600 1263 1645; x_wconf 90' lang='lat' dir='ltr'><strong>autem</strong></span> <span class='ocrx_word' id='word_1_118' title='bbox 1308 1605 1426 1644; x_wconf 91' lang='lat' dir='ltr'><strong>sum</strong></span> <span class='ocrx_word' id='word_1_119' title='bbox 1472 1586 1679 1645; x_wconf 77' lang='lat' dir='ltr'><strong>vermis</strong></span> <span class='ocrx_word' id='word_1_120' title='bbox 1714 1594 1770 1643; x_wconf 92' lang='lat' dir='ltr'><strong>et</strong></span> 
     </span>
    </p>
   </div>
   <div class='ocr_carea' id='block_1_15' title="bbox 187 1676 1768 1753">
    <p class='ocr_par' dir='ltr' id='par_1_15' title="bbox 187 1676 1768 1753">
     <span class='ocr_line' id='line_1_15' title="bbox 187 1676 1768 1753; baseline -0.002 -18"><span class='ocrx_word' id='word_1_121' title='bbox 187 1697 284 1737; x_wconf 88' lang='lat' dir='ltr'><strong>non</strong></span> <span class='ocrx_word' id='word_1_122' title='bbox 311 1681 473 1736; x_wconf 90' lang='lat' dir='ltr'><strong>homo</strong></span> <span class='ocrx_word' id='word_1_123' title='bbox 503 1676 676 1753; x_wconf 79' lang='lat' dir='ltr'><strong>(Psal.</strong></span> <span class='ocrx_word' id='word_1_124' title='bbox 705 1682 845 1752; x_wconf 75' lang='lat' dir='ltr'><strong>xxi).</strong></span> <span class='ocrx_word' id='word_1_125' title='bbox 878 1701 897 1734; x_wconf 74' lang='grc' dir='ltr'><strong>ι</strong></span> <span class='ocrx_word' id='word_1_126' title='bbox 935 1678 1002 1736; x_wconf 82' lang='grc' dir='ltr'><strong>Ει</strong></span> <span class='ocrx_word' id='word_1_127' title='bbox 1027 1680 1251 1752; x_wconf 88' lang='lat' dir='ltr'><strong>pulchre</strong></span> <span class='ocrx_word' id='word_1_128' title='bbox 1280 1694 1340 1735; x_wconf 90' lang='lat' dir='ltr'><strong>se</strong></span> <span class='ocrx_word' id='word_1_129' title='bbox 1376 1679 1588 1750; x_wconf 74' lang='lat' dir='ltr'><strong>gallinae</strong></span> <span class='ocrx_word' id='word_1_130' title='bbox 1618 1693 1768 1734; x_wconf 91' lang='lat' dir='ltr'><strong>com-</strong></span> 
     </span>
    </p>
   </div>
   <div class='ocr_carea' id='block_1_16' title="bbox 189 1769 1767 1844">
    <p class='ocr_par' dir='ltr' id='par_1_16' title="bbox 189 1769 1767 1844">
     <span class='ocr_line' id='line_1_16' title="bbox 189 1769 1767 1844; baseline -0.002 -18"><span class='ocrx_word' id='word_1_131' title='bbox 189 1773 420 1842; x_wconf 78' lang='lat' dir='ltr'><strong>paravit,</strong></span> <span class='ocrx_word' id='word_1_132' title='bbox 455 1773 551 1842; x_wconf 87' lang='lat' dir='ltr'><strong>qui</strong></span> <span class='ocrx_word' id='word_1_133' title='bbox 588 1780 991 1844; x_wconf 82' lang='lat' dir='ltr'><strong>persecutorem</strong></span> <span class='ocrx_word' id='word_1_134' title='bbox 1037 1787 1194 1828; x_wconf 90' lang='lat' dir='ltr'><strong>suum</strong></span> <span class='ocrx_word' id='word_1_135' title='bbox 1239 1770 1509 1826; x_wconf 86' lang='lat' dir='ltr'><strong>Herodem</strong></span> <span class='ocrx_word' id='word_1_136' title='bbox 1550 1769 1767 1841; x_wconf 89' lang='lat' dir='ltr'><strong>vulpem</strong></span> 
     </span>
    </p>
   </div>
   <div class='ocr_carea' id='block_1_17' title="bbox 189 1862 1765 1934">
    <p class='ocr_par' dir='ltr' id='par_1_17' title="bbox 189 1862 1765 1934">
     <span class='ocr_line' id='line_1_17' title="bbox 189 1862 1765 1934; baseline 0.001 -18"><span class='ocrx_word' id='word_1_137' title='bbox 189 1863 489 1918; x_wconf 86' lang='lat' dir='ltr'><strong>nominasse</strong></span> <span class='ocrx_word' id='word_1_138' title='bbox 512 1863 729 1934; x_wconf 77' lang='lat' dir='ltr'><strong>legitur,</strong></span> <span class='ocrx_word' id='word_1_139' title='bbox 758 1865 944 1920; x_wconf 91' lang='lat' dir='ltr'><strong>dicens</strong></span> <span class='ocrx_word' id='word_1_140' title='bbox 969 1879 983 1918; x_wconf 93' lang='lat'><strong>:</strong></span> <span class='ocrx_word' id='word_1_141' title='bbox 1004 1884 1023 1915; x_wconf 82' lang='grc'><strong><em>‹</em></strong></span> <span class='ocrx_word' id='word_1_142' title='bbox 1053 1865 1150 1930; x_wconf 90' lang='lat' dir='ltr'><strong>lte,</strong></span> <span class='ocrx_word' id='word_1_143' title='bbox 1166 1864 1327 1920; x_wconf 91' lang='lat' dir='ltr'><strong>dicite</strong></span> <span class='ocrx_word' id='word_1_144' title='bbox 1343 1863 1487 1934; x_wconf 88' lang='lat' dir='ltr'><strong>vulpi</strong></span> <span class='ocrx_word' id='word_1_145' title='bbox 1517 1862 1615 1930; x_wconf 88' lang='lat' dir='ltr'><strong>illi,</strong></span> <span class='ocrx_word' id='word_1_146' title='bbox 1640 1863 1765 1934; x_wconf 91' lang='lat' dir='ltr'><strong>quia</strong></span> 
     </span>
    </p>
   </div>
   <div class='ocr_carea' id='block_1_18' title="bbox 1871 666 3447 747">
    <p class='ocr_par' dir='ltr' id='par_1_18' title="bbox 1871 666 3447 747">
     <span class='ocr_line' id='line_1_18' title="bbox 1871 666 3447 747; baseline 0.004 -22"><span class='ocrx_word' id='word_1_147' title='bbox 1871 666 2005 743; x_wconf 67' lang='grc' dir='ltr'><strong>(λεν.</strong></span> <span class='ocrx_word' id='word_1_148' title='bbox 2037 672 2135 745; x_wconf 81' lang='grc' dir='ltr'><strong>χιι)</strong></span> <span class='ocrx_word' id='word_1_149' title='bbox 2163 691 2175 726; x_wconf 90' lang='lat'><strong>:</strong></span> <span class='ocrx_word' id='word_1_150' title='bbox 2209 672 2296 728; x_wconf 89' lang='lat' dir='ltr'><strong>cui</strong></span> <span class='ocrx_word' id='word_1_151' title='bbox 2324 670 2519 727; x_wconf 90' lang='lat' dir='ltr'><strong>merito</strong></span> <span class='ocrx_word' id='word_1_152' title='bbox 2545 683 2932 744; x_wconf 87' lang='lat' dir='ltr'><strong>comparantur</strong></span> <span class='ocrx_word' id='word_1_153' title='bbox 2954 672 3142 742; x_wconf 71' lang='lat' dir='ltr'><strong>Judaei,</strong></span> <span class='ocrx_word' id='word_1_154' title='bbox 3172 676 3264 747; x_wconf 87' lang='lat' dir='ltr'><strong>qui</strong></span> <span class='ocrx_word' id='word_1_155' title='bbox 3291 675 3447 731; x_wconf 84' lang='lat' dir='ltr'><strong>Chri-</strong></span> 
     </span>
    </p>
   </div>
   <div class='ocr_carea' id='block_1_19' title="bbox 1869 754 3448 836">
    <p class='ocr_par' dir='ltr' id='par_1_19' title="bbox 1869 754 3448 836">
     <span class='ocr_line' id='line_1_19' title="bbox 1869 754 3448 836; baseline 0.002 -17"><span class='ocrx_word' id='word_1_156' title='bbox 1869 771 2009 819; x_wconf 87' lang='lat' dir='ltr'><strong>stum</strong></span> <span class='ocrx_word' id='word_1_157' title='bbox 2055 772 2341 835; x_wconf 80' lang='lat' dir='ltr'><strong>negantes,</strong></span> <span class='ocrx_word' id='word_1_158' title='bbox 2382 765 2528 818; x_wconf 88' lang='lat' dir='ltr'><strong>omni</strong></span> <span class='ocrx_word' id='word_1_159' title='bbox 2575 754 2929 819; x_wconf 64' lang='lat' dir='ltr'><strong>inmunditia:</strong></span> <span class='ocrx_word' id='word_1_160' title='bbox 2975 777 3029 820; x_wconf 90' lang='lat' dir='ltr'><strong>et</strong></span> <span class='ocrx_word' id='word_1_161' title='bbox 3073 765 3341 836; x_wconf 88' lang='lat' dir='ltr'><strong>iniquitati</strong></span> <span class='ocrx_word' id='word_1_162' title='bbox 3387 780 3448 823; x_wconf 89' lang='lat' dir='ltr'><strong>se</strong></span> 
     </span>
    </p>
   </div>
   <div class='ocr_carea' id='block_1_20' title="bbox 1870 856 3446 931">
    <p class='ocr_par' dir='ltr' id='par_1_20' title="bbox 1870 856 3446 931">
     <span class='ocr_line' id='line_1_20' title="bbox 1870 856 3446 931; baseline 0.003 -20"><span class='ocrx_word' id='word_1_163' title='bbox 1870 856 2228 922; x_wconf 89' lang='lat' dir='ltr'><strong>tradiderunt,</strong></span> <span class='ocrx_word' id='word_1_164' title='bbox 2253 856 2482 928; x_wconf 88' lang='lat' dir='ltr'><strong>dispersi</strong></span> <span class='ocrx_word' id='word_1_165' title='bbox 2511 857 2576 912; x_wconf 93' lang='lat' dir='ltr'><strong>de</strong></span> <span class='ocrx_word' id='word_1_166' title='bbox 2600 864 2759 929; x_wconf 89' lang='lat' dir='ltr'><strong>gente</strong></span> <span class='ocrx_word' id='word_1_167' title='bbox 2782 857 2836 911; x_wconf 89' lang='lat' dir='ltr'><strong>in</strong></span> <span class='ocrx_word' id='word_1_168' title='bbox 2859 860 3091 928; x_wconf 82' lang='lat' dir='ltr'><strong>gentem,</strong></span> <span class='ocrx_word' id='word_1_169' title='bbox 3116 867 3171 915; x_wconf 91' lang='lat' dir='ltr'><strong>et</strong></span> <span class='ocrx_word' id='word_1_170' title='bbox 3192 858 3257 914; x_wconf 85' lang='lat' dir='ltr'><strong>de</strong></span> <span class='ocrx_word' id='word_1_171' title='bbox 3281 873 3446 931; x_wconf 85' lang='lat' dir='ltr'><strong>regno</strong></span> 
     </span>
    </p>
   </div>
   <div class='ocr_carea' id='block_1_21' title="bbox 1870 946 3449 1022">
    <p class='ocr_par' dir='ltr' id='par_1_21' title="bbox 1870 946 3449 1022">
     <span class='ocr_line' id='line_1_21' title="bbox 1870 946 3449 1022; baseline 0.002 -22"><span class='ocrx_word' id='word_1_172' title='bbox 1870 947 1935 1002; x_wconf 86' lang='lat' dir='ltr'><strong>ad</strong></span> <span class='ocrx_word' id='word_1_173' title='bbox 1964 948 2214 1019; x_wconf 79' lang='lat' dir='ltr'><strong>populum</strong></span> <span class='ocrx_word' id='word_1_174' title='bbox 2244 947 2505 1013; x_wconf 90' lang='lat' dir='ltr'><strong>alterum,</strong></span> <span class='ocrx_word' id='word_1_175' title='bbox 2550 947 2723 1000; x_wconf 86' lang='lat' dir='ltr'><strong>relicti</strong></span> <span class='ocrx_word' id='word_1_176' title='bbox 2770 947 2885 1002; x_wconf 90' lang='lat' dir='ltr'><strong>sine</strong></span> <span class='ocrx_word' id='word_1_177' title='bbox 2928 946 3059 1013; x_wconf 82' lang='lat' dir='ltr'><strong>Deo&#39;,</strong></span> <span class='ocrx_word' id='word_1_178' title='bbox 3103 949 3219 1004; x_wconf 91' lang='lat' dir='ltr'><strong>sine</strong></span> <span class='ocrx_word' id='word_1_179' title='bbox 3248 947 3364 1022; x_wconf 85' lang='lat' dir='ltr'><strong>lege</strong></span> <span class='ocrx_word' id='word_1_180' title='bbox 3394 948 3449 1005; x_wconf 87' lang='lat' dir='ltr'><strong>et</strong></span> 
     </span>
    </p>
   </div>
   <div class='ocr_carea' id='block_1_22' title="bbox 1871 1034 3444 1109">
    <p class='ocr_par' dir='ltr' id='par_1_22' title="bbox 1871 1034 3444 1109">
     <span class='ocr_line' id='line_1_22' title="bbox 1871 1034 3444 1109; baseline 0 -16"><span class='ocrx_word' id='word_1_181' title='bbox 1871 1037 1986 1093; x_wconf 84' lang='lat' dir='ltr'><strong>sine</strong></span> <span class='ocrx_word' id='word_1_182' title='bbox 2015 1038 2338 1101; x_wconf 87' lang='lat' dir='ltr'><strong>sacerdotio,</strong></span> <span class='ocrx_word' id='word_1_183' title='bbox 2366 1034 2583 1106; x_wconf 86' lang='lat' dir='ltr'><strong>impleta</strong></span> <span class='ocrx_word' id='word_1_184' title='bbox 2613 1034 2667 1090; x_wconf 92' lang='lat' dir='ltr'><strong>in</strong></span> <span class='ocrx_word' id='word_1_185' title='bbox 2698 1036 2777 1092; x_wconf 91' lang='lat' dir='ltr'><strong>eis</strong></span> <span class='ocrx_word' id='word_1_186' title='bbox 2802 1036 3084 1108; x_wconf 82' lang='lat' dir='ltr'><strong>prophetia</strong></span> <span class='ocrx_word' id='word_1_187' title='bbox 3123 1054 3242 1109; x_wconf 84' lang='lat' dir='ltr'><strong>quae</strong></span> <span class='ocrx_word' id='word_1_188' title='bbox 3277 1039 3444 1094; x_wconf 88' lang='lat' dir='ltr'><strong>dicit:</strong></span> 
     </span>
    </p>
   </div>
   <div class='ocr_carea' id='block_1_23' title="bbox 1876 1126 3449 1199">
    <p class='ocr_par' dir='ltr' id='par_1_23' title="bbox 1876 1126 3449 1199">
     <span class='ocr_line' id='line_1_23' title="bbox 1876 1126 3449 1199; baseline 0.001 -18"><span class='ocrx_word' id='word_1_189' title='bbox 1876 1149 1894 1181; x_wconf 74' lang='grc' dir='ltr'>ί</span> <span class='ocrx_word' id='word_1_190' title='bbox 1924 1128 2143 1184; x_wconf 87' lang='lat' dir='ltr'><strong>Famem</strong></span> <span class='ocrx_word' id='word_1_191' title='bbox 2173 1129 2445 1199; x_wconf 89' lang='lat' dir='ltr'><strong>patientur</strong></span> <span class='ocrx_word' id='word_1_192' title='bbox 2474 1135 2532 1182; x_wconf 94' lang='lat' dir='ltr'><strong>ut</strong></span> <span class='ocrx_word' id='word_1_193' title='bbox 2560 1143 2742 1195; x_wconf 88' lang='lat' dir='ltr'><strong>canes,</strong></span> <span class='ocrx_word' id='word_1_194' title='bbox 2767 1136 2822 1183; x_wconf 91' lang='lat' dir='ltr'><strong>et</strong></span> <span class='ocrx_word' id='word_1_195' title='bbox 2842 1128 3144 1184; x_wconf 86' lang='lat' dir='ltr'><strong>circuibunt</strong></span> <span class='ocrx_word' id='word_1_196' title='bbox 3173 1126 3449 1185; x_wconf 88' lang='lat' dir='ltr'><strong>civitatem</strong></span> 
     </span>
    </p>
   </div>
   <div class='ocr_carea' id='block_1_24' title="bbox 1872 1216 2294 1292">
    <p class='ocr_par' dir='ltr' id='par_1_24' title="bbox 1872 1216 2294 1292">
     <span class='ocr_line' id='line_1_24' title="bbox 1872 1216 2294 1292; baseline 0.002 -21"><span class='ocrx_word' id='word_1_197' title='bbox 1872 1216 2043 1292; x_wconf 80' lang='lat' dir='ltr'><strong>(Psal.</strong></span> <span class='ocrx_word' id='word_1_198' title='bbox 2073 1220 2244 1290; x_wconf 81' lang='lat' dir='ltr'>LVIII).</span> <span class='ocrx_word' id='word_1_199' title='bbox 2277 1239 2294 1272; x_wconf 75' lang='grc' dir='ltr'><strong>ι</strong></span> 
     </span>
    </p>
   </div>
   <div class='ocr_carea' id='block_1_25' title="bbox 1947 1296 3451 1387">
    <p class='ocr_par' dir='ltr' id='par_1_25' title="bbox 1947 1296 3451 1387">
     <span class='ocr_line' id='line_1_25' title="bbox 1947 1296 3451 1387; baseline 0.001 -20"><span class='ocrx_word' id='word_1_200' title='bbox 1947 1335 1965 1367; x_wconf 85' lang='grc'><em>‹</em></span> <span class='ocrx_word' id='word_1_201' title='bbox 1992 1312 2121 1370; x_wconf 91' lang='lat' dir='ltr'><strong>Dico</strong></span> <span class='ocrx_word' id='word_1_202' title='bbox 2135 1316 2278 1370; x_wconf 90' lang='lat' dir='ltr'><strong>enim</strong></span> <span class='ocrx_word' id='word_1_203' title='bbox 2308 1315 2486 1387; x_wconf 85' lang='lat' dir='ltr'><strong>vobis,</strong></span> <span class='ocrx_word' id='word_1_204' title='bbox 2508 1313 2628 1370; x_wconf 86' lang='lat' dir='ltr'><strong>Non</strong></span> <span class='ocrx_word' id='word_1_205' title='bbox 2654 1330 2739 1371; x_wconf 92' lang='lat' dir='ltr'><strong>me</strong></span> <span class='ocrx_word' id='word_1_206' title='bbox 2764 1302 3013 1369; x_wconf 81' lang='lat' dir='ltr'><strong>videbitis</strong></span> <span class='ocrx_word' id='word_1_207' title='bbox 3040 1296 3252 1379; x_wconf 78' lang='lat' dir='ltr'><strong>amodo,</strong></span> <span class='ocrx_word' id='word_1_208' title='bbox 3279 1310 3451 1370; x_wconf 89' lang='lat' dir='ltr'><strong>donec</strong></span> 
     </span>
    </p>
   </div>
   <div class='ocr_carea' id='block_1_26' title="bbox 1877 1400 3444 1478">
    <p class='ocr_par' dir='ltr' id='par_1_26' title="bbox 1877 1400 3444 1478">
     <span class='ocr_line' id='line_1_26' title="bbox 1877 1400 3444 1478; baseline -0.001 -18"><span class='ocrx_word' id='word_1_209' title='bbox 1877 1426 1895 1459; x_wconf 88' lang='grc'><em>‹</em></span> <span class='ocrx_word' id='word_1_210' title='bbox 1926 1407 2157 1462; x_wconf 87' lang='lat' dir='ltr'><strong>dicatis:</strong></span> <span class='ocrx_word' id='word_1_211' title='bbox 2189 1406 2509 1463; x_wconf 82' lang='lat' dir='ltr'><strong>Benedictus</strong></span> <span class='ocrx_word' id='word_1_212' title='bbox 2537 1404 2629 1478; x_wconf 84' lang='lat' dir='ltr'><strong>qui</strong></span> <span class='ocrx_word' id='word_1_213' title='bbox 2657 1404 2803 1462; x_wconf 83' lang='lat' dir='ltr'><strong>venit</strong></span> <span class='ocrx_word' id='word_1_214' title='bbox 2830 1408 2883 1462; x_wconf 91' lang='lat' dir='ltr'><strong>in</strong></span> <span class='ocrx_word' id='word_1_215' title='bbox 2914 1400 3135 1462; x_wconf 79' lang='lat' dir='ltr'><strong>nomine</strong></span> <span class='ocrx_word' id='word_1_216' title='bbox 3159 1404 3393 1462; x_wconf 86' lang='lat' dir='ltr'><strong>Domini.</strong></span> <span class='ocrx_word' id='word_1_217' title='bbox 3424 1426 3444 1459; x_wconf 77' lang='grc' dir='ltr'><strong>ι</strong></span> 
     </span>
    </p>
   </div>
   <div class='ocr_carea' id='block_1_27' title="bbox 1871 1488 3451 1568">
    <p class='ocr_par' dir='ltr' id='par_1_27' title="bbox 1871 1488 3451 1568">
     <span class='ocr_line' id='line_1_27' title="bbox 1871 1488 3451 1568; baseline 0.001 -15"><span class='ocrx_word' id='word_1_218' title='bbox 1871 1498 1998 1555; x_wconf 74' lang='lat' dir='ltr'><strong>Hzec</strong></span> <span class='ocrx_word' id='word_1_219' title='bbox 2019 1499 2286 1555; x_wconf 85' lang='lat' dir='ltr'><strong>sententia</strong></span> <span class='ocrx_word' id='word_1_220' title='bbox 2302 1499 2458 1567; x_wconf 80' lang='lat' dir='ltr'><strong>juxta</strong></span> <span class='ocrx_word' id='word_1_221' title='bbox 2482 1498 2716 1554; x_wconf 85' lang='lat' dir='ltr'><strong>litteram</strong></span> <span class='ocrx_word' id='word_1_222' title='bbox 2745 1509 2869 1554; x_wconf 90' lang='lat' dir='ltr'><strong>tunc</strong></span> <span class='ocrx_word' id='word_1_223' title='bbox 2893 1488 3113 1568; x_wconf 69' lang='lat' dir='ltr'><strong>impleta</strong></span> <span class='ocrx_word' id='word_1_224' title='bbox 3129 1507 3212 1553; x_wconf 90' lang='lat' dir='ltr'><strong>est</strong></span> <span class='ocrx_word' id='word_1_225' title='bbox 3235 1498 3451 1567; x_wconf 85' lang='lat' dir='ltr'><strong>quando</strong></span> 
     </span>
    </p>
   </div>
   <div class='ocr_carea' id='block_1_28' title="bbox 1870 1586 3453 1661">
    <p class='ocr_par' dir='ltr' id='par_1_28' title="bbox 1870 1586 3453 1661">
     <span class='ocr_line' id='line_1_28' title="bbox 1870 1586 3453 1661; baseline 0 -18"><span class='ocrx_word' id='word_1_226' title='bbox 1870 1588 2129 1645; x_wconf 89' lang='lat' dir='ltr'><strong>Dominus</strong></span> <span class='ocrx_word' id='word_1_227' title='bbox 2173 1604 2336 1661; x_wconf 90' lang='lat' dir='ltr'><strong>super</strong></span> <span class='ocrx_word' id='word_1_228' title='bbox 2369 1590 2572 1660; x_wconf 90' lang='lat' dir='ltr'><strong>pullum</strong></span> <span class='ocrx_word' id='word_1_229' title='bbox 2619 1590 2782 1644; x_wconf 69' lang='lat' dir='ltr'><strong>asina:</strong></span> <span class='ocrx_word' id='word_1_230' title='bbox 2822 1589 3034 1654; x_wconf 84' lang='lat' dir='ltr'><strong>sedens,</strong></span> <span class='ocrx_word' id='word_1_231' title='bbox 3066 1586 3453 1658; x_wconf 83' lang='lat' dir='ltr'><strong>Hierosolymis</strong></span> 
     </span>
    </p>
   </div>
   <div class='ocr_carea' id='block_1_29' title="bbox 1872 1678 3449 1751">
    <p class='ocr_par' dir='ltr' id='par_1_29' title="bbox 1872 1678 3449 1751">
     <span class='ocr_line' id='line_1_29' title="bbox 1872 1678 3449 1751; baseline -0.001 -16"><span class='ocrx_word' id='word_1_232' title='bbox 1872 1682 2340 1751; x_wconf 89' lang='lat' dir='ltr'><strong>appropinquans,</strong></span> <span class='ocrx_word' id='word_1_233' title='bbox 2380 1679 2678 1737; x_wconf 80' lang='lat' dir='ltr'><strong>honorifice</strong></span> <span class='ocrx_word' id='word_1_234' title='bbox 2727 1697 2757 1735; x_wconf 91' lang='lat' dir='ltr'><strong>a</strong></span> <span class='ocrx_word' id='word_1_235' title='bbox 2806 1678 2978 1736; x_wconf 82' lang='lat' dir='ltr'><strong>turbis</strong></span> <span class='ocrx_word' id='word_1_236' title='bbox 3021 1688 3300 1750; x_wconf 90' lang='lat' dir='ltr'><strong>susceptus</strong></span> <span class='ocrx_word' id='word_1_237' title='bbox 3345 1687 3449 1746; x_wconf 89' lang='lat' dir='ltr'><strong>est,</strong></span> 
     </span>
    </p>
   </div>
   <div class='ocr_carea' id='block_1_30' title="bbox 1870 1764 3450 1842">
    <p class='ocr_par' dir='ltr' id='par_1_30' title="bbox 1870 1764 3450 1842">
     <span class='ocr_line' id='line_1_30' title="bbox 1870 1764 3450 1842; baseline -0.001 -16"><span class='ocrx_word' id='word_1_238' title='bbox 1870 1774 2089 1842; x_wconf 83' lang='lat' dir='ltr'><strong>quando</strong></span> <span class='ocrx_word' id='word_1_239' title='bbox 2126 1789 2247 1827; x_wconf 90' lang='lat' dir='ltr'><strong>cum</strong></span> <span class='ocrx_word' id='word_1_240' title='bbox 2296 1774 2463 1827; x_wconf 88' lang='lat' dir='ltr'><strong>ramis</strong></span> <span class='ocrx_word' id='word_1_241' title='bbox 2509 1764 2809 1842; x_wconf 85' lang='lat' dir='ltr'><strong>palmarum</strong></span> <span class='ocrx_word' id='word_1_242' title='bbox 2859 1766 3212 1827; x_wconf 73' lang='lat' dir='ltr'><strong>occurrerunt</strong></span> <span class='ocrx_word' id='word_1_243' title='bbox 3253 1769 3319 1834; x_wconf 90' lang='lat' dir='ltr'><strong>ei,</strong></span> <span class='ocrx_word' id='word_1_244' title='bbox 3366 1769 3450 1824; x_wconf 89' lang='lat' dir='ltr'><strong>di-</strong></span> 
     </span>
    </p>
   </div>
   <div class='ocr_carea' id='block_1_31' title="bbox 1871 1860 3453 1932">
    <p class='ocr_par' dir='ltr' id='par_1_31' title="bbox 1871 1860 3453 1932">
     <span class='ocr_line' id='line_1_31' title="bbox 1871 1860 3453 1932; baseline -0.002 -14"><span class='ocrx_word' id='word_1_245' title='bbox 1871 1873 2053 1918; x_wconf 84' lang='lat' dir='ltr'><strong>centes</strong></span> <span class='ocrx_word' id='word_1_246' title='bbox 2079 1880 2092 1915; x_wconf 90' lang='lat'><strong>:</strong></span> <span class='ocrx_word' id='word_1_247' title='bbox 2132 1883 2150 1914; x_wconf 86' lang='grc'><strong><em>‹</em></strong></span> <span class='ocrx_word' id='word_1_248' title='bbox 2182 1860 2435 1918; x_wconf 85' lang='lat' dir='ltr'><strong>Hosanna</strong></span> <span class='ocrx_word' id='word_1_249' title='bbox 2470 1862 2607 1918; x_wconf 89' lang='lat' dir='ltr'><strong>Filio</strong></span> <span class='ocrx_word' id='word_1_250' title='bbox 2637 1860 2825 1930; x_wconf 86' lang='lat' dir='ltr'><strong>David,</strong></span> <span class='ocrx_word' id='word_1_251' title='bbox 2844 1862 3157 1918; x_wconf 76' lang='lat' dir='ltr'><strong>benedictus</strong></span> <span class='ocrx_word' id='word_1_252' title='bbox 3184 1861 3277 1932; x_wconf 88' lang='lat' dir='ltr'><strong>qui</strong></span> <span class='ocrx_word' id='word_1_253' title='bbox 3307 1860 3453 1916; x_wconf 90' lang='lat' dir='ltr'><strong>venit</strong></span> 
     </span>
    </p>
   </div>
   <div class='ocr_carea' id='block_1_32' title="bbox 193 1950 3453 2029">
    <p class='ocr_par' dir='ltr' id='par_1_32' title="bbox 193 1950 3453 2029">
     <span class='ocr_line' id='line_1_32' title="bbox 193 1950 3453 2029; baseline -0.001 -21"><span class='ocrx_word' id='word_1_254' title='bbox 193 1953 343 2009; x_wconf 86' lang='lat' dir='ltr'><strong>hodie</strong></span> <span class='ocrx_word' id='word_1_255' title='bbox 375 1964 432 2010; x_wconf 94' lang='lat' dir='ltr'><strong>et</strong></span> <span class='ocrx_word' id='word_1_256' title='bbox 467 1968 589 2011; x_wconf 88' lang='lat' dir='ltr'><strong>cras</strong></span> <span class='ocrx_word' id='word_1_257' title='bbox 616 1957 877 2012; x_wconf 89' lang='lat' dir='ltr'><strong>miracula</strong></span> <span class='ocrx_word' id='word_1_258' title='bbox 906 1952 1124 2021; x_wconf 81' lang='lat' dir='ltr'><strong>faciam,</strong></span> <span class='ocrx_word' id='word_1_259' title='bbox 1158 1965 1213 2013; x_wconf 90' lang='lat' dir='ltr'><strong>et</strong></span> <span class='ocrx_word' id='word_1_260' title='bbox 1248 1956 1333 2013; x_wconf 89' lang='lat' dir='ltr'><strong>die</strong></span> <span class='ocrx_word' id='word_1_261' title='bbox 1362 1958 1522 2014; x_wconf 87' lang='lat' dir='ltr'><strong>tertia</strong></span> <span class='ocrx_word' id='word_1_262' title='bbox 1551 1957 1768 2029; x_wconf 87' lang='lat' dir='ltr'><strong>prolici-</strong></span> <span class='ocrx_word' id='word_1_263' title='bbox 1795 1964 1841 2024; x_wconf 79' lang='grc' dir='ltr'><strong>Β</strong></span> <span class='ocrx_word' id='word_1_264' title='bbox 1871 1955 1923 2008; x_wconf 91' lang='lat' dir='ltr'><strong>in</strong></span> <span class='ocrx_word' id='word_1_265' title='bbox 1973 1954 2190 2008; x_wconf 86' lang='lat' dir='ltr'><strong>nomine</strong></span> <span class='ocrx_word' id='word_1_266' title='bbox 2239 1953 2468 2009; x_wconf 90' lang='lat' dir='ltr'><strong>Domini.</strong></span> <span class='ocrx_word' id='word_1_267' title='bbox 2519 1973 2537 2006; x_wconf 74' lang='grc' dir='ltr'><strong>ι</strong></span> <span class='ocrx_word' id='word_1_268' title='bbox 2591 1952 2903 2010; x_wconf 77' lang='lat' dir='ltr'><strong>Vcrs’iculus</strong></span> <span class='ocrx_word' id='word_1_269' title='bbox 2950 1954 3050 2008; x_wconf 88' lang='lat' dir='ltr'><strong>iste</strong></span> <span class='ocrx_word' id='word_1_270' title='bbox 3099 1950 3453 2023; x_wconf 87' lang='lat' dir='ltr'><strong>spiritualiter</strong></span> 
     </span>
    </p>
   </div>
   <div class='ocr_carea' id='block_1_33' title="bbox 187 2040 1767 2119">
    <p class='ocr_par' dir='ltr' id='par_1_33' title="bbox 187 2040 1767 2119">
     <span class='ocr_line' id='line_1_33' title="bbox 187 2040 1767 2119; baseline 0.005 -22"><span class='ocrx_word' id='word_1_271' title='bbox 187 2058 297 2098; x_wconf 88' lang='lat' dir='ltr'><strong>scar</strong></span> <span class='ocrx_word' id='word_1_272' title='bbox 323 2043 477 2117; x_wconf 86' lang='lat' dir='ltr'><strong>(Luc.</strong></span> <span class='ocrx_word' id='word_1_273' title='bbox 506 2048 647 2118; x_wconf 88' lang='grc' dir='ltr'><strong>χιιι).</strong></span> <span class='ocrx_word' id='word_1_274' title='bbox 680 2067 698 2100; x_wconf 73' lang='grc' dir='ltr'><strong>ι</strong></span> <span class='ocrx_word' id='word_1_275' title='bbox 728 2040 933 2103; x_wconf 82' lang='lat' dir='ltr'><strong>Callida</strong></span> <span class='ocrx_word' id='word_1_276' title='bbox 967 2049 1112 2103; x_wconf 91' lang='lat' dir='ltr'><strong>enim</strong></span> <span class='ocrx_word' id='word_1_277' title='bbox 1146 2048 1379 2105; x_wconf 88' lang='lat' dir='ltr'><strong>bestiola</strong></span> <span class='ocrx_word' id='word_1_278' title='bbox 1416 2050 1602 2119; x_wconf 91' lang='lat' dir='ltr'><strong>vulpes</strong></span> <span class='ocrx_word' id='word_1_279' title='bbox 1635 2049 1767 2105; x_wconf 91' lang='lat' dir='ltr'><strong>insi-</strong></span> 
     </span>
    </p>
   </div>
   <div class='ocr_carea' id='block_1_34' title="bbox 186 2132 1767 2211">
    <p class='ocr_par' dir='ltr' id='par_1_34' title="bbox 186 2132 1767 2211">
     <span class='ocr_line' id='line_1_34' title="bbox 186 2132 1767 2211; baseline 0.006 -25"><span class='ocrx_word' id='word_1_280' title='bbox 186 2132 371 2190; x_wconf 83' lang='lat' dir='ltr'><strong>diatrix</strong></span> <span class='ocrx_word' id='word_1_281' title='bbox 408 2145 467 2192; x_wconf 89' lang='lat' dir='ltr'><strong>et</strong></span> <span class='ocrx_word' id='word_1_282' title='bbox 509 2138 730 2192; x_wconf 64' lang='lat' dir='ltr'><strong>inimica</strong></span> <span class='ocrx_word' id='word_1_283' title='bbox 771 2136 982 2211; x_wconf 70' lang='lat' dir='ltr'><strong>gallina:</strong></span> <span class='ocrx_word' id='word_1_284' title='bbox 1017 2141 1420 2210; x_wconf 82' lang='lat' dir='ltr'><strong>comprobatur,</strong></span> <span class='ocrx_word' id='word_1_285' title='bbox 1451 2139 1525 2195; x_wconf 91' lang='lat' dir='ltr'><strong>ita</strong></span> <span class='ocrx_word' id='word_1_286' title='bbox 1553 2156 1767 2211; x_wconf 91' lang='lat' dir='ltr'><strong>quoque</strong></span> 
     </span>
    </p>
   </div>
   <div class='ocr_carea' id='block_1_35' title="bbox 183 2222 1766 2303">
    <p class='ocr_par' dir='ltr' id='par_1_35' title="bbox 183 2222 1766 2303">
     <span class='ocr_line' id='line_1_35' title="bbox 183 2222 1766 2303; baseline 0.008 -28"><span class='ocrx_word' id='word_1_287' title='bbox 183 2231 231 2276; x_wconf 90' lang='lat' dir='ltr'><strong>et</strong></span> <span class='ocrx_word' id='word_1_288' title='bbox 249 2222 493 2284; x_wconf 78' lang='lat' dir='ltr'><strong>Herodes</strong></span> <span class='ocrx_word' id='word_1_289' title='bbox 513 2228 735 2284; x_wconf 73' lang='lat' dir='ltr'><strong>Callidus</strong></span> <span class='ocrx_word' id='word_1_290' title='bbox 757 2237 812 2285; x_wconf 91' lang='lat' dir='ltr'><strong>et</strong></span> <span class='ocrx_word' id='word_1_291' title='bbox 841 2230 1150 2301; x_wconf 85' lang='lat' dir='ltr'><strong>ingeniosus</strong></span> <span class='ocrx_word' id='word_1_292' title='bbox 1173 2230 1426 2302; x_wconf 76' lang='lat' dir='ltr'><strong>gallinam</strong></span> <span class='ocrx_word' id='word_1_293' title='bbox 1448 2241 1766 2303; x_wconf 89' lang='lat' dir='ltr'><strong>persecutus</strong></span> 
     </span>
    </p>
   </div>
   <div class='ocr_carea' id='block_1_36' title="bbox 183 2316 1768 2390">
    <p class='ocr_par' dir='ltr' id='par_1_36' title="bbox 183 2316 1768 2390">
     <span class='ocr_line' id='line_1_36' title="bbox 183 2316 1768 2390; baseline 0.007 -24"><span class='ocrx_word' id='word_1_294' title='bbox 183 2321 275 2378; x_wconf 87' lang='lat' dir='ltr'><strong>est,</strong></span> <span class='ocrx_word' id='word_1_295' title='bbox 298 2316 430 2385; x_wconf 83' lang='lat' dir='ltr'><strong>quia</strong></span> <span class='ocrx_word' id='word_1_296' title='bbox 458 2316 743 2372; x_wconf 80' lang='lat' dir='ltr'><strong>Deminum</strong></span> <span class='ocrx_word' id='word_1_297' title='bbox 774 2333 897 2373; x_wconf 87' lang='lat' dir='ltr'><strong>cum</strong></span> <span class='ocrx_word' id='word_1_298' title='bbox 931 2320 1173 2374; x_wconf 84' lang='lat' dir='ltr'><strong>exercitu</strong></span> <span class='ocrx_word' id='word_1_299' title='bbox 1215 2336 1313 2374; x_wconf 93' lang='lat' dir='ltr'><strong>suo</strong></span> <span class='ocrx_word' id='word_1_300' title='bbox 1347 2321 1569 2390; x_wconf 78' lang='lat' dir='ltr'><strong>sprevit.</strong></span> <span class='ocrx_word' id='word_1_301' title='bbox 1601 2318 1768 2377; x_wconf 82' lang='lat' dir='ltr'><strong>Pullis</strong></span> 
     </span>
    </p>
   </div>
   <div class='ocr_carea' id='block_1_37' title="bbox 183 2401 1768 2480">
    <p class='ocr_par' dir='ltr' id='par_1_37' title="bbox 183 2401 1768 2480">
     <span class='ocr_line' id='line_1_37' title="bbox 183 2401 1768 2480; baseline 0.006 -23"><span class='ocrx_word' id='word_1_302' title='bbox 183 2401 290 2470; x_wconf 77' lang='lat' dir='ltr'><strong>ejus</strong></span> <span class='ocrx_word' id='word_1_303' title='bbox 322 2402 613 2461; x_wconf 82' lang='lat' dir='ltr'><strong>insidiatus</strong></span> <span class='ocrx_word' id='word_1_304' title='bbox 642 2417 748 2472; x_wconf 92' lang='lat' dir='ltr'><strong>est,</strong></span> <span class='ocrx_word' id='word_1_305' title='bbox 780 2409 905 2477; x_wconf 88' lang='lat' dir='ltr'><strong>quia</strong></span> <span class='ocrx_word' id='word_1_306' title='bbox 934 2408 1205 2478; x_wconf 91' lang='lat' dir='ltr'><strong>apostolos</strong></span> <span class='ocrx_word' id='word_1_307' title='bbox 1240 2411 1491 2480; x_wconf 88' lang='lat' dir='ltr'><strong>persequi</strong></span> <span class='ocrx_word' id='word_1_308' title='bbox 1533 2426 1640 2465; x_wconf 89' lang='lat' dir='ltr'><strong>non</strong></span> <span class='ocrx_word' id='word_1_309' title='bbox 1677 2410 1768 2465; x_wconf 91' lang='lat' dir='ltr'><strong>de-</strong></span> 
     </span>
    </p>
   </div>
   <div class='ocr_carea' id='block_1_38' title="bbox 187 2496 1769 2571">
    <p class='ocr_par' dir='ltr' id='par_1_38' title="bbox 187 2496 1769 2571">
     <span class='ocr_line' id='line_1_38' title="bbox 187 2496 1769 2571; baseline 0.004 -22"><span class='ocrx_word' id='word_1_310' title='bbox 187 2496 336 2561; x_wconf 79' lang='lat' dir='ltr'><strong>stitit,</strong></span> <span class='ocrx_word' id='word_1_311' title='bbox 370 2505 427 2550; x_wconf 92' lang='lat' dir='ltr'><strong>et</strong></span> <span class='ocrx_word' id='word_1_312' title='bbox 454 2497 575 2553; x_wconf 88' lang='lat' dir='ltr'><strong>ideo</strong></span> <span class='ocrx_word' id='word_1_313' title='bbox 602 2510 980 2568; x_wconf 83' lang='lat' dir='ltr'><strong>persecutores</strong></span> <span class='ocrx_word' id='word_1_314' title='bbox 1014 2499 1227 2553; x_wconf 87' lang='lat' dir='ltr'><strong>Domini</strong></span> <span class='ocrx_word' id='word_1_315' title='bbox 1268 2500 1518 2571; x_wconf 85' lang='lat' dir='ltr'><strong>vulpibus</strong></span> <span class='ocrx_word' id='word_1_316' title='bbox 1552 2517 1769 2571; x_wconf 89' lang='lat' dir='ltr'><strong>compa-</strong></span> 
     </span>
    </p>
   </div>
   <div class='ocr_carea' id='block_1_39' title="bbox 192 2591 1767 2663">
    <p class='ocr_par' dir='ltr' id='par_1_39' title="bbox 192 2591 1767 2663">
     <span class='ocr_line' id='line_1_39' title="bbox 192 2591 1767 2663; baseline 0.005 -22"><span class='ocrx_word' id='word_1_317' title='bbox 192 2596 392 2655; x_wconf 83' lang='lat' dir='ltr'><strong>rantur,</strong></span> <span class='ocrx_word' id='word_1_318' title='bbox 419 2598 544 2644; x_wconf 78' lang='lat' dir='ltr'><strong>Cum</strong></span> <span class='ocrx_word' id='word_1_319' title='bbox 574 2602 674 2658; x_wconf 92' lang='lat' dir='ltr'><strong>per</strong></span> <span class='ocrx_word' id='word_1_320' title='bbox 706 2592 1026 2660; x_wconf 80' lang='lat' dir='ltr'><strong>prophetam</strong></span> <span class='ocrx_word' id='word_1_321' title='bbox 1064 2591 1306 2646; x_wconf 89' lang='lat' dir='ltr'><strong>dicitur:</strong></span> <span class='ocrx_word' id='word_1_322' title='bbox 1344 2612 1363 2644; x_wconf 73' lang='grc' dir='ltr'><strong>α</strong></span> <span class='ocrx_word' id='word_1_323' title='bbox 1395 2592 1499 2663; x_wconf 83' lang='lat' dir='ltr'><strong>ipsi</strong></span> <span class='ocrx_word' id='word_1_324' title='bbox 1544 2609 1671 2648; x_wconf 89' lang='lat' dir='ltr'><strong>vero</strong></span> <span class='ocrx_word' id='word_1_325' title='bbox 1712 2595 1767 2649; x_wconf 90' lang='lat' dir='ltr'><strong>in</strong></span> 
     </span>
    </p>
   </div>
   <div class='ocr_carea' id='block_1_40' title="bbox 188 2678 1767 2748">
    <p class='ocr_par' dir='ltr' id='par_1_40' title="bbox 188 2678 1767 2748">
     <span class='ocr_line' id='line_1_40' title="bbox 188 2678 1767 2748; baseline 0.003 -17"><span class='ocrx_word' id='word_1_326' title='bbox 188 2690 377 2732; x_wconf 81' lang='lat' dir='ltr'><strong>vanum</strong></span> <span class='ocrx_word' id='word_1_327' title='bbox 398 2678 733 2748; x_wconf 74' lang='lat' dir='ltr'><strong>quaesierunt</strong></span> <span class='ocrx_word' id='word_1_328' title='bbox 753 2680 994 2733; x_wconf 89' lang='lat' dir='ltr'><strong>animam</strong></span> <span class='ocrx_word' id='word_1_329' title='bbox 1024 2690 1224 2734; x_wconf 90' lang='lat' dir='ltr'><strong>meam.</strong></span> <span class='ocrx_word' id='word_1_330' title='bbox 1256 2680 1561 2735; x_wconf 88' lang='lat' dir='ltr'><strong>lntroibuut</strong></span> <span class='ocrx_word' id='word_1_331' title='bbox 1599 2683 1651 2735; x_wconf 88' lang='lat' dir='ltr'><strong>in</strong></span> <span class='ocrx_word' id='word_1_332' title='bbox 1685 2683 1767 2736; x_wconf 85' lang='lat' dir='ltr'><strong>in-</strong></span> 
     </span>
    </p>
   </div>
   <div class='ocr_carea' id='block_1_41' title="bbox 192 2767 1766 2842">
    <p class='ocr_par' dir='ltr' id='par_1_41' title="bbox 192 2767 1766 2842">
     <span class='ocr_line' id='line_1_41' title="bbox 192 2767 1766 2842; baseline 0.003 -20"><span class='ocrx_word' id='word_1_333' title='bbox 192 2767 375 2825; x_wconf 84' lang='lat' dir='ltr'><strong>leriora</strong></span> <span class='ocrx_word' id='word_1_334' title='bbox 399 2777 581 2835; x_wconf 73' lang='lat' dir='ltr'><strong>terrae,</strong></span> <span class='ocrx_word' id='word_1_335' title='bbox 623 2768 909 2825; x_wconf 79' lang='lat' dir='ltr'><strong>tradentur</strong></span> <span class='ocrx_word' id='word_1_336' title='bbox 936 2768 999 2824; x_wconf 78' lang='lat' dir='ltr'><strong>i‘n&#39;</strong></span> <span class='ocrx_word' id='word_1_337' title='bbox 1021 2778 1213 2826; x_wconf 88' lang='lat' dir='ltr'><strong>manus</strong></span> <span class='ocrx_word' id='word_1_338' title='bbox 1242 2771 1422 2842; x_wconf 82' lang='lat' dir='ltr'><strong>gladii,</strong></span> <span class='ocrx_word' id='word_1_339' title='bbox 1447 2781 1629 2841; x_wconf 89' lang='lat' dir='ltr'><strong>partes</strong></span> <span class='ocrx_word' id='word_1_340' title='bbox 1650 2772 1766 2827; x_wconf 85' lang='lat' dir='ltr'><strong>vul-</strong></span> 
     </span>
    </p>
   </div>
   <div class='ocr_carea' id='block_1_42' title="bbox 194 2858 1762 2934">
    <p class='ocr_par' dir='ltr' id='par_1_42' title="bbox 194 2858 1762 2934">
     <span class='ocr_line' id='line_1_42' title="bbox 194 2858 1762 2934; baseline 0.003 -20"><span class='ocrx_word' id='word_1_341' title='bbox 194 2861 320 2929; x_wconf 84' lang='lat' dir='ltr'><strong>pium</strong></span> <span class='ocrx_word' id='word_1_342' title='bbox 350 2872 511 2919; x_wconf 84' lang='lat' dir='ltr'><strong>erunt</strong></span> <span class='ocrx_word' id='word_1_343' title='bbox 542 2858 713 2934; x_wconf 79' lang='lat' dir='ltr'><strong>(Psal.</strong></span> <span class='ocrx_word' id='word_1_344' title='bbox 752 2863 906 2934; x_wconf 75' lang='grc' dir='ltr'><strong>ιχιι).</strong></span> <span class='ocrx_word' id='word_1_345' title='bbox 939 2881 957 2914; x_wconf 75' lang='grc' dir='ltr'><strong>ι</strong></span> <span class='ocrx_word' id='word_1_346' title='bbox 1005 2862 1135 2917; x_wconf 67' lang='lat' dir='ltr'><strong>Duae</strong></span> <span class='ocrx_word' id='word_1_347' title='bbox 1183 2872 1363 2917; x_wconf 89' lang='lat' dir='ltr'><strong>autem</strong></span> <span class='ocrx_word' id='word_1_348' title='bbox 1410 2864 1510 2918; x_wconf 74' lang='lat' dir='ltr'><strong>ala:</strong></span> <span class='ocrx_word' id='word_1_349' title='bbox 1550 2863 1762 2934; x_wconf 70' lang='lat' dir='ltr'><strong>gallinae</strong></span> 
     </span>
    </p>
   </div>
   <div class='ocr_carea' id='block_1_43' title="bbox 191 2952 1758 3025">
    <p class='ocr_par' dir='ltr' id='par_1_43' title="bbox 191 2952 1758 3025">
     <span class='ocr_line' id='line_1_43' title="bbox 191 2952 1758 3025; baseline 0.003 -20"><span class='ocrx_word' id='word_1_350' title='bbox 191 2953 371 3020; x_wconf 86' lang='lat' dir='ltr'><strong>quibus</strong></span> <span class='ocrx_word' id='word_1_351' title='bbox 398 2953 574 3025; x_wconf 88' lang='lat' dir='ltr'><strong>pullos</strong></span> <span class='ocrx_word' id='word_1_352' title='bbox 605 2954 772 3019; x_wconf 79' lang='lat' dir='ltr'><strong>fovet,</strong></span> <span class='ocrx_word' id='word_1_353' title='bbox 806 2953 917 3009; x_wconf 77' lang='lat' dir='ltr'><strong>dud‘</strong></span> <span class='ocrx_word' id='word_1_354' title='bbox 952 2964 1077 3009; x_wconf 90' lang='lat' dir='ltr'><strong>sunt</strong></span> <span class='ocrx_word' id='word_1_355' title='bbox 1126 2952 1335 3009; x_wconf 91' lang='lat' dir='ltr'><strong>Domini</strong></span> <span class='ocrx_word' id='word_1_356' title='bbox 1381 2954 1758 3022; x_wconf 88' lang='lat' dir='ltr'><strong>Testamenta;</strong></span> 
     </span>
    </p>
   </div>
   <div class='ocr_carea' id='block_1_44' title="bbox 188 3042 1763 3120">
    <p class='ocr_par' dir='ltr' id='par_1_44' title="bbox 188 3042 1763 3120">
     <span class='ocr_line' id='line_1_44' title="bbox 188 3042 1763 3120; baseline 0.004 -23"><span class='ocrx_word' id='word_1_357' title='bbox 188 3054 273 3099; x_wconf 89' lang='lat' dir='ltr'><strong>aut</strong></span> <span class='ocrx_word' id='word_1_358' title='bbox 293 3046 409 3101; x_wconf 53' lang='lat' dir='ltr'><strong>dum</strong></span> <span class='ocrx_word' id='word_1_359' title='bbox 434 3046 532 3102; x_wconf 66' lang='lat' dir='ltr'><strong>ala:</strong></span> <span class='ocrx_word' id='word_1_360' title='bbox 560 3046 793 3117; x_wconf 66' lang='lat' dir='ltr'><strong>gallinae,</strong></span> <span class='ocrx_word' id='word_1_361' title='bbox 827 3042 1039 3118; x_wconf 76' lang='lat' dir='ltr'><strong>Moyses</strong></span> <span class='ocrx_word' id='word_1_362' title='bbox 1068 3055 1123 3102; x_wconf 92' lang='lat' dir='ltr'><strong>et</strong></span> <span class='ocrx_word' id='word_1_363' title='bbox 1147 3046 1350 3114; x_wconf 84' lang='lat' dir='ltr'><strong>Aaron,</strong></span> <span class='ocrx_word' id='word_1_364' title='bbox 1376 3064 1473 3119; x_wconf 91' lang='lat' dir='ltr'><strong>per</strong></span> <span class='ocrx_word' id='word_1_365' title='bbox 1499 3064 1634 3120; x_wconf 85' lang='lat' dir='ltr'><strong>quos</strong></span> <span class='ocrx_word' id='word_1_366' title='bbox 1660 3049 1763 3104; x_wconf 91' lang='lat' dir='ltr'><strong>Do-</strong></span> 
     </span>
    </p>
   </div>
   <div class='ocr_carea' id='block_1_45' title="bbox 1866 2032 3455 2117">
    <p class='ocr_par' dir='ltr' id='par_1_45' title="bbox 1866 2032 3455 2117">
     <span class='ocr_line' id='line_1_45' title="bbox 1866 2032 3455 2117; baseline -0.001 -18"><span class='ocrx_word' id='word_1_367' title='bbox 1866 2046 2044 2116; x_wconf 89' lang='lat' dir='ltr'><strong>potius</strong></span> <span class='ocrx_word' id='word_1_368' title='bbox 2088 2052 2250 2115; x_wconf 82' lang='lat' dir='ltr'><strong>quain</strong></span> <span class='ocrx_word' id='word_1_369' title='bbox 2299 2047 2367 2102; x_wconf 86' lang='lat' dir='ltr'><strong>ad</strong></span> <span class='ocrx_word' id='word_1_370' title='bbox 2414 2046 2651 2100; x_wconf 84' lang='lat' dir='ltr'><strong>litteram</strong></span> <span class='ocrx_word' id='word_1_371' title='bbox 2697 2046 2783 2100; x_wconf 83' lang='lat' dir='ltr'><strong>eSt</strong></span> <span class='ocrx_word' id='word_1_372' title='bbox 2831 2032 3227 2117; x_wconf 80' lang='lat' dir='ltr'><strong>intelligendus,</strong></span> <span class='ocrx_word' id='word_1_373' title='bbox 3275 2044 3455 2100; x_wconf 85' lang='lat' dir='ltr'><strong>etest</strong></span> 
     </span>
    </p>
   </div>
   <div class='ocr_carea' id='block_1_46' title="bbox 1866 2132 3449 2205">
    <p class='ocr_par' dir='ltr' id='par_1_46' title="bbox 1866 2132 3449 2205">
     <span class='ocr_line' id='line_1_46' title="bbox 1866 2132 3449 2205; baseline 0.001 -13"><span class='ocrx_word' id='word_1_374' title='bbox 1866 2152 2087 2193; x_wconf 91' lang='lat' dir='ltr'><strong>sensus:</strong></span> <span class='ocrx_word' id='word_1_375' title='bbox 2119 2158 2137 2189; x_wconf 85' lang='grc'><em>‹</em></span> <span class='ocrx_word' id='word_1_376' title='bbox 2168 2138 2296 2193; x_wconf 93' lang='lat' dir='ltr'><strong>Dico</strong></span> <span class='ocrx_word' id='word_1_377' title='bbox 2324 2138 2471 2192; x_wconf 88' lang='lat' dir='ltr'><strong>enim</strong></span> <span class='ocrx_word' id='word_1_378' title='bbox 2492 2132 2666 2205; x_wconf 74' lang='lat' dir='ltr'><strong>vobis,</strong></span> <span class='ocrx_word' id='word_1_379' title='bbox 2698 2136 2819 2192; x_wconf 66' lang='lat' dir='ltr'><strong>Non’</strong></span> <span class='ocrx_word' id='word_1_380' title='bbox 2845 2144 2930 2192; x_wconf 89' lang='lat' dir='ltr'><strong>me</strong></span> <span class='ocrx_word' id='word_1_381' title='bbox 2960 2136 3207 2193; x_wconf 82' lang='lat' dir='ltr'><strong>videbitis</strong></span> <span class='ocrx_word' id='word_1_382' title='bbox 3235 2137 3449 2205; x_wconf 89' lang='lat' dir='ltr'><strong>amodo,</strong></span> 
     </span>
    </p>
   </div>
   <div class='ocr_carea' id='block_1_47' title="bbox 1865 2224 3453 2302">
    <p class='ocr_par' dir='ltr' id='par_1_47' title="bbox 1865 2224 3453 2302">
     <span class='ocr_line' id='line_1_47' title="bbox 1865 2224 3453 2302; baseline -0.001 -16"><span class='ocrx_word' id='word_1_383' title='bbox 1865 2233 2037 2287; x_wconf 91' lang='lat' dir='ltr'><strong>donec</strong></span> <span class='ocrx_word' id='word_1_384' title='bbox 2061 2231 2293 2288; x_wconf 88' lang='lat' dir='ltr'><strong>dicatis:</strong></span> <span class='ocrx_word' id='word_1_385' title='bbox 2324 2232 2650 2287; x_wconf 90' lang='lat' dir='ltr'><strong>Benedictus</strong></span> <span class='ocrx_word' id='word_1_386' title='bbox 2685 2231 2776 2302; x_wconf 90' lang='lat' dir='ltr'><strong>qui</strong></span> <span class='ocrx_word' id='word_1_387' title='bbox 2816 2228 2962 2286; x_wconf 86' lang='lat' dir='ltr'><strong>venit</strong></span> <span class='ocrx_word' id='word_1_388' title='bbox 3000 2231 3054 2285; x_wconf 93' lang='lat' dir='ltr'><strong>in</strong></span> <span class='ocrx_word' id='word_1_389' title='bbox 3095 2224 3312 2285; x_wconf 88' lang='lat' dir='ltr'><strong>nomine</strong></span> <span class='ocrx_word' id='word_1_390' title='bbox 3347 2228 3453 2284; x_wconf 92' lang='lat' dir='ltr'><strong>Do-</strong></span> 
     </span>
    </p>
   </div>
   <div class='ocr_carea' id='block_1_48' title="bbox 1866 2312 3454 2391">
    <p class='ocr_par' dir='ltr' id='par_1_48' title="bbox 1866 2312 3454 2391">
     <span class='ocr_line' id='line_1_48' title="bbox 1866 2312 3454 2391; baseline -0.002 -14"><span class='ocrx_word' id='word_1_391' title='bbox 1866 2323 2020 2389; x_wconf 88' lang='lat' dir='ltr'><strong>mini,</strong></span> <span class='ocrx_word' id='word_1_392' title='bbox 2053 2344 2071 2376; x_wconf 79' lang='lat' dir='ltr'><strong>I</strong></span> <span class='ocrx_word' id='word_1_393' title='bbox 2109 2323 2161 2377; x_wconf 90' lang='lat' dir='ltr'><strong>id</strong></span> <span class='ocrx_word' id='word_1_394' title='bbox 2187 2333 2287 2391; x_wconf 90' lang='lat' dir='ltr'><strong>est,</strong></span> <span class='ocrx_word' id='word_1_395' title='bbox 2315 2340 2402 2378; x_wconf 87' lang='lat' dir='ltr'><strong>me</strong></span> <span class='ocrx_word' id='word_1_396' title='bbox 2433 2324 2711 2378; x_wconf 85' lang='lat' dir='ltr'><strong>vobiscum</strong></span> <span class='ocrx_word' id='word_1_397' title='bbox 2740 2322 2794 2376; x_wconf 94' lang='lat' dir='ltr'><strong>in</strong></span> <span class='ocrx_word' id='word_1_398' title='bbox 2822 2312 3076 2377; x_wconf 81' lang='lat' dir='ltr'><strong>cordibus</strong></span> <span class='ocrx_word' id='word_1_399' title='bbox 3112 2323 3306 2378; x_wconf 87' lang='lat' dir='ltr'><strong>vestris</strong></span> <span class='ocrx_word' id='word_1_400' title='bbox 3340 2337 3454 2375; x_wconf 90' lang='lat' dir='ltr'><strong>ma-</strong></span> 
     </span>
    </p>
   </div>
   <div class='ocr_carea' id='block_1_49' title="bbox 1867 2408 3453 2483">
    <p class='ocr_par' dir='ltr' id='par_1_49' title="bbox 1867 2408 3453 2483">
     <span class='ocr_line' id='line_1_49' title="bbox 1867 2408 3453 2483; baseline -0.001 -15"><span class='ocrx_word' id='word_1_401' title='bbox 1867 2423 2082 2469; x_wconf 90' lang='lat' dir='ltr'><strong>nentem</strong></span> <span class='ocrx_word' id='word_1_402' title='bbox 2114 2430 2220 2469; x_wconf 92' lang='lat' dir='ltr'><strong>non</strong></span> <span class='ocrx_word' id='word_1_403' title='bbox 2253 2414 2545 2479; x_wconf 88' lang='lat' dir='ltr'><strong>habebitis,</strong></span> <span class='ocrx_word' id='word_1_404' title='bbox 2572 2408 2850 2483; x_wconf 64' lang='lat' dir='ltr'><strong>quod&#39;squ&#39;e</strong></span> <span class='ocrx_word' id='word_1_405' title='bbox 2886 2428 2971 2466; x_wconf 90' lang='lat' dir='ltr'><strong>me</strong></span> <span class='ocrx_word' id='word_1_406' title='bbox 3000 2412 3232 2467; x_wconf 80' lang='lat' dir='ltr'><strong>credatis</strong></span> <span class='ocrx_word' id='word_1_407' title='bbox 3259 2408 3453 2467; x_wconf 87' lang='lat' dir='ltr'><strong>Filium</strong></span> 
     </span>
    </p>
   </div>
   <div class='ocr_carea' id='block_1_50' title="bbox 1838 2498 3304 2589">
    <p class='ocr_par' dir='ltr' id='par_1_50' title="bbox 1838 2498 3304 2589">
     <span class='ocr_line' id='line_1_50' title="bbox 1838 2498 3304 2589; baseline -0.004 -27"><span class='ocrx_word' id='word_1_408' title='bbox 1838 2505 1963 2589; x_wconf 67' lang='grc' dir='ltr'><strong>⁸Βεὶ</strong></span> <span class='ocrx_word' id='word_1_409' title='bbox 2000 2500 2069 2560; x_wconf 84' lang='lat' dir='ltr'><strong>ad</strong></span> <span class='ocrx_word' id='word_1_410' title='bbox 2101 2506 2327 2561; x_wconf 90' lang='lat' dir='ltr'><strong>salutem</strong></span> <span class='ocrx_word' id='word_1_411' title='bbox 2360 2506 2637 2560; x_wconf 85' lang='lat' dir='ltr'><strong>hominum</strong></span> <span class='ocrx_word' id='word_1_412' title='bbox 2667 2520 2698 2558; x_wconf 88' lang='lat' dir='ltr'><strong>a</strong></span> <span class='ocrx_word' id='word_1_413' title='bbox 2729 2500 2891 2559; x_wconf 87' lang='lat' dir='ltr'><strong>Patre</strong></span> <span class='ocrx_word' id='word_1_414' title='bbox 2917 2518 3035 2559; x_wconf 91' lang='lat' dir='ltr'><strong>esse</strong></span> <span class='ocrx_word' id='word_1_415' title='bbox 3066 2498 3304 2559; x_wconf 79' lang='lat' dir='ltr'><strong>missum.</strong></span> 
     </span>
    </p>
   </div>
   <div class='ocr_carea' id='block_1_51' title="bbox 2452 2638 2870 2695">
    <p class='ocr_par' dir='ltr' id='par_1_51' title="bbox 2452 2638 2870 2695">
     <span class='ocr_line' id='line_1_51' title="bbox 2452 2638 2870 2695; baseline -0.005 -2"><span class='ocrx_word' id='word_1_416' title='bbox 2452 2638 2734 2695; x_wconf 74' lang='lat' dir='ltr'><strong>HOMILIA</strong></span> <span class='ocrx_word' id='word_1_417' title='bbox 2760 2639 2870 2694; x_wconf 80' lang='lat' dir='ltr'><strong>.Xl.</strong></span> 
     </span>
    </p>
   </div>
   <div class='ocr_carea' id='block_1_52' title="bbox 1957 2752 3349 2806">
    <p class='ocr_par' dir='ltr' id='par_1_52' title="bbox 1957 2752 3349 2806">
     <span class='ocr_line' id='line_1_52' title="bbox 1957 2752 3349 2806; baseline -0.001 -2"><span class='ocrx_word' id='word_1_418' title='bbox 1957 2764 2024 2805; x_wconf 74' lang='lat' dir='ltr'><strong>ne</strong></span> <span class='ocrx_word' id='word_1_419' title='bbox 2070 2764 2281 2806; x_wconf 70' lang='lat' dir='ltr'><strong>SANCTO</strong></span> <span class='ocrx_word' id='word_1_420' title='bbox 2318 2760 2515 2805; x_wconf 68' lang='lat' dir='ltr'><strong>tome</strong></span> <span class='ocrx_word' id='word_1_421' title='bbox 2553 2761 2919 2805; x_wconf 65' lang='lat' dir='ltr'><strong>EVANGELIS&#39;I&#39;A‘</strong></span> <span class='ocrx_word' id='word_1_422' title='bbox 2956 2752 3029 2804; x_wconf 62' lang='grc' dir='ltr'><strong>ενι</strong></span> <span class='ocrx_word' id='word_1_423' title='bbox 3064 2758 3349 2805; x_wconf 69' lang='lat' dir='ltr'><strong>xpos&#39;roeo.</strong></span> 
     </span>
    </p>
   </div>
   <div class='ocr_carea' id='block_1_53' title="bbox 1935 2859 3447 2935">
    <p class='ocr_par' dir='ltr' id='par_1_53' title="bbox 1935 2859 3447 2935">
     <span class='ocr_line' id='line_1_53' title="bbox 1935 2859 3447 2935; baseline -0.001 -18"><span class='ocrx_word' id='word_1_424' title='bbox 1935 2861 2111 2935; x_wconf 70' lang='lat' dir='ltr'><strong>(10m.</strong></span> <span class='ocrx_word' id='word_1_425' title='bbox 2147 2861 2284 2934; x_wconf 85' lang='lat' dir='ltr'><strong>xxI.)</strong></span> <span class='ocrx_word' id='word_1_426' title='bbox 2313 2880 2330 2913; x_wconf 72' lang='grc' dir='ltr'><strong>ι</strong></span> <span class='ocrx_word' id='word_1_427' title='bbox 2370 2860 2426 2915; x_wconf 92' lang='lat' dir='ltr'><strong>ln</strong></span> <span class='ocrx_word' id='word_1_428' title='bbox 2458 2860 2548 2915; x_wconf 91' lang='lat' dir='ltr'><strong>illo</strong></span> <span class='ocrx_word' id='word_1_429' title='bbox 2588 2869 2861 2931; x_wconf 87' lang='lat' dir='ltr'><strong>tempore,</strong></span> <span class='ocrx_word' id='word_1_430' title='bbox 2892 2860 3027 2915; x_wconf 82' lang='lat' dir='ltr'><strong>dixit</strong></span> <span class='ocrx_word' id='word_1_431' title='bbox 3051 2859 3208 2916; x_wconf 80' lang='lat' dir='ltr'><strong>Jesus</strong></span> <span class='ocrx_word' id='word_1_432' title='bbox 3235 2859 3396 2916; x_wconf 86' lang='lat' dir='ltr'><strong>Petro</strong></span> <span class='ocrx_word' id='word_1_433' title='bbox 3432 2878 3447 2915; x_wconf 91' lang='lat'><strong>:</strong></span> 
     </span>
    </p>
   </div>
   <div class='ocr_carea' id='block_1_54' title="bbox 1868 2948 3453 3024">
    <p class='ocr_par' dir='ltr' id='par_1_54' title="bbox 1868 2948 3453 3024">
     <span class='ocr_line' id='line_1_54' title="bbox 1868 2948 3453 3024; baseline -0.001 -17"><span class='ocrx_word' id='word_1_434' title='bbox 1868 2974 1886 3007; x_wconf 78' lang='grc' dir='ltr'><strong>ι</strong></span> <span class='ocrx_word' id='word_1_435' title='bbox 1934 2952 2171 3024; x_wconf 86' lang='lat' dir='ltr'><strong>Sequere</strong></span> <span class='ocrx_word' id='word_1_436' title='bbox 2200 2969 2306 3009; x_wconf 89' lang='lat' dir='ltr'><strong>me.</strong></span> <span class='ocrx_word' id='word_1_437' title='bbox 2336 2948 2657 3008; x_wconf 79' lang='lat' dir='ltr'><strong>Conversus</strong></span> <span class='ocrx_word' id='word_1_438' title='bbox 2697 2951 2911 3017; x_wconf 88' lang='lat' dir='ltr'><strong>Petrus,</strong></span> <span class='ocrx_word' id='word_1_439' title='bbox 2936 2948 3068 3007; x_wconf 91' lang='lat' dir='ltr'><strong>vidit</strong></span> <span class='ocrx_word' id='word_1_440' title='bbox 3095 2951 3242 3006; x_wconf 91' lang='lat' dir='ltr'><strong>illum</strong></span> <span class='ocrx_word' id='word_1_441' title='bbox 3291 2952 3453 3008; x_wconf 89' lang='lat' dir='ltr'><strong>disci-</strong></span> 
     </span>
    </p>
   </div>
   <div class='ocr_carea' id='block_1_55' title="bbox 1867 3042 3448 3118">
    <p class='ocr_par' dir='ltr' id='par_1_55' title="bbox 1867 3042 3448 3118">
     <span class='ocr_line' id='line_1_55' title="bbox 1867 3042 3448 3118; baseline 0.001 -20"><span class='ocrx_word' id='word_1_442' title='bbox 1867 3066 1885 3098; x_wconf 76' lang='grc' dir='ltr'><strong>ι</strong></span> <span class='ocrx_word' id='word_1_443' title='bbox 1904 3048 2086 3117; x_wconf 91' lang='lat' dir='ltr'><strong>pulum</strong></span> <span class='ocrx_word' id='word_1_444' title='bbox 2109 3062 2269 3117; x_wconf 90' lang='lat' dir='ltr'><strong>quem</strong></span> <span class='ocrx_word' id='word_1_445' title='bbox 2284 3045 2541 3118; x_wconf 90' lang='lat' dir='ltr'><strong>diligebat</strong></span> <span class='ocrx_word' id='word_1_446' title='bbox 2560 3042 2735 3111; x_wconf 78' lang='lat' dir='ltr'><strong>Iesus,</strong></span> <span class='ocrx_word' id='word_1_447' title='bbox 2757 3044 3093 3115; x_wconf 69' lang='lat' dir='ltr'><strong>sequentem,</strong></span> <span class='ocrx_word' id='word_1_448' title='bbox 3118 3065 3136 3096; x_wconf 87' lang='grc'><strong>›</strong></span> <span class='ocrx_word' id='word_1_449' title='bbox 3156 3050 3209 3098; x_wconf 83' lang='grc' dir='ltr'><strong>ει</strong></span> <span class='ocrx_word' id='word_1_450' title='bbox 3224 3044 3448 3115; x_wconf 86' lang='lat' dir='ltr'><strong>reliqua.</strong></span> 
     </span>
    </p>
   </div>
   <div class='ocr_carea' id='block_1_56' title="bbox 189 3132 3453 3210">
    <p class='ocr_par' dir='ltr' id='par_1_56' title="bbox 189 3132 3453 3210">
     <span class='ocr_line' id='line_1_56' title="bbox 189 3132 3453 3210; baseline 0.001 -21"><span class='ocrx_word' id='word_1_451' title='bbox 189 3136 358 3192; x_wconf 90' lang='lat' dir='ltr'><strong>minus</strong></span> <span class='ocrx_word' id='word_1_452' title='bbox 396 3137 746 3195; x_wconf 85' lang='lat' dir='ltr'><strong>lsraeliticum</strong></span> <span class='ocrx_word' id='word_1_453' title='bbox 793 3138 1050 3209; x_wconf 75' lang='lat' dir='ltr'><strong>pupulum</strong></span> <span class='ocrx_word' id='word_1_454' title='bbox 1096 3139 1162 3193; x_wconf 86' lang='lat' dir='ltr'><strong>d‘e</strong></span> <span class='ocrx_word' id='word_1_455' title='bbox 1200 3136 1457 3210; x_wconf 61' lang='lat' dir='ltr'><strong>[Egyptia</strong></span> <span class='ocrx_word' id='word_1_456' title='bbox 1503 3140 1760 3196; x_wconf 89' lang='lat' dir='ltr'><strong>servitute</strong></span> <span class='ocrx_word' id='word_1_457' title='bbox 1861 3139 1919 3194; x_wconf 94' lang='lat' dir='ltr'><strong>ln</strong></span> <span class='ocrx_word' id='word_1_458' title='bbox 1949 3139 2088 3195; x_wconf 90' lang='lat' dir='ltr'><strong>serie</strong></span> <span class='ocrx_word' id='word_1_459' title='bbox 2120 3137 2279 3208; x_wconf 89' lang='lat' dir='ltr'><strong>hujus</strong></span> <span class='ocrx_word' id='word_1_460' title='bbox 2322 3138 2569 3194; x_wconf 87' lang='lat' dir='ltr'><strong>lectionis</strong></span> <span class='ocrx_word' id='word_1_461' title='bbox 2601 3138 2702 3191; x_wconf 90' lang='lat' dir='ltr'><strong>tria</strong></span> <span class='ocrx_word' id='word_1_462' title='bbox 2747 3132 3021 3207; x_wconf 64' lang='lat' dir='ltr'><strong>suntquae</strong></span> <span class='ocrx_word' id='word_1_463' title='bbox 3065 3137 3221 3192; x_wconf 83' lang='lat' dir='ltr'><strong>nobis</strong></span> <span class='ocrx_word' id='word_1_464' title='bbox 3263 3136 3453 3192; x_wconf 89' lang='lat' dir='ltr'><strong>beatus</strong></span> 
     </span>
    </p>
   </div>
   <div class='ocr_carea' id='block_1_57' title="bbox 187 3222 3455 3306">
    <p class='ocr_par' dir='ltr' id='par_1_57' title="bbox 187 3222 3455 3306">
     <span class='ocr_line' id='line_1_57' title="bbox 187 3222 3455 3306; baseline 0.003 -29"><span class='ocrx_word' id='word_1_465' title='bbox 187 3222 431 3280; x_wconf 87' lang='lat' dir='ltr'><strong>liberavit</strong></span> <span class='ocrx_word' id='word_1_466' title='bbox 454 3245 467 3280; x_wconf 92' lang='lat'><strong>:</strong></span> <span class='ocrx_word' id='word_1_467' title='bbox 487 3228 599 3283; x_wconf 84' lang='lat' dir='ltr'><strong>sive</strong></span> <span class='ocrx_word' id='word_1_468' title='bbox 624 3225 781 3284; x_wconf 67' lang='lat' dir='ltr'><strong>Iesus</strong></span> <span class='ocrx_word' id='word_1_469' title='bbox 802 3235 859 3282; x_wconf 89' lang='lat' dir='ltr'><strong>et</strong></span> <span class='ocrx_word' id='word_1_470' title='bbox 877 3227 1199 3294; x_wconf 84' lang='lat' dir='ltr'><strong>Zorobab&#39;el,</strong></span> <span class='ocrx_word' id='word_1_471' title='bbox 1228 3236 1325 3298; x_wconf 80' lang='lat' dir='ltr'><strong>per</strong></span> <span class='ocrx_word' id='word_1_472' title='bbox 1347 3240 1481 3299; x_wconf 89' lang='lat' dir='ltr'><strong>quos</strong></span> <span class='ocrx_word' id='word_1_473' title='bbox 1506 3230 1758 3285; x_wconf 90' lang='lat' dir='ltr'><strong>eumdem</strong></span> <span class='ocrx_word' id='word_1_474' title='bbox 1859 3232 2094 3289; x_wconf 79' lang='lat' dir='ltr'><strong>Joannes</strong></span> <span class='ocrx_word' id='word_1_475' title='bbox 2119 3231 2448 3306; x_wconf 87' lang='lat' dir='ltr'><strong>evangelista</strong></span> <span class='ocrx_word' id='word_1_476' title='bbox 2483 3228 2853 3299; x_wconf 86' lang='lat' dir='ltr'><strong>commendat,</strong></span> <span class='ocrx_word' id='word_1_477' title='bbox 2877 3228 3215 3303; x_wconf 87' lang='lat' dir='ltr'><strong>privilegium</strong></span> <span class='ocrx_word' id='word_1_478' title='bbox 3245 3232 3455 3288; x_wconf 92' lang='lat' dir='ltr'><strong>scilicet</strong></span> 
     </span>
    </p>
   </div>
   <div class='ocr_carea' id='block_1_58' title="bbox 188 3318 3456 3393">
    <p class='ocr_par' dir='ltr' id='par_1_58' title="bbox 188 3318 3456 3393">
     <span class='ocr_line' id='line_1_58' title="bbox 188 3318 3456 3393; baseline 0.002 -24"><span class='ocrx_word' id='word_1_479' title='bbox 188 3318 442 3385; x_wconf 88' lang='lat' dir='ltr'><strong>populum</strong></span> <span class='ocrx_word' id='word_1_480' title='bbox 469 3320 534 3373; x_wconf 81' lang='lat' dir='ltr'><strong>de</strong></span> <span class='ocrx_word' id='word_1_481' title='bbox 559 3320 872 3388; x_wconf 87' lang='lat' dir='ltr'><strong>captivitate</strong></span> <span class='ocrx_word' id='word_1_482' title='bbox 910 3319 1223 3393; x_wconf 71' lang='lat' dir='ltr'><strong>Babylonia:</strong></span> <span class='ocrx_word' id='word_1_483' title='bbox 1260 3322 1492 3376; x_wconf 84' lang='lat' dir='ltr'><strong>reduxit.</strong></span> <span class='ocrx_word' id='word_1_484' title='bbox 1538 3320 1643 3377; x_wconf 90' lang='lat' dir='ltr'><strong>Sed</strong></span> <span class='ocrx_word' id='word_1_485' title='bbox 1672 3322 1758 3377; x_wconf 89' lang='lat' dir='ltr'><strong>his</strong></span> <span class='ocrx_word' id='word_1_486' title='bbox 1786 3327 1832 3390; x_wconf 76' lang='grc' dir='ltr'><strong>ο</strong></span> <span class='ocrx_word' id='word_1_487' title='bbox 1866 3321 2067 3378; x_wconf 90' lang='lat' dir='ltr'><strong>amoris</strong></span> <span class='ocrx_word' id='word_1_488' title='bbox 2112 3320 2325 3376; x_wconf 88' lang='lat' dir='ltr'><strong>Domini</strong></span> <span class='ocrx_word' id='word_1_489' title='bbox 2355 3336 2483 3392; x_wconf 88' lang='lat' dir='ltr'><strong>erga</strong></span> <span class='ocrx_word' id='word_1_490' title='bbox 2524 3336 2602 3386; x_wconf 90' lang='lat' dir='ltr'><strong>se,</strong></span> <span class='ocrx_word' id='word_1_491' title='bbox 2651 3320 3031 3375; x_wconf 86' lang='lat' dir='ltr'><strong>resolutionem</strong></span> <span class='ocrx_word' id='word_1_492' title='bbox 3081 3320 3161 3374; x_wconf 90' lang='lat' dir='ltr'><strong>sui</strong></span> <span class='ocrx_word' id='word_1_493' title='bbox 3210 3321 3456 3392; x_wconf 90' lang='lat' dir='ltr'><strong>corporis</strong></span> 
     </span>
    </p>
   </div>
   <div class='ocr_carea' id='block_1_59' title="bbox 193 3406 1761 3484">
    <p class='ocr_par' dir='ltr' id='par_1_59' title="bbox 193 3406 1761 3484">
     <span class='ocr_line' id='line_1_59' title="bbox 193 3406 1761 3484; baseline 0.006 -25"><span class='ocrx_word' id='word_1_494' title='bbox 193 3414 250 3460; x_wconf 89' lang='lat' dir='ltr'><strong>et</strong></span> <span class='ocrx_word' id='word_1_495' title='bbox 276 3406 397 3462; x_wconf 88' lang='lat' dir='ltr'><strong>aliis</strong></span> <span class='ocrx_word' id='word_1_496' title='bbox 424 3408 694 3467; x_wconf 76' lang='lat' dir='ltr'><strong>beneﬁciis</strong></span> <span class='ocrx_word' id='word_1_497' title='bbox 719 3411 977 3484; x_wconf 89' lang='lat' dir='ltr'><strong>ingratus,</strong></span> <span class='ocrx_word' id='word_1_498' title='bbox 1029 3426 1140 3469; x_wconf 91' lang='lat' dir='ltr'><strong>non</strong></span> <span class='ocrx_word' id='word_1_499' title='bbox 1183 3413 1356 3468; x_wconf 83' lang='lat' dir='ltr'><strong>solum</strong></span> <span class='ocrx_word' id='word_1_500' title='bbox 1400 3413 1625 3469; x_wconf 87' lang='lat' dir='ltr'><strong>credere</strong></span> <span class='ocrx_word' id='word_1_501' title='bbox 1662 3430 1761 3469; x_wconf 93' lang='lat' dir='ltr'><strong>no-</strong></span> 
     </span>
    </p>
   </div>
   <div class='ocr_carea' id='block_1_60' title="bbox 191 3491 1765 3567">
    <p class='ocr_par' dir='ltr' id='par_1_60' title="bbox 191 3491 1765 3567">
     <span class='ocr_line' id='line_1_60' title="bbox 191 3491 1765 3567; baseline 0.007 -17"><span class='ocrx_word' id='word_1_502' title='bbox 191 3495 309 3567; x_wconf 81' lang='lat' dir='ltr'><strong>luit,</strong></span> <span class='ocrx_word' id='word_1_503' title='bbox 333 3499 425 3552; x_wconf 91' lang='lat' dir='ltr'><strong>sed</strong></span> <span class='ocrx_word' id='word_1_504' title='bbox 447 3501 607 3556; x_wconf 90' lang='lat' dir='ltr'><strong>etiam</strong></span> <span class='ocrx_word' id='word_1_505' title='bbox 632 3491 949 3560; x_wconf 87' lang='lat' dir='ltr'><strong>nutritorem</strong></span> <span class='ocrx_word' id='word_1_506' title='bbox 974 3520 1131 3560; x_wconf 91' lang='lat' dir='ltr'><strong>suum</strong></span> <span class='ocrx_word' id='word_1_507' title='bbox 1155 3505 1317 3561; x_wconf 89' lang='lat' dir='ltr'><strong>morti</strong></span> <span class='ocrx_word' id='word_1_508' title='bbox 1343 3506 1585 3561; x_wconf 89' lang='lat' dir='ltr'><strong>tradidit.</strong></span> <span class='ocrx_word' id='word_1_509' title='bbox 1617 3505 1765 3562; x_wconf 90' lang='lat' dir='ltr'><strong>Unde</strong></span> 
     </span>
    </p>
   </div>
   <div class='ocr_carea' id='block_1_61' title="bbox 190 3591 1331 3668">
    <p class='ocr_par' dir='ltr' id='par_1_61' title="bbox 190 3591 1331 3668">
     <span class='ocr_line' id='line_1_61' title="bbox 190 3591 1331 3668; baseline 0.009 -25"><span class='ocrx_word' id='word_1_510' title='bbox 190 3596 243 3643; x_wconf 91' lang='lat' dir='ltr'><strong>et</strong></span> <span class='ocrx_word' id='word_1_511' title='bbox 261 3591 517 3666; x_wconf 86' lang='lat' dir='ltr'><strong>contingit</strong></span> <span class='ocrx_word' id='word_1_512' title='bbox 544 3594 625 3650; x_wconf 85' lang='lat' dir='ltr'><strong>eis</strong></span> <span class='ocrx_word' id='word_1_513' title='bbox 654 3596 846 3651; x_wconf 90' lang='lat' dir='ltr'><strong>merito</strong></span> <span class='ocrx_word' id='word_1_514' title='bbox 876 3599 1019 3668; x_wconf 90' lang='lat' dir='ltr'><strong>quod</strong></span> <span class='ocrx_word' id='word_1_515' title='bbox 1047 3598 1331 3654; x_wconf 86' lang='lat' dir='ltr'><strong>subditur:</strong></span> 
     </span>
    </p>
   </div>
   <div class='ocr_carea' id='block_1_62' title="bbox 259 3680 1758 3759">
    <p class='ocr_par' dir='ltr' id='par_1_62' title="bbox 259 3680 1758 3759">
     <span class='ocr_line' id='line_1_62' title="bbox 259 3680 1758 3759; baseline 0.005 -20"><span class='ocrx_word' id='word_1_516' title='bbox 259 3698 285 3733; x_wconf 84' lang='grc'><em>‹</em></span> <span class='ocrx_word' id='word_1_517' title='bbox 306 3680 444 3741; x_wconf 82' lang='lat' dir='ltr'><strong>Ecce</strong></span> <span class='ocrx_word' id='word_1_518' title='bbox 488 3686 823 3759; x_wconf 85' lang='lat' dir='ltr'><strong>relinquetur</strong></span> <span class='ocrx_word' id='word_1_519' title='bbox 854 3691 1009 3746; x_wconf 91' lang='lat' dir='ltr'><strong>vobis</strong></span> <span class='ocrx_word' id='word_1_520' title='bbox 1042 3692 1235 3747; x_wconf 90' lang='lat' dir='ltr'><strong>domus</strong></span> <span class='ocrx_word' id='word_1_521' title='bbox 1257 3700 1438 3747; x_wconf 88' lang='lat' dir='ltr'><strong>vestra</strong></span> <span class='ocrx_word' id='word_1_522' title='bbox 1472 3693 1701 3749; x_wconf 89' lang='lat' dir='ltr'><strong>deserta.</strong></span> <span class='ocrx_word' id='word_1_523' title='bbox 1739 3714 1758 3747; x_wconf 78' lang='grc' dir='ltr'><strong>ι</strong></span> 
     </span>
    </p>
   </div>
   <div class='ocr_carea' id='block_1_63' title="bbox 195 3772 1764 3850">
    <p class='ocr_par' dir='ltr' id='par_1_63' title="bbox 195 3772 1764 3850">
     <span class='ocr_line' id='line_1_63' title="bbox 195 3772 1764 3850; baseline 0.007 -21"><span class='ocrx_word' id='word_1_524' title='bbox 195 3772 243 3829; x_wconf 85' lang='lat' dir='ltr'><strong>Si</strong></span> <span class='ocrx_word' id='word_1_525' title='bbox 276 3777 394 3847; x_wconf 78' lang='lat' dir='ltr'><strong>quis</strong></span> <span class='ocrx_word' id='word_1_526' title='bbox 425 3781 797 3849; x_wconf 84' lang='lat' dir='ltr'><strong>corporalibus</strong></span> <span class='ocrx_word' id='word_1_527' title='bbox 825 3782 998 3838; x_wconf 92' lang='lat' dir='ltr'><strong>oculis</strong></span> <span class='ocrx_word' id='word_1_528' title='bbox 1027 3783 1323 3850; x_wconf 90' lang='lat' dir='ltr'><strong>intueatur,</strong></span> <span class='ocrx_word' id='word_1_529' title='bbox 1361 3785 1567 3840; x_wconf 90' lang='lat' dir='ltr'><strong>videbit</strong></span> <span class='ocrx_word' id='word_1_530' title='bbox 1599 3785 1764 3841; x_wconf 89' lang='lat' dir='ltr'><strong>etiam</strong></span> 
     </span>
    </p>
   </div>
   <div class='ocr_carea' id='block_1_64' title="bbox 200 3867 1764 3947">
    <p class='ocr_par' dir='ltr' id='par_1_64' title="bbox 200 3867 1764 3947">
     <span class='ocr_line' id='line_1_64' title="bbox 200 3867 1764 3947; baseline 0.007 -27"><span class='ocrx_word' id='word_1_531' title='bbox 200 3868 254 3920; x_wconf 82' lang='lat' dir='ltr'><strong>ad</strong></span> <span class='ocrx_word' id='word_1_532' title='bbox 275 3867 510 3925; x_wconf 89' lang='lat' dir='ltr'><strong>litteram</strong></span> <span class='ocrx_word' id='word_1_533' title='bbox 541 3872 681 3928; x_wconf 87' lang='lat' dir='ltr'><strong>hanc</strong></span> <span class='ocrx_word' id='word_1_534' title='bbox 709 3874 924 3928; x_wconf 90' lang='lat' dir='ltr'><strong>Domini</strong></span> <span class='ocrx_word' id='word_1_535' title='bbox 953 3884 1142 3930; x_wconf 75' lang='lat' dir='ltr'><strong>vacem</strong></span> <span class='ocrx_word' id='word_1_536' title='bbox 1167 3890 1288 3930; x_wconf 90' lang='lat' dir='ltr'><strong>esse</strong></span> <span class='ocrx_word' id='word_1_537' title='bbox 1313 3875 1608 3947; x_wconf 90' lang='lat' dir='ltr'><strong>impletam,</strong></span> <span class='ocrx_word' id='word_1_538' title='bbox 1637 3876 1764 3947; x_wconf 89' lang='lat' dir='ltr'><strong>quia</strong></span> 
     </span>
    </p>
   </div>
   <div class='ocr_carea' id='block_1_65' title="bbox 205 3956 1764 4035">
    <p class='ocr_par' dir='ltr' id='par_1_65' title="bbox 205 3956 1764 4035">
     <span class='ocr_line' id='line_1_65' title="bbox 205 3956 1764 4035; baseline 0.01 -25"><span class='ocrx_word' id='word_1_539' title='bbox 205 3956 367 4016; x_wconf 90' lang='lat' dir='ltr'><strong>domus</strong></span> <span class='ocrx_word' id='word_1_540' title='bbox 394 3963 630 4030; x_wconf 85' lang='lat' dir='ltr'><strong>Domini,</strong></span> <span class='ocrx_word' id='word_1_541' title='bbox 656 3974 777 4035; x_wconf 66' lang='lat' dir='ltr'><strong>quin</strong></span> <span class='ocrx_word' id='word_1_542' title='bbox 808 3965 1061 4022; x_wconf 89' lang='lat' dir='ltr'><strong>nobiliter</strong></span> <span class='ocrx_word' id='word_1_543' title='bbox 1089 3969 1144 4022; x_wconf 92' lang='lat' dir='ltr'><strong>in</strong></span> <span class='ocrx_word' id='word_1_544' title='bbox 1173 3966 1472 4023; x_wconf 85' lang='lat' dir='ltr'><strong>Jerusalem</strong></span> <span class='ocrx_word' id='word_1_545' title='bbox 1500 3969 1764 4026; x_wconf 67' lang='lat' dir='ltr'><strong>mdilicata</strong></span> 
     </span>
    </p>
   </div>
   <div class='ocr_carea' id='block_1_66' title="bbox 198 4044 1763 4125">
    <p class='ocr_par' dir='ltr' id='par_1_66' title="bbox 198 4044 1763 4125">
     <span class='ocr_line' id='line_1_66' title="bbox 198 4044 1763 4125; baseline 0.008 -23"><span class='ocrx_word' id='word_1_546' title='bbox 198 4044 433 4120; x_wconf 74' lang='lat' dir='ltr'><strong>fulgebat,</strong></span> <span class='ocrx_word' id='word_1_547' title='bbox 480 4062 705 4125; x_wconf 87' lang='lat' dir='ltr'><strong>propter</strong></span> <span class='ocrx_word' id='word_1_548' title='bbox 752 4056 1185 4113; x_wconf 90' lang='lat' dir='ltr'><strong>incredulitatem</strong></span> <span class='ocrx_word' id='word_1_549' title='bbox 1228 4058 1444 4113; x_wconf 85' lang='lat' dir='ltr'><strong>illorum</strong></span> <span class='ocrx_word' id='word_1_550' title='bbox 1485 4061 1550 4115; x_wconf 91' lang='lat' dir='ltr'><strong>ad</strong></span> <span class='ocrx_word' id='word_1_551' title='bbox 1590 4060 1763 4115; x_wconf 91' lang='lat' dir='ltr'><strong>solum</strong></span> 
     </span>
    </p>
   </div>
   <div class='ocr_carea' id='block_1_67' title="bbox 197 4144 1764 4224">
    <p class='ocr_par' dir='ltr' id='par_1_67' title="bbox 197 4144 1764 4224">
     <span class='ocr_line' id='line_1_67' title="bbox 197 4144 1764 4224; baseline 0.008 -31"><span class='ocrx_word' id='word_1_552' title='bbox 197 4150 348 4211; x_wconf 86' lang='lat' dir='ltr'><strong>usque</strong></span> <span class='ocrx_word' id='word_1_553' title='bbox 373 4144 652 4202; x_wconf 87' lang='lat' dir='ltr'><strong>destructa</strong></span> <span class='ocrx_word' id='word_1_554' title='bbox 675 4154 761 4202; x_wconf 91' lang='lat' dir='ltr'><strong>est</strong></span> <span class='ocrx_word' id='word_1_555' title='bbox 788 4162 819 4201; x_wconf 90' lang='lat' dir='ltr'><strong>a</strong></span> <span class='ocrx_word' id='word_1_556' title='bbox 851 4144 974 4202; x_wconf 88' lang='lat' dir='ltr'><strong>Tito</strong></span> <span class='ocrx_word' id='word_1_557' title='bbox 1002 4157 1057 4203; x_wconf 91' lang='lat' dir='ltr'><strong>et</strong></span> <span class='ocrx_word' id='word_1_558' title='bbox 1084 4146 1435 4224; x_wconf 84' lang='lat' dir='ltr'><strong>Vespasiano,</strong></span> <span class='ocrx_word' id='word_1_559' title='bbox 1464 4149 1538 4204; x_wconf 90' lang='lat' dir='ltr'><strong>ita</strong></span> <span class='ocrx_word' id='word_1_560' title='bbox 1571 4159 1629 4204; x_wconf 93' lang='lat' dir='ltr'><strong>ut</strong></span> <span class='ocrx_word' id='word_1_561' title='bbox 1658 4168 1764 4206; x_wconf 89' lang='lat' dir='ltr'><strong>non</strong></span> 
     </span>
    </p>
   </div>
   <div class='ocr_carea' id='block_1_68' title="bbox 196 4232 1767 4309">
    <p class='ocr_par' dir='ltr' id='par_1_68' title="bbox 196 4232 1767 4309">
     <span class='ocr_line' id='line_1_68' title="bbox 196 4232 1767 4309; baseline 0.009 -27"><span class='ocrx_word' id='word_1_562' title='bbox 196 4232 578 4303; x_wconf 85' lang='lat' dir='ltr'><strong>relinqueretur</strong></span> <span class='ocrx_word' id='word_1_563' title='bbox 635 4238 688 4291; x_wconf 92' lang='lat' dir='ltr'><strong>in</strong></span> <span class='ocrx_word' id='word_1_564' title='bbox 731 4242 793 4293; x_wconf 78' lang='lat' dir='ltr'><strong>ea</strong></span> <span class='ocrx_word' id='word_1_565' title='bbox 836 4237 972 4308; x_wconf 90' lang='lat' dir='ltr'><strong>lapis</strong></span> <span class='ocrx_word' id='word_1_566' title='bbox 1006 4252 1169 4308; x_wconf 89' lang='lat' dir='ltr'><strong>super</strong></span> <span class='ocrx_word' id='word_1_567' title='bbox 1222 4239 1474 4309; x_wconf 86' lang='lat' dir='ltr'><strong>lapidem.</strong></span> <span class='ocrx_word' id='word_1_568' title='bbox 1516 4238 1669 4295; x_wconf 86' lang='lat' dir='ltr'><strong>Unde</strong></span> <span class='ocrx_word' id='word_1_569' title='bbox 1712 4248 1767 4296; x_wconf 92' lang='lat' dir='ltr'><strong>et</strong></span> 
     </span>
    </p>
   </div>
   <div class='ocr_carea' id='block_1_69' title="bbox 197 4312 1765 4396">
    <p class='ocr_par' dir='ltr' id='par_1_69' title="bbox 197 4312 1765 4396">
     <span class='ocr_line' id='line_1_69' title="bbox 197 4312 1765 4396; baseline 0.009 -25"><span class='ocrx_word' id='word_1_570' title='bbox 197 4319 375 4379; x_wconf 89' lang='lat' dir='ltr'><strong>dudum</strong></span> <span class='ocrx_word' id='word_1_571' title='bbox 401 4327 685 4396; x_wconf 79' lang='lat' dir='ltr'><strong>discipulis</strong></span> <span class='ocrx_word' id='word_1_572' title='bbox 698 4312 927 4384; x_wconf 85' lang='lat' dir='ltr'><strong>Domino</strong></span> <span class='ocrx_word' id='word_1_573' title='bbox 952 4326 1181 4384; x_wconf 71' lang='lat' dir='ltr'><strong>aediﬁcia</strong></span> <span class='ocrx_word' id='word_1_574' title='bbox 1207 4330 1445 4386; x_wconf 74' lang='lat' dir='ltr'><strong>civitatis</strong></span> <span class='ocrx_word' id='word_1_575' title='bbox 1472 4331 1765 4386; x_wconf 88' lang='lat' dir='ltr'><strong>ostenden-</strong></span> 
     </span>
    </p>
   </div>
   <div class='ocr_carea' id='block_1_70' title="bbox 193 4412 1793 4491">
    <p class='ocr_par' dir='ltr' id='par_1_70' title="bbox 193 4412 1793 4491">
     <span class='ocr_line' id='line_1_70' title="bbox 193 4412 1793 4491; baseline 0.009 -26"><span class='ocrx_word' id='word_1_576' title='bbox 193 4412 341 4483; x_wconf 88' lang='lat' dir='ltr'><strong>tibus,</strong></span> <span class='ocrx_word' id='word_1_577' title='bbox 355 4419 431 4474; x_wconf 83' lang='lat' dir='ltr'><strong>ait</strong></span> <span class='ocrx_word' id='word_1_578' title='bbox 454 4419 566 4476; x_wconf 85' lang='lat' dir='ltr'><strong>illis</strong></span> <span class='ocrx_word' id='word_1_579' title='bbox 592 4439 606 4476; x_wconf 92' lang='lat'><strong>:</strong></span> <span class='ocrx_word' id='word_1_580' title='bbox 627 4438 647 4472; x_wconf 86' lang='grc'><em>‹</em></span> <span class='ocrx_word' id='word_1_581' title='bbox 670 4420 877 4491; x_wconf 85' lang='lat' dir='ltr'><strong>Videtis</strong></span> <span class='ocrx_word' id='word_1_582' title='bbox 893 4424 1008 4477; x_wconf 75' lang='lat' dir='ltr'><strong>haec</strong></span> <span class='ocrx_word' id='word_1_583' title='bbox 1021 4424 1202 4478; x_wconf 89' lang='lat' dir='ltr'><strong>omnia</strong></span> <span class='ocrx_word' id='word_1_584' title='bbox 1217 4423 1425 4479; x_wconf 77' lang='lat' dir='ltr'><strong>?Amen</strong></span> <span class='ocrx_word' id='word_1_585' title='bbox 1453 4423 1575 4480; x_wconf 90' lang='lat' dir='ltr'><strong>dico</strong></span> <span class='ocrx_word' id='word_1_586' title='bbox 1590 4425 1762 4490; x_wconf 90' lang='lat' dir='ltr'><strong>vobis,</strong></span> <span class='ocrx_word' id='word_1_587' title='bbox 1792 4428 1793 4431; x_wconf 66' lang='grc'><em>“</em></span> 
     </span>
    </p>
   </div>
   <div class='ocr_carea' id='block_1_71' title="bbox 192 4511 1764 4586">
    <p class='ocr_par' dir='ltr' id='par_1_71' title="bbox 192 4511 1764 4586">
     <span class='ocr_line' id='line_1_71' title="bbox 192 4511 1764 4586; baseline 0.008 -28"><span class='ocrx_word' id='word_1_588' title='bbox 192 4520 287 4561; x_wconf 89' lang='lat' dir='ltr'><strong>non</strong></span> <span class='ocrx_word' id='word_1_589' title='bbox 329 4511 665 4584; x_wconf 64' lang='lat' dir='ltr'><strong>relint’luetur</strong></span> <span class='ocrx_word' id='word_1_590' title='bbox 707 4515 797 4571; x_wconf 84' lang='lat' dir='ltr'><strong>hic</strong></span> <span class='ocrx_word' id='word_1_591' title='bbox 840 4516 974 4586; x_wconf 91' lang='lat' dir='ltr'><strong>lapis</strong></span> <span class='ocrx_word' id='word_1_592' title='bbox 1022 4530 1187 4585; x_wconf 87' lang='lat' dir='ltr'><strong>super</strong></span> <span class='ocrx_word' id='word_1_593' title='bbox 1230 4514 1486 4586; x_wconf 88' lang='lat' dir='ltr'><strong>lapidem,</strong></span> <span class='ocrx_word' id='word_1_594' title='bbox 1522 4516 1615 4586; x_wconf 90' lang='lat' dir='ltr'><strong>qui</strong></span> <span class='ocrx_word' id='word_1_595' title='bbox 1656 4532 1764 4571; x_wconf 93' lang='lat' dir='ltr'><strong>non</strong></span> 
     </span>
    </p>
   </div>
   <div class='ocr_carea' id='block_1_72' title="bbox 191 4596 1764 4678">
    <p class='ocr_par' dir='ltr' id='par_1_72' title="bbox 191 4596 1764 4678">
     <span class='ocr_line' id='line_1_72' title="bbox 191 4596 1764 4678; baseline 0.009 -28"><span class='ocrx_word' id='word_1_596' title='bbox 191 4596 488 4659; x_wconf 82' lang='lat' dir='ltr'><strong>destruatur</strong></span> <span class='ocrx_word' id='word_1_597' title='bbox 518 4604 735 4677; x_wconf 77' lang='lat' dir='ltr'><strong>(Matth.</strong></span> <span class='ocrx_word' id='word_1_598' title='bbox 764 4606 938 4678; x_wconf 80' lang='lat' dir='ltr'><strong>xxiv).</strong></span> <span class='ocrx_word' id='word_1_599' title='bbox 970 4627 988 4659; x_wconf 74' lang='grc' dir='ltr'><strong>ι</strong></span> <span class='ocrx_word' id='word_1_600' title='bbox 1026 4605 1234 4661; x_wconf 91' lang='lat' dir='ltr'><strong>Dicitur</strong></span> <span class='ocrx_word' id='word_1_601' title='bbox 1259 4621 1532 4678; x_wconf 90' lang='lat' dir='ltr'><strong>namque:</strong></span> <span class='ocrx_word' id='word_1_602' title='bbox 1577 4626 1595 4659; x_wconf 86' lang='grc'><em>‹</em></span> <span class='ocrx_word' id='word_1_603' title='bbox 1626 4607 1764 4664; x_wconf 86' lang='lat' dir='ltr'><strong>Ecce</strong></span> 
     </span>
    </p>
   </div>
   <div class='ocr_carea' id='block_1_73' title="bbox 1868 3412 3454 3485">
    <p class='ocr_par' dir='ltr' id='par_1_73' title="bbox 1868 3412 3454 3485">
     <span class='ocr_line' id='line_1_73' title="bbox 1868 3412 3454 3485; baseline -0.001 -17"><span class='ocrx_word' id='word_1_604' title='bbox 1868 3424 2033 3485; x_wconf 89' lang='lat' dir='ltr'><strong>atque</strong></span> <span class='ocrx_word' id='word_1_605' title='bbox 2081 3412 2498 3484; x_wconf 84' lang='lat' dir='ltr'><strong>descriptionem</strong></span> <span class='ocrx_word' id='word_1_606' title='bbox 2529 3412 2822 3482; x_wconf 87' lang='lat' dir='ltr'><strong>Evangelii.</strong></span> <span class='ocrx_word' id='word_1_607' title='bbox 2867 3412 3212 3482; x_wconf 78' lang='lat' dir='ltr'><strong>Privilegium</strong></span> <span class='ocrx_word' id='word_1_608' title='bbox 3254 3414 3454 3469; x_wconf 89' lang='lat' dir='ltr'><strong>amoris</strong></span> 
     </span>
    </p>
   </div>
   <div class='ocr_carea' id='block_1_74' title="bbox 1866 3496 3455 3570">
    <p class='ocr_par' dir='ltr' id='par_1_74' title="bbox 1866 3496 3455 3570">
     <span class='ocr_line' id='line_1_74' title="bbox 1866 3496 3455 3570; baseline -0.002 -8"><span class='ocrx_word' id='word_1_609' title='bbox 1866 3506 1948 3562; x_wconf 91' lang='lat' dir='ltr'><strong>sui</strong></span> <span class='ocrx_word' id='word_1_610' title='bbox 1980 3504 2137 3561; x_wconf 90' lang='lat' dir='ltr'><strong>nobis</strong></span> <span class='ocrx_word' id='word_1_611' title='bbox 2178 3498 2544 3570; x_wconf 84' lang='lat' dir='ltr'><strong>commendat,</strong></span> <span class='ocrx_word' id='word_1_612' title='bbox 2592 3496 2723 3559; x_wconf 62' lang='lat' dir='ltr'><strong>cum‘</strong></span> <span class='ocrx_word' id='word_1_613' title='bbox 2751 3503 2883 3559; x_wconf 87' lang='lat' dir='ltr'><strong>dicit</strong></span> <span class='ocrx_word' id='word_1_614' title='bbox 2916 3522 2929 3557; x_wconf 92' lang='lat'><strong>:</strong></span> <span class='ocrx_word' id='word_1_615' title='bbox 2969 3521 2987 3555; x_wconf 76' lang='grc' dir='ltr'><strong>ι</strong></span> <span class='ocrx_word' id='word_1_616' title='bbox 3025 3502 3328 3559; x_wconf 82' lang='lat' dir='ltr'><strong>Conversus</strong></span> <span class='ocrx_word' id='word_1_617' title='bbox 3355 3500 3455 3559; x_wconf 86' lang='lat' dir='ltr'><strong>Pe-</strong></span> 
     </span>
    </p>
   </div>
   <div class='ocr_carea' id='block_1_75' title="bbox 1868 3588 3454 3666">
    <p class='ocr_par' dir='ltr' id='par_1_75' title="bbox 1868 3588 3454 3666">
     <span class='ocr_line' id='line_1_75' title="bbox 1868 3588 3454 3666; baseline 0 -13"><span class='ocrx_word' id='word_1_618' title='bbox 1868 3607 2001 3664; x_wconf 88' lang='lat' dir='ltr'><strong>trus,</strong></span> <span class='ocrx_word' id='word_1_619' title='bbox 2042 3596 2174 3652; x_wconf 89' lang='lat' dir='ltr'><strong>vidit</strong></span> <span class='ocrx_word' id='word_1_620' title='bbox 2215 3592 2365 3651; x_wconf 89' lang='lat' dir='ltr'><strong>illum</strong></span> <span class='ocrx_word' id='word_1_621' title='bbox 2410 3594 2729 3666; x_wconf 89' lang='lat' dir='ltr'><strong>discipulum</strong></span> <span class='ocrx_word' id='word_1_622' title='bbox 2772 3610 2933 3666; x_wconf 90' lang='lat' dir='ltr'><strong>quem</strong></span> <span class='ocrx_word' id='word_1_623' title='bbox 2982 3588 3239 3666; x_wconf 81' lang='lat' dir='ltr'><strong>diligebat</strong></span> <span class='ocrx_word' id='word_1_624' title='bbox 3275 3593 3454 3664; x_wconf 75' lang='lat' dir='ltr'><strong>Iesus,</strong></span> 
     </span>
    </p>
   </div>
   <div class='ocr_carea' id='block_1_76' title="bbox 1867 3676 3550 3759">
    <p class='ocr_par' dir='ltr' id='par_1_76' title="bbox 1867 3676 3550 3759">
     <span class='ocr_line' id='line_1_76' title="bbox 1867 3676 3550 3759; baseline -0.001 -14"><span class='ocrx_word' id='word_1_625' title='bbox 1867 3697 2204 3759; x_wconf 90' lang='lat' dir='ltr'><strong>sequentem.</strong></span> <span class='ocrx_word' id='word_1_626' title='bbox 2258 3707 2277 3742; x_wconf 75' lang='grc' dir='ltr'><strong>ι</strong></span> <span class='ocrx_word' id='word_1_627' title='bbox 2324 3686 2725 3743; x_wconf 83' lang='lat' dir='ltr'><strong>Resolutionem</strong></span> <span class='ocrx_word' id='word_1_628' title='bbox 2770 3687 2852 3743; x_wconf 90' lang='lat' dir='ltr'><strong>sui</strong></span> <span class='ocrx_word' id='word_1_629' title='bbox 2906 3687 3149 3759; x_wconf 89' lang='lat' dir='ltr'><strong>corporis</strong></span> <span class='ocrx_word' id='word_1_630' title='bbox 3199 3684 3455 3756; x_wconf 85' lang='lat' dir='ltr'><strong>ostendit,</strong></span> <span class='ocrx_word' id='word_1_631' title='bbox 3546 3676 3550 3679; x_wconf 58' lang='grc'><em>’</em></span> 
     </span>
    </p>
   </div>
   <div class='ocr_carea' id='block_1_77' title="bbox 1866 3777 3458 3847">
    <p class='ocr_par' dir='ltr' id='par_1_77' title="bbox 1866 3777 3458 3847">
     <span class='ocr_line' id='line_1_77' title="bbox 1866 3777 3458 3847; baseline 0.001 -12"><span class='ocrx_word' id='word_1_632' title='bbox 1866 3795 1988 3835; x_wconf 91' lang='lat' dir='ltr'><strong>cum</strong></span> <span class='ocrx_word' id='word_1_633' title='bbox 2017 3780 2130 3834; x_wconf 91' lang='lat' dir='ltr'><strong>ait:</strong></span> <span class='ocrx_word' id='word_1_634' title='bbox 2168 3798 2187 3832; x_wconf 74' lang='grc' dir='ltr'><strong>ι</strong></span> <span class='ocrx_word' id='word_1_635' title='bbox 2223 3777 2292 3833; x_wconf 88' lang='grc' dir='ltr'><strong>Ει</strong></span> <span class='ocrx_word' id='word_1_636' title='bbox 2320 3794 2424 3834; x_wconf 91' lang='lat' dir='ltr'><strong>non</strong></span> <span class='ocrx_word' id='word_1_637' title='bbox 2455 3778 2589 3833; x_wconf 83' lang='lat' dir='ltr'><strong>dixit</strong></span> <span class='ocrx_word' id='word_1_638' title='bbox 2613 3780 2663 3834; x_wconf 88' lang='lat' dir='ltr'><strong>ei</strong></span> <span class='ocrx_word' id='word_1_639' title='bbox 2693 3777 2849 3835; x_wconf 83' lang='lat' dir='ltr'><strong>Jesus</strong></span> <span class='ocrx_word' id='word_1_640' title='bbox 2873 3820 2886 3845; x_wconf 98' lang='lat'><strong>,</strong></span> <span class='ocrx_word' id='word_1_641' title='bbox 2921 3796 3028 3836; x_wconf 92' lang='lat' dir='ltr'><strong>non</strong></span> <span class='ocrx_word' id='word_1_642' title='bbox 3080 3779 3331 3847; x_wconf 88' lang='lat' dir='ltr'><strong>moritur,</strong></span> <span class='ocrx_word' id='word_1_643' title='bbox 3363 3779 3458 3837; x_wconf 88' lang='lat' dir='ltr'><strong>sed</strong></span> 
     </span>
    </p>
   </div>
   <div class='ocr_carea' id='block_1_78' title="bbox 1866 3870 3457 3946">
    <p class='ocr_par' dir='ltr' id='par_1_78' title="bbox 1866 3870 3457 3946">
     <span class='ocr_line' id='line_1_78' title="bbox 1866 3870 3457 3946; baseline 0.001 -20"><span class='ocrx_word' id='word_1_644' title='bbox 1866 3870 1945 3926; x_wconf 90' lang='lat' dir='ltr'><strong>sic</strong></span> <span class='ocrx_word' id='word_1_645' title='bbox 1977 3885 2100 3925; x_wconf 91' lang='lat' dir='ltr'><strong>eum</strong></span> <span class='ocrx_word' id='word_1_646' title='bbox 2154 3870 2275 3926; x_wconf 93' lang='lat' dir='ltr'><strong>volo</strong></span> <span class='ocrx_word' id='word_1_647' title='bbox 2324 3874 2566 3926; x_wconf 82' lang='lat' dir='ltr'><strong>manere.</strong></span> <span class='ocrx_word' id='word_1_648' title='bbox 2622 3872 2645 3923; x_wconf 73' lang='grc' dir='ltr'><strong>ι’</strong></span> <span class='ocrx_word' id='word_1_649' title='bbox 2694 3872 3121 3944; x_wconf 82' lang='lat' dir='ltr'><strong>Descriptionem</strong></span> <span class='ocrx_word' id='word_1_650' title='bbox 3159 3870 3457 3946; x_wconf 79' lang='lat' dir='ltr'><strong>Evangelii,</strong></span> 
     </span>
    </p>
   </div>
   <div class='ocr_carea' id='block_1_79' title="bbox 1867 3954 3459 4036">
    <p class='ocr_par' dir='ltr' id='par_1_79' title="bbox 1867 3954 3459 4036">
     <span class='ocr_line' id='line_1_79' title="bbox 1867 3954 3459 4036; baseline 0.003 -21"><span class='ocrx_word' id='word_1_651' title='bbox 1867 3977 1990 4016; x_wconf 88' lang='lat' dir='ltr'><strong>cum</strong></span> <span class='ocrx_word' id='word_1_652' title='bbox 2012 3959 2288 4033; x_wconf 88' lang='lat' dir='ltr'><strong>subjungit</strong></span> <span class='ocrx_word' id='word_1_653' title='bbox 2316 3980 2329 4015; x_wconf 93' lang='lat'><strong>:</strong></span> <span class='ocrx_word' id='word_1_654' title='bbox 2372 3981 2391 4014; x_wconf 77' lang='grc' dir='ltr'><strong>ι</strong></span> <span class='ocrx_word' id='word_1_655' title='bbox 2429 3959 2528 4017; x_wconf 87' lang='lat' dir='ltr'><strong>Hic</strong></span> <span class='ocrx_word' id='word_1_656' title='bbox 2548 3970 2631 4017; x_wconf 90' lang='lat' dir='ltr'><strong>est</strong></span> <span class='ocrx_word' id='word_1_657' title='bbox 2649 3963 2941 4033; x_wconf 88' lang='lat' dir='ltr'><strong>discipulus</strong></span> <span class='ocrx_word' id='word_1_658' title='bbox 2964 3963 3072 4032; x_wconf 91' lang='lat' dir='ltr'><strong>ille,</strong></span> <span class='ocrx_word' id='word_1_659' title='bbox 3099 3954 3201 4036; x_wconf 79' lang='lat' dir='ltr'><strong>qui</strong></span> <span class='ocrx_word' id='word_1_660' title='bbox 3217 3958 3459 4022; x_wconf 82' lang='lat' dir='ltr'><strong>testimo-</strong></span> 
     </span>
    </p>
   </div>
   <div class='ocr_carea' id='block_1_80' title="bbox 1865 4050 3459 4123">
    <p class='ocr_par' dir='ltr' id='par_1_80' title="bbox 1865 4050 3459 4123">
     <span class='ocr_line' id='line_1_80' title="bbox 1865 4050 3459 4123; baseline 0.003 -18"><span class='ocrx_word' id='word_1_661' title='bbox 1865 4051 2015 4106; x_wconf 91' lang='lat' dir='ltr'><strong>nium</strong></span> <span class='ocrx_word' id='word_1_662' title='bbox 2045 4051 2293 4122; x_wconf 88' lang='lat' dir='ltr'><strong>perhibet</strong></span> <span class='ocrx_word' id='word_1_663' title='bbox 2318 4050 2383 4106; x_wconf 90' lang='lat' dir='ltr'><strong>de</strong></span> <span class='ocrx_word' id='word_1_664' title='bbox 2404 4051 2508 4117; x_wconf 83' lang='lat' dir='ltr'><strong>his,</strong></span> <span class='ocrx_word' id='word_1_665' title='bbox 2538 4061 2591 4106; x_wconf 89' lang='lat' dir='ltr'><strong>et</strong></span> <span class='ocrx_word' id='word_1_666' title='bbox 2615 4052 2834 4123; x_wconf 89' lang='lat' dir='ltr'><strong>scripsit</strong></span> <span class='ocrx_word' id='word_1_667' title='bbox 2858 4054 2992 4109; x_wconf 65' lang='lat' dir='ltr'><strong>haec.</strong></span> <span class='ocrx_word' id='word_1_668' title='bbox 3035 4075 3054 4106; x_wconf 72' lang='grc' dir='ltr'><strong>ι</strong></span> <span class='ocrx_word' id='word_1_669' title='bbox 3090 4052 3203 4110; x_wconf 84' lang='lat' dir='ltr'><strong>Sed</strong></span> <span class='ocrx_word' id='word_1_670' title='bbox 3222 4062 3280 4109; x_wconf 92' lang='lat' dir='ltr'><strong>ut</strong></span> <span class='ocrx_word' id='word_1_671' title='bbox 3305 4070 3459 4111; x_wconf 88' lang='lat' dir='ltr'><strong>exor-</strong></span> 
     </span>
    </p>
   </div>
   <div class='ocr_carea' id='block_1_81' title="bbox 1868 4143 3460 4217">
    <p class='ocr_par' dir='ltr' id='par_1_81' title="bbox 1868 4143 3460 4217">
     <span class='ocr_line' id='line_1_81' title="bbox 1868 4143 3460 4217; baseline 0.001 -16"><span class='ocrx_word' id='word_1_672' title='bbox 1868 4146 1953 4201; x_wconf 90' lang='lat' dir='ltr'><strong>dia</strong></span> <span class='ocrx_word' id='word_1_673' title='bbox 1982 4145 2140 4215; x_wconf 86' lang='lat' dir='ltr'><strong>hujus</strong></span> <span class='ocrx_word' id='word_1_674' title='bbox 2166 4143 2414 4199; x_wconf 88' lang='lat' dir='ltr'><strong>lectionis</strong></span> <span class='ocrx_word' id='word_1_675' title='bbox 2440 4144 2651 4215; x_wconf 90' lang='lat' dir='ltr'><strong>plenius</strong></span> <span class='ocrx_word' id='word_1_676' title='bbox 2672 4144 2971 4217; x_wconf 83' lang='lat' dir='ltr'><strong>intelligere</strong></span> <span class='ocrx_word' id='word_1_677' title='bbox 2998 4144 3301 4214; x_wconf 72' lang='lat' dir='ltr'><strong>valeamus,</strong></span> <span class='ocrx_word' id='word_1_678' title='bbox 3329 4146 3460 4203; x_wconf 91' lang='lat' dir='ltr'><strong>libet</strong></span> 
     </span>
    </p>
   </div>
   <div class='ocr_carea' id='block_1_82' title="bbox 1866 4236 3457 4310">
    <p class='ocr_par' dir='ltr' id='par_1_82' title="bbox 1866 4236 3457 4310">
     <span class='ocr_line' id='line_1_82' title="bbox 1866 4236 3457 4310; baseline 0 -16"><span class='ocrx_word' id='word_1_679' title='bbox 1866 4239 2141 4308; x_wconf 89' lang='lat' dir='ltr'><strong>superiora</strong></span> <span class='ocrx_word' id='word_1_680' title='bbox 2157 4240 2448 4308; x_wconf 83' lang='lat' dir='ltr'><strong>parumper</strong></span> <span class='ocrx_word' id='word_1_681' title='bbox 2461 4238 2756 4294; x_wconf 82' lang='lat' dir='ltr'><strong>attendere.</strong></span> <span class='ocrx_word' id='word_1_682' title='bbox 2777 4237 2949 4310; x_wconf 88' lang='lat' dir='ltr'><strong>Supra</strong></span> <span class='ocrx_word' id='word_1_683' title='bbox 2965 4236 3304 4295; x_wconf 52' lang='lat' dir='ltr'><strong>cuiiu’r&#39;et’ulit</strong></span> <span class='ocrx_word' id='word_1_684' title='bbox 3316 4241 3457 4298; x_wconf 85' lang='lat' dir='ltr'><strong>idem</strong></span> 
     </span>
    </p>
   </div>
   <div class='ocr_carea' id='block_1_83' title="bbox 1865 4328 3456 4403">
    <p class='ocr_par' dir='ltr' id='par_1_83' title="bbox 1865 4328 3456 4403">
     <span class='ocr_line' id='line_1_83' title="bbox 1865 4328 3456 4403; baseline 0.001 -16"><span class='ocrx_word' id='word_1_685' title='bbox 1865 4331 2101 4387; x_wconf 79' lang='lat' dir='ltr'><strong>Joannes</strong></span> <span class='ocrx_word' id='word_1_686' title='bbox 2126 4328 2453 4403; x_wconf 65' lang='lat' dir='ltr'><strong>evangelista</strong></span> <span class='ocrx_word' id='word_1_687' title='bbox 2485 4332 2621 4402; x_wconf 81' lang='lat' dir='ltr'><strong>quia</strong></span> <span class='ocrx_word' id='word_1_688' title='bbox 2642 4332 2919 4403; x_wconf 86' lang='lat' dir='ltr'><strong>discipulis</strong></span> <span class='ocrx_word' id='word_1_689' title='bbox 2948 4337 3067 4403; x_wconf 83' lang='lat' dir='ltr'><strong>post</strong></span> <span class='ocrx_word' id='word_1_690' title='bbox 3100 4334 3456 4389; x_wconf 75' lang='lat' dir='ltr'><strong>resurrectio-</strong></span> 
     </span>
    </p>
   </div>
   <div class='ocr_carea' id='block_1_84' title="bbox 1866 4412 3469 4491">
    <p class='ocr_par' dir='ltr' id='par_1_84' title="bbox 1866 4412 3469 4491">
     <span class='ocr_line' id='line_1_84' title="bbox 1866 4412 3469 4491; baseline 0.001 -14"><span class='ocrx_word' id='word_1_691' title='bbox 1866 4438 1989 4478; x_wconf 89' lang='lat' dir='ltr'><strong>nem</strong></span> <span class='ocrx_word' id='word_1_692' title='bbox 2018 4421 2229 4478; x_wconf 84' lang='lat' dir='ltr'><strong>Domini</strong></span> <span class='ocrx_word' id='word_1_693' title='bbox 2257 4424 2309 4477; x_wconf 87' lang='lat' dir='ltr'><strong>in</strong></span> <span class='ocrx_word' id='word_1_694' title='bbox 2336 4420 2575 4479; x_wconf 82' lang='lat' dir='ltr'><strong>conclavi</strong></span> <span class='ocrx_word' id='word_1_695' title='bbox 2608 4425 2994 4491; x_wconf 78' lang='lat' dir='ltr'><strong>residentibus,</strong></span> <span class='ocrx_word' id='word_1_696' title='bbox 3026 4412 3165 4481; x_wconf 70' lang='lat' dir='ltr'><strong>dixit</strong></span> <span class='ocrx_word' id='word_1_697' title='bbox 3187 4427 3238 4481; x_wconf 90' lang='lat' dir='ltr'><strong>ei</strong></span> <span class='ocrx_word' id='word_1_698' title='bbox 3269 4424 3469 4480; x_wconf 87' lang='lat' dir='ltr'><strong>Simon</strong></span> 
     </span>
    </p>
   </div>
   <div class='ocr_carea' id='block_1_85' title="bbox 1868 4513 3460 4586">
    <p class='ocr_par' dir='ltr' id='par_1_85' title="bbox 1868 4513 3460 4586">
     <span class='ocr_line' id='line_1_85' title="bbox 1868 4513 3460 4586; baseline 0.002 -17"><span class='ocrx_word' id='word_1_699' title='bbox 1868 4513 2063 4570; x_wconf 88' lang='lat' dir='ltr'><strong>Petrus</strong></span> <span class='ocrx_word' id='word_1_700' title='bbox 2094 4533 2107 4568; x_wconf 88' lang='lat'><strong>:</strong></span> <span class='ocrx_word' id='word_1_701' title='bbox 2143 4515 2290 4570; x_wconf 83' lang='lat' dir='ltr'><strong>Vado</strong></span> <span class='ocrx_word' id='word_1_702' title='bbox 2336 4515 2555 4586; x_wconf 88' lang='lat' dir='ltr'><strong>piscari.</strong></span> <span class='ocrx_word' id='word_1_703' title='bbox 2584 4515 2781 4571; x_wconf 89' lang='lat' dir='ltr'><strong>Dicunt</strong></span> <span class='ocrx_word' id='word_1_704' title='bbox 2806 4520 2854 4572; x_wconf 87' lang='lat' dir='ltr'><strong>ei</strong></span> <span class='ocrx_word' id='word_1_705' title='bbox 2904 4519 2992 4572; x_wconf 89' lang='lat' dir='ltr'><strong>alii</strong></span> <span class='ocrx_word' id='word_1_706' title='bbox 3025 4516 3268 4586; x_wconf 90' lang='lat' dir='ltr'><strong>discipuli</strong></span> <span class='ocrx_word' id='word_1_707' title='bbox 3302 4535 3314 4568; x_wconf 87' lang='lat'><strong>:</strong></span> <span class='ocrx_word' id='word_1_708' title='bbox 3357 4514 3460 4572; x_wconf 83' lang='lat' dir='ltr'><strong>Ve—</strong></span> 
     </span>
    </p>
   </div>
   <div class='ocr_carea' id='block_1_86' title="bbox 1866 4594 3455 4681">
    <p class='ocr_par' dir='ltr' id='par_1_86' title="bbox 1866 4594 3455 4681">
     <span class='ocr_line' id='line_1_86' title="bbox 1866 4594 3455 4681; baseline 0.003 -21"><span class='ocrx_word' id='word_1_709' title='bbox 1866 4607 2047 4661; x_wconf 87' lang='lat' dir='ltr'><strong>nimus</strong></span> <span class='ocrx_word' id='word_1_710' title='bbox 2093 4614 2149 4661; x_wconf 92' lang='lat' dir='ltr'><strong>et</strong></span> <span class='ocrx_word' id='word_1_711' title='bbox 2189 4622 2286 4662; x_wconf 92' lang='lat' dir='ltr'><strong>nos</strong></span> <span class='ocrx_word' id='word_1_712' title='bbox 2317 4613 2510 4662; x_wconf 85' lang='lat' dir='ltr'><strong>tecum.</strong></span> <span class='ocrx_word' id='word_1_713' title='bbox 2559 4594 2821 4663; x_wconf 82' lang='lat' dir='ltr'><strong>Ascendit</strong></span> <span class='ocrx_word' id='word_1_714' title='bbox 2850 4623 2981 4681; x_wconf 84' lang='lat' dir='ltr'><strong>ergo</strong></span> <span class='ocrx_word' id='word_1_715' title='bbox 3010 4606 3194 4662; x_wconf 90' lang='lat' dir='ltr'><strong>Simon</strong></span> <span class='ocrx_word' id='word_1_716' title='bbox 3243 4605 3455 4677; x_wconf 87' lang='lat' dir='ltr'><strong>Petrus,</strong></span> 
     </span>
    </p>
   </div>
   <div class='ocr_carea' id='block_1_87' title="bbox 193 4688 3459 4770">
    <p class='ocr_par' dir='ltr' id='par_1_87' title="bbox 193 4688 3459 4770">
     <span class='ocr_line' id='line_1_87' title="bbox 193 4688 3459 4770; baseline 0.002 -21"><span class='ocrx_word' id='word_1_717' title='bbox 193 4688 515 4764; x_wconf 72' lang='lat' dir='ltr'><strong>relinquetur</strong></span> <span class='ocrx_word' id='word_1_718' title='bbox 538 4698 694 4754; x_wconf 81' lang='lat' dir='ltr'><strong>vobis</strong></span> <span class='ocrx_word' id='word_1_719' title='bbox 720 4698 913 4755; x_wconf 86' lang='lat' dir='ltr'><strong>domus</strong></span> <span class='ocrx_word' id='word_1_720' title='bbox 945 4707 1125 4754; x_wconf 90' lang='lat' dir='ltr'><strong>vestra</strong></span> <span class='ocrx_word' id='word_1_721' title='bbox 1155 4699 1388 4755; x_wconf 80' lang='lat' dir='ltr'><strong>deSerta.</strong></span> <span class='ocrx_word' id='word_1_722' title='bbox 1422 4720 1439 4752; x_wconf 76' lang='grc' dir='ltr'><strong>ι</strong></span> <span class='ocrx_word' id='word_1_723' title='bbox 1472 4702 1673 4757; x_wconf 89' lang='lat' dir='ltr'><strong>Domus</strong></span> <span class='ocrx_word' id='word_1_724' title='bbox 1702 4701 1767 4757; x_wconf 87' lang='lat' dir='ltr'><strong>il-</strong></span> <span class='ocrx_word' id='word_1_725' title='bbox 1796 4688 1844 4748; x_wconf 80' lang='grc' dir='ltr'><strong>Ι)</strong></span> <span class='ocrx_word' id='word_1_726' title='bbox 1870 4708 1926 4755; x_wconf 83' lang='grc' dir='ltr'><strong>ει</strong></span> <span class='ocrx_word' id='word_1_727' title='bbox 1953 4697 2188 4754; x_wconf 89' lang='lat' dir='ltr'><strong>Thomas</strong></span> <span class='ocrx_word' id='word_1_728' title='bbox 2222 4699 2313 4769; x_wconf 92' lang='lat' dir='ltr'><strong>qui</strong></span> <span class='ocrx_word' id='word_1_729' title='bbox 2352 4696 2551 4753; x_wconf 89' lang='lat' dir='ltr'><strong>dicitur</strong></span> <span class='ocrx_word' id='word_1_730' title='bbox 2589 4699 2868 4769; x_wconf 86' lang='lat' dir='ltr'><strong>Didymus,</strong></span> <span class='ocrx_word' id='word_1_731' title='bbox 2907 4707 2962 4752; x_wconf 92' lang='lat' dir='ltr'><strong>et</strong></span> <span class='ocrx_word' id='word_1_732' title='bbox 3019 4688 3336 4765; x_wconf 82' lang='lat' dir='ltr'><strong>Nathanael,</strong></span> <span class='ocrx_word' id='word_1_733' title='bbox 3368 4699 3459 4770; x_wconf 91' lang='lat' dir='ltr'><strong>qui</strong></span> 
     </span>
    </p>
   </div>
   <div class='ocr_carea' id='block_1_88' title="bbox 189 4779 1765 4865">
    <p class='ocr_par' dir='ltr' id='par_1_88' title="bbox 189 4779 1765 4865">
     <span class='ocr_line' id='line_1_88' title="bbox 189 4779 1765 4865; baseline 0.01 -29"><span class='ocrx_word' id='word_1_734' title='bbox 189 4779 357 4841; x_wconf 88' lang='lat' dir='ltr'><strong>lorum&#39;</strong></span> <span class='ocrx_word' id='word_1_735' title='bbox 392 4789 517 4846; x_wconf 67' lang='lat' dir='ltr'><strong>ideo</strong></span> <span class='ocrx_word' id='word_1_736' title='bbox 562 4790 778 4857; x_wconf 88' lang='lat' dir='ltr'><strong>dicitur,</strong></span> <span class='ocrx_word' id='word_1_737' title='bbox 823 4792 951 4862; x_wconf 89' lang='lat' dir='ltr'><strong>quia</strong></span> <span class='ocrx_word' id='word_1_738' title='bbox 1001 4793 1214 4847; x_wconf 86' lang='lat' dir='ltr'><strong>deserta</strong></span> <span class='ocrx_word' id='word_1_739' title='bbox 1264 4792 1450 4849; x_wconf 90' lang='lat' dir='ltr'><strong>relicta</strong></span> <span class='ocrx_word' id='word_1_740' title='bbox 1497 4803 1599 4860; x_wconf 90' lang='lat' dir='ltr'><strong>est,</strong></span> <span class='ocrx_word' id='word_1_741' title='bbox 1644 4810 1765 4865; x_wconf 71' lang='lat' dir='ltr'><strong>quae</strong></span> 
     </span>
    </p>
   </div>
   <div class='ocr_carea' id='block_1_89' title="bbox 188 4878 1765 4957">
    <p class='ocr_par' dir='ltr' id='par_1_89' title="bbox 188 4878 1765 4957">
     <span class='ocr_line' id='line_1_89' title="bbox 188 4878 1765 4957; baseline 0.005 -24"><span class='ocrx_word' id='word_1_742' title='bbox 188 4880 453 4943; x_wconf 76' lang='lat' dir='ltr'><strong>quondam</strong></span> <span class='ocrx_word' id='word_1_743' title='bbox 473 4878 668 4939; x_wconf 83' lang='lat' dir='ltr'><strong>dbmus</strong></span> <span class='ocrx_word' id='word_1_744' title='bbox 692 4884 906 4939; x_wconf 87' lang='lat' dir='ltr'><strong>Domini</strong></span> <span class='ocrx_word' id='word_1_745' title='bbox 936 4883 1235 4951; x_wconf 87' lang='lat' dir='ltr'><strong>dicebatur,</strong></span> <span class='ocrx_word' id='word_1_746' title='bbox 1266 4888 1482 4957; x_wconf 88' lang='lat' dir='ltr'><strong>quando</strong></span> <span class='ocrx_word' id='word_1_747' title='bbox 1511 4887 1687 4943; x_wconf 87' lang='lat' dir='ltr'><strong>hostia</strong></span> <span class='ocrx_word' id='word_1_748' title='bbox 1710 4897 1765 4944; x_wconf 88' lang='lat' dir='ltr'><strong>et</strong></span> 
     </span>
    </p>
   </div>
   <div class='ocr_carea' id='block_1_90' title="bbox 188 4970 1756 5041">
    <p class='ocr_par' dir='ltr' id='par_1_90' title="bbox 188 4970 1756 5041">
     <span class='ocr_line' id='line_1_90' title="bbox 188 4970 1756 5041; baseline 0.006 -20"><span class='ocrx_word' id='word_1_749' title='bbox 188 4970 445 5028; x_wconf 78' lang='lat' dir='ltr'><strong>sacriﬁcia</strong></span> <span class='ocrx_word' id='word_1_750' title='bbox 479 4974 535 5029; x_wconf 86' lang='lat' dir='ltr'><strong>in</strong></span> <span class='ocrx_word' id='word_1_751' title='bbox 561 4984 635 5031; x_wconf 75' lang='lat' dir='ltr'><strong>ea“</strong></span> <span class='ocrx_word' id='word_1_752' title='bbox 652 4973 1038 5041; x_wconf 75' lang='lat' dir='ltr'><strong>offerebantur,</strong></span> <span class='ocrx_word' id='word_1_753' title='bbox 1071 4977 1231 5031; x_wconf 90' lang='lat' dir='ltr'><strong>modo</strong></span> <span class='ocrx_word' id='word_1_754' title='bbox 1265 4995 1284 5029; x_wconf 86' lang='grc'><strong><em>‹</em></strong></span> <span class='ocrx_word' id='word_1_755' title='bbox 1312 4979 1505 5036; x_wconf 78' lang='lat' dir='ltr'><strong>domus</strong></span> <span class='ocrx_word' id='word_1_756' title='bbox 1531 4987 1709 5034; x_wconf 89' lang='lat' dir='ltr'><strong>vestra</strong></span> <span class='ocrx_word' id='word_1_757' title='bbox 1739 4998 1756 5029; x_wconf 77' lang='grc' dir='ltr'><strong>ι</strong></span> 
     </span>
    </p>
   </div>
   <div class='ocr_carea' id='block_1_91' title="bbox 189 5058 1758 5143">
    <p class='ocr_par' dir='ltr' id='par_1_91' title="bbox 189 5058 1758 5143">
     <span class='ocr_line' id='line_1_91' title="bbox 189 5058 1758 5143; baseline 0.008 -29"><span class='ocrx_word' id='word_1_758' title='bbox 189 5060 389 5130; x_wconf 87' lang='lat' dir='ltr'><strong>dicitur,</strong></span> <span class='ocrx_word' id='word_1_759' title='bbox 419 5070 550 5139; x_wconf 91' lang='lat' dir='ltr'><strong>quia</strong></span> <span class='ocrx_word' id='word_1_760' title='bbox 579 5069 792 5124; x_wconf 83' lang='lat' dir='ltr'><strong>deserta</strong></span> <span class='ocrx_word' id='word_1_761' title='bbox 824 5058 1015 5126; x_wconf 84' lang='lat' dir='ltr'><strong>relicta</strong></span> <span class='ocrx_word' id='word_1_762' title='bbox 1042 5079 1146 5127; x_wconf 90' lang='lat' dir='ltr'><strong>est.</strong></span> <span class='ocrx_word' id='word_1_763' title='bbox 1185 5070 1552 5143; x_wconf 90' lang='lat' dir='ltr'><strong>Spiritualiter</strong></span> <span class='ocrx_word' id='word_1_764' title='bbox 1580 5082 1758 5127; x_wconf 90' lang='lat' dir='ltr'><strong>autem</strong></span> 
     </span>
    </p>
   </div>
   <div class='ocr_carea' id='block_1_92' title="bbox 189 5154 1764 5233">
    <p class='ocr_par' dir='ltr' id='par_1_92' title="bbox 189 5154 1764 5233">
     <span class='ocr_line' id='line_1_92' title="bbox 189 5154 1764 5233; baseline 0.008 -28"><span class='ocrx_word' id='word_1_765' title='bbox 189 5154 696 5215; x_wconf 73' lang='lat' dir='ltr'><strong>domusJudzeorum</strong></span> <span class='ocrx_word' id='word_1_766' title='bbox 725 5162 940 5217; x_wconf 89' lang='lat' dir='ltr'><strong>deserta</strong></span> <span class='ocrx_word' id='word_1_767' title='bbox 968 5163 1155 5218; x_wconf 88' lang='lat' dir='ltr'><strong>relicta</strong></span> <span class='ocrx_word' id='word_1_768' title='bbox 1183 5171 1288 5229; x_wconf 91' lang='lat' dir='ltr'><strong>est,</strong></span> <span class='ocrx_word' id='word_1_769' title='bbox 1314 5164 1439 5233; x_wconf 90' lang='lat' dir='ltr'><strong>quia</strong></span> <span class='ocrx_word' id='word_1_770' title='bbox 1470 5162 1575 5217; x_wconf 92' lang='lat' dir='ltr'><strong>illis</strong></span> <span class='ocrx_word' id='word_1_771' title='bbox 1601 5164 1655 5217; x_wconf 92' lang='lat' dir='ltr'><strong>in</strong></span> <span class='ocrx_word' id='word_1_772' title='bbox 1683 5163 1764 5217; x_wconf 92' lang='lat' dir='ltr'><strong>in-</strong></span> 
     </span>
    </p>
   </div>
   <div class='ocr_carea' id='block_1_93' title="bbox 190 5247 1766 5323">
    <p class='ocr_par' dir='ltr' id='par_1_93' title="bbox 190 5247 1766 5323">
     <span class='ocr_line' id='line_1_93' title="bbox 190 5247 1766 5323; baseline 0.008 -26"><span class='ocrx_word' id='word_1_773' title='bbox 190 5247 495 5307; x_wconf 87' lang='lat' dir='ltr'><strong>credulitate</strong></span> <span class='ocrx_word' id='word_1_774' title='bbox 534 5254 1043 5323; x_wconf 83' lang='lat' dir='ltr'><strong>pet‘severantibus,</strong></span> <span class='ocrx_word' id='word_1_775' title='bbox 1088 5254 1360 5310; x_wconf 88' lang='lat' dir='ltr'><strong>Christqu</strong></span> <span class='ocrx_word' id='word_1_776' title='bbox 1411 5255 1465 5309; x_wconf 90' lang='lat' dir='ltr'><strong>in</strong></span> <span class='ocrx_word' id='word_1_777' title='bbox 1513 5253 1766 5310; x_wconf 87' lang='lat' dir='ltr'><strong>cordibus</strong></span> 
     </span>
    </p>
   </div>
   <div class='ocr_carea' id='block_1_94' title="bbox 189 5340 1768 5419">
    <p class='ocr_par' dir='ltr' id='par_1_94' title="bbox 189 5340 1768 5419">
     <span class='ocr_line' id='line_1_94' title="bbox 189 5340 1768 5419; baseline 0.007 -27"><span class='ocrx_word' id='word_1_778' title='bbox 189 5340 290 5394; x_wconf 86' lang='lat' dir='ltr'><strong>suis</strong></span> <span class='ocrx_word' id='word_1_779' title='bbox 332 5344 609 5417; x_wconf 68' lang='lat' dir='ltr'><strong>hospitem‘</strong></span> <span class='ocrx_word' id='word_1_780' title='bbox 641 5356 744 5401; x_wconf 87' lang='lat' dir='ltr'><strong>non</strong></span> <span class='ocrx_word' id='word_1_781' title='bbox 788 5356 1161 5417; x_wconf 86' lang='lat' dir='ltr'><strong>susceperunt,</strong></span> <span class='ocrx_word' id='word_1_782' title='bbox 1212 5349 1306 5419; x_wconf 87' lang='lat' dir='ltr'><strong>qui</strong></span> <span class='ocrx_word' id='word_1_783' title='bbox 1346 5349 1463 5403; x_wconf 91' lang='lat' dir='ltr'><strong>ait:</strong></span> <span class='ocrx_word' id='word_1_784' title='bbox 1499 5367 1517 5400; x_wconf 75' lang='grc' dir='ltr'><strong>ι</strong></span> <span class='ocrx_word' id='word_1_785' title='bbox 1550 5348 1661 5419; x_wconf 88' lang='lat' dir='ltr'><strong>Ego</strong></span> <span class='ocrx_word' id='word_1_786' title='bbox 1700 5348 1768 5403; x_wconf 90' lang='lat' dir='ltr'><strong>ad</strong></span> 
     </span>
    </p>
   </div>
   <div class='ocr_carea' id='block_1_95' title="bbox 189 5432 1770 5511">
    <p class='ocr_par' dir='ltr' id='par_1_95' title="bbox 189 5432 1770 5511">
     <span class='ocr_line' id='line_1_95' title="bbox 189 5432 1770 5511; baseline 0.007 -27"><span class='ocrx_word' id='word_1_787' title='bbox 189 5432 370 5489; x_wconf 90' lang='lat' dir='ltr'><strong>ostium</strong></span> <span class='ocrx_word' id='word_1_788' title='bbox 398 5447 496 5493; x_wconf 77' lang='lat' dir='ltr'><strong>sto</strong></span> <span class='ocrx_word' id='word_1_789' title='bbox 514 5446 571 5494; x_wconf 86' lang='lat' dir='ltr'><strong>et</strong></span> <span class='ocrx_word' id='word_1_790' title='bbox 597 5440 799 5511; x_wconf 88' lang='lat' dir='ltr'><strong>pulso;&#39;</strong></span> <span class='ocrx_word' id='word_1_791' title='bbox 824 5441 871 5496; x_wconf 85' lang='lat' dir='ltr'><strong>si</strong></span> <span class='ocrx_word' id='word_1_792' title='bbox 902 5441 1024 5510; x_wconf 91' lang='lat' dir='ltr'><strong>quis</strong></span> <span class='ocrx_word' id='word_1_793' title='bbox 1056 5442 1336 5510; x_wconf 86' lang='lat' dir='ltr'><strong>aperuerit</strong></span> <span class='ocrx_word' id='word_1_794' title='bbox 1360 5441 1523 5507; x_wconf 88' lang='lat' dir='ltr'><strong>mihi,</strong></span> <span class='ocrx_word' id='word_1_795' title='bbox 1554 5440 1770 5495; x_wconf 87' lang='lat' dir='ltr'><strong>intrabo</strong></span> 
     </span>
    </p>
   </div>
   <div class='ocr_carea' id='block_1_96' title="bbox 189 5520 1767 5603">
    <p class='ocr_par' dir='ltr' id='par_1_96' title="bbox 189 5520 1767 5603">
     <span class='ocr_line' id='line_1_96' title="bbox 189 5520 1767 5603; baseline 0.006 -28"><span class='ocrx_word' id='word_1_796' title='bbox 189 5520 249 5575; x_wconf 85' lang='lat' dir='ltr'><strong>ad</strong></span> <span class='ocrx_word' id='word_1_797' title='bbox 272 5522 441 5594; x_wconf 88' lang='lat' dir='ltr'><strong>illum,</strong></span> <span class='ocrx_word' id='word_1_798' title='bbox 474 5537 528 5583; x_wconf 88' lang='lat' dir='ltr'><strong>et</strong></span> <span class='ocrx_word' id='word_1_799' title='bbox 554 5531 785 5586; x_wconf 72' lang='lat' dir='ltr'><strong>cmnabo</strong></span> <span class='ocrx_word' id='word_1_800' title='bbox 817 5544 940 5585; x_wconf 92' lang='lat' dir='ltr'><strong>cum</strong></span> <span class='ocrx_word' id='word_1_801' title='bbox 972 5530 1084 5596; x_wconf 86' lang='lat' dir='ltr'><strong>illo,</strong></span> <span class='ocrx_word' id='word_1_802' title='bbox 1121 5538 1175 5584; x_wconf 90' lang='lat' dir='ltr'><strong>ct</strong></span> <span class='ocrx_word' id='word_1_803' title='bbox 1213 5530 1302 5585; x_wconf 89' lang='lat' dir='ltr'><strong>ille</strong></span> <span class='ocrx_word' id='word_1_804' title='bbox 1338 5546 1548 5586; x_wconf 86' lang='lat' dir='ltr'><strong>mecum</strong></span> <span class='ocrx_word' id='word_1_805' title='bbox 1584 5528 1767 5603; x_wconf 77' lang='lat' dir='ltr'><strong>(Apoc.</strong></span> 
     </span>
    </p>
   </div>
   <div class='ocr_carea' id='block_1_97' title="bbox 189 5615 1773 5696">
    <p class='ocr_par' dir='ltr' id='par_1_97' title="bbox 189 5615 1773 5696">
     <span class='ocr_line' id='line_1_97' title="bbox 189 5615 1773 5696; baseline 0.009 -30"><span class='ocrx_word' id='word_1_806' title='bbox 189 5615 283 5685; x_wconf 91' lang='lat' dir='ltr'>III).</span> <span class='ocrx_word' id='word_1_807' title='bbox 311 5637 329 5670; x_wconf 74' lang='grc' dir='ltr'><strong>ι</strong></span> <span class='ocrx_word' id='word_1_808' title='bbox 369 5620 591 5693; x_wconf 63' lang='lat' dir='ltr'><strong>lmphata</strong></span> <span class='ocrx_word' id='word_1_809' title='bbox 621 5633 705 5680; x_wconf 86' lang='lat' dir='ltr'><strong>est</strong></span> <span class='ocrx_word' id='word_1_810' title='bbox 745 5625 1029 5696; x_wconf 88' lang='lat' dir='ltr'><strong>prophetia</strong></span> <span class='ocrx_word' id='word_1_811' title='bbox 1058 5623 1305 5680; x_wconf 65' lang='lat' dir='ltr'><strong>Jeremiaa</strong></span> <span class='ocrx_word' id='word_1_812' title='bbox 1333 5625 1563 5680; x_wconf 88' lang='lat' dir='ltr'><strong>dicentis</strong></span> <span class='ocrx_word' id='word_1_813' title='bbox 1589 5643 1602 5679; x_wconf 93' lang='lat'><strong>:</strong></span> <span class='ocrx_word' id='word_1_814' title='bbox 1634 5624 1773 5681; x_wconf 84' lang='lat' dir='ltr'><strong>Reli-</strong></span> 
     </span>
    </p>
   </div>
   <div class='ocr_carea' id='block_1_98' title="bbox 188 5706 1771 5791">
    <p class='ocr_par' dir='ltr' id='par_1_98' title="bbox 188 5706 1771 5791">
     <span class='ocr_line' id='line_1_98' title="bbox 188 5706 1771 5791; baseline 0.003 -25"><span class='ocrx_word' id='word_1_815' title='bbox 188 5706 512 5775; x_wconf 64' lang='lat' dir='ltr'><strong>Q‘tlidomum</strong></span> <span class='ocrx_word' id='word_1_816' title='bbox 548 5728 751 5783; x_wconf 89' lang='lat' dir='ltr'><strong>meam,</strong></span> <span class='ocrx_word' id='word_1_817' title='bbox 777 5718 957 5773; x_wconf 84' lang='lat' dir='ltr'><strong>dimisi</strong></span> <span class='ocrx_word' id='word_1_818' title='bbox 995 5718 1364 5772; x_wconf 79' lang='lat' dir='ltr'><strong>luereditatein</strong></span> <span class='ocrx_word' id='word_1_819' title='bbox 1402 5730 1597 5791; x_wconf 76' lang='lat' dir='ltr'><strong>meam,</strong></span> <span class='ocrx_word' id='word_1_820' title='bbox 1630 5714 1771 5772; x_wconf 80' lang='lat' dir='ltr'><strong>facta</strong></span> 
     </span>
    </p>
   </div>
   <div class='ocr_carea' id='block_1_99' title="bbox 186 5804 1785 5883">
    <p class='ocr_par' dir='ltr' id='par_1_99' title="bbox 186 5804 1785 5883">
     <span class='ocr_line' id='line_1_99' title="bbox 186 5804 1785 5883; baseline 0.008 -29"><span class='ocrx_word' id='word_1_821' title='bbox 186 5809 261 5855; x_wconf 83' lang='lat' dir='ltr'><strong>est</strong></span> <span class='ocrx_word' id='word_1_822' title='bbox 285 5804 419 5862; x_wconf 88' lang='lat' dir='ltr'><strong>mihi</strong></span> <span class='ocrx_word' id='word_1_823' title='bbox 449 5808 738 5868; x_wconf 69' lang='lat' dir='ltr'><strong>haereditas</strong></span> <span class='ocrx_word' id='word_1_824' title='bbox 766 5826 884 5867; x_wconf 89' lang='lat' dir='ltr'><strong>mea</strong></span> <span class='ocrx_word' id='word_1_825' title='bbox 907 5812 1061 5883; x_wconf 91' lang='lat' dir='ltr'><strong>quasi</strong></span> <span class='ocrx_word' id='word_1_826' title='bbox 1094 5811 1348 5883; x_wconf 88' lang='lat' dir='ltr'><strong>spelunca</strong></span> <span class='ocrx_word' id='word_1_827' title='bbox 1377 5812 1603 5883; x_wconf 69' lang='lat' dir='ltr'><strong>hyienze,</strong></span> <span class='ocrx_word' id='word_1_828' title='bbox 1631 5806 1785 5883; x_wconf 79' lang='lat' dir='ltr'><strong>quod</strong></span> 
     </span>
    </p>
   </div>
   <div class='ocr_carea' id='block_1_100' title="bbox 185 5902 1773 5974">
    <p class='ocr_par' dir='ltr' id='par_1_100' title="bbox 185 5902 1773 5974">
     <span class='ocr_line' id='line_1_100' title="bbox 185 5902 1773 5974; baseline 0.005 -21"><span class='ocrx_word' id='word_1_829' title='bbox 185 5902 260 5948; x_wconf 67' lang='grc' dir='ltr'><strong>εει</strong></span> <span class='ocrx_word' id='word_1_830' title='bbox 285 5912 512 5967; x_wconf 85' lang='lat' dir='ltr'><strong>parvum</strong></span> <span class='ocrx_word' id='word_1_831' title='bbox 544 5904 786 5974; x_wconf 85' lang='lat' dir='ltr'><strong>quidem,</strong></span> <span class='ocrx_word' id='word_1_832' title='bbox 813 5906 909 5962; x_wconf 89' lang='lat' dir='ltr'><strong>sed</strong></span> <span class='ocrx_word' id='word_1_833' title='bbox 947 5906 1208 5961; x_wconf 89' lang='lat' dir='ltr'><strong>rusticum</strong></span> <span class='ocrx_word' id='word_1_834' title='bbox 1240 5904 1464 5973; x_wconf 87' lang='lat' dir='ltr'><strong>animal,</strong></span> <span class='ocrx_word' id='word_1_835' title='bbox 1500 5914 1657 5961; x_wconf 90' lang='lat' dir='ltr'><strong>nocte</strong></span> <span class='ocrx_word' id='word_1_836' title='bbox 1686 5920 1773 5960; x_wconf 90' lang='lat' dir='ltr'><strong>se-</strong></span> 
     </span>
    </p>
   </div>
   <div class='ocr_carea' id='block_1_101' title="bbox 1870 4776 3457 4857">
    <p class='ocr_par' dir='ltr' id='par_1_101' title="bbox 1870 4776 3457 4857">
     <span class='ocr_line' id='line_1_101' title="bbox 1870 4776 3457 4857; baseline 0.001 -11"><span class='ocrx_word' id='word_1_837' title='bbox 1870 4797 1989 4846; x_wconf 87' lang='lat' dir='ltr'><strong>erat</strong></span> <span class='ocrx_word' id='word_1_838' title='bbox 2030 4806 2061 4844; x_wconf 91' lang='lat' dir='ltr'><strong>a</strong></span> <span class='ocrx_word' id='word_1_839' title='bbox 2104 4786 2251 4845; x_wconf 88' lang='lat' dir='ltr'><strong>Cana</strong></span> <span class='ocrx_word' id='word_1_840' title='bbox 2304 4787 2560 4854; x_wconf 66' lang='lat' dir='ltr'><strong>Galilreaa,</strong></span> <span class='ocrx_word' id='word_1_841' title='bbox 2612 4790 2667 4845; x_wconf 87' lang='lat' dir='ltr'><strong>et</strong></span> <span class='ocrx_word' id='word_1_842' title='bbox 2696 4786 2788 4843; x_wconf 85' lang='lat' dir='ltr'><strong>lilii</strong></span> <span class='ocrx_word' id='word_1_843' title='bbox 2829 4776 3095 4857; x_wconf 64' lang='lat' dir='ltr'><strong>Zcbedaai,</strong></span> <span class='ocrx_word' id='word_1_844' title='bbox 3141 4800 3195 4846; x_wconf 91' lang='lat' dir='ltr'><strong>et</strong></span> <span class='ocrx_word' id='word_1_845' title='bbox 3244 4791 3333 4846; x_wconf 88' lang='lat' dir='ltr'><strong>alii</strong></span> <span class='ocrx_word' id='word_1_846' title='bbox 3392 4808 3457 4847; x_wconf 86' lang='grc' dir='ltr'><strong>εχ</strong></span> 
     </span>
    </p>
   </div>
   <div class='ocr_carea' id='block_1_102' title="bbox 1870 4866 3461 4955">
    <p class='ocr_par' dir='ltr' id='par_1_102' title="bbox 1870 4866 3461 4955">
     <span class='ocr_line' id='line_1_102' title="bbox 1870 4866 3461 4955; baseline 0.001 -16"><span class='ocrx_word' id='word_1_847' title='bbox 1870 4882 2148 4953; x_wconf 84' lang='lat' dir='ltr'><strong>discipulis</strong></span> <span class='ocrx_word' id='word_1_848' title='bbox 2174 4882 2291 4951; x_wconf 83' lang='lat' dir='ltr'><strong>ejus</strong></span> <span class='ocrx_word' id='word_1_849' title='bbox 2319 4881 2444 4937; x_wconf 91' lang='lat' dir='ltr'><strong>duo.</strong></span> <span class='ocrx_word' id='word_1_850' title='bbox 2479 4880 2586 4937; x_wconf 91' lang='lat' dir='ltr'><strong>lllis</strong></span> <span class='ocrx_word' id='word_1_851' title='bbox 2619 4880 2820 4937; x_wconf 78' lang='lat' dir='ltr'><strong>frustra</strong></span> <span class='ocrx_word' id='word_1_852' title='bbox 2854 4866 2973 4937; x_wconf 26' lang='lat' dir='ltr'><strong>tota,</strong></span> <span class='ocrx_word' id='word_1_853' title='bbox 2989 4893 3145 4940; x_wconf 92' lang='lat' dir='ltr'><strong>nocte</strong></span> <span class='ocrx_word' id='word_1_854' title='bbox 3171 4884 3224 4940; x_wconf 91' lang='lat' dir='ltr'><strong>in</strong></span> <span class='ocrx_word' id='word_1_855' title='bbox 3253 4882 3461 4955; x_wconf 86' lang='lat' dir='ltr'><strong>piscan-</strong></span> 
     </span>
    </p>
   </div>
   <div class='ocr_carea' id='block_1_103' title="bbox 1870 4972 3457 5043">
    <p class='ocr_par' dir='ltr' id='par_1_103' title="bbox 1870 4972 3457 5043">
     <span class='ocr_line' id='line_1_103' title="bbox 1870 4972 3457 5043; baseline 0.002 -13"><span class='ocrx_word' id='word_1_856' title='bbox 1870 4976 1938 5030; x_wconf 90' lang='lat' dir='ltr'><strong>do</strong></span> <span class='ocrx_word' id='word_1_857' title='bbox 1958 4974 2349 5041; x_wconf 89' lang='lat' dir='ltr'><strong>laborantibus,</strong></span> <span class='ocrx_word' id='word_1_858' title='bbox 2381 4988 2540 5028; x_wconf 89' lang='lat' dir='ltr'><strong>mane</strong></span> <span class='ocrx_word' id='word_1_859' title='bbox 2577 4972 2725 5029; x_wconf 89' lang='lat' dir='ltr'><strong>stetit</strong></span> <span class='ocrx_word' id='word_1_860' title='bbox 2747 4973 2903 5030; x_wconf 84' lang='lat' dir='ltr'><strong>Jesus</strong></span> <span class='ocrx_word' id='word_1_861' title='bbox 2935 4977 2986 5030; x_wconf 92' lang='lat' dir='ltr'><strong>in</strong></span> <span class='ocrx_word' id='word_1_862' title='bbox 3012 4976 3209 5043; x_wconf 86' lang='lat' dir='ltr'><strong>littore,</strong></span> <span class='ocrx_word' id='word_1_863' title='bbox 3240 4992 3457 5033; x_wconf 88' lang='lat' dir='ltr'><strong>eorum-</strong></span> 
     </span>
    </p>
   </div>
   <div class='ocr_carea' id='block_1_104' title="bbox 1869 5062 3457 5143">
    <p class='ocr_par' dir='ltr' id='par_1_104' title="bbox 1869 5062 3457 5143">
     <span class='ocr_line' id='line_1_104' title="bbox 1869 5062 3457 5143; baseline 0.006 -24"><span class='ocrx_word' id='word_1_864' title='bbox 1869 5083 1973 5137; x_wconf 85' lang='lat' dir='ltr'><strong>que</strong></span> <span class='ocrx_word' id='word_1_865' title='bbox 2002 5074 2118 5121; x_wconf 86' lang='lat' dir='ltr'><strong>rete</strong></span> <span class='ocrx_word' id='word_1_866' title='bbox 2139 5067 2358 5137; x_wconf 85' lang='lat' dir='ltr'><strong>copiosa</strong></span> <span class='ocrx_word' id='word_1_867' title='bbox 2383 5062 2727 5123; x_wconf 87' lang='lat' dir='ltr'><strong>multitudine</strong></span> <span class='ocrx_word' id='word_1_868' title='bbox 2748 5068 2976 5138; x_wconf 85' lang='lat' dir='ltr'><strong>piscium</strong></span> <span class='ocrx_word' id='word_1_869' title='bbox 3001 5070 3243 5141; x_wconf 89' lang='lat' dir='ltr'><strong>replevit.</strong></span> <span class='ocrx_word' id='word_1_870' title='bbox 3261 5064 3457 5143; x_wconf 87' lang='lat' dir='ltr'><strong>Egres-</strong></span> 
     </span>
    </p>
   </div>
   <div class='ocr_carea' id='block_1_105' title="bbox 1869 5150 3527 5236">
    <p class='ocr_par' dir='ltr' id='par_1_105' title="bbox 1869 5150 3527 5236">
     <span class='ocr_line' id='line_1_105' title="bbox 1869 5150 3527 5236; baseline 0.005 -22"><span class='ocrx_word' id='word_1_871' title='bbox 1869 5159 2051 5228; x_wconf 78' lang='lat' dir='ltr'><strong>sisque</strong></span> <span class='ocrx_word' id='word_1_872' title='bbox 2099 5158 2205 5215; x_wconf 88' lang='lat' dir='ltr'><strong>illis</strong></span> <span class='ocrx_word' id='word_1_873' title='bbox 2239 5160 2305 5215; x_wconf 92' lang='lat' dir='ltr'><strong>ad</strong></span> <span class='ocrx_word' id='word_1_874' title='bbox 2352 5169 2576 5227; x_wconf 90' lang='lat' dir='ltr'><strong>terram,</strong></span> <span class='ocrx_word' id='word_1_875' title='bbox 2609 5160 2685 5215; x_wconf 88' lang='lat' dir='ltr'><strong>ait</strong></span> <span class='ocrx_word' id='word_1_876' title='bbox 2727 5178 2741 5215; x_wconf 93' lang='lat'><strong>:</strong></span> <span class='ocrx_word' id='word_1_877' title='bbox 2796 5150 3016 5228; x_wconf 67' lang='lat' dir='ltr'><strong>Venite,</strong></span> <span class='ocrx_word' id='word_1_878' title='bbox 3070 5156 3350 5236; x_wconf 77' lang='lat' dir='ltr'><strong>prandete.</strong></span> <span class='ocrx_word' id='word_1_879' title='bbox 3402 5166 3460 5222; x_wconf 92' lang='lat' dir='ltr'><strong>ln</strong></span> <span class='ocrx_word' id='word_1_880' title='bbox 3524 5201 3527 5204; x_wconf 54' lang='grc' dir='ltr'>ν</span> 
     </span>
    </p>
   </div>
   <div class='ocr_carea' id='block_1_106' title="bbox 1871 5242 3462 5324">
    <p class='ocr_par' dir='ltr' id='par_1_106' title="bbox 1871 5242 3462 5324">
     <span class='ocr_line' id='line_1_106' title="bbox 1871 5242 3462 5324; baseline 0.004 -17"><span class='ocrx_word' id='word_1_881' title='bbox 1871 5268 1979 5322; x_wconf 88' lang='lat' dir='ltr'><strong>quo</strong></span> <span class='ocrx_word' id='word_1_882' title='bbox 2015 5252 2241 5324; x_wconf 87' lang='lat' dir='ltr'><strong>prandio</strong></span> <span class='ocrx_word' id='word_1_883' title='bbox 2272 5251 2531 5307; x_wconf 91' lang='lat' dir='ltr'><strong>Dominus</strong></span> <span class='ocrx_word' id='word_1_884' title='bbox 2569 5251 2787 5310; x_wconf 88' lang='lat' dir='ltr'><strong>Petrum</strong></span> <span class='ocrx_word' id='word_1_885' title='bbox 2818 5246 2899 5311; x_wconf 72' lang='lat' dir='ltr'><strong>ter</strong></span> <span class='ocrx_word' id='word_1_886' title='bbox 2926 5252 2992 5310; x_wconf 81' lang='lat' dir='ltr'><strong>an</strong></span> <span class='ocrx_word' id='word_1_887' title='bbox 3022 5246 3089 5314; x_wconf 26' lang='lat' dir='ltr'><strong>se.</strong></span> <span class='ocrx_word' id='word_1_888' title='bbox 3129 5242 3337 5313; x_wconf 86' lang='lat' dir='ltr'><strong>amaret</strong></span> <span class='ocrx_word' id='word_1_889' title='bbox 3381 5259 3462 5313; x_wconf 90' lang='lat' dir='ltr'><strong>in-</strong></span> 
     </span>
    </p>
   </div>
   <div class='ocr_carea' id='block_1_107' title="bbox 1873 5344 3458 5419">
    <p class='ocr_par' dir='ltr' id='par_1_107' title="bbox 1873 5344 3458 5419">
     <span class='ocr_line' id='line_1_107' title="bbox 1873 5344 3458 5419; baseline 0.004 -20"><span class='ocrx_word' id='word_1_890' title='bbox 1873 5345 2186 5416; x_wconf 81' lang='lat' dir='ltr'><strong>terrogavit.</strong></span> <span class='ocrx_word' id='word_1_891' title='bbox 2217 5344 2335 5409; x_wconf 88' lang='lat' dir='ltr'><strong>Cui,</strong></span> <span class='ocrx_word' id='word_1_892' title='bbox 2360 5350 2481 5413; x_wconf 85' lang='lat' dir='ltr'><strong>post</strong></span> <span class='ocrx_word' id='word_1_893' title='bbox 2508 5346 2706 5401; x_wconf 89' lang='lat' dir='ltr'><strong>trinam</strong></span> <span class='ocrx_word' id='word_1_894' title='bbox 2738 5344 3103 5419; x_wconf 87' lang='lat' dir='ltr'><strong>negationem,</strong></span> <span class='ocrx_word' id='word_1_895' title='bbox 3137 5350 3295 5407; x_wconf 88' lang='lat' dir='ltr'><strong>tertio</strong></span> <span class='ocrx_word' id='word_1_896' title='bbox 3327 5366 3458 5407; x_wconf 89' lang='lat' dir='ltr'><strong>con-</strong></span> 
     </span>
    </p>
   </div>
   <div class='ocr_carea' id='block_1_108' title="bbox 1877 5436 3460 5503">
    <p class='ocr_par' dir='ltr' id='par_1_108' title="bbox 1877 5436 3460 5503">
     <span class='ocr_line' id='line_1_108' title="bbox 1877 5436 3460 5503; baseline 0.003 -12"><span class='ocrx_word' id='word_1_897' title='bbox 1877 5436 2047 5491; x_wconf 88' lang='lat' dir='ltr'><strong>litenti</strong></span> <span class='ocrx_word' id='word_1_898' title='bbox 2075 5452 2229 5490; x_wconf 90' lang='lat' dir='ltr'><strong>suum</strong></span> <span class='ocrx_word' id='word_1_899' title='bbox 2256 5451 2518 5503; x_wconf 88' lang='lat' dir='ltr'><strong>amorem,</strong></span> <span class='ocrx_word' id='word_1_900' title='bbox 2546 5439 2706 5494; x_wconf 89' lang='lat' dir='ltr'><strong>tertio</strong></span> <span class='ocrx_word' id='word_1_901' title='bbox 2737 5456 2862 5496; x_wconf 89' lang='lat' dir='ltr'><strong>suas</strong></span> <span class='ocrx_word' id='word_1_902' title='bbox 2888 5456 3018 5497; x_wconf 83' lang='lat' dir='ltr'><strong>oves</strong></span> <span class='ocrx_word' id='word_1_903' title='bbox 3043 5442 3091 5497; x_wconf 89' lang='lat' dir='ltr'><strong>ei</strong></span> <span class='ocrx_word' id='word_1_904' title='bbox 3118 5442 3460 5498; x_wconf 86' lang='lat' dir='ltr'><strong>commenda-</strong></span> 
     </span>
    </p>
   </div>
   <div class='ocr_carea' id='block_1_109' title="bbox 1876 5518 3459 5602">
    <p class='ocr_par' dir='ltr' id='par_1_109' title="bbox 1876 5518 3459 5602">
     <span class='ocr_line' id='line_1_109' title="bbox 1876 5518 3459 5602; baseline 0.001 -19"><span class='ocrx_word' id='word_1_905' title='bbox 1876 5528 1976 5593; x_wconf 91' lang='lat' dir='ltr'><strong>vit,</strong></span> <span class='ocrx_word' id='word_1_906' title='bbox 2024 5527 2209 5582; x_wconf 87' lang='lat' dir='ltr'><strong>dicens</strong></span> <span class='ocrx_word' id='word_1_907' title='bbox 2243 5545 2255 5580; x_wconf 90' lang='lat'><strong>:</strong></span> <span class='ocrx_word' id='word_1_908' title='bbox 2296 5525 2352 5581; x_wconf 93' lang='lat' dir='ltr'><strong>Si</strong></span> <span class='ocrx_word' id='word_1_909' title='bbox 2405 5524 2583 5601; x_wconf 87' lang='lat' dir='ltr'><strong>diligis</strong></span> <span class='ocrx_word' id='word_1_910' title='bbox 2615 5532 2731 5596; x_wconf 85' lang='lat' dir='ltr'><strong>me,</strong></span> <span class='ocrx_word' id='word_1_911' title='bbox 2764 5518 2937 5602; x_wconf 32' lang='lat' dir='ltr'><strong>pasce.</strong></span> <span class='ocrx_word' id='word_1_912' title='bbox 2957 5548 3085 5589; x_wconf 91' lang='lat' dir='ltr'><strong>oves</strong></span> <span class='ocrx_word' id='word_1_913' title='bbox 3132 5549 3312 5598; x_wconf 88' lang='lat' dir='ltr'><strong>meas,</strong></span> <span class='ocrx_word' id='word_1_914' title='bbox 3347 5532 3459 5586; x_wconf 87' lang='lat' dir='ltr'><strong>sive</strong></span> 
     </span>
    </p>
   </div>
   <div class='ocr_carea' id='block_1_110' title="bbox 1874 5612 3456 5698">
    <p class='ocr_par' dir='ltr' id='par_1_110' title="bbox 1874 5612 3456 5698">
     <span class='ocr_line' id='line_1_110' title="bbox 1874 5612 3456 5698; baseline 0.001 -20"><span class='ocrx_word' id='word_1_915' title='bbox 1874 5638 2044 5696; x_wconf 88' lang='lat' dir='ltr'><strong>agnos</strong></span> <span class='ocrx_word' id='word_1_916' title='bbox 2071 5622 2238 5677; x_wconf 81' lang='lat' dir='ltr'><strong>meos.</strong></span> <span class='ocrx_word' id='word_1_917' title='bbox 2284 5612 2413 5679; x_wconf 82' lang='lat' dir='ltr'><strong>Post</strong></span> <span class='ocrx_word' id='word_1_918' title='bbox 2448 5625 2970 5681; x_wconf 88' lang='lat' dir='ltr'><strong>commendationem</strong></span> <span class='ocrx_word' id='word_1_919' title='bbox 3011 5641 3226 5698; x_wconf 91' lang='lat' dir='ltr'><strong>quoque</strong></span> <span class='ocrx_word' id='word_1_920' title='bbox 3254 5624 3456 5692; x_wconf 90' lang='lat' dir='ltr'><strong>ovium,</strong></span> 
     </span>
    </p>
   </div>
   <div class='ocr_carea' id='block_1_111' title="bbox 1874 5708 3458 5790">
    <p class='ocr_par' dir='ltr' id='par_1_111' title="bbox 1874 5708 3458 5790">
     <span class='ocr_line' id='line_1_111' title="bbox 1874 5708 3458 5790; baseline 0.001 -18"><span class='ocrx_word' id='word_1_921' title='bbox 1874 5716 2003 5787; x_wconf 88' lang='lat' dir='ltr'><strong>quid</strong></span> <span class='ocrx_word' id='word_1_922' title='bbox 2057 5732 2156 5788; x_wconf 88' lang='lat' dir='ltr'><strong>pro</strong></span> <span class='ocrx_word' id='word_1_923' title='bbox 2202 5716 2405 5772; x_wconf 86' lang='lat' dir='ltr'><strong>eisdem</strong></span> <span class='ocrx_word' id='word_1_924' title='bbox 2466 5719 2658 5774; x_wconf 90' lang='lat' dir='ltr'><strong>ovibus</strong></span> <span class='ocrx_word' id='word_1_925' title='bbox 2700 5708 2958 5790; x_wconf 85' lang='lat' dir='ltr'><strong>passurus</strong></span> <span class='ocrx_word' id='word_1_926' title='bbox 2997 5728 3159 5785; x_wconf 89' lang='lat' dir='ltr'><strong>esset,</strong></span> <span class='ocrx_word' id='word_1_927' title='bbox 3208 5717 3458 5774; x_wconf 86' lang='lat' dir='ltr'><strong>intimare</strong></span> 
     </span>
    </p>
   </div>
   <div class='ocr_carea' id='block_1_112' title="bbox 1876 5798 3459 5877">
    <p class='ocr_par' dir='ltr' id='par_1_112' title="bbox 1876 5798 3459 5877">
     <span class='ocr_line' id='line_1_112' title="bbox 1876 5798 3459 5877; baseline 0.003 -12"><span class='ocrx_word' id='word_1_928' title='bbox 1876 5808 2106 5875; x_wconf 89' lang='lat' dir='ltr'><strong>curavit,</strong></span> <span class='ocrx_word' id='word_1_929' title='bbox 2134 5804 2355 5866; x_wconf 84' lang='lat' dir='ltr'><strong>dicens:</strong></span> <span class='ocrx_word' id='word_1_930' title='bbox 2394 5830 2409 5861; x_wconf 77' lang='grc' dir='ltr'><strong>ι</strong></span> <span class='ocrx_word' id='word_1_931' title='bbox 2432 5811 2623 5877; x_wconf 82' lang='lat' dir='ltr'><strong>Amen,</strong></span> <span class='ocrx_word' id='word_1_932' title='bbox 2656 5826 2812 5866; x_wconf 90' lang='lat' dir='ltr'><strong>amen</strong></span> <span class='ocrx_word' id='word_1_933' title='bbox 2845 5798 2965 5866; x_wconf 85' lang='lat' dir='ltr'><strong>dico</strong></span> <span class='ocrx_word' id='word_1_934' title='bbox 2990 5811 3116 5875; x_wconf 88' lang='lat' dir='ltr'><strong>tibi,</strong></span> <span class='ocrx_word' id='word_1_935' title='bbox 3144 5826 3265 5865; x_wconf 88' lang='lat' dir='ltr'><strong>cum</strong></span> <span class='ocrx_word' id='word_1_936' title='bbox 3310 5824 3459 5869; x_wconf 79' lang='lat' dir='ltr'><strong>esses</strong></span> 
     </span>
    </p>
   </div>
   <div class='ocr_carea' id='block_1_113' title="bbox 1873 5896 3457 5974">
    <p class='ocr_par' dir='ltr' id='par_1_113' title="bbox 1873 5896 3457 5974">
     <span class='ocr_line' id='line_1_113' title="bbox 1873 5896 3457 5974; baseline 0.004 -20"><span class='ocrx_word' id='word_1_937' title='bbox 1873 5899 2077 5970; x_wconf 73' lang='lat' dir='ltr'><strong>iunior,</strong></span> <span class='ocrx_word' id='word_1_938' title='bbox 2108 5902 2362 5974; x_wconf 79' lang='lat' dir='ltr'><strong>cingebas</strong></span> <span class='ocrx_word' id='word_1_939' title='bbox 2405 5920 2471 5968; x_wconf 86' lang='lat' dir='ltr'><strong>te,</strong></span> <span class='ocrx_word' id='word_1_940' title='bbox 2500 5913 2554 5957; x_wconf 90' lang='lat' dir='ltr'><strong>et</strong></span> <span class='ocrx_word' id='word_1_941' title='bbox 2579 5896 2893 5959; x_wconf 79' lang='lat' dir='ltr'><strong>aiubulabas</strong></span> <span class='ocrx_word' id='word_1_942' title='bbox 2932 5904 3019 5958; x_wconf 87' lang='lat' dir='ltr'><strong>ubi</strong></span> <span class='ocrx_word' id='word_1_943' title='bbox 3072 5904 3288 5961; x_wconf 80' lang='lat' dir='ltr'><strong>volebas</strong></span> <span class='ocrx_word' id='word_1_944' title='bbox 3334 5918 3457 5961; x_wconf 81' lang='lat' dir='ltr'><strong>cum</strong></span> 
     </span>
    </p>
   </div>
  </div>
