4038 6352
512 458 577 513 7i
1140 445 1230 501 HA
1244 441 1494 501 YMONIS
1528 440 2009 500 HALBERSTAT.
2046 435 2261 495 EPISC.
2303 433 2453 491 OPP.
2499 432 2681 490 PARS
2716 432 2783 488 ll.
2806 461 2878 474 -—
2913 429 3151 488 HOMIL.

3725 432 3800 487 ἠ

511 576 694 624 autem
720 563 987 628 senueris,
1027 558 1325 616 extendens
1367 572 1562 613 manus
1607 564 1753 623 tuas,
1781 564 1837 612 et
1862 554 2000 629 alius
2044 561 2100 609 te
2125 557 2171 619 Α
2201 549 2329 615 viri,
2356 556 2416 603 ut
2443 547 2657 618 quoties
2688 547 2755 602 de
2775 560 2834 602 se
2862 545 3001 601 mira
3030 553 3087 600 et
3129 558 3324 615 magna
3372 545 3697 615 loquuntur,
3731 546 3808 602 ad

511 658 724 729 cinget,
751 663 809 712 et
837 655 998 711 ducet
1032 664 1139 721 quo
1182 657 1240 705 tu
1269 664 1377 705 non
1406 649 1511 704 vis.
1557 667 1576 701 ι
1605 678 1677 689 -
1715 665 1735 699 ι
1777 645 1894 702 Hoc
1918 651 2101 699 autem

514 747 751 812 dicebat,
779 746 856 799 ait
885 739 1238 813 evangelista,
1265 738 1578 811 signiﬁcans
1605 752 1713 808 qua
1738 744 1914 793 morte
1960 740 2104 790 esset

513 839 907 897 clariﬁcaturus
952 835 1143 891 Deum.
1180 852 1199 887 ι
1234 832 1303 888 Et
1343 847 1411 887 ne
1452 831 1588 887 dura
1642 840 1701 886 et
1747 826 2105 886 intolerabilis

514 932 675 988 Petro
722 928 998 983 videretur
1042 924 1226 997 passio
1273 923 1480 987 crucis,
1528 924 1669 979 hanc
1718 938 1817 979 suo
1857 920 2107 990 exemplo

514 1023 635 1094 pius
685 1018 942 1088 magister
987 1014 1161 1071 lenire
1207 1013 1440 1081 curavit,
1485 1012 1669 1069 dicens
1717 1026 1731 1065 :
1788 1029 1807 1063 ι
1866 1009 2108 1080 Sequere

516 1129 620 1177 me,
643 1132 663 1165 ι
691 1111 743 1167 id
764 1119 849 1166 est
872 1109 1087 1165 imitare
1105 1123 1212 1164 me.
1227 1107 1307 1162 Ac
1328 1107 1376 1162 si
1396 1107 1601 1164 diceret
1616 1105 1877 1162 Dominus
1904 1104 2109 1160 :Tanto

514 1219 645 1276 crgo
665 1201 1004 1260 tolerabilius
1022 1199 1201 1257 crucis
1229 1198 1535 1270 passionem
1560 1196 1871 1261 sustinebis,
1906 1203 2109 1266 quanto

514 1297 571 1353 in
598 1296 714 1366 ejus
740 1292 1056 1351 sulferentia
1084 1306 1204 1348 mea
1228 1300 1283 1347 te
1310 1292 1464 1363 sequi
1501 1291 1731 1363 vestigia
1783 1289 2109 1346 recordabe-

518 1389 594 1447 ris
628 1403 642 1443 :
671 1396 732 1442 ut
756 1388 899 1443 sicut
940 1399 1042 1458 pro
1089 1394 1182 1439 tua
1219 1382 1395 1441 salute
1438 1382 1615 1439 crucis
1651 1380 1951 1454 patibulum
1984 1394 2107 1435 sus-

521 1480 696 1536 tinere
725 1494 833 1534 non
861 1475 1067 1542 distuli,
1102 1475 1175 1531 ita
1201 1490 1417 1547 quoque
1444 1482 1501 1529 et
1539 1484 1599 1528 tu
1622 1480 1741 1544 Ipro
1767 1470 2108 1528 confessione

520 1571 755 1627 nominis
781 1567 888 1625 mei
916 1567 1029 1639 pati
1057 1574 1113 1622 te
1142 1566 1339 1622 debere
1375 1572 1666 1646 memento.
1710 1562 1846 1630 Quia
1888 1576 1954 1617 eo
1994 1560 2111 1632 glo-

520 1664 785 1720 riosorem
806 1660 1039 1731 palmam
1064 1656 1310 1729 martyrii
1333 1657 1682 1727 consequeris
1700 1697 1715 1722 ,
1743 1670 1851 1726 quo
1877 1654 1945 1709 ad
1972 1654 2114 1708 hanc

522 1754 937 1829 promerendam
996 1751 1201 1807 arctius
1240 1750 1344 1805 iter
1370 1749 1615 1821 magistri
1649 1748 1914 1818 sequeris.
1949 1745 2115 1817 Sequi

520 1849 667 1906 enim
690 1847 995 1912 Dominum,
1023 1843 1226 1899 imitari
1246 1851 1353 1909 est,
1370 1842 1514 1898 sicut
1541 1842 1656 1913 ipse
1677 1842 1839 1895 dicit:
1867 1858 1885 1891 ι
1910 1839 1968 1896 Si
1994 1839 2117 1909 quis

2205 641 2365 696 aliam
2394 646 2671 695 transeant
2697 651 2983 709 personam
3007 678 3023 704 ,
3049 645 3108 693 et
3130 637 3210 692 sic
3235 635 3301 692 de
3324 650 3382 692 se
3420 637 3576 707 quasi
3604 638 3673 694 de
3694 636 3807 694 alio

2206 733 2495 804 loquantur
2528 749 2542 785 :
2575 731 2716 787 sicut
2739 730 2870 787 fecit
2893 729 3106 802 Moyses
3134 729 3355 800 quando
3382 729 3450 786 de
3474 745 3534 786 se
3560 731 3721 800 quasi
3735 734 3807 787 de

2208 826 2315 881 alio
2332 825 2547 882 locutus
2570 832 2678 891 est,
2693 824 2881 880 dicens
2907 840 2921 878 :
2953 841 2971 874 ι
2992 822 3061 879 Ει
3087 831 3211 878 erat
3230 821 3443 889 Moyses
3468 823 3553 878 vir
3573 824 3807 880 mitissi-

2208 931 2330 972 mus
2359 930 2522 985 super
2545 928 2736 970 omnes
2756 913 3023 978 homines,
3054 913 3148 984 qui
3172 912 3525 969 morabantur
3554 914 3611 969 in
3660 923 3809 970 terra

2210 1003 2399 1078 (Nunt.
2424 1005 2556 1077 xu).
2588 1024 2608 1059 ι
2637 1004 2901 1061 Similiter
2923 1013 2978 1060 et
3003 1004 3196 1061 beatus
3216 1003 3319 1061 Job
3342 1004 3587 1064 dicturus
3629 1024 3643 1060 :
3687 1026 3707 1059 ι
3741 1008 3815 1063 Ει

2208 1103 2329 1150 erat
2372 1096 2459 1149 vir
2500 1094 2592 1150 ille
2619 1094 2852 1164 simplex
2895 1103 2951 1149 et
2981 1102 3163 1150 rectus
3185 1135 3201 1162 ,
3228 1109 3295 1151 ac
3322 1095 3520 1152 timens
3545 1097 3742 1165 Deum,
3786 1118 3806 1149 ι

2207 1187 2276 1242 de
2296 1201 2356 1242 se
2383 1187 2540 1257 quasi
2578 1187 2645 1243 de
2682 1187 2791 1243 alio
2815 1187 3099 1259 premisit,
3132 1187 3357 1244 dicens:
3399 1207 3420 1241 ι
3473 1186 3574 1244 Vir
3600 1199 3723 1247 erat
3751 1190 3809 1245 in

2211 1290 2355 1335 terra
2384 1279 2499 1336 lius
2521 1320 2537 1346 ,
2559 1280 2777 1336 nomine
2815 1278 2937 1337 Job.
2970 1279 3094 1353 (Job
3134 1280 3195 1351 ι).
3227 1299 3246 1332 ι
3277 1279 3428 1338 Hanc
3450 1298 3582 1354 ergo
3623 1284 3809 1339 humi-

2211 1370 2420 1427 litatem
2469 1387 2695 1429 servans
2744 1371 2938 1427 beatus
2982 1371 3234 1438 Joannes,
3273 1373 3331 1428 in
3380 1366 3491 1429 tota
3530 1375 3678 1430 serie
3724 1377 3809 1431 sui

2210 1462 2487 1535 Evangelii
2513 1465 2793 1535 proprium
2823 1479 3019 1520 nomen
3042 1480 3247 1534 ponere
3276 1465 3466 1521 voluit.
3497 1466 3603 1521 Dat
3625 1476 3812 1524 autem

2214 1567 2272 1613 et
2300 1555 2445 1612 aliud
2493 1557 2751 1612 indicium
2800 1572 2911 1613 suae
2956 1557 3281 1630 cognitionis
3331 1559 3525 1615 beatus
3568 1558 3809 1617 Joannes

2216 1647 2547 1719 evangelista
2572 1689 2585 1713 ,
2626 1664 2748 1705 cum
2801 1648 3077 1721 subjungit
3108 1667 3122 1704 :
3159 1669 3178 1703 ι
3210 1650 3315 1718 Qui
3348 1658 3407 1708 et
3450 1653 3707 1708 recubuit
3757 1654 3809 1708 in

2221 1759 2239 1793 ι
2274 1756 2427 1797 οωιιτι
2450 1755 2612 1812 super
2640 1751 2829 1812 pectus
2857 1741 3168 1824 Domiui‘et
3187 1742 3363 1799 dixit:
3396 1744 3624 1802 Domine
3645 1787 3663 1811 ,
3690 1748 3814 1817 quis

2225 1848 2244 1881 ι
2271 1838 2355 1885 est
2379 1831 2473 1901 qui
2502 1831 2681 1887 tradet
2709 1832 2796 1885 te?
2840 1852 2859 1885 ι
2894 1831 2951 1886 In
3000 1833 3192 1887 ultima
3215 1849 3370 1890 coma
3402 1851 3566 1906 quam
3625 1838 3812 1895 Domi-

522 1941 640 1996 vult
666 1947 789 2012 post
815 1953 903 1993 me
929 1936 1138 2002 venire,
1174 1956 1194 1989 ι
1234 1944 1339 1992 etc.
1367 1933 1583 2008 (Matth.
1615 1933 1751 2005 χιιι).
1788 1932 1857 1987 Ει
1886 1932 2110 1987 iterum:
2144 1920 2194 1981 B
2221 1939 2323 1979 nus
2348 1940 2469 1980 cum
2519 1925 2797 1996 discipulis
2840 1925 3030 1982 habuit
3058 1927 3203 1993 suis,
3249 1936 3308 1982 ut
3356 1930 3608 2000 superius
3637 1942 3814 1989 textus

529 2049 547 2082 ι
591 2030 694 2098 Qui
742 2027 876 2085 mihi
931 2026 1224 2091 ministrat,
1263 2039 1353 2080 me
1397 2030 1652 2093 sequatur
1698 2020 1880 2093 (Joan.
1930 2023 2049 2092 xu).
2090 2039 2108 2072 ι

525 2123 757 2179 Secutus
805 2128 893 2178 est
928 2118 1122 2175 Petrus
1160 2116 1436 2188 apostolus
1478 2114 1789 2178 Dominum,
1847 2113 1970 2183 quia
2018 2127 2116 2183 pro

518 2212 713 2270 ovibus
734 2211 837 2268 sibi
866 2208 1089 2266 creditis
1133 2207 1311 2263 crucis
1352 2204 1654 2276 patibulum
1694 2204 1964 2259 sustinere
2006 2216 2114 2257 non

519 2306 749 2372 distulit,
783 2306 924 2361 sicut
952 2309 1009 2358 et
1052 2302 1168 2373 ipse
1192 2299 1453 2357 Dominus
1486 2313 1585 2369 pro
1613 2297 1985 2368 redemptione
2018 2312 2114 2368 ge-

526 2394 674 2451 neris
718 2392 944 2449 humani
978 2390 1230 2462 amplecti
1282 2389 1531 2460 dignatus
1574 2395 1681 2453 est,
1720 2387 1952 2458 implens
1982 2386 2114 2442 illud

523 2484 681 2556 quod
697 2484 773 2539 ait
796 2481 1032 2539 Joannes
1069 2479 1346 2552 apostolus
1377 2496 1391 2533 :
1429 2497 1448 2530 ι
1491 2477 1597 2546 Qui
1627 2477 1759 2533 dicit
1786 2492 1845 2533 se
1872 2477 1928 2532 in
1957 2474 2114 2532 Chri-

520 2586 608 2634 sto
637 2590 895 2641 manere,
934 2574 1097 2630 debet
1123 2572 1264 2628 sicut
1297 2570 1387 2627 ille
1424 2569 1747 2636 ambulavit,
1767 2577 1825 2624 et
1843 2569 1957 2640 ipse
2000 2584 2117 2623 am-

519 2669 710 2726 bulare
738 2668 922 2740 (Joan.
953 2667 1038 2739 ιι).
1079 2686 1099 2719 ›
1131 2665 1250 2720 Jam
1276 2680 1407 2721 vero
1424 2672 1548 2735 post
1564 2663 1683 2719 haec
1701 2662 1834 2733 quid
1854 2662 2116 2717 Dominus

527 2768 582 2815 et
601 2759 795 2813 Petrus
816 2756 1064 2823 fecerint,
1101 2753 1390 2810 manifeste
1428 2752 1761 2823 evangelista
1789 2767 1898 2807 non
1936 2752 2118 2807 decla-

520 2860 639 2917 rat;
674 2859 855 2905 tamen
901 2864 969 2903 ex
998 2862 1064 2903 eo
1099 2847 1244 2919 quod
1274 2845 1351 2901 ait
1395 2862 1409 2901 :
1464 2863 1483 2896 t
1537 2844 1846 2900 Conversus
1900 2842 2111 2908 Petrus,

520 2941 655 2995 vidit
683 2938 834 2994 illum
860 2937 1183 3008 discipulum
1204 2951 1364 3007 quem
1393 2935 1652 3007 diligebat
1674 2934 1853 3001 Jesus,
1880 2948 2113 3003 sequen-

520 3040 651 3096 tem,
682 3050 701 3083 ι
736 3030 899 3087 tacite
920 3029 1097 3085 innuit
1115 3029 1242 3099 quia
1261 3042 1389 3084 mox
1408 3035 1471 3082 ut
1494 3026 1755 3083 Dominus
1776 3027 1912 3083 dixit
1930 3026 2111 3090 Petro,

527 3144 543 3173 ι
586 3121 827 3191 Sequere
856 3134 966 3187 me,
1003 3137 1022 3172 ι
1062 3118 1299 3177 surrexit
1349 3134 1381 3172 a
1425 3116 1545 3173 loco
1593 3117 1827 3173 convivii
1865 3127 1921 3173 et
1965 3117 2115 3173 abire

523 3211 707 3283 cmpit.
762 3207 928 3280 Cujus
956 3208 1258 3280 iussionem
1300 3208 1496 3264 Petrus
1556 3208 1723 3263 etiam
1763 3206 1831 3262 ad
1874 3207 2112 3263 litteram

524 3282 746 3374 implere
799 3304 1115 3360 desiderans
1143 3344 1159 3369 ,
1216 3311 1436 3360 secutus
1502 3311 1587 3358 est
1638 3301 1791 3356 illum
1843 3299 2113 3370 corporali
2140 3282 2185 3344 C

524 3411 737 3468 gressu.
777 3395 1011 3453 Secutus
1032 3404 1118 3452 est
1155 3405 1337 3451 autem
1376 3394 1663 3449 Dominum
1689 3401 1748 3448 et
1770 3392 1991 3447 Petrum
2030 3390 2118 3445 ille

524 3490 817 3561 discipulus
836 3503 999 3561 quem
1020 3488 1279 3562 diligebat
1299 3487 1478 3554 Jesus,
1512 3486 1752 3545 Joannes
1786 3486 1995 3542 scilicet
2018 3500 2117 3541 no-

527 3583 693 3650 mine,
717 3585 870 3655 cujus
890 3592 975 3640 est
1001 3582 1106 3638 hoc
1130 3582 1506 3653 Evangelium.
1536 3579 1724 3652 Neque
1756 3581 1902 3635 enim
1932 3595 1963 3633 a
1997 3594 2123 3634 con-

526 3684 738 3732 sectatu
788 3675 933 3730 illius
986 3690 1047 3730 se
1091 3674 1373 3744 indignum
1421 3671 1735 3738 aestimavit,
1780 3686 1905 3727 cum
1956 3670 2121 3725 etiam

528 3763 752 3833 majoris
807 3761 1113 3818 dilectionis
1171 3761 1342 3832 gloria
1394 3776 1508 3832 prte
1563 3760 1774 3816 caeteris
1815 3776 1845 3814 a
1895 3760 2124 3816 Domino

531 3856 897 3926 amplexatum
949 3870 1009 3911 se
1053 3863 1300 3911 noverat.
1332 3851 1443 3909 Nec
1486 3852 1808 3909 incredibile
1854 3862 1937 3908 est
1982 3852 2125 3922 quod

528 3949 722 4005 Petrus
750 3955 806 4003 et
824 3946 1067 4004 Joannes
1092 3946 1323 4017 vestigio
1366 3944 1637 4015 corporali
1689 3944 1977 4000 Dominum
2016 3946 2127 4000 sint

531 4039 722 4104 secuti,
748 4041 875 4110 quia
903 4039 1136 4096 necdum
1171 4038 1352 4093 adhuc
1394 4035 1764 4106 intelligebant
1810 4035 1937 4105 quid
1967 4035 2127 4105 spiri-

534 4132 749 4193 tualiter
770 4130 1103 4203 signiﬁcaret
1127 4130 1231 4186 hoc
1254 4130 1398 4199 quod
1426 4127 1686 4183 Dominus
1707 4127 1871 4184 Petro
1892 4128 2124 4194 dixerat,

540 4240 560 4275 ι
603 4221 845 4292 Sequere
870 4237 978 4279 me.
1010 4241 1031 4276 ι
1058 4221 1167 4278 Sed
1195 4222 1325 4293 quia
1348 4221 1542 4277 beatus
1582 4219 1818 4277 Joannes
1838 4235 2127 4292 personam

533 4334 690 4374 suam
732 4334 800 4373 ex
834 4319 1055 4374 nomine
1078 4318 1421 4374 innotescere
1468 4316 1663 4383 noluit,
1714 4316 2016 4387 designavit
2060 4332 2128 4371 ex

534 4408 751 4476 merito,
775 4423 901 4464 cum
928 4407 1069 4464 dixit
1098 4428 1112 4463 :
1154 4426 1173 4459 ι
1224 4406 1373 4462 Vidit
1397 4406 1549 4463 illum
1591 4406 1938 4478 discipulum,
1966 4422 2129 4479 quem

536 4502 796 4570 diligebat
838 4498 1018 4557 Jesus.
1080 4519 1099 4552 ι
1140 4498 1410 4570 Diligebat
1440 4499 1583 4555 enim
1618 4514 1743 4555 eum
1797 4497 1990 4565 Jesus,
2023 4512 2131 4554 non

534 4593 776 4663 exceptis
821 4591 1034 4647 caeteris
1064 4589 1413 4662 singulariter
1439 4589 1612 4648 solum
1640 4631 1656 4657 ,
1697 4589 1792 4646 sed
1820 4589 2133 4661 specialiter

539 4683 682 4738 inter
713 4690 940 4739 caeteros
967 4697 1158 4738 unum.
1192 4681 1393 4739 Omnes
1435 4682 1580 4737 enim
1615 4698 1676 4738 se
1715 4681 1939 4754 diligere
1986 4697 2133 4738 com-

538 4773 808 4847 probavit,
837 4773 1035 4843 quibus
1084 4781 1211 4829 ante
1252 4789 1406 4829 suam
1451 4775 1760 4845 passionem
1788 4773 2132 4845 loquebatur,

541 4864 728 4921 dicens
759 4882 774 4918 :
821 4883 839 4915 ι
886 4863 1040 4919 Sicut
1065 4864 1256 4920 dilexit
1284 4878 1369 4920 me
1391 4864 1572 4930 Pater,
1597 4874 1649 4920 et
1680 4880 1779 4936 ego
1807 4864 1970 4921 dilexi
2012 4880 2130 4932 vos,

543 4962 761 5010 manete
808 4953 862 5009 in
898 4953 1187 5012 dilectione
1238 4971 1361 5013 mea
1418 4955 1600 5027 (Joan.
1633 4955 1743 5026 xv).
1778 4976 1797 5008 ι
1833 4955 1942 5012 Sed
1989 4958 2136 5013 hunc

543 5063 657 5119 pra:
704 5047 919 5103 caeteris
968 5047 1269 5122 diligebat,
1310 5064 1473 5121 quem
1522 5048 1805 5118 integritas
1855 5049 2136 5121 virginalis

547 5138 742 5209 majori
785 5137 1076 5196 dilectione
1116 5138 1325 5198 fecerat
1347 5140 1586 5213 dignum.
1629 5139 1874 5195 Tradunt
1904 5157 2140 5212 namque

547 5230 790 5287 historiae
813 5228 961 5302 quod
1001 5246 1127 5290 eum
1148 5231 1426 5289 volentem
1451 5231 1680 5297 nubere,
1708 5231 1775 5286 de
1813 5232 2019 5301 nuptiis
2040 5248 2139 5289 vo-

552 5324 715 5390 cavit,
744 5332 801 5380 et
849 5333 1139 5396 propterea
1184 5326 1330 5397 quod
1358 5340 1391 5379 a
1420 5323 1704 5394 complexu
1751 5324 1956 5379 carnali
2017 5341 2143 5381 eum

551 5417 916 5487 subtraxerat,
946 5419 1216 5491 Spirituali
1262 5417 1551 5473 dilectione
1603 5431 1726 5470 eum
1776 5415 1982 5472 fecerat
2024 5434 2145 5476 esse

554 5508 872 5580 digniorem.
898 5508 955 5563 lu
981 5523 1048 5564 eo
1075 5516 1258 5563 autem
1281 5506 1423 5577 quod
1451 5504 1528 5558 ait
1554 5523 1565 5557 :
1597 5522 1615 5556 ι
1647 5505 1787 5561 Vidit
1813 5505 1963 5563 illum
1984 5524 2145 5580 quem

553 5599 813 5672 diligebat
830 5599 1009 5665 Jesus,
1032 5605 1371 5669 sequentem,
1403 5615 1423 5649 ι
1453 5609 1659 5652 morem
1678 5608 1990 5657 sanctorum
2015 5603 2146 5659 bea-

555 5701 646 5749 tus
696 5692 933 5750 Joannes
988 5688 1321 5762 evangelista
1376 5689 1643 5755 servavit,
1696 5705 1820 5748 cum
1871 5694 2148 5766 proprium

559 5799 756 5841 nomen
784 5794 992 5849 tacens,
1024 5781 1131 5837 alio
1174 5780 1377 5838 indicio
1412 5795 1568 5838 suam
1607 5798 1897 5855 personam
1926 5786 2148 5843 demon-

560 5878 773 5934 stravit.
827 5875 977 5933 Hanc
1019 5873 1167 5932 enim
1228 5875 1675 5936 consuetudinem
1732 5878 1935 5937 habent
1973 5882 2148 5939 sancti

2216 2013 2494 2086 Evangelii
2522 2023 2733 2082 narrat,
2783 2016 3078 2087 discipulus
3111 2016 3200 2073 ille
3228 2033 3390 2089 supra
3420 2032 3611 2091 pectus
3643 2025 3815 2097 magi-

2217 2108 2313 2163 stri
2344 2108 2593 2164 recubuit
2618 2126 2631 2163 :
2659 2117 2714 2165 et
2738 2125 2863 2164 cum
2884 2108 3090 2165 diceret
3115 2109 3407 2168 Dominus:
3437 2112 3589 2170 Unus
3616 2132 3813 2192 euo-

2214 2196 2301 2253 bis
2328 2212 2416 2252 me
2439 2197 2736 2254 traditurus
2766 2207 2871 2264 est,
2895 2200 3230 2256 contristatis
3249 2202 3523 2269 omnibus,
3548 2204 3812 2262 innuente

2215 2287 2318 2343 sibi
2348 2286 2529 2353 Petro,
2555 2287 2912 2359 interrogavit
2932 2291 3248 2362 magistrum
3278 2290 3541 2361 Joannes,
3572 2295 3760 2353 dicens
3795 2319 3808 2353 :

2220 2400 2240 2434 ι
2267 2379 2652 2451 Domine,quis
2669 2391 2756 2438 est
2768 2381 2860 2453 qui
2886 2383 3168 2438 tradette?
3187 2402 3207 2436 ›
3235 2383 3305 2439 Ει
3329 2400 3398 2441 ne
3417 2387 3654 2442 omnium
3679 2404 3814 2445 con-

2215 2473 2472 2529 scientias
2494 2473 2613 2529 dira
2642 2474 2879 2546 suspicio
2901 2483 3200 2544 torqueret,
3229 2489 3409 2534 certos
3434 2493 3529 2534 eos
3558 2480 3810 2549 reddidit,

2215 2566 2401 2621 dicens
2432 2584 2447 2620 :
2486 2586 2503 2617 ι
2526 2566 2628 2635 Qui
2672 2566 2891 2638 intingit
2916 2581 3137 2622 manum
3177 2583 3391 2625 mecum
3421 2570 3475 2625 in
3501 2574 3807 2644 paropside,

2214 2658 2304 2713 hic
2326 2675 2411 2715 me
2436 2659 2629 2714 tradet.
2646 2678 2665 2710 ι
2699 2657 2853 2727 Quod
2882 2667 3065 2715 autem
3099 2660 3394 2732 discipulus
3421 2662 3512 2719 ille
3534 2679 3699 2736 supra
3720 2680 3811 2736 pe-

2215 2756 2334 2803 ctus
2380 2747 2629 2819 magistri
2676 2748 2948 2815 recubuit,
2985 2764 3095 2805 non
3137 2749 3312 2805 solum
3340 2754 3630 2821 praesentis
3680 2755 3809 2811 dile-

2214 2840 2412 2895 ctionis
2439 2839 2696 2895 indicium
2728 2838 2849 2905 fuit,
2888 2840 2984 2896 sed
3014 2840 3179 2895 etiam
3226 2842 3395 2897 futuri
3441 2845 3684 2915 mysterii
3732 2845 3807 2901 si-

2214 2948 2399 3004 gnum.
2434 2931 2570 2999 Quia
2592 2932 2739 2987 enim
2782 2932 2835 2987 in
2860 2940 3081 3004 pectore
3105 2931 3234 2989 Jesu
3282 2943 3410 2989 sunt
3462 2951 3655 2993 omnes
3692 2939 3810 2993 the-

2214 3024 2362 3079 sauri
2402 3024 2681 3094 sapientiae
2723 3036 2778 3078 et
2823 3024 3065 3080 scientia:
3107 3025 3444 3093 absconditi,
3482 3030 3679 3086 merito
3724 3029 3814 3084 ille

2215 3130 2377 3186 supra
2404 3127 2594 3188 pectus
2614 3117 2860 3189 magistri
2885 3118 3197 3174 recubuisse
3231 3120 3445 3185 dicitur,
3476 3121 3571 3190 qui
3599 3121 3668 3176 de
3694 3122 3817 3192 ejus

2215 3210 2496 3266 divinitate
2510 3210 2669 3265 altius
2680 3220 2733 3265 et
2745 3209 3067 3280 profundius
3078 3210 3281 3267 exteris
3292 3220 3407 3265 erat
3420 3212 3814 3282 descripturus.
3872 3284 3879 3287 _

2296 3320 2314 3352 ι
2350 3300 2504 3356 Hunc
2532 3316 2664 3373 ergo
2685 3317 2808 3357 cum
2837 3302 3065 3358 vidisset
3083 3301 3304 3367 Petrus,
3330 3301 3465 3357 dixit
3488 3299 3616 3357 Jesu
3652 3317 3666 3356 :
3700 3303 3812 3358 Do-

2225 3414 2244 3447 ι
2291 3396 2455 3460 mine,
2481 3394 2570 3449 hic
2608 3401 2793 3449 autem
2829 3394 3000 3463 quid?
3043 3412 3063 3447 ι
3117 3393 3256 3462 Quia
3284 3394 3429 3449 enim
3458 3394 3652 3450 Petrus
3681 3410 3814 3465 apo-

2223 3488 2394 3544 stolus
2434 3488 2489 3542 in
2517 3487 2835 3544 extensione
2856 3502 3137 3553 manuum,
3171 3488 3223 3541 in
3255 3487 3525 3543 cinctione
3564 3486 3810 3554 alterius,

2224 3580 2279 3635 in
2317 3581 2483 3636 ductu
2530 3596 2638 3650 quo
2678 3578 2879 3644 nollet,
2908 3595 3061 3634 suam
3111 3580 3422 3649 passionem
3476 3579 3818 3636 intellexerat

2224 3671 2621 3743 significatam,
2651 3670 2822 3727 voluit
2862 3673 3003 3727 scire
3043 3672 3110 3726 de
3147 3672 3318 3728 fratre
3348 3681 3405 3729 et
3449 3673 3819 3745 condiscipulo

2224 3778 2331 3834 qua
2360 3771 2536 3819 morte
2556 3771 2613 3818 et
2640 3763 2755 3833 ipse
2777 3762 3108 3818 transiturus
3134 3772 3282 3819 esset
3308 3764 3378 3819 ad
3406 3764 3596 3820 vitam.
3634 3763 3702 3819 Et
3736 3764 3817 3819 vi-

2226 3856 2361 3911 dens
2390 3870 2513 3911 eum
2539 3864 2876 3926 sequentem,
2906 3856 2984 3911 ait
3015 3870 3029 3910 :

2304 3969 2323 4001 ι
2352 3949 2596 4013 Domine,
2622 3948 2712 4005 hic
2738 3958 2919 4003 autem
2941 3948 3104 4019 quid?
3126 3948 3267 4006 Dicit
3285 3951 3335 4006 ei
3354 3949 3550 4007 Jesus:
3582 3951 3674 4009 Sic
3694 3968 3817 4008 eum

2235 4057 2254 4090 ι
2289 4038 2412 4094 volo
2453 4054 2698 4105 manere,
2745 4039 2919 4094 donec
2963 4039 3179 4094 veniam
3205 4079 3220 4105 ,
3251 4041 3382 4111 quid
3420 4041 3490 4097 ad
3518 4042 3612 4097 te?
3650 4051 3706 4098 tu
3733 4059 3821 4097 me

2236 4149 2254 4182 ι
2284 4144 2531 4199 sequere.
2573 4149 2593 4182 ι
2628 4129 2707 4185 Ac
2737 4129 2784 4186 si
2814 4130 3019 4185 diceret
3069 4150 3081 4184 :
3117 4129 3252 4187 Nolo
3304 4147 3429 4187 eum
3476 4146 3574 4202 per
3606 4134 3819 4203 passio-

2232 4234 2358 4274 nem
2386 4220 2637 4291 martyrii
2671 4221 2959 4291 prtesentis
3007 4222 3133 4277 vitae
3158 4237 3377 4279 cursum
3420 4240 3821 4295 consummare,

2233 4314 2327 4369 sed
2371 4313 2452 4369 sic
2479 4328 2604 4368 eum
2631 4313 2754 4369 volo
2801 4329 3022 4370 manere
3051 4316 3242 4383 donec,
3273 4316 3647 4374 ecclesiastica
3684 4333 3822 4389 pace

2233 4403 2471 4469 firmata,
2502 4404 2735 4459 transitu
2780 4405 3046 4461 naturalis
3099 4406 3312 4473 mortis,
3347 4414 3664 4477 perpetuam
3699 4422 3827 4464 eum

2236 4494 2430 4549 ducam
2467 4494 2535 4549 ad
2560 4493 2743 4549 vitam.
2793 4493 2897 4550 Ubi
2949 4496 3247 4566 putandum
3272 4511 3380 4553 non
3410 4505 3498 4553 est
3542 4497 3686 4568 quod
3726 4513 3826 4553 ne—

2237 4587 2738 4659 gaveritDomiuus
2784 4586 3049 4644 Joannem
3074 4605 3175 4660 pro
3202 4605 3298 4646 sua
3329 4589 3435 4646 fide
3480 4590 3682 4647 multas
3730 4592 3831 4646 tri-

2238 4678 2541 4735 bulationes
2589 4694 2711 4735 esse
2763 4694 3075 4749 passurum,
3118 4682 3212 4737 sed
3264 4682 3517 4753 praedixit
3561 4698 3687 4739 eum
3731 4698 3833 4757 per

2239 4771 2561 4843 martyrium
2590 4781 2911 4842 praesentem
2962 4773 3132 4828 vitam
3177 4790 3288 4830 non
3316 4790 3440 4831 esse
3482 4791 3832 4833 consumma-

2244 4874 2443 4920 turum.
2476 4863 2611 4918 Nam
2643 4865 2697 4919 in
2726 4864 2953 4921 Actibus
2985 4866 3353 4936 apostolorum
3399 4866 3616 4939 publice
3663 4867 3835 4941 virgis

2241 4972 2415 5011 caesus
2464 4956 2687 5027 legitur,
2732 4957 2948 5026 quando
2993 4956 3146 5013 ibant
3185 4956 3434 5029 discipuli
3477 4973 3510 5013 a
3537 4967 3835 5030 conspectu

2244 5047 2459 5102 concilii
2514 5045 2831 5119 gaudentes,
2863 5048 3119 5117 quoniam
3147 5049 3296 5120 digni
3338 5036 3508 5105 habiti
3550 5060 3711 5106 erant
3736 5067 3837 5122 pro

2245 5141 2463 5197 nomine
2506 5140 2633 5196 Jesu
2681 5141 3039 5197 contumelias
3082 5141 3194 5211 pati
3224 5141 3361 5213 (Act.
3394 5143 3469 5213 v).
3498 5141 3567 5197 Et
3592 5157 3623 5195 a
3654 5141 3838 5198 Domi-

2244 5234 2393 5289 tiano
2418 5234 2735 5303 impiissimo
2759 5232 2971 5288 Caesare
2994 5233 3045 5286 in
3072 5233 3328 5288 ferventis
3351 5232 3457 5288 olei
3482 5232 3685 5289 dolium
3708 5235 3843 5291 mis-

2245 5344 2339 5384 sus
2354 5327 2581 5407 legitur,
2609 5343 2676 5382 ex
2704 5342 2812 5397 quo
2840 5335 3049 5382 tantum
3082 5326 3220 5383 liber
3244 5327 3380 5384 exiit
3412 5343 3444 5383 a
3482 5327 3672 5385 dolore
3718 5346 3841 5385 cor-

2248 5420 2418 5493 poris,
2460 5427 2720 5490 quantum
2771 5418 2983 5477 alienus
3010 5430 3130 5477 erat
3166 5436 3198 5476 a
3238 5420 3586 5492 corruptione
3634 5424 3838 5481 carnis.

2254 5511 2389 5568 Nam
2431 5513 2484 5567 in
2536 5512 2761 5568 historia
2793 5512 3172 5572 Ecclesiastica
3222 5515 3453 5587 legimus
3482 5531 3607 5572 eum
3632 5532 3843 5572 veneno

2254 5621 2377 5662 esse
2414 5614 2693 5678 potatum,
2726 5614 2781 5663 et
2807 5606 2937 5663 nihil
2980 5608 3109 5663 mali
3152 5623 3395 5679 passum,
3427 5608 3650 5680 impleto
3693 5610 3748 5665 in
3776 5625 3842 5666 eo

2253 5699 2396 5769 quod
2436 5714 2467 5753 a
2516 5699 2744 5755 Domino
2788 5700 2990 5756 dictum
3030 5701 3208 5755 fuerat
3244 5718 3256 5754 :
3289 5699 3357 5755 Et
3402 5700 3448 5756 si
3498 5701 3842 5758 mortiferum

2252 5790 2382 5862 quid
2408 5790 2657 5855 biberint,
2682 5807 2789 5847 non
2823 5794 2903 5848 eis
2926 5793 3162 5848 nocebit.
3224 5792 3417 5850 Postea
3467 5811 3595 5850 vero
3620 5804 3843 5867 propter

2254 5881 2670 5952 insuperabilem
2698 5884 3059 5940 constantiam
3088 5884 3494 5956 cvangelizandi
3514 5926 3528 5952 ,
3560 5887 3628 5942 ab
3649 5887 3841 5944 eodem
