  <div class='ocr_page' id='page_1' title='image "/cluster/home/n/w/nwhite01/storage/ocr_20150623/118/hvd.32044015466907/042.png"; bbox 0 0 4038 6352; ppageno 0'>
   <div class='ocr_carea' id='block_1_1' title="bbox 189 342 1806 438">
    <p class='ocr_par' dir='ltr' id='par_1_1' title="bbox 189 342 1776 436">
     <span class='ocr_line' id='line_1_1' title="bbox 189 342 1776 436; baseline 0.004 -10"><span class='ocrx_word' id='word_1_1' title='bbox 189 370 267 426; x_wconf 76' lang='lat'><strong>73</strong></span> <span class='ocrx_word' id='word_1_2' title='bbox 1258 342 1267 347; x_wconf 72' lang='grc'><strong>’</strong></span> <span class='ocrx_word' id='word_1_3' title='bbox 1470 375 1776 436; x_wconf 68' lang='lat' dir='ltr'><strong>HOMHJAS</strong></span> 
     </span>
    </p>
   </div>
   <div class='ocr_carea' id='block_1_2' title="bbox 1910 342 3500 438">
    <p class='ocr_par' dir='ltr' id='par_1_2' title="bbox 1946 345 3500 438">
     <span class='ocr_line' id='line_1_2' title="bbox 1946 345 3500 438; baseline 0.005 -9"><span class='ocrx_word' id='word_1_4' title='bbox 1946 372 2300 431; x_wconf 82' lang='lat' dir='ltr'><strong>TEMPORE.</strong></span> <span class='ocrx_word' id='word_1_5' title='bbox 2558 350 2563 359; x_wconf 83' lang='grc'>’</span> <span class='ocrx_word' id='word_1_6' title='bbox 2619 347 2700 360; x_wconf 70' lang='grc'><strong>”’</strong></span> <span class='ocrx_word' id='word_1_7' title='bbox 2768 345 2877 363; x_wconf 14' lang='grc' dir='ltr'><strong>Α”</strong></span> <span class='ocrx_word' id='word_1_8' title='bbox 3430 354 3500 438; x_wconf 64' lang='grc' dir='ltr'><strong>τι</strong></span> 
     </span>
    </p>
   </div>
   <div class='ocr_carea' id='block_1_3' title="bbox 183 483 3499 563">
    <p class='ocr_par' dir='ltr' id='par_1_3' title="bbox 183 483 3499 563">
     <span class='ocr_line' id='line_1_3' title="bbox 183 483 3499 563; baseline 0.002 -23"><span class='ocrx_word' id='word_1_9' title='bbox 183 483 464 557; x_wconf 74' lang='lat' dir='ltr'><strong>principe</strong></span> <span class='ocrx_word' id='word_1_10' title='bbox 508 485 563 541; x_wconf 91' lang='lat' dir='ltr'><strong>in</strong></span> <span class='ocrx_word' id='word_1_11' title='bbox 602 483 858 541; x_wconf 87' lang='lat' dir='ltr'><strong>Pathmos</strong></span> <span class='ocrx_word' id='word_1_12' title='bbox 884 484 1113 541; x_wconf 87' lang='lat' dir='ltr'><strong>insulam</strong></span> <span class='ocrx_word' id='word_1_13' title='bbox 1157 487 1348 544; x_wconf 85' lang='lat' dir='ltr'><strong>exsilio</strong></span> <span class='ocrx_word' id='word_1_14' title='bbox 1396 496 1479 544; x_wconf 87' lang='lat' dir='ltr'><strong>est</strong></span> <span class='ocrx_word' id='word_1_15' title='bbox 1512 490 1802 560; x_wconf 80' lang='lat' dir='ltr'><strong>relegatus,</strong></span> <span class='ocrx_word' id='word_1_16' title='bbox 1834 493 1887 552; x_wconf 80' lang='grc' dir='ltr'><strong>Α</strong></span> <span class='ocrx_word' id='word_1_17' title='bbox 1912 486 2145 549; x_wconf 87' lang='lat' dir='ltr'><strong>firmum,</strong></span> <span class='ocrx_word' id='word_1_18' title='bbox 2174 485 2404 556; x_wconf 84' lang='lat' dir='ltr'><strong>sepelire</strong></span> <span class='ocrx_word' id='word_1_19' title='bbox 2425 495 2721 552; x_wconf 86' lang='lat' dir='ltr'><strong>mortuum,</strong></span> <span class='ocrx_word' id='word_1_20' title='bbox 2743 496 3016 544; x_wconf 91' lang='lat' dir='ltr'><strong>errantem</strong></span> <span class='ocrx_word' id='word_1_21' title='bbox 3040 490 3341 563; x_wconf 75' lang='lat' dir='ltr'><strong>corrigere,</strong></span> <span class='ocrx_word' id='word_1_22' title='bbox 3371 486 3499 550; x_wconf 87' lang='lat' dir='ltr'><strong>iusi-</strong></span> 
     </span>
    </p>
   </div>
   <div class='ocr_carea' id='block_1_4' title="bbox 183 579 1807 648">
    <p class='ocr_par' dir='ltr' id='par_1_4' title="bbox 183 579 1807 648">
     <span class='ocr_line' id='line_1_4' title="bbox 183 579 1807 648; baseline 0.003 -14"><span class='ocrx_word' id='word_1_23' title='bbox 183 580 285 635; x_wconf 84' lang='lat' dir='ltr'><strong>nbi</strong></span> <span class='ocrx_word' id='word_1_24' title='bbox 316 620 334 646; x_wconf 90' lang='lat'><strong>,</strong></span> <span class='ocrx_word' id='word_1_25' title='bbox 391 580 677 636; x_wconf 90' lang='lat' dir='ltr'><strong>consortio</strong></span> <span class='ocrx_word' id='word_1_26' title='bbox 727 579 1016 636; x_wconf 84' lang='lat' dir='ltr'><strong>destitutus</strong></span> <span class='ocrx_word' id='word_1_27' title='bbox 1051 581 1319 648; x_wconf 89' lang='lat' dir='ltr'><strong>humano,</strong></span> <span class='ocrx_word' id='word_1_28' title='bbox 1382 584 1807 639; x_wconf 89' lang='lat' dir='ltr'><strong>consolationem</strong></span> 
     </span>
    </p>
   </div>
   <div class='ocr_carea' id='block_1_5' title="bbox 183 669 1807 743">
    <p class='ocr_par' dir='ltr' id='par_1_5' title="bbox 183 669 1807 743">
     <span class='ocr_line' id='line_1_5' title="bbox 183 669 1807 743; baseline 0.002 -19"><span class='ocrx_word' id='word_1_29' title='bbox 183 671 518 741; x_wconf 84' lang='lat' dir='ltr'><strong>promeruit</strong></span> <span class='ocrx_word' id='word_1_30' title='bbox 556 669 890 741; x_wconf 81' lang='lat' dir='ltr'><strong>angelorum.</strong></span> <span class='ocrx_word' id='word_1_31' title='bbox 927 669 1004 726; x_wconf 92' lang='lat' dir='ltr'><strong>lbi</strong></span> <span class='ocrx_word' id='word_1_32' title='bbox 1030 671 1174 726; x_wconf 91' lang='lat' dir='ltr'><strong>enim</strong></span> <span class='ocrx_word' id='word_1_33' title='bbox 1212 673 1431 743; x_wconf 88' lang='lat' dir='ltr'><strong>propria</strong></span> <span class='ocrx_word' id='word_1_34' title='bbox 1460 690 1625 728; x_wconf 85' lang='lat' dir='ltr'><strong>manu</strong></span> <span class='ocrx_word' id='word_1_35' title='bbox 1664 673 1807 743; x_wconf 87' lang='lat' dir='ltr'><strong>Apo-</strong></span> 
     </span>
    </p>
   </div>
   <div class='ocr_carea' id='block_1_6' title="bbox 185 759 1803 837">
    <p class='ocr_par' dir='ltr' id='par_1_6' title="bbox 185 759 1803 837">
     <span class='ocr_line' id='line_1_6' title="bbox 185 759 1803 837; baseline 0.002 -21"><span class='ocrx_word' id='word_1_36' title='bbox 185 759 482 833; x_wconf 83' lang='lat' dir='ltr'><strong>calypsim</strong></span> <span class='ocrx_word' id='word_1_37' title='bbox 508 761 745 833; x_wconf 91' lang='lat' dir='ltr'><strong>scripsit,</strong></span> <span class='ocrx_word' id='word_1_38' title='bbox 772 776 936 832; x_wconf 89' lang='lat' dir='ltr'><strong>quam</strong></span> <span class='ocrx_word' id='word_1_39' title='bbox 963 762 1014 818; x_wconf 94' lang='lat' dir='ltr'><strong>ei</strong></span> <span class='ocrx_word' id='word_1_40' title='bbox 1044 763 1305 819; x_wconf 84' lang='lat' dir='ltr'><strong>Dominus</strong></span> <span class='ocrx_word' id='word_1_41' title='bbox 1349 765 1594 821; x_wconf 88' lang='lat' dir='ltr'><strong>revelare</strong></span> <span class='ocrx_word' id='word_1_42' title='bbox 1617 765 1803 837; x_wconf 88' lang='lat' dir='ltr'><strong>digna-</strong></span> 
     </span>
    </p>
   </div>
   <div class='ocr_carea' id='block_1_7' title="bbox 190 853 1809 926">
    <p class='ocr_par' dir='ltr' id='par_1_7' title="bbox 190 853 1809 926">
     <span class='ocr_line' id='line_1_7' title="bbox 190 853 1809 926; baseline 0.002 -17"><span class='ocrx_word' id='word_1_43' title='bbox 190 861 287 909; x_wconf 88' lang='lat' dir='ltr'><strong>tus</strong></span> <span class='ocrx_word' id='word_1_44' title='bbox 318 863 456 921; x_wconf 88' lang='lat' dir='ltr'><strong>est,</strong></span> <span class='ocrx_word' id='word_1_45' title='bbox 494 870 593 925; x_wconf 91' lang='lat' dir='ltr'><strong>pro</strong></span> <span class='ocrx_word' id='word_1_46' title='bbox 644 862 787 910; x_wconf 91' lang='lat' dir='ltr'><strong>statu</strong></span> <span class='ocrx_word' id='word_1_47' title='bbox 834 853 1128 921; x_wconf 69' lang='lat' dir='ltr'><strong>Ecclesiae,</strong></span> <span class='ocrx_word' id='word_1_48' title='bbox 1177 858 1463 926; x_wconf 69' lang='lat' dir='ltr'><strong>praesentis</strong></span> <span class='ocrx_word' id='word_1_49' title='bbox 1511 858 1718 914; x_wconf 88' lang='lat' dir='ltr'><strong>scilicet</strong></span> <span class='ocrx_word' id='word_1_50' title='bbox 1752 867 1809 913; x_wconf 90' lang='lat' dir='ltr'><strong>et</strong></span> 
     </span>
    </p>
   </div>
   <div class='ocr_carea' id='block_1_8' title="bbox 202 948 1808 1008">
    <p class='ocr_par' dir='ltr' id='par_1_8' title="bbox 202 948 1808 1008">
     <span class='ocr_line' id='line_1_8' title="bbox 202 948 1808 1008; baseline 0.001 -5"><span class='ocrx_word' id='word_1_51' title='bbox 202 948 446 1004; x_wconf 64' lang='lat' dir='ltr'><strong>futurae.</strong></span> <span class='ocrx_word' id='word_1_52' title='bbox 483 948 553 1005; x_wconf 85' lang='lat' dir='ltr'><strong>Et</strong></span> <span class='ocrx_word' id='word_1_53' title='bbox 580 949 703 1005; x_wconf 90' lang='lat' dir='ltr'><strong>ideo</strong></span> <span class='ocrx_word' id='word_1_54' title='bbox 725 964 846 1004; x_wconf 91' lang='lat' dir='ltr'><strong>cum</strong></span> <span class='ocrx_word' id='word_1_55' title='bbox 874 949 1137 1005; x_wconf 87' lang='lat' dir='ltr'><strong>Dominus</strong></span> <span class='ocrx_word' id='word_1_56' title='bbox 1163 950 1333 1006; x_wconf 81' lang='lat' dir='ltr'><strong>dixit:</strong></span> <span class='ocrx_word' id='word_1_57' title='bbox 1363 970 1382 1003; x_wconf 75' lang='grc' dir='ltr'>ι</span> <span class='ocrx_word' id='word_1_58' title='bbox 1415 952 1504 1008; x_wconf 88' lang='lat' dir='ltr'><strong>Sic</strong></span> <span class='ocrx_word' id='word_1_59' title='bbox 1535 968 1655 1007; x_wconf 93' lang='lat' dir='ltr'><strong>eum</strong></span> <span class='ocrx_word' id='word_1_60' title='bbox 1686 950 1808 1007; x_wconf 84' lang='lat' dir='ltr'><strong>volo</strong></span> 
     </span>
    </p>
   </div>
   <div class='ocr_carea' id='block_1_9' title="bbox 183 1038 1810 1112">
    <p class='ocr_par' dir='ltr' id='par_1_9' title="bbox 183 1038 1810 1112">
     <span class='ocr_line' id='line_1_9' title="bbox 183 1038 1810 1112; baseline 0 -17"><span class='ocrx_word' id='word_1_61' title='bbox 183 1050 435 1095; x_wconf 82' lang='lat' dir='ltr'><strong>manere</strong></span> <span class='ocrx_word' id='word_1_62' title='bbox 467 1040 641 1095; x_wconf 89' lang='lat' dir='ltr'><strong>donec</strong></span> <span class='ocrx_word' id='word_1_63' title='bbox 662 1038 908 1104; x_wconf 83' lang='lat' dir='ltr'><strong>veniam,</strong></span> <span class='ocrx_word' id='word_1_64' title='bbox 947 1058 967 1091; x_wconf 71' lang='grc' dir='ltr'><strong><em>ι</em></strong></span> <span class='ocrx_word' id='word_1_65' title='bbox 999 1054 1106 1093; x_wconf 92' lang='lat' dir='ltr'><strong>non</strong></span> <span class='ocrx_word' id='word_1_66' title='bbox 1159 1040 1377 1112; x_wconf 79' lang='lat' dir='ltr'><strong>negavit</strong></span> <span class='ocrx_word' id='word_1_67' title='bbox 1428 1056 1549 1096; x_wconf 89' lang='lat' dir='ltr'><strong>eum</strong></span> <span class='ocrx_word' id='word_1_68' title='bbox 1580 1055 1810 1110; x_wconf 88' lang='lat' dir='ltr'><strong>corpore</strong></span> 
     </span>
    </p>
   </div>
   <div class='ocr_carea' id='block_1_10' title="bbox 182 1128 1810 1201">
    <p class='ocr_par' dir='ltr' id='par_1_10' title="bbox 182 1128 1810 1201">
     <span class='ocr_line' id='line_1_10' title="bbox 182 1128 1810 1201; baseline 0.001 -18"><span class='ocrx_word' id='word_1_69' title='bbox 182 1129 564 1196; x_wconf 86' lang='lat' dir='ltr'><strong>moriturum,</strong></span> <span class='ocrx_word' id='word_1_70' title='bbox 595 1130 689 1185; x_wconf 79' lang='lat' dir='ltr'><strong>sed</strong></span> <span class='ocrx_word' id='word_1_71' title='bbox 732 1144 828 1199; x_wconf 91' lang='lat' dir='ltr'><strong>per</strong></span> <span class='ocrx_word' id='word_1_72' title='bbox 886 1128 1190 1198; x_wconf 87' lang='lat' dir='ltr'><strong>passionem</strong></span> <span class='ocrx_word' id='word_1_73' title='bbox 1243 1130 1491 1201; x_wconf 86' lang='lat' dir='ltr'><strong>martyrii</strong></span> <span class='ocrx_word' id='word_1_74' title='bbox 1525 1146 1633 1185; x_wconf 89' lang='lat' dir='ltr'><strong>non</strong></span> <span class='ocrx_word' id='word_1_75' title='bbox 1690 1145 1810 1186; x_wconf 90' lang='lat' dir='ltr'><strong>esse</strong></span> 
     </span>
    </p>
   </div>
   <div class='ocr_carea' id='block_1_11' title="bbox 181 1219 1807 1290">
    <p class='ocr_par' dir='ltr' id='par_1_11' title="bbox 181 1219 1807 1290">
     <span class='ocr_line' id='line_1_11' title="bbox 181 1219 1807 1290; baseline 0.001 -14"><span class='ocrx_word' id='word_1_76' title='bbox 181 1220 702 1276; x_wconf 82' lang='lat' dir='ltr'><strong>consummandum</strong></span> <span class='ocrx_word' id='word_1_77' title='bbox 740 1219 1011 1290; x_wconf 76' lang='lat' dir='ltr'><strong>praedixit.</strong></span> <span class='ocrx_word' id='word_1_78' title='bbox 1063 1220 1170 1276; x_wconf 86' lang='lat' dir='ltr'><strong>Sed</strong></span> <span class='ocrx_word' id='word_1_79' title='bbox 1210 1236 1516 1277; x_wconf 89' lang='lat' dir='ltr'><strong>sermonem</strong></span> <span class='ocrx_word' id='word_1_80' title='bbox 1564 1222 1643 1278; x_wconf 88' lang='lat' dir='ltr'><strong>sic</strong></span> <span class='ocrx_word' id='word_1_81' title='bbox 1690 1239 1807 1277; x_wconf 90' lang='lat' dir='ltr'><strong>ma-</strong></span> 
     </span>
    </p>
   </div>
   <div class='ocr_carea' id='block_1_12' title="bbox 182 1314 1810 1386">
    <p class='ocr_par' dir='ltr' id='par_1_12' title="bbox 182 1314 1810 1386">
     <span class='ocr_line' id='line_1_12' title="bbox 182 1314 1810 1386; baseline 0.001 -15"><span class='ocrx_word' id='word_1_82' title='bbox 182 1316 387 1381; x_wconf 88' lang='lat' dir='ltr'><strong>nendi,</strong></span> <span class='ocrx_word' id='word_1_83' title='bbox 417 1316 499 1372; x_wconf 88' lang='lat' dir='ltr'><strong>ita</strong></span> <span class='ocrx_word' id='word_1_84' title='bbox 536 1316 753 1386; x_wconf 88' lang='lat' dir='ltr'><strong>quidem</strong></span> <span class='ocrx_word' id='word_1_85' title='bbox 780 1314 1028 1385; x_wconf 88' lang='lat' dir='ltr'><strong>discipuli</strong></span> <span class='ocrx_word' id='word_1_86' title='bbox 1064 1315 1256 1370; x_wconf 89' lang='lat' dir='ltr'><strong>eodem</strong></span> <span class='ocrx_word' id='word_1_87' title='bbox 1302 1325 1545 1385; x_wconf 89' lang='lat' dir='ltr'><strong>tempore</strong></span> <span class='ocrx_word' id='word_1_88' title='bbox 1575 1324 1810 1372; x_wconf 88' lang='lat' dir='ltr'><strong>tractare</strong></span> 
     </span>
    </p>
   </div>
   <div class='ocr_carea' id='block_1_13' title="bbox 182 1403 1805 1476">
    <p class='ocr_par' dir='ltr' id='par_1_13' title="bbox 182 1403 1805 1476">
     <span class='ocr_line' id='line_1_13' title="bbox 182 1403 1805 1476; baseline -0.001 -15"><span class='ocrx_word' id='word_1_89' title='bbox 182 1414 518 1476; x_wconf 63' lang='lat' dir='ltr'><strong>creperum,</strong></span> <span class='ocrx_word' id='word_1_90' title='bbox 539 1406 696 1476; x_wconf 88' lang='lat' dir='ltr'><strong>quasi</strong></span> <span class='ocrx_word' id='word_1_91' title='bbox 720 1404 955 1461; x_wconf 82' lang='lat' dir='ltr'><strong>Joannes</strong></span> <span class='ocrx_word' id='word_1_92' title='bbox 997 1403 1112 1474; x_wconf 88' lang='lat' dir='ltr'><strong>jam</strong></span> <span class='ocrx_word' id='word_1_93' title='bbox 1158 1420 1267 1460; x_wconf 91' lang='lat' dir='ltr'><strong>non</strong></span> <span class='ocrx_word' id='word_1_94' title='bbox 1318 1414 1461 1462; x_wconf 89' lang='lat' dir='ltr'><strong>esset</strong></span> <span class='ocrx_word' id='word_1_95' title='bbox 1490 1405 1805 1462; x_wconf 89' lang='lat' dir='ltr'><strong>moriturus.</strong></span> 
     </span>
    </p>
   </div>
   <div class='ocr_carea' id='block_1_14' title="bbox 182 1495 770 1554">
    <p class='ocr_par' dir='ltr' id='par_1_14' title="bbox 182 1495 770 1554">
     <span class='ocr_line' id='line_1_14' title="bbox 182 1495 770 1554; baseline -0.003 -1"><span class='ocrx_word' id='word_1_96' title='bbox 182 1495 352 1553; x_wconf 82' lang='lat' dir='ltr'><strong>Unde</strong></span> <span class='ocrx_word' id='word_1_97' title='bbox 384 1506 449 1554; x_wconf 88' lang='lat' dir='ltr'><strong>et</strong></span> <span class='ocrx_word' id='word_1_98' title='bbox 477 1497 728 1553; x_wconf 88' lang='lat' dir='ltr'><strong>subditur</strong></span> <span class='ocrx_word' id='word_1_99' title='bbox 756 1514 770 1551; x_wconf 89' lang='lat'><strong>:</strong></span> 
     </span>
    </p>
   </div>
   <div class='ocr_carea' id='block_1_15' title="bbox 264 1588 1813 1663">
    <p class='ocr_par' dir='ltr' id='par_1_15' title="bbox 264 1588 1813 1663">
     <span class='ocr_line' id='line_1_15' title="bbox 264 1588 1813 1663; baseline 0.004 -23"><span class='ocrx_word' id='word_1_100' title='bbox 264 1607 286 1640; x_wconf 74' lang='grc' dir='ltr'>ι</span> <span class='ocrx_word' id='word_1_101' title='bbox 319 1589 484 1645; x_wconf 79' lang='lat' dir='ltr'><strong>Exiit</strong></span> <span class='ocrx_word' id='word_1_102' title='bbox 510 1605 642 1661; x_wconf 90' lang='lat' dir='ltr'><strong>ergo</strong></span> <span class='ocrx_word' id='word_1_103' title='bbox 660 1604 839 1645; x_wconf 88' lang='lat' dir='ltr'><strong>sermo</strong></span> <span class='ocrx_word' id='word_1_104' title='bbox 856 1590 958 1645; x_wconf 83' lang='lat' dir='ltr'><strong>iste</strong></span> <span class='ocrx_word' id='word_1_105' title='bbox 988 1588 1129 1645; x_wconf 90' lang='lat' dir='ltr'><strong>inter</strong></span> <span class='ocrx_word' id='word_1_106' title='bbox 1149 1589 1345 1646; x_wconf 85' lang='lat' dir='ltr'><strong>fratres</strong></span> <span class='ocrx_word' id='word_1_107' title='bbox 1357 1590 1502 1661; x_wconf 90' lang='lat' dir='ltr'><strong>quod</strong></span> <span class='ocrx_word' id='word_1_108' title='bbox 1518 1590 1813 1663; x_wconf 87' lang='lat' dir='ltr'><strong>discipulus</strong></span> 
     </span>
    </p>
   </div>
   <div class='ocr_carea' id='block_1_16' title="bbox 191 1679 1813 1737">
    <p class='ocr_par' dir='ltr' id='par_1_16' title="bbox 191 1679 1813 1737">
     <span class='ocr_line' id='line_1_16' title="bbox 191 1679 1813 1737; baseline 0.003 -6"><span class='ocrx_word' id='word_1_109' title='bbox 191 1698 214 1730; x_wconf 72' lang='grc' dir='ltr'>ι</span> <span class='ocrx_word' id='word_1_110' title='bbox 246 1680 343 1735; x_wconf 90' lang='lat' dir='ltr'><strong>ille</strong></span> <span class='ocrx_word' id='word_1_111' title='bbox 369 1696 491 1737; x_wconf 90' lang='lat' dir='ltr'><strong>non</strong></span> <span class='ocrx_word' id='word_1_112' title='bbox 520 1681 773 1736; x_wconf 89' lang='lat' dir='ltr'><strong>moritur.</strong></span> <span class='ocrx_word' id='word_1_113' title='bbox 805 1700 824 1733; x_wconf 73' lang='grc' dir='ltr'><strong><em>ι</em></strong></span> <span class='ocrx_word' id='word_1_114' title='bbox 854 1679 961 1736; x_wconf 88' lang='lat' dir='ltr'><strong>Sed</strong></span> <span class='ocrx_word' id='word_1_115' title='bbox 1004 1680 1146 1735; x_wconf 88' lang='lat' dir='ltr'><strong>hunc</strong></span> <span class='ocrx_word' id='word_1_116' title='bbox 1172 1696 1357 1735; x_wconf 90' lang='lat' dir='ltr'><strong>eorum</strong></span> <span class='ocrx_word' id='word_1_117' title='bbox 1398 1697 1640 1737; x_wconf 89' lang='lat' dir='ltr'><strong>errorem</strong></span> <span class='ocrx_word' id='word_1_118' title='bbox 1669 1682 1813 1737; x_wconf 89' lang='lat' dir='ltr'><strong>idem</strong></span> 
     </span>
    </p>
   </div>
   <div class='ocr_carea' id='block_1_17' title="bbox 188 1761 1813 1843">
    <p class='ocr_par' dir='ltr' id='par_1_17' title="bbox 188 1761 1813 1843">
     <span class='ocr_line' id='line_1_17' title="bbox 188 1761 1813 1843; baseline 0 -16"><span class='ocrx_word' id='word_1_119' title='bbox 188 1771 451 1830; x_wconf 78' lang='lat' dir='ltr'><strong>Joannes</strong></span> <span class='ocrx_word' id='word_1_120' title='bbox 486 1775 761 1843; x_wconf 80' lang='lat' dir='ltr'><strong>corrigere</strong></span> <span class='ocrx_word' id='word_1_121' title='bbox 794 1771 1037 1838; x_wconf 85' lang='lat' dir='ltr'><strong>curavit,</strong></span> <span class='ocrx_word' id='word_1_122' title='bbox 1060 1788 1185 1827; x_wconf 89' lang='lat' dir='ltr'><strong>eum</strong></span> <span class='ocrx_word' id='word_1_123' title='bbox 1206 1761 1520 1841; x_wconf 77' lang='lat' dir='ltr'><strong>subiunxit:</strong></span> <span class='ocrx_word' id='word_1_124' title='bbox 1554 1792 1572 1825; x_wconf 77' lang='grc' dir='ltr'>ι</span> <span class='ocrx_word' id='word_1_125' title='bbox 1608 1773 1678 1828; x_wconf 91' lang='lat' dir='ltr'><strong>Et</strong></span> <span class='ocrx_word' id='word_1_126' title='bbox 1703 1788 1813 1829; x_wconf 90' lang='lat' dir='ltr'><strong>non</strong></span> 
     </span>
    </p>
   </div>
   <div class='ocr_carea' id='block_1_18' title="bbox 1908 580 3496 652">
    <p class='ocr_par' dir='ltr' id='par_1_18' title="bbox 1908 580 3496 652">
     <span class='ocr_line' id='line_1_18' title="bbox 1908 580 3496 652; baseline 0.007 -19"><span class='ocrx_word' id='word_1_127' title='bbox 1908 580 2142 649; x_wconf 87' lang='lat' dir='ltr'><strong>pientem</strong></span> <span class='ocrx_word' id='word_1_128' title='bbox 2180 581 2397 645; x_wconf 90' lang='lat' dir='ltr'><strong>docere,</strong></span> <span class='ocrx_word' id='word_1_129' title='bbox 2447 594 2546 649; x_wconf 89' lang='lat' dir='ltr'><strong>pro</strong></span> <span class='ocrx_word' id='word_1_130' title='bbox 2588 580 2816 634; x_wconf 84' lang='lat' dir='ltr'><strong>veritate</strong></span> <span class='ocrx_word' id='word_1_131' title='bbox 2865 590 2921 636; x_wconf 89' lang='lat' dir='ltr'><strong>et</strong></span> <span class='ocrx_word' id='word_1_132' title='bbox 2960 582 3167 652; x_wconf 84' lang='lat' dir='ltr'><strong>iustitia</strong></span> <span class='ocrx_word' id='word_1_133' title='bbox 3212 587 3398 651; x_wconf 85' lang='lat' dir='ltr'><strong>etiam,</strong></span> <span class='ocrx_word' id='word_1_134' title='bbox 3448 589 3496 644; x_wconf 89' lang='lat' dir='ltr'><strong>si</strong></span> 
     </span>
    </p>
   </div>
   <div class='ocr_carea' id='block_1_19' title="bbox 1909 669 3498 741">
    <p class='ocr_par' dir='ltr' id='par_1_19' title="bbox 1909 669 3498 741">
     <span class='ocr_line' id='line_1_19' title="bbox 1909 669 3498 741; baseline 0.006 -16"><span class='ocrx_word' id='word_1_135' title='bbox 1909 670 2205 726; x_wconf 87' lang='lat' dir='ltr'><strong>necessitas</strong></span> <span class='ocrx_word' id='word_1_136' title='bbox 2234 669 2424 731; x_wconf 86' lang='lat' dir='ltr'><strong>fuerit.</strong></span> <span class='ocrx_word' id='word_1_137' title='bbox 2457 685 2628 741; x_wconf 79' lang='lat' dir='ltr'><strong>usque</strong></span> <span class='ocrx_word' id='word_1_138' title='bbox 2652 673 2719 726; x_wconf 90' lang='lat' dir='ltr'><strong>ad</strong></span> <span class='ocrx_word' id='word_1_139' title='bbox 2744 681 2973 729; x_wconf 87' lang='lat' dir='ltr'><strong>mortem</strong></span> <span class='ocrx_word' id='word_1_140' title='bbox 3008 686 3235 733; x_wconf 90' lang='lat' dir='ltr'><strong>certare.</strong></span> <span class='ocrx_word' id='word_1_141' title='bbox 3268 678 3366 734; x_wconf 84' lang='lat' dir='ltr'><strong>llis</strong></span> <span class='ocrx_word' id='word_1_142' title='bbox 3393 682 3498 734; x_wconf 51' lang='lat' dir='ltr'><strong>au-F</strong></span> 
     </span>
    </p>
   </div>
   <div class='ocr_carea' id='block_1_20' title="bbox 1909 762 3494 842">
    <p class='ocr_par' dir='ltr' id='par_1_20' title="bbox 1909 762 3494 842">
     <span class='ocr_line' id='line_1_20' title="bbox 1909 762 3494 842; baseline 0.008 -28"><span class='ocrx_word' id='word_1_143' title='bbox 1909 770 2016 816; x_wconf 91' lang='lat' dir='ltr'><strong>tem</strong></span> <span class='ocrx_word' id='word_1_144' title='bbox 2062 762 2155 831; x_wconf 90' lang='lat' dir='ltr'><strong>qui</strong></span> <span class='ocrx_word' id='word_1_145' title='bbox 2197 762 2248 816; x_wconf 91' lang='lat' dir='ltr'><strong>in</strong></span> <span class='ocrx_word' id='word_1_146' title='bbox 2294 762 2554 833; x_wconf 90' lang='lat' dir='ltr'><strong>regimine</strong></span> <span class='ocrx_word' id='word_1_147' title='bbox 2592 764 2755 834; x_wconf 88' lang='lat' dir='ltr'><strong>positi</strong></span> <span class='ocrx_word' id='word_1_148' title='bbox 2789 773 2952 832; x_wconf 86' lang='lat' dir='ltr'><strong>sunt,</strong></span> <span class='ocrx_word' id='word_1_149' title='bbox 2987 767 3219 837; x_wconf 86' lang='lat' dir='ltr'><strong>qualiter</strong></span> <span class='ocrx_word' id='word_1_150' title='bbox 3262 768 3494 842; x_wconf 76' lang='lat' dir='ltr'><strong>subjecti</strong></span> 
     </span>
    </p>
   </div>
   <div class='ocr_carea' id='block_1_21' title="bbox 1908 852 3492 922">
    <p class='ocr_par' dir='ltr' id='par_1_21' title="bbox 1908 852 3492 922">
     <span class='ocr_line' id='line_1_21' title="bbox 1908 852 3492 922; baseline 0.006 -15"><span class='ocrx_word' id='word_1_151' title='bbox 1908 852 2109 908; x_wconf 90' lang='lat' dir='ltr'><strong>victum</strong></span> <span class='ocrx_word' id='word_1_152' title='bbox 2158 862 2213 910; x_wconf 92' lang='lat' dir='ltr'><strong>et</strong></span> <span class='ocrx_word' id='word_1_153' title='bbox 2256 856 2509 910; x_wconf 85' lang='lat' dir='ltr'><strong>vestitum</strong></span> <span class='ocrx_word' id='word_1_154' title='bbox 2552 856 2831 922; x_wconf 87' lang='lat' dir='ltr'><strong>habeant,</strong></span> <span class='ocrx_word' id='word_1_155' title='bbox 2876 859 3083 914; x_wconf 89' lang='lat' dir='ltr'><strong>intenta</strong></span> <span class='ocrx_word' id='word_1_156' title='bbox 3129 861 3492 918; x_wconf 87' lang='lat' dir='ltr'><strong>sollicitudine</strong></span> 
     </span>
    </p>
   </div>
   <div class='ocr_carea' id='block_1_22' title="bbox 1908 942 3489 1018">
    <p class='ocr_par' dir='ltr' id='par_1_22' title="bbox 1908 942 3489 1018">
     <span class='ocr_line' id='line_1_22' title="bbox 1908 942 3489 1018; baseline 0.007 -21"><span class='ocrx_word' id='word_1_157' title='bbox 1908 942 2227 1013; x_wconf 65' lang='lat' dir='ltr'><strong>praevidere.</strong></span> <span class='ocrx_word' id='word_1_158' title='bbox 2260 944 2365 1000; x_wconf 86' lang='lat' dir='ltr'><strong>Per</strong></span> <span class='ocrx_word' id='word_1_159' title='bbox 2391 943 2653 1001; x_wconf 81' lang='lat' dir='ltr'><strong>Joannem</strong></span> <span class='ocrx_word' id='word_1_160' title='bbox 2692 961 2843 1012; x_wconf 86' lang='lat' dir='ltr'><strong>vero,</strong></span> <span class='ocrx_word' id='word_1_161' title='bbox 2885 948 2952 1003; x_wconf 93' lang='lat' dir='ltr'><strong>de</strong></span> <span class='ocrx_word' id='word_1_162' title='bbox 2993 964 3101 1018; x_wconf 89' lang='lat' dir='ltr'><strong>quo</strong></span> <span class='ocrx_word' id='word_1_163' title='bbox 3139 949 3344 1006; x_wconf 91' lang='lat' dir='ltr'><strong>dictum</strong></span> <span class='ocrx_word' id='word_1_164' title='bbox 3364 962 3489 1008; x_wconf 88' lang='lat' dir='ltr'><strong>est:</strong></span> 
     </span>
    </p>
   </div>
   <div class='ocr_carea' id='block_1_23' title="bbox 1915 1032 3493 1106">
    <p class='ocr_par' dir='ltr' id='par_1_23' title="bbox 1915 1032 3493 1106">
     <span class='ocr_line' id='line_1_23' title="bbox 1915 1032 3493 1106; baseline 0.006 -19"><span class='ocrx_word' id='word_1_165' title='bbox 1915 1051 1934 1085; x_wconf 83' lang='grc'><strong>‹</strong></span> <span class='ocrx_word' id='word_1_166' title='bbox 1974 1032 2066 1089; x_wconf 89' lang='lat' dir='ltr'><strong>Sic</strong></span> <span class='ocrx_word' id='word_1_167' title='bbox 2107 1049 2229 1089; x_wconf 89' lang='lat' dir='ltr'><strong>eum</strong></span> <span class='ocrx_word' id='word_1_168' title='bbox 2259 1034 2381 1089; x_wconf 87' lang='lat' dir='ltr'><strong>volo</strong></span> <span class='ocrx_word' id='word_1_169' title='bbox 2414 1050 2636 1091; x_wconf 88' lang='lat' dir='ltr'><strong>manere</strong></span> <span class='ocrx_word' id='word_1_170' title='bbox 2680 1037 2852 1093; x_wconf 91' lang='lat' dir='ltr'><strong>donec</strong></span> <span class='ocrx_word' id='word_1_171' title='bbox 2891 1040 3141 1106; x_wconf 87' lang='lat' dir='ltr'><strong>veniam,</strong></span> <span class='ocrx_word' id='word_1_172' title='bbox 3190 1059 3208 1091; x_wconf 76' lang='grc' dir='ltr'><strong><em>ι</em></strong></span> <span class='ocrx_word' id='word_1_173' title='bbox 3252 1049 3493 1096; x_wconf 87' lang='lat' dir='ltr'><strong>contem-</strong></span> 
     </span>
    </p>
   </div>
   <div class='ocr_carea' id='block_1_24' title="bbox 1908 1124 3492 1201">
    <p class='ocr_par' dir='ltr' id='par_1_24' title="bbox 1908 1124 3492 1201">
     <span class='ocr_line' id='line_1_24' title="bbox 1908 1124 3492 1201; baseline 0.006 -23"><span class='ocrx_word' id='word_1_174' title='bbox 1908 1124 2124 1195; x_wconf 66' lang='lat' dir='ltr'><strong>plativa:</strong></span> <span class='ocrx_word' id='word_1_175' title='bbox 2147 1126 2271 1180; x_wconf 67' lang='lat' dir='ltr'><strong>vita:</strong></span> <span class='ocrx_word' id='word_1_176' title='bbox 2299 1126 2535 1181; x_wconf 85' lang='lat' dir='ltr'><strong>suavitas</strong></span> <span class='ocrx_word' id='word_1_177' title='bbox 2580 1127 2916 1197; x_wconf 82' lang='lat' dir='ltr'><strong>designatur,</strong></span> <span class='ocrx_word' id='word_1_178' title='bbox 2942 1130 3008 1185; x_wconf 90' lang='lat' dir='ltr'><strong>ad</strong></span> <span class='ocrx_word' id='word_1_179' title='bbox 3045 1146 3205 1201; x_wconf 89' lang='lat' dir='ltr'><strong>quam</strong></span> <span class='ocrx_word' id='word_1_180' title='bbox 3236 1132 3492 1201; x_wconf 86' lang='lat' dir='ltr'><strong>pertinet,</strong></span> 
     </span>
    </p>
   </div>
   <div class='ocr_carea' id='block_1_25' title="bbox 1911 1219 3496 1288">
    <p class='ocr_par' dir='ltr' id='par_1_25' title="bbox 1911 1219 3496 1288">
     <span class='ocr_line' id='line_1_25' title="bbox 1911 1219 3496 1288; baseline 0.003 -15"><span class='ocrx_word' id='word_1_181' title='bbox 1911 1219 2133 1274; x_wconf 88' lang='lat' dir='ltr'><strong>remotis</strong></span> <span class='ocrx_word' id='word_1_182' title='bbox 2152 1219 2401 1275; x_wconf 90' lang='lat' dir='ltr'><strong>omnibus</strong></span> <span class='ocrx_word' id='word_1_183' title='bbox 2426 1220 2575 1275; x_wconf 91' lang='lat' dir='ltr'><strong>curis</strong></span> <span class='ocrx_word' id='word_1_184' title='bbox 2601 1228 2656 1275; x_wconf 93' lang='lat' dir='ltr'><strong>et</strong></span> <span class='ocrx_word' id='word_1_185' title='bbox 2696 1221 3166 1288; x_wconf 86' lang='lat' dir='ltr'><strong>sollicitudinibus,</strong></span> <span class='ocrx_word' id='word_1_186' title='bbox 3193 1223 3413 1280; x_wconf 86' lang='lat' dir='ltr'><strong>lectioni</strong></span> <span class='ocrx_word' id='word_1_187' title='bbox 3441 1230 3496 1278; x_wconf 88' lang='lat' dir='ltr'><strong>et</strong></span> 
     </span>
    </p>
   </div>
   <div class='ocr_carea' id='block_1_26' title="bbox 1911 1308 3500 1386">
    <p class='ocr_par' dir='ltr' id='par_1_26' title="bbox 1911 1308 3500 1386">
     <span class='ocr_line' id='line_1_26' title="bbox 1911 1308 3500 1386; baseline 0.003 -21"><span class='ocrx_word' id='word_1_188' title='bbox 1911 1308 2141 1365; x_wconf 89' lang='lat' dir='ltr'><strong>orationi</strong></span> <span class='ocrx_word' id='word_1_189' title='bbox 2177 1308 2391 1364; x_wconf 88' lang='lat' dir='ltr'><strong>assidue</strong></span> <span class='ocrx_word' id='word_1_190' title='bbox 2432 1310 2699 1366; x_wconf 89' lang='lat' dir='ltr'><strong>insistere.</strong></span> <span class='ocrx_word' id='word_1_191' title='bbox 2748 1311 2949 1367; x_wconf 87' lang='lat' dir='ltr'><strong>Crebra</strong></span> <span class='ocrx_word' id='word_1_192' title='bbox 2988 1328 3205 1383; x_wconf 90' lang='lat' dir='ltr'><strong>quoque</strong></span> <span class='ocrx_word' id='word_1_193' title='bbox 3236 1314 3500 1386; x_wconf 78' lang='lat' dir='ltr'><strong>laerytna-</strong></span> 
     </span>
    </p>
   </div>
   <div class='ocr_carea' id='block_1_27' title="bbox 1913 1393 3494 1474">
    <p class='ocr_par' dir='ltr' id='par_1_27' title="bbox 1913 1393 3494 1474">
     <span class='ocr_line' id='line_1_27' title="bbox 1913 1393 3494 1474; baseline 0.003 -17"><span class='ocrx_word' id='word_1_194' title='bbox 1913 1393 2033 1457; x_wconf 87' lang='lat' dir='ltr'><strong>rum</strong></span> <span class='ocrx_word' id='word_1_195' title='bbox 2070 1402 2513 1473; x_wconf 89' lang='lat' dir='ltr'><strong>compunctione,</strong></span> <span class='ocrx_word' id='word_1_196' title='bbox 2553 1419 2651 1472; x_wconf 89' lang='lat' dir='ltr'><strong>pro</strong></span> <span class='ocrx_word' id='word_1_197' title='bbox 2696 1414 3045 1474; x_wconf 86' lang='lat' dir='ltr'><strong>peccatorum</strong></span> <span class='ocrx_word' id='word_1_198' title='bbox 3079 1407 3399 1463; x_wconf 88' lang='lat' dir='ltr'><strong>remissione</strong></span> <span class='ocrx_word' id='word_1_199' title='bbox 3439 1400 3494 1463; x_wconf 86' lang='lat' dir='ltr'><strong>et</strong></span> 
     </span>
    </p>
   </div>
   <div class='ocr_carea' id='block_1_28' title="bbox 1913 1495 3496 1568">
    <p class='ocr_par' dir='ltr' id='par_1_28' title="bbox 1913 1495 3496 1568">
     <span class='ocr_line' id='line_1_28' title="bbox 1913 1495 3496 1568; baseline 0.004 -20"><span class='ocrx_word' id='word_1_200' title='bbox 1913 1502 2128 1549; x_wconf 63' lang='lat' dir='ltr'><strong>aeternae</strong></span> <span class='ocrx_word' id='word_1_201' title='bbox 2166 1495 2291 1549; x_wconf 68' lang='lat' dir='ltr'><strong>vitae</strong></span> <span class='ocrx_word' id='word_1_202' title='bbox 2313 1495 2688 1565; x_wconf 84' lang='lat' dir='ltr'><strong>perceptione,</strong></span> <span class='ocrx_word' id='word_1_203' title='bbox 2726 1495 3035 1552; x_wconf 83' lang='lat' dir='ltr'><strong>dulcissime</strong></span> <span class='ocrx_word' id='word_1_204' title='bbox 3069 1498 3364 1568; x_wconf 85' lang='lat' dir='ltr'><strong>suspirare.</strong></span> <span class='ocrx_word' id='word_1_205' title='bbox 3390 1500 3496 1555; x_wconf 86' lang='lat' dir='ltr'><strong>Sed</strong></span> 
     </span>
    </p>
   </div>
   <div class='ocr_carea' id='block_1_29' title="bbox 1916 1583 3498 1655">
    <p class='ocr_par' dir='ltr' id='par_1_29' title="bbox 1916 1583 3498 1655">
     <span class='ocr_line' id='line_1_29' title="bbox 1916 1583 3498 1655; baseline 0.005 -19"><span class='ocrx_word' id='word_1_206' title='bbox 1916 1590 2096 1637; x_wconf 86' lang='lat' dir='ltr'><strong>tamen</strong></span> <span class='ocrx_word' id='word_1_207' title='bbox 2141 1591 2433 1652; x_wconf 89' lang='lat' dir='ltr'><strong>utrumque</strong></span> <span class='ocrx_word' id='word_1_208' title='bbox 2480 1583 2835 1654; x_wconf 88' lang='lat' dir='ltr'><strong>discipulum,</strong></span> <span class='ocrx_word' id='word_1_209' title='bbox 2881 1594 3107 1655; x_wconf 85' lang='lat' dir='ltr'><strong>utraque</strong></span> <span class='ocrx_word' id='word_1_210' title='bbox 3151 1587 3260 1641; x_wconf 88' lang='lat' dir='ltr'><strong>vita</strong></span> <span class='ocrx_word' id='word_1_211' title='bbox 3319 1588 3498 1644; x_wconf 90' lang='lat' dir='ltr'><strong>nullus</strong></span> 
     </span>
    </p>
   </div>
   <div class='ocr_carea' id='block_1_30' title="bbox 1916 1671 3500 1751">
    <p class='ocr_par' dir='ltr' id='par_1_30' title="bbox 1916 1671 3500 1751">
     <span class='ocr_line' id='line_1_30' title="bbox 1916 1671 3500 1751; baseline 0.006 -26"><span class='ocrx_word' id='word_1_212' title='bbox 1916 1671 2130 1742; x_wconf 82' lang='lat' dir='ltr'><strong>ignorat</strong></span> <span class='ocrx_word' id='word_1_213' title='bbox 2158 1687 2278 1728; x_wconf 89' lang='lat' dir='ltr'><strong>esse</strong></span> <span class='ocrx_word' id='word_1_214' title='bbox 2300 1671 2596 1743; x_wconf 85' lang='lat' dir='ltr'><strong>perfectum</strong></span> <span class='ocrx_word' id='word_1_215' title='bbox 2617 1715 2632 1739; x_wconf 94' lang='lat'><strong>,</strong></span> <span class='ocrx_word' id='word_1_216' title='bbox 2660 1683 2715 1729; x_wconf 90' lang='lat' dir='ltr'><strong>et</strong></span> <span class='ocrx_word' id='word_1_217' title='bbox 2741 1676 2916 1730; x_wconf 90' lang='lat' dir='ltr'><strong>activa</strong></span> <span class='ocrx_word' id='word_1_218' title='bbox 2946 1677 3162 1745; x_wconf 87' lang='lat' dir='ltr'><strong>quidem</strong></span> <span class='ocrx_word' id='word_1_219' title='bbox 3193 1679 3301 1732; x_wconf 89' lang='lat' dir='ltr'><strong>vita</strong></span> <span class='ocrx_word' id='word_1_220' title='bbox 3335 1696 3500 1751; x_wconf 82' lang='lat' dir='ltr'><strong>gene-</strong></span> 
     </span>
    </p>
   </div>
   <div class='ocr_carea' id='block_1_31' title="bbox 1916 1762 3497 1836">
    <p class='ocr_par' dir='ltr' id='par_1_31' title="bbox 1916 1762 3497 1836">
     <span class='ocr_line' id='line_1_31' title="bbox 1916 1762 3497 1836; baseline 0.006 -21"><span class='ocrx_word' id='word_1_221' title='bbox 1916 1762 2104 1817; x_wconf 81' lang='lat' dir='ltr'><strong>raliter</strong></span> <span class='ocrx_word' id='word_1_222' title='bbox 2126 1764 2195 1817; x_wconf 92' lang='lat' dir='ltr'><strong>ad</strong></span> <span class='ocrx_word' id='word_1_223' title='bbox 2225 1778 2415 1819; x_wconf 89' lang='lat' dir='ltr'><strong>omnes</strong></span> <span class='ocrx_word' id='word_1_224' title='bbox 2444 1762 2629 1820; x_wconf 81' lang='lat' dir='ltr'><strong>ﬁdeles</strong></span> <span class='ocrx_word' id='word_1_225' title='bbox 2665 1766 2930 1834; x_wconf 87' lang='lat' dir='ltr'><strong>pertinet,</strong></span> <span class='ocrx_word' id='word_1_226' title='bbox 2961 1768 3153 1836; x_wconf 89' lang='lat' dir='ltr'><strong>qui,se</strong></span> <span class='ocrx_word' id='word_1_227' title='bbox 3180 1769 3248 1824; x_wconf 91' lang='lat' dir='ltr'><strong>ab</strong></span> <span class='ocrx_word' id='word_1_228' title='bbox 3275 1767 3377 1824; x_wconf 91' lang='lat' dir='ltr'><strong>hoc</strong></span> <span class='ocrx_word' id='word_1_229' title='bbox 3398 1786 3497 1825; x_wconf 78' lang='lat' dir='ltr'><strong>sae-</strong></span> 
     </span>
    </p>
   </div>
   <div class='ocr_carea' id='block_1_32' title="bbox 187 1853 3495 1929">
    <p class='ocr_par' dir='ltr' id='par_1_32' title="bbox 187 1853 3495 1929">
     <span class='ocr_line' id='line_1_32' title="bbox 187 1853 3495 1929; baseline 0.004 -27"><span class='ocrx_word' id='word_1_230' title='bbox 187 1884 209 1918; x_wconf 63' lang='lat'><em>.</em></span> <span class='ocrx_word' id='word_1_231' title='bbox 244 1865 397 1921; x_wconf 53' lang='lat' dir='ltr'><strong>dixit</strong></span> <span class='ocrx_word' id='word_1_232' title='bbox 427 1865 590 1921; x_wconf 69' lang='lat' dir='ltr'><strong>Jesus</strong></span> <span class='ocrx_word' id='word_1_233' title='bbox 630 1865 746 1920; x_wconf 75' lang='lat' dir='ltr'><strong>Non</strong></span> <span class='ocrx_word' id='word_1_234' title='bbox 775 1866 1024 1929; x_wconf 65' lang='grc' dir='ltr'><strong>ωρι-ίιυιι,</strong></span> <span class='ocrx_word' id='word_1_235' title='bbox 1074 1865 1187 1928; x_wconf 55' lang='grc' dir='ltr'><strong>εδδ,</strong></span> <span class='ocrx_word' id='word_1_236' title='bbox 1236 1864 1326 1920; x_wconf 75' lang='lat' dir='ltr'><strong>Sic</strong></span> <span class='ocrx_word' id='word_1_237' title='bbox 1364 1880 1486 1920; x_wconf 72' lang='lat' dir='ltr'><strong>eum</strong></span> <span class='ocrx_word' id='word_1_238' title='bbox 1528 1866 1651 1921; x_wconf 79' lang='grc' dir='ltr'><strong>νοιο</strong></span> <span class='ocrx_word' id='word_1_239' title='bbox 1689 1881 1807 1921; x_wconf 67' lang='lat' dir='ltr'><strong>ma.</strong></span> <span class='ocrx_word' id='word_1_240' title='bbox 1834 1853 1883 1915; x_wconf 89' lang='lat' dir='ltr'><strong>B</strong></span> <span class='ocrx_word' id='word_1_241' title='bbox 1911 1853 2033 1909; x_wconf 92' lang='lat' dir='ltr'><strong>culo</strong></span> <span class='ocrx_word' id='word_1_242' title='bbox 2072 1854 2446 1910; x_wconf 89' lang='lat' dir='ltr'><strong>immaculatos</strong></span> <span class='ocrx_word' id='word_1_243' title='bbox 2493 1856 2890 1923; x_wconf 90' lang='lat' dir='ltr'><strong>custodientes,</strong></span> <span class='ocrx_word' id='word_1_244' title='bbox 2941 1868 3202 1924; x_wconf 87' lang='lat' dir='ltr'><strong>mentem,</strong></span> <span class='ocrx_word' id='word_1_245' title='bbox 3251 1875 3495 1925; x_wconf 84' lang='lat' dir='ltr'><strong>manum.</strong></span> 
     </span>
    </p>
   </div>
   <div class='ocr_carea' id='block_1_33' title="bbox 189 1954 1809 2027">
    <p class='ocr_par' dir='ltr' id='par_1_33' title="bbox 189 1954 1809 2027">
     <span class='ocr_line' id='line_1_33' title="bbox 189 1954 1809 2027; baseline 0.002 -18"><span class='ocrx_word' id='word_1_246' title='bbox 189 1976 208 2009; x_wconf 81' lang='grc' dir='ltr'>ι</span> <span class='ocrx_word' id='word_1_247' title='bbox 247 1968 390 2012; x_wconf 87' lang='lat' dir='ltr'><strong>nere</strong></span> <span class='ocrx_word' id='word_1_248' title='bbox 448 1955 623 2012; x_wconf 89' lang='lat' dir='ltr'><strong>donec</strong></span> <span class='ocrx_word' id='word_1_249' title='bbox 651 1955 885 2011; x_wconf 86' lang='lat' dir='ltr'><strong>veniam.</strong></span> <span class='ocrx_word' id='word_1_250' title='bbox 931 1975 951 2008; x_wconf 75' lang='grc' dir='ltr'><strong>ι</strong></span> <span class='ocrx_word' id='word_1_251' title='bbox 997 1954 1170 2011; x_wconf 82' lang='lat' dir='ltr'><strong>Morte</strong></span> <span class='ocrx_word' id='word_1_252' title='bbox 1194 1956 1340 2011; x_wconf 88' lang='lat' dir='ltr'><strong>enim</strong></span> <span class='ocrx_word' id='word_1_253' title='bbox 1369 1958 1614 2027; x_wconf 92' lang='lat' dir='ltr'><strong>corporis</strong></span> <span class='ocrx_word' id='word_1_254' title='bbox 1654 1972 1809 2012; x_wconf 89' lang='lat' dir='ltr'><strong>vera-</strong></span> 
     </span>
    </p>
   </div>
   <div class='ocr_carea' id='block_1_34' title="bbox 195 2044 1807 2119">
    <p class='ocr_par' dir='ltr' id='par_1_34' title="bbox 195 2044 1807 2119">
     <span class='ocr_line' id='line_1_34' title="bbox 195 2044 1807 2119; baseline 0.001 -16"><span class='ocrx_word' id='word_1_255' title='bbox 195 2047 347 2103; x_wconf 89' lang='lat' dir='ltr'><strong>citer</strong></span> <span class='ocrx_word' id='word_1_256' title='bbox 372 2058 629 2102; x_wconf 88' lang='lat' dir='ltr'><strong>mortuus</strong></span> <span class='ocrx_word' id='word_1_257' title='bbox 656 2044 1021 2113; x_wconf 81' lang='lat' dir='ltr'><strong>estJoannes,</strong></span> <span class='ocrx_word' id='word_1_258' title='bbox 1057 2048 1181 2116; x_wconf 83' lang='lat' dir='ltr'><strong>quia</strong></span> <span class='ocrx_word' id='word_1_259' title='bbox 1204 2062 1272 2103; x_wconf 78' lang='lat' dir='ltr'><strong>ex</strong></span> <span class='ocrx_word' id='word_1_260' title='bbox 1301 2063 1367 2105; x_wconf 91' lang='lat' dir='ltr'><strong>eo</strong></span> <span class='ocrx_word' id='word_1_261' title='bbox 1391 2049 1477 2103; x_wconf 91' lang='lat' dir='ltr'><strong>die</strong></span> <span class='ocrx_word' id='word_1_262' title='bbox 1497 2065 1605 2118; x_wconf 88' lang='lat' dir='ltr'><strong>quo</strong></span> <span class='ocrx_word' id='word_1_263' title='bbox 1632 2049 1807 2119; x_wconf 90' lang='lat' dir='ltr'><strong>primo</strong></span> 
     </span>
    </p>
   </div>
   <div class='ocr_carea' id='block_1_35' title="bbox 186 2140 1807 2213">
    <p class='ocr_par' dir='ltr' id='par_1_35' title="bbox 186 2140 1807 2213">
     <span class='ocr_line' id='line_1_35' title="bbox 186 2140 1807 2213; baseline 0.004 -19"><span class='ocrx_word' id='word_1_264' title='bbox 186 2140 418 2196; x_wconf 85' lang='lat' dir='ltr'><strong>homini</strong></span> <span class='ocrx_word' id='word_1_265' title='bbox 451 2142 657 2197; x_wconf 90' lang='lat' dir='ltr'><strong>dictum</strong></span> <span class='ocrx_word' id='word_1_266' title='bbox 682 2150 801 2198; x_wconf 89' lang='lat' dir='ltr'><strong>est:</strong></span> <span class='ocrx_word' id='word_1_267' title='bbox 840 2160 859 2195; x_wconf 75' lang='grc' dir='ltr'>ι</span> <span class='ocrx_word' id='word_1_268' title='bbox 883 2142 1217 2213; x_wconf 86' lang='lat' dir='ltr'><strong>Quocunquc</strong></span> <span class='ocrx_word' id='word_1_269' title='bbox 1263 2145 1350 2200; x_wconf 91' lang='lat' dir='ltr'><strong>die</strong></span> <span class='ocrx_word' id='word_1_270' title='bbox 1393 2146 1695 2201; x_wconf 88' lang='lat' dir='ltr'><strong>comederis</strong></span> <span class='ocrx_word' id='word_1_271' title='bbox 1741 2146 1807 2201; x_wconf 89' lang='lat' dir='ltr'><strong>de</strong></span> 
     </span>
    </p>
   </div>
   <div class='ocr_carea' id='block_1_36' title="bbox 183 2233 1797 2311">
    <p class='ocr_par' dir='ltr' id='par_1_36' title="bbox 183 2233 1797 2311">
     <span class='ocr_line' id='line_1_36' title="bbox 183 2233 1797 2311; baseline 0.002 -22"><span class='ocrx_word' id='word_1_272' title='bbox 183 2233 342 2306; x_wconf 89' lang='lat' dir='ltr'><strong>ligno</strong></span> <span class='ocrx_word' id='word_1_273' title='bbox 364 2236 616 2292; x_wconf 81' lang='lat' dir='ltr'><strong>scientiae</strong></span> <span class='ocrx_word' id='word_1_274' title='bbox 635 2236 760 2293; x_wconf 92' lang='lat' dir='ltr'><strong>boni</strong></span> <span class='ocrx_word' id='word_1_275' title='bbox 776 2246 833 2292; x_wconf 91' lang='lat' dir='ltr'><strong>et</strong></span> <span class='ocrx_word' id='word_1_276' title='bbox 848 2237 997 2303; x_wconf 92' lang='lat' dir='ltr'><strong>mali,</strong></span> <span class='ocrx_word' id='word_1_277' title='bbox 1021 2245 1195 2293; x_wconf 90' lang='lat' dir='ltr'><strong>morte</strong></span> <span class='ocrx_word' id='word_1_278' title='bbox 1217 2238 1464 2294; x_wconf 89' lang='lat' dir='ltr'><strong>morieris</strong></span> <span class='ocrx_word' id='word_1_279' title='bbox 1485 2236 1638 2311; x_wconf 81' lang='lat' dir='ltr'><strong>(Gen.</strong></span> <span class='ocrx_word' id='word_1_280' title='bbox 1668 2238 1755 2309; x_wconf 85' lang='grc' dir='ltr'><strong>ιι),</strong></span> <span class='ocrx_word' id='word_1_281' title='bbox 1780 2259 1797 2291; x_wconf 73' lang='grc' dir='ltr'><strong><em>ι</em></strong></span> 
     </span>
    </p>
   </div>
   <div class='ocr_carea' id='block_1_37' title="bbox 184 2324 1803 2399">
    <p class='ocr_par' dir='ltr' id='par_1_37' title="bbox 184 2324 1803 2399">
     <span class='ocr_line' id='line_1_37' title="bbox 184 2324 1803 2399; baseline 0.003 -21"><span class='ocrx_word' id='word_1_282' title='bbox 184 2324 387 2382; x_wconf 85' lang='lat' dir='ltr'><strong>nullus</strong></span> <span class='ocrx_word' id='word_1_283' title='bbox 423 2335 511 2382; x_wconf 87' lang='lat' dir='ltr'><strong>est</strong></span> <span class='ocrx_word' id='word_1_284' title='bbox 548 2327 642 2396; x_wconf 89' lang='lat' dir='ltr'><strong>qui</strong></span> <span class='ocrx_word' id='word_1_285' title='bbox 677 2334 857 2398; x_wconf 88' lang='lat' dir='ltr'><strong>gustet</strong></span> <span class='ocrx_word' id='word_1_286' title='bbox 903 2328 1067 2382; x_wconf 91' lang='lat' dir='ltr'><strong>vitam</strong></span> <span class='ocrx_word' id='word_1_287' title='bbox 1133 2328 1225 2397; x_wconf 90' lang='lat' dir='ltr'><strong>qui</strong></span> <span class='ocrx_word' id='word_1_288' title='bbox 1277 2343 1384 2383; x_wconf 91' lang='lat' dir='ltr'><strong>non</strong></span> <span class='ocrx_word' id='word_1_289' title='bbox 1428 2336 1608 2399; x_wconf 80' lang='lat' dir='ltr'><strong>gustet</strong></span> <span class='ocrx_word' id='word_1_290' title='bbox 1656 2343 1803 2383; x_wconf 91' lang='lat' dir='ltr'><strong>mor-</strong></span> 
     </span>
    </p>
   </div>
   <div class='ocr_carea' id='block_1_38' title="bbox 185 2414 1807 2485">
    <p class='ocr_par' dir='ltr' id='par_1_38' title="bbox 185 2414 1807 2485">
     <span class='ocr_line' id='line_1_38' title="bbox 185 2414 1807 2485; baseline 0.002 -15"><span class='ocrx_word' id='word_1_291' title='bbox 185 2422 337 2470; x_wconf 87' lang='lat' dir='ltr'><strong>tem.</strong></span> <span class='ocrx_word' id='word_1_292' title='bbox 400 2414 668 2485; x_wconf 86' lang='lat' dir='ltr'><strong>Denique,</strong></span> <span class='ocrx_word' id='word_1_293' title='bbox 700 2417 805 2470; x_wconf 87' lang='lat' dir='ltr'><strong>etsi</strong></span> <span class='ocrx_word' id='word_1_294' title='bbox 830 2416 978 2471; x_wconf 84' lang='lat' dir='ltr'><strong>Elias</strong></span> <span class='ocrx_word' id='word_1_295' title='bbox 999 2424 1053 2471; x_wconf 91' lang='lat' dir='ltr'><strong>et</strong></span> <span class='ocrx_word' id='word_1_296' title='bbox 1086 2416 1268 2472; x_wconf 87' lang='lat' dir='ltr'><strong>Euoch</strong></span> <span class='ocrx_word' id='word_1_297' title='bbox 1308 2419 1485 2474; x_wconf 88' lang='lat' dir='ltr'><strong>adhuc</strong></span> <span class='ocrx_word' id='word_1_298' title='bbox 1532 2419 1639 2472; x_wconf 84' lang='lat' dir='ltr'><strong>vivi</strong></span> <span class='ocrx_word' id='word_1_299' title='bbox 1686 2433 1807 2473; x_wconf 91' lang='lat' dir='ltr'><strong>esse</strong></span> 
     </span>
    </p>
   </div>
   <div class='ocr_carea' id='block_1_39' title="bbox 181 2506 1808 2577">
    <p class='ocr_par' dir='ltr' id='par_1_39' title="bbox 181 2506 1808 2577">
     <span class='ocr_line' id='line_1_39' title="bbox 181 2506 1808 2577; baseline 0 -16"><span class='ocrx_word' id='word_1_300' title='bbox 181 2507 527 2568; x_wconf 89' lang='lat' dir='ltr'><strong>creduntur,</strong></span> <span class='ocrx_word' id='word_1_301' title='bbox 554 2513 735 2561; x_wconf 88' lang='lat' dir='ltr'><strong>tamen</strong></span> <span class='ocrx_word' id='word_1_302' title='bbox 761 2506 1038 2561; x_wconf 89' lang='lat' dir='ltr'><strong>sciendum</strong></span> <span class='ocrx_word' id='word_1_303' title='bbox 1064 2508 1292 2577; x_wconf 88' lang='lat' dir='ltr'><strong>estquia</strong></span> <span class='ocrx_word' id='word_1_304' title='bbox 1321 2508 1390 2562; x_wconf 87' lang='lat' dir='ltr'><strong>ad</strong></span> <span class='ocrx_word' id='word_1_305' title='bbox 1416 2516 1627 2577; x_wconf 90' lang='lat' dir='ltr'><strong>tempus</strong></span> <span class='ocrx_word' id='word_1_306' title='bbox 1662 2523 1808 2564; x_wconf 87' lang='lat' dir='ltr'><strong>mor-</strong></span> 
     </span>
    </p>
   </div>
   <div class='ocr_carea' id='block_1_40' title="bbox 185 2595 1804 2668">
    <p class='ocr_par' dir='ltr' id='par_1_40' title="bbox 185 2595 1804 2668">
     <span class='ocr_line' id='line_1_40' title="bbox 185 2595 1804 2668; baseline 0 -15"><span class='ocrx_word' id='word_1_307' title='bbox 185 2607 303 2655; x_wconf 89' lang='lat' dir='ltr'><strong>tem</strong></span> <span class='ocrx_word' id='word_1_308' title='bbox 362 2598 620 2667; x_wconf 89' lang='lat' dir='ltr'><strong>corporis</strong></span> <span class='ocrx_word' id='word_1_309' title='bbox 673 2595 1033 2661; x_wconf 89' lang='lat' dir='ltr'><strong>distulerunt,</strong></span> <span class='ocrx_word' id='word_1_310' title='bbox 1082 2614 1187 2653; x_wconf 90' lang='lat' dir='ltr'><strong>non</strong></span> <span class='ocrx_word' id='word_1_311' title='bbox 1232 2600 1447 2668; x_wconf 88' lang='lat' dir='ltr'><strong>penitus</strong></span> <span class='ocrx_word' id='word_1_312' title='bbox 1493 2607 1804 2664; x_wconf 85' lang='lat' dir='ltr'><strong>evaserunt,</strong></span> 
     </span>
    </p>
   </div>
   <div class='ocr_carea' id='block_1_41' title="bbox 190 2687 1804 2761">
    <p class='ocr_par' dir='ltr' id='par_1_41' title="bbox 190 2687 1804 2761">
     <span class='ocr_line' id='line_1_41' title="bbox 190 2687 1804 2761; baseline 0 -16"><span class='ocrx_word' id='word_1_313' title='bbox 190 2692 321 2761; x_wconf 90' lang='lat' dir='ltr'><strong>quia</strong></span> <span class='ocrx_word' id='word_1_314' title='bbox 351 2688 696 2759; x_wconf 81' lang='lat' dir='ltr'><strong>temporibus</strong></span> <span class='ocrx_word' id='word_1_315' title='bbox 716 2687 1043 2743; x_wconf 81' lang='lat' dir='ltr'><strong>Antichristi</strong></span> <span class='ocrx_word' id='word_1_316' title='bbox 1092 2690 1450 2746; x_wconf 81' lang='lat' dir='ltr'><strong>interficiendi</strong></span> <span class='ocrx_word' id='word_1_317' title='bbox 1480 2699 1625 2747; x_wconf 88' lang='lat' dir='ltr'><strong>sunt.</strong></span> <span class='ocrx_word' id='word_1_318' title='bbox 1683 2689 1804 2745; x_wconf 75' lang='lat' dir='ltr'><strong>Etsi</strong></span> 
     </span>
    </p>
   </div>
   <div class='ocr_carea' id='block_1_42' title="bbox 193 2777 1797 2849">
    <p class='ocr_par' dir='ltr' id='par_1_42' title="bbox 193 2777 1797 2849">
     <span class='ocr_line' id='line_1_42' title="bbox 193 2777 1797 2849; baseline -0.002 -12"><span class='ocrx_word' id='word_1_319' title='bbox 193 2781 472 2837; x_wconf 89' lang='lat' dir='ltr'><strong>Dominus</strong></span> <span class='ocrx_word' id='word_1_320' title='bbox 520 2780 576 2835; x_wconf 91' lang='lat' dir='ltr'><strong>in</strong></span> <span class='ocrx_word' id='word_1_321' title='bbox 626 2777 802 2834; x_wconf 89' lang='lat' dir='ltr'><strong>forma</strong></span> <span class='ocrx_word' id='word_1_322' title='bbox 856 2778 1212 2835; x_wconf 85' lang='lat' dir='ltr'><strong>humanitatis</strong></span> <span class='ocrx_word' id='word_1_323' title='bbox 1256 2787 1490 2836; x_wconf 91' lang='lat' dir='ltr'><strong>mortem</strong></span> <span class='ocrx_word' id='word_1_324' title='bbox 1541 2780 1797 2849; x_wconf 86' lang='lat' dir='ltr'><strong>suscepit,</strong></span> 
     </span>
    </p>
   </div>
   <div class='ocr_carea' id='block_1_43' title="bbox 200 2868 1804 2942">
    <p class='ocr_par' dir='ltr' id='par_1_43' title="bbox 200 2868 1804 2942">
     <span class='ocr_line' id='line_1_43' title="bbox 200 2868 1804 2942; baseline -0.001 -15"><span class='ocrx_word' id='word_1_325' title='bbox 200 2868 387 2928; x_wconf 85' lang='lat' dir='ltr'><strong>nullus</strong></span> <span class='ocrx_word' id='word_1_326' title='bbox 416 2879 503 2927; x_wconf 87' lang='lat' dir='ltr'><strong>est</strong></span> <span class='ocrx_word' id='word_1_327' title='bbox 527 2870 621 2941; x_wconf 86' lang='lat' dir='ltr'><strong>qui</strong></span> <span class='ocrx_word' id='word_1_328' title='bbox 650 2878 882 2925; x_wconf 91' lang='lat' dir='ltr'><strong>mortem</strong></span> <span class='ocrx_word' id='word_1_329' title='bbox 915 2869 1161 2939; x_wconf 90' lang='lat' dir='ltr'><strong>corporis</strong></span> <span class='ocrx_word' id='word_1_330' title='bbox 1185 2870 1417 2926; x_wconf 88' lang='lat' dir='ltr'><strong>evadere</strong></span> <span class='ocrx_word' id='word_1_331' title='bbox 1444 2871 1636 2942; x_wconf 86' lang='lat' dir='ltr'><strong>possit,</strong></span> <span class='ocrx_word' id='word_1_332' title='bbox 1658 2869 1804 2926; x_wconf 90' lang='lat' dir='ltr'><strong>Psal-</strong></span> 
     </span>
    </p>
   </div>
   <div class='ocr_carea' id='block_1_44' title="bbox 186 2959 1799 3030">
    <p class='ocr_par' dir='ltr' id='par_1_44' title="bbox 186 2959 1799 3030">
     <span class='ocr_line' id='line_1_44' title="bbox 186 2959 1799 3030; baseline -0.001 -14"><span class='ocrx_word' id='word_1_333' title='bbox 186 2962 365 3017; x_wconf 79' lang='lat' dir='ltr'><strong>mista</strong></span> <span class='ocrx_word' id='word_1_334' title='bbox 396 2969 653 3027; x_wconf 88' lang='lat' dir='ltr'><strong>testante,</strong></span> <span class='ocrx_word' id='word_1_335' title='bbox 688 2959 783 3029; x_wconf 91' lang='lat' dir='ltr'><strong>qui</strong></span> <span class='ocrx_word' id='word_1_336' title='bbox 804 2960 920 3014; x_wconf 88' lang='lat' dir='ltr'><strong>ait:</strong></span> <span class='ocrx_word' id='word_1_337' title='bbox 965 2964 991 3011; x_wconf 85' lang='grc'><strong>‹’</strong></span> <span class='ocrx_word' id='word_1_338' title='bbox 1036 2960 1169 3027; x_wconf 84' lang='lat' dir='ltr'><strong>Quis</strong></span> <span class='ocrx_word' id='word_1_339' title='bbox 1199 2969 1283 3015; x_wconf 92' lang='lat' dir='ltr'><strong>est</strong></span> <span class='ocrx_word' id='word_1_340' title='bbox 1315 2962 1477 3017; x_wconf 91' lang='lat' dir='ltr'><strong>homo</strong></span> <span class='ocrx_word' id='word_1_341' title='bbox 1511 2961 1605 3030; x_wconf 91' lang='lat' dir='ltr'><strong>qui</strong></span> <span class='ocrx_word' id='word_1_342' title='bbox 1633 2961 1799 3027; x_wconf 88' lang='lat' dir='ltr'><strong>vivet,</strong></span> 
     </span>
    </p>
   </div>
   <div class='ocr_carea' id='block_1_45' title="bbox 200 3047 1801 3123">
    <p class='ocr_par' dir='ltr' id='par_1_45' title="bbox 200 3047 1801 3123">
     <span class='ocr_line' id='line_1_45' title="bbox 200 3047 1801 3123; baseline -0.001 -16"><span class='ocrx_word' id='word_1_343' title='bbox 200 3062 259 3108; x_wconf 90' lang='lat' dir='ltr'><strong>et</strong></span> <span class='ocrx_word' id='word_1_344' title='bbox 279 3068 392 3108; x_wconf 90' lang='lat' dir='ltr'><strong>non</strong></span> <span class='ocrx_word' id='word_1_345' title='bbox 407 3052 610 3108; x_wconf 88' lang='lat' dir='ltr'><strong>videbit</strong></span> <span class='ocrx_word' id='word_1_346' title='bbox 630 3050 898 3108; x_wconf 84' lang='lat' dir='ltr'><strong>mortem?</strong></span> <span class='ocrx_word' id='word_1_347' title='bbox 918 3070 938 3104; x_wconf 69' lang='grc' dir='ltr'>ι</span> <span class='ocrx_word' id='word_1_348' title='bbox 972 3047 1144 3122; x_wconf 76' lang='grc' dir='ltr'><strong>(Ρεαι.</strong></span> <span class='ocrx_word' id='word_1_349' title='bbox 1169 3053 1458 3123; x_wconf 77' lang='lat' dir='ltr'><strong>Lxxxvnt.)</strong></span> <span class='ocrx_word' id='word_1_350' title='bbox 1481 3051 1801 3107; x_wconf 87' lang='lat' dir='ltr'><strong>subauditur</strong></span> 
     </span>
    </p>
   </div>
   <div class='ocr_carea' id='block_1_46' title="bbox 201 3141 1796 3215">
    <p class='ocr_par' dir='ltr' id='par_1_46' title="bbox 201 3141 1796 3215">
     <span class='ocr_line' id='line_1_46' title="bbox 201 3141 1796 3215; baseline 0 -16"><span class='ocrx_word' id='word_1_351' title='bbox 201 3143 407 3200; x_wconf 89' lang='lat' dir='ltr'><strong>nullus.</strong></span> <span class='ocrx_word' id='word_1_352' title='bbox 434 3143 677 3215; x_wconf 86' lang='lat' dir='ltr'><strong>Denique</strong></span> <span class='ocrx_word' id='word_1_353' title='bbox 721 3142 865 3199; x_wconf 88' lang='lat' dir='ltr'><strong>sicut</strong></span> <span class='ocrx_word' id='word_1_354' title='bbox 890 3142 946 3198; x_wconf 92' lang='lat' dir='ltr'><strong>in</strong></span> <span class='ocrx_word' id='word_1_355' title='bbox 992 3141 1214 3197; x_wconf 90' lang='lat' dir='ltr'><strong>Patrum</strong></span> <span class='ocrx_word' id='word_1_356' title='bbox 1248 3141 1444 3199; x_wconf 87' lang='lat' dir='ltr'><strong>litteris</strong></span> <span class='ocrx_word' id='word_1_357' title='bbox 1472 3142 1796 3209; x_wconf 89' lang='lat' dir='ltr'><strong>invenimus,</strong></span> 
     </span>
    </p>
   </div>
   <div class='ocr_carea' id='block_1_47' title="bbox 1914 1946 3498 2020">
    <p class='ocr_par' dir='ltr' id='par_1_47' title="bbox 1914 1946 3498 2020">
     <span class='ocr_line' id='line_1_47' title="bbox 1914 1946 3498 2020; baseline 0.006 -22"><span class='ocrx_word' id='word_1_358' title='bbox 1914 1946 2149 2017; x_wconf 85' lang='lat' dir='ltr'><strong>linguam</strong></span> <span class='ocrx_word' id='word_1_359' title='bbox 2177 1947 2230 2001; x_wconf 92' lang='lat' dir='ltr'><strong>in</strong></span> <span class='ocrx_word' id='word_1_360' title='bbox 2250 1947 2393 2003; x_wconf 82' lang='lat' dir='ltr'><strong>bono</strong></span> <span class='ocrx_word' id='word_1_361' title='bbox 2417 1962 2583 2017; x_wconf 91' lang='lat' dir='ltr'><strong>opere</strong></span> <span class='ocrx_word' id='word_1_362' title='bbox 2604 1959 2880 2004; x_wconf 83' lang='lat' dir='ltr'><strong>exercent.</strong></span> <span class='ocrx_word' id='word_1_363' title='bbox 2914 1948 3344 2020; x_wconf 84' lang='lat' dir='ltr'><strong>Contemplativa</strong></span> <span class='ocrx_word' id='word_1_364' title='bbox 3370 1968 3498 2008; x_wconf 78' lang='lat' dir='ltr'><strong>vero</strong></span> 
     </span>
    </p>
   </div>
   <div class='ocr_carea' id='block_1_48' title="bbox 1913 2038 3493 2114">
    <p class='ocr_par' dir='ltr' id='par_1_48' title="bbox 1913 2038 3493 2114">
     <span class='ocr_line' id='line_1_48' title="bbox 1913 2038 3493 2114; baseline 0.007 -22"><span class='ocrx_word' id='word_1_365' title='bbox 1913 2038 2020 2094; x_wconf 91' lang='lat' dir='ltr'><strong>illis</strong></span> <span class='ocrx_word' id='word_1_366' title='bbox 2045 2040 2279 2095; x_wconf 77' lang='lat' dir='ltr'><strong>maxime</strong></span> <span class='ocrx_word' id='word_1_367' title='bbox 2309 2041 2495 2106; x_wconf 88' lang='lat' dir='ltr'><strong>datur,</strong></span> <span class='ocrx_word' id='word_1_368' title='bbox 2530 2041 2620 2111; x_wconf 85' lang='lat' dir='ltr'><strong>qui</strong></span> <span class='ocrx_word' id='word_1_369' title='bbox 2659 2052 2782 2111; x_wconf 83' lang='lat' dir='ltr'><strong>post</strong></span> <span class='ocrx_word' id='word_1_370' title='bbox 2802 2043 2959 2114; x_wconf 86' lang='lat' dir='ltr'><strong>longa</strong></span> <span class='ocrx_word' id='word_1_371' title='bbox 2987 2046 3248 2101; x_wconf 80' lang='lat' dir='ltr'><strong>exercitia</strong></span> <span class='ocrx_word' id='word_1_372' title='bbox 3298 2065 3493 2103; x_wconf 50' lang='lat' dir='ltr'><strong>mona-</strong></span> 
     </span>
    </p>
   </div>
   <div class='ocr_carea' id='block_1_49' title="bbox 1910 2130 3500 2209">
    <p class='ocr_par' dir='ltr' id='par_1_49' title="bbox 1910 2130 3500 2209">
     <span class='ocr_line' id='line_1_49' title="bbox 1910 2130 3500 2209; baseline 0.007 -25"><span class='ocrx_word' id='word_1_373' title='bbox 1910 2130 2060 2185; x_wconf 85' lang='lat' dir='ltr'><strong>sticae</strong></span> <span class='ocrx_word' id='word_1_374' title='bbox 2081 2132 2223 2196; x_wconf 79' lang='lat' dir='ltr'><strong>vitae,</strong></span> <span class='ocrx_word' id='word_1_375' title='bbox 2239 2140 2449 2187; x_wconf 84' lang='lat' dir='ltr'><strong>secreta</strong></span> <span class='ocrx_word' id='word_1_376' title='bbox 2476 2131 2592 2203; x_wconf 80' lang='lat' dir='ltr'><strong>loca</strong></span> <span class='ocrx_word' id='word_1_377' title='bbox 2611 2135 2781 2188; x_wconf 89' lang='lat' dir='ltr'><strong>eremi</strong></span> <span class='ocrx_word' id='word_1_378' title='bbox 2806 2135 2908 2191; x_wconf 88' lang='lat' dir='ltr'><strong>sibi</strong></span> <span class='ocrx_word' id='word_1_379' title='bbox 2929 2135 3153 2206; x_wconf 85' lang='lat' dir='ltr'><strong>eligunt,</strong></span> <span class='ocrx_word' id='word_1_380' title='bbox 3179 2138 3266 2193; x_wconf 93' lang='lat' dir='ltr'><strong>ubi</strong></span> <span class='ocrx_word' id='word_1_381' title='bbox 3293 2138 3500 2209; x_wconf 88' lang='lat' dir='ltr'><strong>absque</strong></span> 
     </span>
    </p>
   </div>
   <div class='ocr_carea' id='block_1_50' title="bbox 1910 2223 3502 2292">
    <p class='ocr_par' dir='ltr' id='par_1_50' title="bbox 1910 2223 3502 2292">
     <span class='ocr_line' id='line_1_50' title="bbox 1910 2223 3502 2292; baseline 0.007 -16"><span class='ocrx_word' id='word_1_382' title='bbox 1910 2223 2296 2292; x_wconf 85' lang='lat' dir='ltr'><strong>impedimento</strong></span> <span class='ocrx_word' id='word_1_383' title='bbox 2327 2225 2604 2280; x_wconf 89' lang='lat' dir='ltr'><strong>hominum</strong></span> <span class='ocrx_word' id='word_1_384' title='bbox 2622 2266 2637 2289; x_wconf 88' lang='lat'><strong>,</strong></span> <span class='ocrx_word' id='word_1_385' title='bbox 2668 2225 2889 2283; x_wconf 87' lang='lat' dir='ltr'><strong>lectioni</strong></span> <span class='ocrx_word' id='word_1_386' title='bbox 2910 2236 2967 2283; x_wconf 88' lang='lat' dir='ltr'><strong>et</strong></span> <span class='ocrx_word' id='word_1_387' title='bbox 2988 2229 3219 2284; x_wconf 91' lang='lat' dir='ltr'><strong>orationi</strong></span> <span class='ocrx_word' id='word_1_388' title='bbox 3245 2231 3502 2287; x_wconf 88' lang='lat' dir='ltr'><strong>insistere</strong></span> 
     </span>
    </p>
   </div>
   <div class='ocr_carea' id='block_1_51' title="bbox 1909 2314 3496 2389">
    <p class='ocr_par' dir='ltr' id='par_1_51' title="bbox 1909 2314 3496 2389">
     <span class='ocr_line' id='line_1_51' title="bbox 1909 2314 3496 2389; baseline 0.006 -21"><span class='ocrx_word' id='word_1_389' title='bbox 1909 2323 1965 2368; x_wconf 92' lang='lat' dir='ltr'><strong>et</strong></span> <span class='ocrx_word' id='word_1_390' title='bbox 1992 2314 2090 2369; x_wconf 92' lang='lat' dir='ltr'><strong>soli</strong></span> <span class='ocrx_word' id='word_1_391' title='bbox 2130 2315 2239 2371; x_wconf 91' lang='lat' dir='ltr'><strong>Deo</strong></span> <span class='ocrx_word' id='word_1_392' title='bbox 2263 2316 2474 2385; x_wconf 90' lang='lat' dir='ltr'><strong>possint</strong></span> <span class='ocrx_word' id='word_1_393' title='bbox 2513 2316 2813 2382; x_wconf 70' lang='lat' dir='ltr'><strong>inhaerere,</strong></span> <span class='ocrx_word' id='word_1_394' title='bbox 2865 2328 2920 2373; x_wconf 89' lang='lat' dir='ltr'><strong>et</strong></span> <span class='ocrx_word' id='word_1_395' title='bbox 2965 2329 3226 2389; x_wconf 91' lang='lat' dir='ltr'><strong>quantum</strong></span> <span class='ocrx_word' id='word_1_396' title='bbox 3261 2322 3496 2378; x_wconf 88' lang='lat' dir='ltr'><strong>humana</strong></span> 
     </span>
    </p>
   </div>
   <div class='ocr_carea' id='block_1_52' title="bbox 1912 2403 3501 2483">
    <p class='ocr_par' dir='ltr' id='par_1_52' title="bbox 1912 2403 3501 2483">
     <span class='ocr_line' id='line_1_52' title="bbox 1912 2403 3501 2483; baseline 0.008 -29"><span class='ocrx_word' id='word_1_397' title='bbox 1912 2403 2176 2472; x_wconf 82' lang='lat' dir='ltr'><strong>fragilitas</strong></span> <span class='ocrx_word' id='word_1_398' title='bbox 2236 2404 2471 2472; x_wconf 90' lang='lat' dir='ltr'><strong>patitur,</strong></span> <span class='ocrx_word' id='word_1_399' title='bbox 2533 2406 2821 2475; x_wconf 89' lang='lat' dir='ltr'><strong>aliquoties</strong></span> <span class='ocrx_word' id='word_1_400' title='bbox 2882 2410 3114 2465; x_wconf 71' lang='lat' dir='ltr'><strong>cmtibus</strong></span> <span class='ocrx_word' id='word_1_401' title='bbox 3184 2413 3501 2483; x_wconf 89' lang='lat' dir='ltr'><strong>angelorum</strong></span> 
     </span>
    </p>
   </div>
   <div class='ocr_carea' id='block_1_53' title="bbox 1910 2493 3500 2567">
    <p class='ocr_par' dir='ltr' id='par_1_53' title="bbox 1910 2493 3500 2567">
     <span class='ocr_line' id='line_1_53' title="bbox 1910 2493 3500 2567; baseline 0.009 -20"><span class='ocrx_word' id='word_1_402' title='bbox 1910 2503 2092 2548; x_wconf 89' lang='lat' dir='ltr'><strong>mente</strong></span> <span class='ocrx_word' id='word_1_403' title='bbox 2144 2493 2382 2567; x_wconf 84' lang='lat' dir='ltr'><strong>adiungi,</strong></span> <span class='ocrx_word' id='word_1_404' title='bbox 2435 2496 2677 2553; x_wconf 87' lang='lat' dir='ltr'><strong>dicentes</strong></span> <span class='ocrx_word' id='word_1_405' title='bbox 2731 2514 2853 2554; x_wconf 92' lang='lat' dir='ltr'><strong>cum</strong></span> <span class='ocrx_word' id='word_1_406' title='bbox 2901 2501 3188 2559; x_wconf 90' lang='lat' dir='ltr'><strong>Psalmista</strong></span> <span class='ocrx_word' id='word_1_407' title='bbox 3233 2522 3245 2559; x_wconf 90' lang='lat'><strong>:</strong></span> <span class='ocrx_word' id='word_1_408' title='bbox 3293 2523 3312 2555; x_wconf 75' lang='grc' dir='ltr'>ι</span> <span class='ocrx_word' id='word_1_409' title='bbox 3360 2507 3500 2564; x_wconf 86' lang='lat' dir='ltr'><strong>Ecce</strong></span> 
     </span>
    </p>
   </div>
   <div class='ocr_carea' id='block_1_54' title="bbox 1909 2584 3490 2669">
    <p class='ocr_par' dir='ltr' id='par_1_54' title="bbox 1909 2584 3490 2669">
     <span class='ocr_line' id='line_1_54' title="bbox 1909 2584 3490 2669; baseline 0.006 -30"><span class='ocrx_word' id='word_1_410' title='bbox 1909 2584 2154 2655; x_wconf 89' lang='lat' dir='ltr'><strong>elongavi</strong></span> <span class='ocrx_word' id='word_1_411' title='bbox 2183 2585 2418 2657; x_wconf 82' lang='lat' dir='ltr'><strong>fugiens,</strong></span> <span class='ocrx_word' id='word_1_412' title='bbox 2446 2596 2503 2643; x_wconf 92' lang='lat' dir='ltr'><strong>et</strong></span> <span class='ocrx_word' id='word_1_413' title='bbox 2527 2589 2701 2645; x_wconf 87' lang='lat' dir='ltr'><strong>mansi</strong></span> <span class='ocrx_word' id='word_1_414' title='bbox 2732 2591 2786 2646; x_wconf 91' lang='lat' dir='ltr'><strong>in</strong></span> <span class='ocrx_word' id='word_1_415' title='bbox 2801 2591 3091 2649; x_wconf 90' lang='lat' dir='ltr'><strong>solitudine</strong></span> <span class='ocrx_word' id='word_1_416' title='bbox 3118 2591 3290 2666; x_wconf 79' lang='lat' dir='ltr'><strong>(Psal.</strong></span> <span class='ocrx_word' id='word_1_417' title='bbox 3326 2597 3490 2669; x_wconf 77' lang='grc' dir='ltr'><strong>ιιν).ι</strong></span> 
     </span>
    </p>
   </div>
   <div class='ocr_carea' id='block_1_55' title="bbox 1908 2673 3515 2754">
    <p class='ocr_par' dir='ltr' id='par_1_55' title="bbox 1908 2673 3515 2754">
     <span class='ocr_line' id='line_1_55' title="bbox 1908 2673 3515 2754; baseline 0.009 -25"><span class='ocrx_word' id='word_1_418' title='bbox 1908 2673 2023 2730; x_wconf 86' lang='lat' dir='ltr'><strong>Hoc</strong></span> <span class='ocrx_word' id='word_1_419' title='bbox 2048 2686 2227 2731; x_wconf 89' lang='lat' dir='ltr'><strong>autem</strong></span> <span class='ocrx_word' id='word_1_420' title='bbox 2270 2676 2413 2731; x_wconf 89' lang='lat' dir='ltr'><strong>inter</strong></span> <span class='ocrx_word' id='word_1_421' title='bbox 2451 2680 2683 2734; x_wconf 91' lang='lat' dir='ltr'><strong>activam</strong></span> <span class='ocrx_word' id='word_1_422' title='bbox 2729 2690 2785 2736; x_wconf 91' lang='lat' dir='ltr'><strong>et</strong></span> <span class='ocrx_word' id='word_1_423' title='bbox 2820 2685 3291 2754; x_wconf 89' lang='lat' dir='ltr'><strong>eontemplativam</strong></span> <span class='ocrx_word' id='word_1_424' title='bbox 3329 2688 3515 2743; x_wconf 82' lang='lat' dir='ltr'><strong>vitatn&#39;</strong></span> 
     </span>
    </p>
   </div>
   <div class='ocr_carea' id='block_1_56' title="bbox 1905 2765 3499 2839">
    <p class='ocr_par' dir='ltr' id='par_1_56' title="bbox 1905 2765 3499 2839">
     <span class='ocr_line' id='line_1_56' title="bbox 1905 2765 3499 2839; baseline 0.01 -20"><span class='ocrx_word' id='word_1_425' title='bbox 1905 2765 2093 2831; x_wconf 91' lang='lat' dir='ltr'><strong>distat,</strong></span> <span class='ocrx_word' id='word_1_426' title='bbox 2117 2767 2246 2836; x_wconf 91' lang='lat' dir='ltr'><strong>quia</strong></span> <span class='ocrx_word' id='word_1_427' title='bbox 2272 2768 2450 2822; x_wconf 90' lang='lat' dir='ltr'><strong>activa</strong></span> <span class='ocrx_word' id='word_1_428' title='bbox 2474 2767 2564 2824; x_wconf 92' lang='lat' dir='ltr'><strong>hic</strong></span> <span class='ocrx_word' id='word_1_429' title='bbox 2586 2769 2774 2839; x_wconf 88' lang='lat' dir='ltr'><strong>incipit</strong></span> <span class='ocrx_word' id='word_1_430' title='bbox 2803 2779 2859 2827; x_wconf 91' lang='lat' dir='ltr'><strong>et</strong></span> <span class='ocrx_word' id='word_1_431' title='bbox 2878 2773 2966 2828; x_wconf 92' lang='lat' dir='ltr'><strong>hic</strong></span> <span class='ocrx_word' id='word_1_432' title='bbox 2995 2773 3183 2831; x_wconf 82' lang='lat' dir='ltr'><strong>finitur</strong></span> <span class='ocrx_word' id='word_1_433' title='bbox 3209 2794 3225 2833; x_wconf 91' lang='lat'><strong>:</strong></span> <span class='ocrx_word' id='word_1_434' title='bbox 3253 2786 3499 2834; x_wconf 84' lang='lat' dir='ltr'><strong>contem—</strong></span> 
     </span>
    </p>
   </div>
   <div class='ocr_carea' id='block_1_57' title="bbox 1905 2855 3500 2939">
    <p class='ocr_par' dir='ltr' id='par_1_57' title="bbox 1905 2855 3500 2939">
     <span class='ocr_line' id='line_1_57' title="bbox 1905 2855 3500 2939; baseline 0.009 -30"><span class='ocrx_word' id='word_1_435' title='bbox 1905 2855 2104 2926; x_wconf 89' lang='lat' dir='ltr'><strong>plativa</strong></span> <span class='ocrx_word' id='word_1_436' title='bbox 2129 2872 2258 2912; x_wconf 92' lang='lat' dir='ltr'><strong>vero</strong></span> <span class='ocrx_word' id='word_1_437' title='bbox 2285 2858 2373 2914; x_wconf 91' lang='lat' dir='ltr'><strong>hic</strong></span> <span class='ocrx_word' id='word_1_438' title='bbox 2403 2858 2568 2914; x_wconf 87' lang='lat' dir='ltr'><strong>habet</strong></span> <span class='ocrx_word' id='word_1_439' title='bbox 2596 2859 2838 2927; x_wconf 91' lang='lat' dir='ltr'><strong>initium,</strong></span> <span class='ocrx_word' id='word_1_440' title='bbox 2867 2863 2961 2919; x_wconf 83' lang='lat' dir='ltr'><strong>sed</strong></span> <span class='ocrx_word' id='word_1_441' title='bbox 2991 2864 3044 2919; x_wconf 93' lang='lat' dir='ltr'><strong>in</strong></span> <span class='ocrx_word' id='word_1_442' title='bbox 3072 2864 3256 2923; x_wconf 89' lang='lat' dir='ltr'><strong>futuro</strong></span> <span class='ocrx_word' id='word_1_443' title='bbox 3282 2868 3500 2939; x_wconf 88' lang='lat' dir='ltr'><strong>plenius</strong></span> 
     </span>
    </p>
   </div>
   <div class='ocr_carea' id='block_1_58' title="bbox 1903 2948 3503 3018">
    <p class='ocr_par' dir='ltr' id='par_1_58' title="bbox 1903 2948 3503 3018">
     <span class='ocr_line' id='line_1_58' title="bbox 1903 2948 3503 3018; baseline 0.009 -16"><span class='ocrx_word' id='word_1_444' title='bbox 1903 2948 2234 3018; x_wconf 79' lang='lat' dir='ltr'><strong>perficietur.</strong></span> <span class='ocrx_word' id='word_1_445' title='bbox 2258 2948 2391 3017; x_wconf 82' lang='lat' dir='ltr'><strong>Quis</strong></span> <span class='ocrx_word' id='word_1_446' title='bbox 2416 2950 2564 3007; x_wconf 92' lang='lat' dir='ltr'><strong>enim</strong></span> <span class='ocrx_word' id='word_1_447' title='bbox 2588 2951 2645 3007; x_wconf 89' lang='lat' dir='ltr'><strong>in</strong></span> <span class='ocrx_word' id='word_1_448' title='bbox 2664 2951 2756 3007; x_wconf 91' lang='lat' dir='ltr'><strong>illa</strong></span> <span class='ocrx_word' id='word_1_449' title='bbox 2774 2953 2886 3008; x_wconf 86' lang='lat' dir='ltr'><strong>vita</strong></span> <span class='ocrx_word' id='word_1_450' title='bbox 2906 2956 3269 3014; x_wconf 87' lang='lat' dir='ltr'><strong>esurientibus</strong></span> <span class='ocrx_word' id='word_1_451' title='bbox 3297 2960 3503 3016; x_wconf 89' lang='lat' dir='ltr'><strong>tribuet</strong></span> 
     </span>
    </p>
   </div>
   <div class='ocr_carea' id='block_1_59' title="bbox 1905 3040 3504 3116">
    <p class='ocr_par' dir='ltr' id='par_1_59' title="bbox 1905 3040 3504 3116">
     <span class='ocr_line' id='line_1_59' title="bbox 1905 3040 3504 3116; baseline 0.009 -22"><span class='ocrx_word' id='word_1_452' title='bbox 1905 3040 2106 3106; x_wconf 90' lang='lat' dir='ltr'><strong>cibum,</strong></span> <span class='ocrx_word' id='word_1_453' title='bbox 2145 3042 2236 3097; x_wconf 90' lang='lat' dir='ltr'><strong>ubi</strong></span> <span class='ocrx_word' id='word_1_454' title='bbox 2276 3042 2450 3099; x_wconf 87' lang='lat' dir='ltr'><strong>esurit</strong></span> <span class='ocrx_word' id='word_1_455' title='bbox 2481 3058 2662 3112; x_wconf 91' lang='lat' dir='ltr'><strong>nemo,</strong></span> <span class='ocrx_word' id='word_1_456' title='bbox 2704 3061 2831 3101; x_wconf 89' lang='lat' dir='ltr'><strong>eum</strong></span> <span class='ocrx_word' id='word_1_457' title='bbox 2865 3048 3023 3116; x_wconf 83' lang='lat' dir='ltr'><strong>panis</strong></span> <span class='ocrx_word' id='word_1_458' title='bbox 3066 3049 3137 3105; x_wconf 92' lang='lat' dir='ltr'><strong>sit</strong></span> <span class='ocrx_word' id='word_1_459' title='bbox 3178 3050 3253 3106; x_wconf 92' lang='lat' dir='ltr'><strong>ibi</strong></span> <span class='ocrx_word' id='word_1_460' title='bbox 3310 3053 3504 3109; x_wconf 82' lang='lat' dir='ltr'><strong>vivus?</strong></span> 
     </span>
    </p>
   </div>
   <div class='ocr_carea' id='block_1_60' title="bbox 1905 3131 3499 3212">
    <p class='ocr_par' dir='ltr' id='par_1_60' title="bbox 1905 3131 3499 3212">
     <span class='ocr_line' id='line_1_60' title="bbox 1905 3131 3499 3212; baseline 0.009 -25"><span class='ocrx_word' id='word_1_461' title='bbox 1905 3131 2039 3200; x_wconf 86' lang='lat' dir='ltr'><strong>Quis</strong></span> <span class='ocrx_word' id='word_1_462' title='bbox 2059 3133 2133 3188; x_wconf 90' lang='lat' dir='ltr'><strong>ibi</strong></span> <span class='ocrx_word' id='word_1_463' title='bbox 2158 3133 2360 3190; x_wconf 90' lang='lat' dir='ltr'><strong>sitienti</strong></span> <span class='ocrx_word' id='word_1_464' title='bbox 2383 3144 2571 3205; x_wconf 91' lang='lat' dir='ltr'><strong>potum</strong></span> <span class='ocrx_word' id='word_1_465' title='bbox 2596 3138 2819 3205; x_wconf 88' lang='lat' dir='ltr'><strong>tribuet,</strong></span> <span class='ocrx_word' id='word_1_466' title='bbox 2843 3141 2936 3195; x_wconf 90' lang='lat' dir='ltr'><strong>ubi</strong></span> <span class='ocrx_word' id='word_1_467' title='bbox 2965 3150 3051 3198; x_wconf 91' lang='lat' dir='ltr'><strong>est</strong></span> <span class='ocrx_word' id='word_1_468' title='bbox 3073 3141 3195 3200; x_wconf 90' lang='lat' dir='ltr'><strong>fons</strong></span> <span class='ocrx_word' id='word_1_469' title='bbox 3220 3143 3397 3212; x_wconf 90' lang='lat' dir='ltr'><strong>vivus,</strong></span> <span class='ocrx_word' id='word_1_470' title='bbox 3430 3161 3499 3202; x_wconf 85' lang='lat' dir='ltr'><strong>ex</strong></span> 
     </span>
    </p>
   </div>
   <div class='ocr_carea' id='block_1_61' title="bbox 204 3204 1806 3308">
    <p class='ocr_par' dir='ltr' id='par_1_61' title="bbox 204 3234 1800 3308">
     <span class='ocr_line' id='line_1_61' title="bbox 204 3234 1800 3308; baseline 0.001 -17"><span class='ocrx_word' id='word_1_471' title='bbox 204 3250 335 3291; x_wconf 86' lang='lat' dir='ltr'><strong>cum</strong></span> <span class='ocrx_word' id='word_1_472' title='bbox 380 3234 537 3308; x_wconf 86' lang='lat' dir='ltr'><strong>longo</strong></span> <span class='ocrx_word' id='word_1_473' title='bbox 590 3234 818 3292; x_wconf 78' lang='lat' dir='ltr'><strong>affectus</strong></span> <span class='ocrx_word' id='word_1_474' title='bbox 874 3236 1027 3293; x_wconf 89' lang='lat' dir='ltr'><strong>senio</strong></span> <span class='ocrx_word' id='word_1_475' title='bbox 1083 3235 1284 3307; x_wconf 89' lang='lat' dir='ltr'><strong>Ephesi</strong></span> <span class='ocrx_word' id='word_1_476' title='bbox 1340 3245 1687 3303; x_wconf 90' lang='lat' dir='ltr'><strong>moraretur,</strong></span> <span class='ocrx_word' id='word_1_477' title='bbox 1744 3238 1800 3293; x_wconf 90' lang='lat' dir='ltr'><strong>in</strong></span> 
     </span>
    </p>
   </div>
   <div class='ocr_carea' id='block_1_62' title="bbox 1910 3204 3502 3308">
    <p class='ocr_par' dir='ltr' id='par_1_62' title="bbox 1910 3227 3502 3303">
     <span class='ocr_line' id='line_1_62' title="bbox 1910 3227 3502 3303; baseline 0.011 -23"><span class='ocrx_word' id='word_1_478' title='bbox 1910 3241 2015 3296; x_wconf 89' lang='lat' dir='ltr'><strong>quo</strong></span> <span class='ocrx_word' id='word_1_479' title='bbox 2069 3227 2159 3297; x_wconf 90' lang='lat' dir='ltr'><strong>qui</strong></span> <span class='ocrx_word' id='word_1_480' title='bbox 2221 3231 2538 3299; x_wconf 86' lang='lat' dir='ltr'><strong>gustaverit,</strong></span> <span class='ocrx_word' id='word_1_481' title='bbox 2587 3248 2862 3303; x_wconf 84' lang='lat' dir='ltr'><strong>nunquam</strong></span> <span class='ocrx_word' id='word_1_482' title='bbox 2905 3235 3053 3292; x_wconf 89' lang='lat' dir='ltr'><strong>sitiet</strong></span> <span class='ocrx_word' id='word_1_483' title='bbox 3098 3238 3154 3292; x_wconf 88' lang='lat' dir='ltr'><strong>in</strong></span> <span class='ocrx_word' id='word_1_484' title='bbox 3198 3244 3502 3297; x_wconf 80' lang='lat' dir='ltr'><strong>aeternum?</strong></span> 
     </span>
    </p>
   </div>
   <div class='ocr_carea' id='block_1_63' title="bbox 209 3316 3499 3407">
    <p class='ocr_par' dir='ltr' id='par_1_63' title="bbox 209 3316 3499 3407">
     <span class='ocr_line' id='line_1_63' title="bbox 209 3316 3499 3407; baseline 0.001 -25"><span class='ocrx_word' id='word_1_485' title='bbox 209 3335 449 3392; x_wconf 86' lang='lat' dir='ltr'><strong>tantum,</strong></span> <span class='ocrx_word' id='word_1_486' title='bbox 475 3335 556 3393; x_wconf 89' lang='lat' dir='ltr'><strong>ut,</strong></span> <span class='ocrx_word' id='word_1_487' title='bbox 572 3327 955 3399; x_wconf 85' lang='lat' dir='ltr'><strong>discipulorum</strong></span> <span class='ocrx_word' id='word_1_488' title='bbox 980 3328 1230 3383; x_wconf 90' lang='lat' dir='ltr'><strong>manibus</strong></span> <span class='ocrx_word' id='word_1_489' title='bbox 1249 3336 1604 3394; x_wconf 85' lang='lat' dir='ltr'><strong>sustentatus,</strong></span> <span class='ocrx_word' id='word_1_490' title='bbox 1627 3328 1715 3383; x_wconf 78' lang='lat' dir='ltr'><strong>vix</strong></span> <span class='ocrx_word' id='word_1_491' title='bbox 1738 3328 1805 3383; x_wconf 92' lang='lat' dir='ltr'><strong>ad</strong></span> <span class='ocrx_word' id='word_1_492' title='bbox 1908 3316 2041 3383; x_wconf 75' lang='lat' dir='ltr'><strong>QUiS</strong></span> <span class='ocrx_word' id='word_1_493' title='bbox 2066 3319 2262 3373; x_wconf 69' lang='lat' dir='ltr'><strong>VCSliCl</strong></span> <span class='ocrx_word' id='word_1_494' title='bbox 2300 3320 2525 3386; x_wconf 75' lang='lat' dir='ltr'><strong>nudum.</strong></span> <span class='ocrx_word' id='word_1_495' title='bbox 2568 3321 2661 3378; x_wconf 83' lang='lat' dir='ltr'><strong>ubi</strong></span> <span class='ocrx_word' id='word_1_496' title='bbox 2703 3324 2842 3381; x_wconf 77' lang='lat' dir='ltr'><strong>stola</strong></span> <span class='ocrx_word' id='word_1_497' title='bbox 2891 3336 2985 3407; x_wconf 77' lang='lat' dir='ltr'><strong>est</strong></span> <span class='ocrx_word' id='word_1_498' title='bbox 3023 3328 3499 3388; x_wconf 86' lang='lat' dir='ltr'><strong>immortalitatis?</strong></span> 
     </span>
    </p>
   </div>
   <div class='ocr_carea' id='block_1_64' title="bbox 214 3410 3503 3489">
    <p class='ocr_par' dir='ltr' id='par_1_64' title="bbox 214 3410 3503 3489">
     <span class='ocr_line' id='line_1_64' title="bbox 214 3410 3503 3489; baseline 0.002 -16"><span class='ocrx_word' id='word_1_499' title='bbox 214 3416 506 3473; x_wconf 89' lang='lat' dir='ltr'><strong>ecclesiam</strong></span> <span class='ocrx_word' id='word_1_500' title='bbox 535 3428 802 3489; x_wconf 82' lang='lat' dir='ltr'><strong>pergeret,</strong></span> <span class='ocrx_word' id='word_1_501' title='bbox 838 3420 1017 3476; x_wconf 89' lang='lat' dir='ltr'><strong>sciens</strong></span> <span class='ocrx_word' id='word_1_502' title='bbox 1069 3414 1210 3474; x_wconf 67' lang='lat' dir='ltr'><strong>ditem</strong></span> <span class='ocrx_word' id='word_1_503' title='bbox 1256 3420 1448 3475; x_wconf 85' lang='lat' dir='ltr'><strong>mortis</strong></span> <span class='ocrx_word' id='word_1_504' title='bbox 1490 3435 1600 3475; x_wconf 66' lang='lat' dir='ltr'><strong>sum</strong></span> <span class='ocrx_word' id='word_1_505' title='bbox 1630 3421 1807 3475; x_wconf 79' lang='lat' dir='ltr'><strong>immi-</strong></span> <span class='ocrx_word' id='word_1_506' title='bbox 1909 3410 2042 3478; x_wconf 88' lang='lat' dir='ltr'><strong>Quis</strong></span> <span class='ocrx_word' id='word_1_507' title='bbox 2066 3411 2310 3466; x_wconf 87' lang='lat' dir='ltr'><strong>visitahit</strong></span> <span class='ocrx_word' id='word_1_508' title='bbox 2338 3413 2637 3482; x_wconf 85' lang='lat' dir='ltr'><strong>inﬁrmum,</strong></span> <span class='ocrx_word' id='word_1_509' title='bbox 2675 3416 2766 3470; x_wconf 90' lang='lat' dir='ltr'><strong>ubi</strong></span> <span class='ocrx_word' id='word_1_510' title='bbox 2794 3418 2887 3486; x_wconf 92' lang='lat' dir='ltr'><strong>qui</strong></span> <span class='ocrx_word' id='word_1_511' title='bbox 2908 3418 3219 3476; x_wconf 84' lang='lat' dir='ltr'><strong>inﬁrmetur</strong></span> <span class='ocrx_word' id='word_1_512' title='bbox 3239 3440 3348 3479; x_wconf 89' lang='lat' dir='ltr'><strong>non</strong></span> <span class='ocrx_word' id='word_1_513' title='bbox 3374 3427 3503 3480; x_wconf 81' lang='lat' dir='ltr'><strong>est?</strong></span> 
     </span>
    </p>
   </div>
   <div class='ocr_carea' id='block_1_65' title="bbox 210 3501 1806 3585">
    <p class='ocr_par' dir='ltr' id='par_1_65' title="bbox 210 3506 1806 3583">
     <span class='ocr_line' id='line_1_65' title="bbox 210 3506 1806 3583; baseline 0.003 -21"><span class='ocrx_word' id='word_1_514' title='bbox 210 3522 372 3574; x_wconf 89' lang='lat' dir='ltr'><strong>nere,</strong></span> <span class='ocrx_word' id='word_1_515' title='bbox 401 3506 564 3576; x_wconf 87' lang='lat' dir='ltr'><strong>jussit</strong></span> <span class='ocrx_word' id='word_1_516' title='bbox 590 3509 690 3566; x_wconf 89' lang='lat' dir='ltr'><strong>sibi</strong></span> <span class='ocrx_word' id='word_1_517' title='bbox 732 3510 1028 3583; x_wconf 73' lang='lat' dir='ltr'><strong>praeparari</strong></span> <span class='ocrx_word' id='word_1_518' title='bbox 1076 3511 1382 3583; x_wconf 88' lang='lat' dir='ltr'><strong>sepulcrum</strong></span> <span class='ocrx_word' id='word_1_519' title='bbox 1403 3553 1419 3578; x_wconf 95' lang='lat'><strong>,</strong></span> <span class='ocrx_word' id='word_1_520' title='bbox 1448 3520 1505 3568; x_wconf 91' lang='lat' dir='ltr'><strong>et</strong></span> <span class='ocrx_word' id='word_1_521' title='bbox 1533 3512 1806 3568; x_wconf 88' lang='lat' dir='ltr'><strong>dominica</strong></span> 
     </span>
    </p>
   </div>
   <div class='ocr_carea' id='block_1_66' title="bbox 1910 3501 3496 3585">
    <p class='ocr_par' dir='ltr' id='par_1_66' title="bbox 1910 3501 3496 3585">
     <span class='ocr_line' id='line_1_66' title="bbox 1910 3501 3496 3585; baseline 0.011 -30"><span class='ocrx_word' id='word_1_522' title='bbox 1910 3501 2041 3569; x_wconf 87' lang='lat' dir='ltr'><strong>Quis</strong></span> <span class='ocrx_word' id='word_1_523' title='bbox 2075 3503 2299 3573; x_wconf 81' lang='lat' dir='ltr'><strong>sepeliet</strong></span> <span class='ocrx_word' id='word_1_524' title='bbox 2334 3513 2633 3571; x_wconf 90' lang='lat' dir='ltr'><strong>mortuum,</strong></span> <span class='ocrx_word' id='word_1_525' title='bbox 2661 3508 2752 3562; x_wconf 91' lang='lat' dir='ltr'><strong>ubi</strong></span> <span class='ocrx_word' id='word_1_526' title='bbox 2782 3509 2931 3580; x_wconf 88' lang='lat' dir='ltr'><strong>regio</strong></span> <span class='ocrx_word' id='word_1_527' title='bbox 2952 3511 3289 3568; x_wconf 87' lang='lat' dir='ltr'><strong>viventium?</strong></span> <span class='ocrx_word' id='word_1_528' title='bbox 3324 3516 3496 3585; x_wconf 90' lang='lat' dir='ltr'><strong>Unde,</strong></span> 
     </span>
    </p>
   </div>
   <div class='ocr_carea' id='block_1_67' title="bbox 208 3592 3496 3674">
    <p class='ocr_par' dir='ltr' id='par_1_67' title="bbox 208 3592 3496 3674">
     <span class='ocr_line' id='line_1_67' title="bbox 208 3592 3496 3674; baseline 0.006 -33"><span class='ocrx_word' id='word_1_529' title='bbox 208 3595 323 3663; x_wconf 64' lang='lat' dir='ltr'><strong>die,</strong></span> <span class='ocrx_word' id='word_1_530' title='bbox 346 3605 469 3668; x_wconf 63' lang='lat' dir='ltr'><strong>post</strong></span> <span class='ocrx_word' id='word_1_531' title='bbox 509 3598 927 3658; x_wconf 61' lang='lat' dir='ltr'><strong>celebrationem</strong></span> <span class='ocrx_word' id='word_1_532' title='bbox 951 3601 1241 3656; x_wconf 74' lang='lat' dir='ltr'><strong>missarum</strong></span> <span class='ocrx_word' id='word_1_533' title='bbox 1260 3641 1276 3668; x_wconf 65' lang='grc'><strong><em>,</em></strong></span> <span class='ocrx_word' id='word_1_534' title='bbox 1299 3610 1356 3657; x_wconf 70' lang='grc' dir='ltr'><strong>ει</strong></span> <span class='ocrx_word' id='word_1_535' title='bbox 1382 3602 1805 3658; x_wconf 69' lang='lat' dir='ltr'><strong>admonitionem</strong></span> <span class='ocrx_word' id='word_1_536' title='bbox 1907 3592 2050 3647; x_wconf 87' lang='lat' dir='ltr'><strong>sicut</strong></span> <span class='ocrx_word' id='word_1_537' title='bbox 2073 3594 2325 3661; x_wconf 75' lang='lat' dir='ltr'><strong>diximus,</strong></span> <span class='ocrx_word' id='word_1_538' title='bbox 2350 3595 2526 3651; x_wconf 89' lang='lat' dir='ltr'><strong>activa</strong></span> <span class='ocrx_word' id='word_1_539' title='bbox 2563 3598 2675 3653; x_wconf 88' lang='lat' dir='ltr'><strong>vita</strong></span> <span class='ocrx_word' id='word_1_540' title='bbox 2699 3598 2790 3655; x_wconf 89' lang='lat' dir='ltr'><strong>hic</strong></span> <span class='ocrx_word' id='word_1_541' title='bbox 2810 3601 2972 3657; x_wconf 90' lang='lat' dir='ltr'><strong>habet</strong></span> <span class='ocrx_word' id='word_1_542' title='bbox 2995 3603 3207 3660; x_wconf 90' lang='lat' dir='ltr'><strong>initium</strong></span> <span class='ocrx_word' id='word_1_543' title='bbox 3229 3615 3286 3662; x_wconf 89' lang='lat' dir='ltr'><strong>et</strong></span> <span class='ocrx_word' id='word_1_544' title='bbox 3306 3606 3496 3674; x_wconf 84' lang='lat' dir='ltr'><strong>ﬁnem,</strong></span> 
     </span>
    </p>
   </div>
   <div class='ocr_carea' id='block_1_68' title="bbox 209 3687 3500 3766">
    <p class='ocr_par' dir='ltr' id='par_1_68' title="bbox 209 3687 3500 3766">
     <span class='ocr_line' id='line_1_68' title="bbox 209 3687 3500 3766; baseline 0.004 -21"><span class='ocrx_word' id='word_1_545' title='bbox 209 3687 411 3745; x_wconf 84' lang='lat' dir='ltr'><strong>factam</strong></span> <span class='ocrx_word' id='word_1_546' title='bbox 436 3690 826 3763; x_wconf 86' lang='lat' dir='ltr'><strong>discipulorum</strong></span> <span class='ocrx_word' id='word_1_547' title='bbox 846 3732 861 3759; x_wconf 91' lang='lat'><strong>,</strong></span> <span class='ocrx_word' id='word_1_548' title='bbox 904 3693 1250 3764; x_wconf 86' lang='lat' dir='ltr'><strong>perceptione</strong></span> <span class='ocrx_word' id='word_1_549' title='bbox 1283 3695 1531 3765; x_wconf 87' lang='lat' dir='ltr'><strong>corporis</strong></span> <span class='ocrx_word' id='word_1_550' title='bbox 1576 3703 1633 3750; x_wconf 88' lang='lat' dir='ltr'><strong>et</strong></span> <span class='ocrx_word' id='word_1_551' title='bbox 1680 3709 1831 3750; x_wconf 64' lang='grc' dir='ltr'><strong>βίω--</strong></span> <span class='ocrx_word' id='word_1_552' title='bbox 1906 3688 2159 3744; x_wconf 84' lang='lat' dir='ltr'><strong>mercede</strong></span> <span class='ocrx_word' id='word_1_553' title='bbox 2187 3698 2429 3746; x_wconf 88' lang='lat' dir='ltr'><strong>restante</strong></span> <span class='ocrx_word' id='word_1_554' title='bbox 2452 3695 2900 3766; x_wconf 88' lang='lat' dir='ltr'><strong>:eontemplativa</strong></span> <span class='ocrx_word' id='word_1_555' title='bbox 2927 3713 3058 3754; x_wconf 90' lang='lat' dir='ltr'><strong>vero</strong></span> <span class='ocrx_word' id='word_1_556' title='bbox 3087 3700 3178 3756; x_wconf 90' lang='lat' dir='ltr'><strong>hic</strong></span> <span class='ocrx_word' id='word_1_557' title='bbox 3206 3702 3370 3759; x_wconf 87' lang='lat' dir='ltr'><strong>habet</strong></span> <span class='ocrx_word' id='word_1_558' title='bbox 3398 3702 3500 3759; x_wconf 88' lang='lat' dir='ltr'><strong>ini-</strong></span> 
     </span>
    </p>
   </div>
   <div class='ocr_carea' id='block_1_69' title="bbox 212 3779 3500 3867">
    <p class='ocr_par' dir='ltr' id='par_1_69' title="bbox 212 3779 3500 3867">
     <span class='ocr_line' id='line_1_69' title="bbox 212 3779 3500 3867; baseline 0.008 -40"><span class='ocrx_word' id='word_1_559' title='bbox 212 3781 389 3852; x_wconf 68' lang='lat' dir='ltr'><strong>guinis</strong></span> <span class='ocrx_word' id='word_1_560' title='bbox 414 3782 629 3839; x_wconf 77' lang='lat' dir='ltr'><strong>Domini</strong></span> <span class='ocrx_word' id='word_1_561' title='bbox 679 3786 913 3857; x_wconf 71' lang='lat' dir='ltr'><strong>seipsum</strong></span> <span class='ocrx_word' id='word_1_562' title='bbox 964 3786 1215 3841; x_wconf 61' lang='lat' dir='ltr'><strong>munivit,</strong></span> <span class='ocrx_word' id='word_1_563' title='bbox 1243 3785 1323 3842; x_wconf 79' lang='grc' dir='ltr'><strong>Αο</strong></span> <span class='ocrx_word' id='word_1_564' title='bbox 1376 3786 1571 3842; x_wconf 74' lang='lat' dir='ltr'><strong>deinde</strong></span> <span class='ocrx_word' id='word_1_565' title='bbox 1599 3786 1803 3842; x_wconf 76' lang='lat' dir='ltr'><strong>valedi-</strong></span> <span class='ocrx_word' id='word_1_566' title='bbox 1908 3779 2064 3847; x_wconf 91' lang='lat' dir='ltr'><strong>tium,</strong></span> <span class='ocrx_word' id='word_1_567' title='bbox 2086 3781 2179 3836; x_wconf 91' lang='lat' dir='ltr'><strong>sed</strong></span> <span class='ocrx_word' id='word_1_568' title='bbox 2207 3782 2260 3835; x_wconf 91' lang='lat' dir='ltr'><strong>in</strong></span> <span class='ocrx_word' id='word_1_569' title='bbox 2277 3780 2461 3839; x_wconf 91' lang='lat' dir='ltr'><strong>futuro</strong></span> <span class='ocrx_word' id='word_1_570' title='bbox 2481 3784 2867 3853; x_wconf 87' lang='lat' dir='ltr'><strong>perfectionem</strong></span> <span class='ocrx_word' id='word_1_571' title='bbox 2888 3789 3288 3864; x_wconf 78' lang='lat' dir='ltr'><strong>habebitzquia</strong></span> <span class='ocrx_word' id='word_1_572' title='bbox 3307 3814 3326 3847; x_wconf 71' lang='grc' dir='ltr'><strong><em>α</em></strong></span> <span class='ocrx_word' id='word_1_573' title='bbox 3356 3799 3500 3867; x_wconf 88' lang='lat' dir='ltr'><strong>quod</strong></span> 
     </span>
    </p>
   </div>
   <div class='ocr_carea' id='block_1_70' title="bbox 215 3871 1806 3952">
    <p class='ocr_par' dir='ltr' id='par_1_70' title="bbox 215 3874 1806 3950">
     <span class='ocr_line' id='line_1_70' title="bbox 215 3874 1806 3950; baseline 0.001 -18"><span class='ocrx_word' id='word_1_574' title='bbox 215 3890 336 3932; x_wconf 85' lang='lat' dir='ltr'><strong>cens</strong></span> <span class='ocrx_word' id='word_1_575' title='bbox 361 3874 642 3943; x_wconf 87' lang='lat' dir='ltr'><strong>fratribus,</strong></span> <span class='ocrx_word' id='word_1_576' title='bbox 674 3879 951 3936; x_wconf 85' lang='lat' dir='ltr'><strong>descendit</strong></span> <span class='ocrx_word' id='word_1_577' title='bbox 978 3879 1035 3935; x_wconf 89' lang='lat' dir='ltr'><strong>in</strong></span> <span class='ocrx_word' id='word_1_578' title='bbox 1058 3878 1334 3936; x_wconf 88' lang='lat' dir='ltr'><strong>defossum</strong></span> <span class='ocrx_word' id='word_1_579' title='bbox 1378 3880 1669 3950; x_wconf 68' lang='lat' dir='ltr'><strong>sepulturas</strong></span> <span class='ocrx_word' id='word_1_580' title='bbox 1694 3894 1806 3935; x_wconf 67' lang='lat' dir='ltr'><strong>sua:</strong></span> 
     </span>
    </p>
   </div>
   <div class='ocr_carea' id='block_1_71' title="bbox 1910 3871 3507 3952">
    <p class='ocr_par' dir='ltr' id='par_1_71' title="bbox 1910 3871 3507 3952">
     <span class='ocr_line' id='line_1_71' title="bbox 1910 3871 3507 3952; baseline 0.013 -29"><span class='ocrx_word' id='word_1_581' title='bbox 1910 3885 2053 3926; x_wconf 91' lang='lat' dir='ltr'><strong>nunc</strong></span> <span class='ocrx_word' id='word_1_582' title='bbox 2077 3871 2223 3927; x_wconf 88' lang='lat' dir='ltr'><strong>videt</strong></span> <span class='ocrx_word' id='word_1_583' title='bbox 2241 3888 2339 3943; x_wconf 89' lang='lat' dir='ltr'><strong>per</strong></span> <span class='ocrx_word' id='word_1_584' title='bbox 2357 3876 2635 3943; x_wconf 90' lang='lat' dir='ltr'><strong>speculum</strong></span> <span class='ocrx_word' id='word_1_585' title='bbox 2658 3885 2715 3933; x_wconf 86' lang='lat' dir='ltr'><strong>et</strong></span> <span class='ocrx_word' id='word_1_586' title='bbox 2734 3879 2790 3933; x_wconf 92' lang='lat' dir='ltr'><strong>in</strong></span> <span class='ocrx_word' id='word_1_587' title='bbox 2812 3880 3123 3952; x_wconf 69' lang='lat' dir='ltr'><strong>aenigmate,</strong></span> <span class='ocrx_word' id='word_1_588' title='bbox 3149 3892 3277 3942; x_wconf 91' lang='lat' dir='ltr'><strong>tunc</strong></span> <span class='ocrx_word' id='word_1_589' title='bbox 3301 3887 3507 3943; x_wconf 87' lang='lat' dir='ltr'><strong>videbit</strong></span> 
     </span>
    </p>
   </div>
   <div class='ocr_carea' id='block_1_72' title="bbox 217 3965 1802 4043">
    <p class='ocr_par' dir='ltr' id='par_1_72' title="bbox 217 3965 1802 4043">
     <span class='ocr_line' id='line_1_72' title="bbox 217 3965 1802 4043; baseline 0.005 -23"><span class='ocrx_word' id='word_1_590' title='bbox 217 3965 384 4023; x_wconf 89' lang='lat' dir='ltr'><strong>locum</strong></span> <span class='ocrx_word' id='word_1_591' title='bbox 407 3983 568 4039; x_wconf 89' lang='lat' dir='ltr'><strong>quem</strong></span> <span class='ocrx_word' id='word_1_592' title='bbox 601 3971 705 4027; x_wconf 89' lang='lat' dir='ltr'><strong>sibi</strong></span> <span class='ocrx_word' id='word_1_593' title='bbox 726 3981 1157 4043; x_wconf 63' lang='lat' dir='ltr'><strong>praeparaverat,</strong></span> <span class='ocrx_word' id='word_1_594' title='bbox 1189 3980 1246 4028; x_wconf 87' lang='lat' dir='ltr'><strong>et</strong></span> <span class='ocrx_word' id='word_1_595' title='bbox 1296 3974 1451 4042; x_wconf 88' lang='lat' dir='ltr'><strong>quasi</strong></span> <span class='ocrx_word' id='word_1_596' title='bbox 1500 3974 1553 4028; x_wconf 91' lang='lat' dir='ltr'><strong>in</strong></span> <span class='ocrx_word' id='word_1_597' title='bbox 1584 3972 1802 4041; x_wconf 90' lang='lat' dir='ltr'><strong>lectulo,</strong></span> 
     </span>
    </p>
   </div>
   <div class='ocr_carea' id='block_1_73' title="bbox 216 4055 1803 4134">
    <p class='ocr_par' dir='ltr' id='par_1_73' title="bbox 216 4055 1803 4134">
     <span class='ocr_line' id='line_1_73' title="bbox 216 4055 1803 4134; baseline 0.004 -24"><span class='ocrx_word' id='word_1_598' title='bbox 216 4055 282 4111; x_wconf 88' lang='lat' dir='ltr'><strong>ita</strong></span> <span class='ocrx_word' id='word_1_599' title='bbox 302 4058 523 4131; x_wconf 88' lang='lat' dir='ltr'><strong>collegit</strong></span> <span class='ocrx_word' id='word_1_600' title='bbox 542 4075 602 4117; x_wconf 85' lang='lat' dir='ltr'><strong>se</strong></span> <span class='ocrx_word' id='word_1_601' title='bbox 639 4061 695 4116; x_wconf 90' lang='lat' dir='ltr'><strong>iu</strong></span> <span class='ocrx_word' id='word_1_602' title='bbox 736 4061 1008 4132; x_wconf 87' lang='lat' dir='ltr'><strong>sepulcro,</strong></span> <span class='ocrx_word' id='word_1_603' title='bbox 1059 4071 1221 4133; x_wconf 90' lang='lat' dir='ltr'><strong>atque</strong></span> <span class='ocrx_word' id='word_1_604' title='bbox 1268 4063 1517 4119; x_wconf 87' lang='lat' dir='ltr'><strong>oratione</strong></span> <span class='ocrx_word' id='word_1_605' title='bbox 1568 4063 1803 4134; x_wconf 84' lang='lat' dir='ltr'><strong>expleta,</strong></span> 
     </span>
    </p>
   </div>
   <div class='ocr_carea' id='block_1_74' title="bbox 214 4150 1801 4226">
    <p class='ocr_par' dir='ltr' id='par_1_74' title="bbox 214 4150 1801 4226">
     <span class='ocr_line' id='line_1_74' title="bbox 214 4150 1801 4226; baseline 0.006 -24"><span class='ocrx_word' id='word_1_606' title='bbox 214 4150 516 4208; x_wconf 84' lang='lat' dir='ltr'><strong>videntibus</strong></span> <span class='ocrx_word' id='word_1_607' title='bbox 543 4153 844 4225; x_wconf 88' lang='lat' dir='ltr'><strong>discipulis,</strong></span> <span class='ocrx_word' id='word_1_608' title='bbox 876 4155 1152 4226; x_wconf 86' lang='lat' dir='ltr'><strong>appositus</strong></span> <span class='ocrx_word' id='word_1_609' title='bbox 1185 4165 1268 4212; x_wconf 90' lang='lat' dir='ltr'><strong>est</strong></span> <span class='ocrx_word' id='word_1_610' title='bbox 1296 4156 1366 4212; x_wconf 89' lang='lat' dir='ltr'><strong>ad</strong></span> <span class='ocrx_word' id='word_1_611' title='bbox 1415 4163 1596 4226; x_wconf 88' lang='lat' dir='ltr'><strong>patres</strong></span> <span class='ocrx_word' id='word_1_612' title='bbox 1649 4170 1801 4221; x_wconf 90' lang='lat' dir='ltr'><strong>suos,</strong></span> 
     </span>
    </p>
   </div>
   <div class='ocr_carea' id='block_1_75' title="bbox 218 4247 1809 4319">
    <p class='ocr_par' dir='ltr' id='par_1_75' title="bbox 218 4247 1809 4319">
     <span class='ocr_line' id='line_1_75' title="bbox 218 4247 1809 4319; baseline 0.004 -21"><span class='ocrx_word' id='word_1_613' title='bbox 218 4253 319 4301; x_wconf 86' lang='lat' dir='ltr'><strong>tam</strong></span> <span class='ocrx_word' id='word_1_614' title='bbox 345 4256 646 4304; x_wconf 74' lang='lat' dir='ltr'><strong>extraneus</strong></span> <span class='ocrx_word' id='word_1_615' title='bbox 673 4263 705 4303; x_wconf 90' lang='lat' dir='ltr'><strong>a</strong></span> <span class='ocrx_word' id='word_1_616' title='bbox 732 4247 919 4304; x_wconf 90' lang='lat' dir='ltr'><strong>dolore</strong></span> <span class='ocrx_word' id='word_1_617' title='bbox 946 4248 1192 4318; x_wconf 88' lang='lat' dir='ltr'><strong>corporis</strong></span> <span class='ocrx_word' id='word_1_618' title='bbox 1209 4263 1373 4319; x_wconf 86' lang='lat' dir='ltr'><strong>quam</strong></span> <span class='ocrx_word' id='word_1_619' title='bbox 1400 4247 1606 4303; x_wconf 88' lang='lat' dir='ltr'><strong>alienus</strong></span> <span class='ocrx_word' id='word_1_620' title='bbox 1627 4247 1809 4304; x_wconf 86' lang='lat' dir='ltr'><strong>fuerat</strong></span> 
     </span>
    </p>
   </div>
   <div class='ocr_carea' id='block_1_76' title="bbox 217 4339 1805 4412">
    <p class='ocr_par' dir='ltr' id='par_1_76' title="bbox 217 4339 1805 4412">
     <span class='ocr_line' id='line_1_76' title="bbox 217 4339 1805 4412; baseline 0 -17"><span class='ocrx_word' id='word_1_621' title='bbox 217 4354 248 4393; x_wconf 87' lang='lat' dir='ltr'><strong>a</strong></span> <span class='ocrx_word' id='word_1_622' title='bbox 271 4341 621 4412; x_wconf 89' lang='lat' dir='ltr'><strong>corruptione</strong></span> <span class='ocrx_word' id='word_1_623' title='bbox 648 4342 850 4399; x_wconf 90' lang='lat' dir='ltr'><strong>carnis.</strong></span> <span class='ocrx_word' id='word_1_624' title='bbox 882 4341 999 4409; x_wconf 89' lang='lat' dir='ltr'><strong>Quo</strong></span> <span class='ocrx_word' id='word_1_625' title='bbox 1034 4342 1089 4397; x_wconf 92' lang='lat' dir='ltr'><strong>in</strong></span> <span class='ocrx_word' id='word_1_626' title='bbox 1118 4341 1235 4398; x_wconf 90' lang='lat' dir='ltr'><strong>loco</strong></span> <span class='ocrx_word' id='word_1_627' title='bbox 1284 4352 1431 4397; x_wconf 90' lang='lat' dir='ltr'><strong>terra</strong></span> <span class='ocrx_word' id='word_1_628' title='bbox 1484 4340 1685 4399; x_wconf 89' lang='lat' dir='ltr'><strong>sensim</strong></span> <span class='ocrx_word' id='word_1_629' title='bbox 1736 4339 1805 4395; x_wconf 89' lang='lat' dir='ltr'><strong>ab</strong></span> 
     </span>
    </p>
   </div>
   <div class='ocr_carea' id='block_1_77' title="bbox 217 4431 1803 4502">
    <p class='ocr_par' dir='ltr' id='par_1_77' title="bbox 217 4431 1803 4502">
     <span class='ocr_line' id='line_1_77' title="bbox 217 4431 1803 4502; baseline 0.001 -16"><span class='ocrx_word' id='word_1_630' title='bbox 217 4431 318 4489; x_wconf 89' lang='lat' dir='ltr'><strong>imo</strong></span> <span class='ocrx_word' id='word_1_631' title='bbox 360 4434 563 4491; x_wconf 87' lang='lat' dir='ltr'><strong>dicitur</strong></span> <span class='ocrx_word' id='word_1_632' title='bbox 597 4435 843 4502; x_wconf 89' lang='lat' dir='ltr'><strong>ebullire,</strong></span> <span class='ocrx_word' id='word_1_633' title='bbox 876 4435 951 4490; x_wconf 91' lang='lat' dir='ltr'><strong>ita</strong></span> <span class='ocrx_word' id='word_1_634' title='bbox 986 4442 1048 4490; x_wconf 92' lang='lat' dir='ltr'><strong>ut</strong></span> <span class='ocrx_word' id='word_1_635' title='bbox 1094 4434 1337 4491; x_wconf 89' lang='lat' dir='ltr'><strong>nonnulli</strong></span> <span class='ocrx_word' id='word_1_636' title='bbox 1382 4451 1509 4491; x_wconf 89' lang='lat' dir='ltr'><strong>eum</strong></span> <span class='ocrx_word' id='word_1_637' title='bbox 1554 4434 1803 4491; x_wconf 86' lang='lat' dir='ltr'><strong>credide-</strong></span> 
     </span>
    </p>
   </div>
   <div class='ocr_carea' id='block_1_78' title="bbox 1906 3960 3506 4041">
    <p class='ocr_par' dir='ltr' id='par_1_78' title="bbox 1906 3960 3506 4041">
     <span class='ocr_line' id='line_1_78' title="bbox 1906 3960 3506 4041; baseline 0.011 -26"><span class='ocrx_word' id='word_1_638' title='bbox 1906 3960 2047 4018; x_wconf 87' lang='lat' dir='ltr'><strong>facie</strong></span> <span class='ocrx_word' id='word_1_639' title='bbox 2061 3963 2130 4017; x_wconf 90' lang='lat' dir='ltr'><strong>ad</strong></span> <span class='ocrx_word' id='word_1_640' title='bbox 2146 3961 2338 4020; x_wconf 83' lang='lat' dir='ltr'><strong>faciem</strong></span> <span class='ocrx_word' id='word_1_641' title='bbox 2360 3964 2414 4037; x_wconf 88' lang='grc' dir='ltr'><strong>(Ι</strong></span> <span class='ocrx_word' id='word_1_642' title='bbox 2433 3966 2555 4022; x_wconf 89' lang='lat' dir='ltr'><strong>Cor.</strong></span> <span class='ocrx_word' id='word_1_643' title='bbox 2574 3967 2718 4041; x_wconf 80' lang='lat' dir='ltr'><strong>xm).</strong></span> <span class='ocrx_word' id='word_1_644' title='bbox 2743 3989 2762 4023; x_wconf 83' lang='grc'><strong>›</strong></span> <span class='ocrx_word' id='word_1_645' title='bbox 2794 3970 2946 4029; x_wconf 89' lang='lat' dir='ltr'><strong>Unde</strong></span> <span class='ocrx_word' id='word_1_646' title='bbox 2960 3974 3096 4029; x_wconf 90' lang='lat' dir='ltr'><strong>bene</strong></span> <span class='ocrx_word' id='word_1_647' title='bbox 3108 3973 3174 4029; x_wconf 89' lang='lat' dir='ltr'><strong>de</strong></span> <span class='ocrx_word' id='word_1_648' title='bbox 3195 3975 3404 4034; x_wconf 78' lang='lat' dir='ltr'><strong>Joanne</strong></span> <span class='ocrx_word' id='word_1_649' title='bbox 3423 3980 3506 4034; x_wconf 89' lang='lat' dir='ltr'><strong>di-</strong></span> 
     </span>
    </p>
   </div>
   <div class='ocr_carea' id='block_1_79' title="bbox 1907 4056 3505 4135">
    <p class='ocr_par' dir='ltr' id='par_1_79' title="bbox 1907 4056 3505 4135">
     <span class='ocr_line' id='line_1_79' title="bbox 1907 4056 3505 4135; baseline 0.009 -25"><span class='ocrx_word' id='word_1_650' title='bbox 1907 4063 2056 4110; x_wconf 92' lang='lat' dir='ltr'><strong>ctum</strong></span> <span class='ocrx_word' id='word_1_651' title='bbox 2080 4063 2193 4112; x_wconf 91' lang='lat' dir='ltr'><strong>est:</strong></span> <span class='ocrx_word' id='word_1_652' title='bbox 2215 4075 2234 4107; x_wconf 85' lang='grc'><em>‹</em></span> <span class='ocrx_word' id='word_1_653' title='bbox 2269 4056 2362 4115; x_wconf 89' lang='lat' dir='ltr'><strong>Sic</strong></span> <span class='ocrx_word' id='word_1_654' title='bbox 2388 4075 2511 4116; x_wconf 91' lang='lat' dir='ltr'><strong>eum</strong></span> <span class='ocrx_word' id='word_1_655' title='bbox 2539 4060 2660 4117; x_wconf 87' lang='lat' dir='ltr'><strong>volo</strong></span> <span class='ocrx_word' id='word_1_656' title='bbox 2692 4076 2912 4119; x_wconf 90' lang='lat' dir='ltr'><strong>manere</strong></span> <span class='ocrx_word' id='word_1_657' title='bbox 2944 4064 3117 4121; x_wconf 90' lang='lat' dir='ltr'><strong>donec</strong></span> <span class='ocrx_word' id='word_1_658' title='bbox 3130 4068 3366 4135; x_wconf 91' lang='lat' dir='ltr'><strong>veniam,</strong></span> <span class='ocrx_word' id='word_1_659' title='bbox 3401 4089 3420 4123; x_wconf 74' lang='grc' dir='ltr'><strong><em>ι</em></strong></span> <span class='ocrx_word' id='word_1_660' title='bbox 3448 4069 3505 4126; x_wconf 89' lang='lat' dir='ltr'><strong>id</strong></span> 
     </span>
    </p>
   </div>
   <div class='ocr_carea' id='block_1_80' title="bbox 1909 4154 3500 4227">
    <p class='ocr_par' dir='ltr' id='par_1_80' title="bbox 1909 4154 3500 4227">
     <span class='ocr_line' id='line_1_80' title="bbox 1909 4154 3500 4227; baseline 0.009 -25"><span class='ocrx_word' id='word_1_661' title='bbox 1909 4155 2014 4213; x_wconf 92' lang='lat' dir='ltr'><strong>est,</strong></span> <span class='ocrx_word' id='word_1_662' title='bbox 2030 4162 2123 4203; x_wconf 92' lang='lat' dir='ltr'><strong>eos</strong></span> <span class='ocrx_word' id='word_1_663' title='bbox 2134 4165 2271 4219; x_wconf 92' lang='lat' dir='ltr'><strong>quos</strong></span> <span class='ocrx_word' id='word_1_664' title='bbox 2292 4158 2449 4221; x_wconf 87' lang='lat' dir='ltr'><strong>gustu</strong></span> <span class='ocrx_word' id='word_1_665' title='bbox 2465 4166 2599 4208; x_wconf 74' lang='lat' dir='ltr'><strong>mea:</strong></span> <span class='ocrx_word' id='word_1_666' title='bbox 2616 4154 3086 4226; x_wconf 90' lang='lat' dir='ltr'><strong>contemplationis</strong></span> <span class='ocrx_word' id='word_1_667' title='bbox 3120 4158 3463 4216; x_wconf 90' lang='lat' dir='ltr'><strong>inebriavero</strong></span> <span class='ocrx_word' id='word_1_668' title='bbox 3484 4203 3500 4227; x_wconf 92' lang='lat'><strong>,</strong></span> 
     </span>
    </p>
   </div>
   <div class='ocr_carea' id='block_1_81' title="bbox 1908 4240 3496 4321">
    <p class='ocr_par' dir='ltr' id='par_1_81' title="bbox 1908 4240 3496 4321">
     <span class='ocr_line' id='line_1_81' title="bbox 1908 4240 3496 4321; baseline 0.01 -28"><span class='ocrx_word' id='word_1_669' title='bbox 1908 4252 2123 4310; x_wconf 89' lang='lat' dir='ltr'><strong>semper</strong></span> <span class='ocrx_word' id='word_1_670' title='bbox 2148 4240 2414 4309; x_wconf 82' lang='lat' dir='ltr'><strong>proiicere</strong></span> <span class='ocrx_word' id='word_1_671' title='bbox 2446 4244 2590 4309; x_wconf 93' lang='lat' dir='ltr'><strong>volo,</strong></span> <span class='ocrx_word' id='word_1_672' title='bbox 2627 4247 2981 4316; x_wconf 90' lang='lat' dir='ltr'><strong>quoadusque</strong></span> <span class='ocrx_word' id='word_1_673' title='bbox 3004 4264 3090 4303; x_wconf 90' lang='lat' dir='ltr'><strong>me</strong></span> <span class='ocrx_word' id='word_1_674' title='bbox 3112 4250 3166 4304; x_wconf 89' lang='lat' dir='ltr'><strong>in</strong></span> <span class='ocrx_word' id='word_1_675' title='bbox 3199 4249 3496 4321; x_wconf 87' lang='lat' dir='ltr'><strong>diejudicii</strong></span> 
     </span>
    </p>
   </div>
   <div class='ocr_carea' id='block_1_82' title="bbox 1908 4342 3507 4405">
    <p class='ocr_par' dir='ltr' id='par_1_82' title="bbox 1908 4342 3507 4405">
     <span class='ocr_line' id='line_1_82' title="bbox 1908 4342 3507 4405; baseline 0.01 -19"><span class='ocrx_word' id='word_1_676' title='bbox 1908 4344 2222 4405; x_wconf 89' lang='lat' dir='ltr'><strong>apparente,</strong></span> <span class='ocrx_word' id='word_1_677' title='bbox 2234 4351 2355 4391; x_wconf 91' lang='lat' dir='ltr'><strong>cum</strong></span> <span class='ocrx_word' id='word_1_678' title='bbox 2369 4346 2571 4393; x_wconf 84' lang='lat' dir='ltr'><strong>aeterna</strong></span> <span class='ocrx_word' id='word_1_679' title='bbox 2583 4342 3017 4397; x_wconf 88' lang='lat' dir='ltr'><strong>remuneratione</strong></span> <span class='ocrx_word' id='word_1_680' title='bbox 3030 4344 3095 4400; x_wconf 91' lang='lat' dir='ltr'><strong>de</strong></span> <span class='ocrx_word' id='word_1_681' title='bbox 3108 4344 3213 4400; x_wconf 83' lang='lat' dir='ltr'><strong>fide</strong></span> <span class='ocrx_word' id='word_1_682' title='bbox 3225 4355 3507 4403; x_wconf 86' lang='lat' dir='ltr'><strong>transeant</strong></span> 
     </span>
    </p>
   </div>
   <div class='ocr_carea' id='block_1_83' title="bbox 1910 4426 3499 4508">
    <p class='ocr_par' dir='ltr' id='par_1_83' title="bbox 1910 4426 3499 4508">
     <span class='ocr_line' id='line_1_83' title="bbox 1910 4426 3499 4508; baseline 0.009 -29"><span class='ocrx_word' id='word_1_683' title='bbox 1910 4426 1977 4480; x_wconf 91' lang='lat' dir='ltr'><strong>ad</strong></span> <span class='ocrx_word' id='word_1_684' title='bbox 2007 4427 2261 4496; x_wconf 88' lang='lat' dir='ltr'><strong>speciem.</strong></span> <span class='ocrx_word' id='word_1_685' title='bbox 2294 4428 2413 4484; x_wconf 84' lang='lat' dir='ltr'><strong>Jam</strong></span> <span class='ocrx_word' id='word_1_686' title='bbox 2458 4431 2602 4486; x_wconf 91' lang='lat' dir='ltr'><strong>enim</strong></span> <span class='ocrx_word' id='word_1_687' title='bbox 2639 4432 3058 4505; x_wconf 87' lang='lat' dir='ltr'><strong>descriptionem</strong></span> <span class='ocrx_word' id='word_1_688' title='bbox 3100 4438 3181 4493; x_wconf 91' lang='lat' dir='ltr'><strong>sui</strong></span> <span class='ocrx_word' id='word_1_689' title='bbox 3217 4438 3499 4508; x_wconf 88' lang='lat' dir='ltr'><strong>Evangelii</strong></span> 
     </span>
    </p>
   </div>
   <div class='ocr_carea' id='block_1_84' title="bbox 216 4518 3313 4625">
    <p class='ocr_par' dir='ltr' id='par_1_84' title="bbox 216 4518 3313 4625">
     <span class='ocr_line' id='line_1_84' title="bbox 216 4518 3313 4625; baseline 0.001 -46"><span class='ocrx_word' id='word_1_690' title='bbox 216 4524 319 4580; x_wconf 86' lang='lat' dir='ltr'><strong>rint</strong></span> <span class='ocrx_word' id='word_1_691' title='bbox 337 4526 546 4583; x_wconf 85' lang='lat' dir='ltr'><strong>vivere.</strong></span> <span class='ocrx_word' id='word_1_692' title='bbox 588 4526 697 4584; x_wconf 88' lang='lat' dir='ltr'><strong>Sed</strong></span> <span class='ocrx_word' id='word_1_693' title='bbox 717 4527 995 4598; x_wconf 84' lang='lat' dir='ltr'><strong>quoniam,</strong></span> <span class='ocrx_word' id='word_1_694' title='bbox 1025 4526 1148 4580; x_wconf 89' lang='lat' dir='ltr'><strong>aliis</strong></span> <span class='ocrx_word' id='word_1_695' title='bbox 1178 4525 1438 4596; x_wconf 90' lang='lat' dir='ltr'><strong>apostolis</strong></span> <span class='ocrx_word' id='word_1_696' title='bbox 1469 4541 1565 4596; x_wconf 86' lang='lat' dir='ltr'><strong>per</strong></span> <span class='ocrx_word' id='word_1_697' title='bbox 1596 4526 1806 4596; x_wconf 84' lang='lat' dir='ltr'><strong>passio-</strong></span> <span class='ocrx_word' id='word_1_698' title='bbox 1829 4563 1885 4625; x_wconf 69' lang='grc' dir='ltr'><strong>Β</strong></span> <span class='ocrx_word' id='word_1_699' title='bbox 1908 4519 2115 4625; x_wconf 67' lang='lat' dir='ltr'><strong>beatus</strong></span> <span class='ocrx_word' id='word_1_700' title='bbox 2131 4518 2367 4577; x_wconf 80' lang='lat' dir='ltr'><strong>Joannes</strong></span> <span class='ocrx_word' id='word_1_701' title='bbox 2394 4523 2551 4625; x_wconf 77' lang='lat' dir='ltr'><strong>nobis</strong></span> <span class='ocrx_word' id='word_1_702' title='bbox 2585 4527 2953 4593; x_wconf 89' lang='lat' dir='ltr'><strong>commendat,</strong></span> <span class='ocrx_word' id='word_1_703' title='bbox 2983 4543 3107 4583; x_wconf 91' lang='lat' dir='ltr'><strong>eum</strong></span> <span class='ocrx_word' id='word_1_704' title='bbox 3142 4527 3273 4582; x_wconf 92' lang='lat' dir='ltr'><strong>dicit</strong></span> <span class='ocrx_word' id='word_1_705' title='bbox 3299 4545 3313 4581; x_wconf 89' lang='lat'><strong>:</strong></span> 
     </span>
    </p>
   </div>
   <div class='ocr_carea' id='block_1_85' title="bbox 218 4615 1809 4688">
    <p class='ocr_par' dir='ltr' id='par_1_85' title="bbox 218 4615 1809 4688">
     <span class='ocr_line' id='line_1_85' title="bbox 218 4615 1809 4688; baseline 0.003 -21"><span class='ocrx_word' id='word_1_706' title='bbox 218 4628 332 4670; x_wconf 89' lang='lat' dir='ltr'><strong>nem</strong></span> <span class='ocrx_word' id='word_1_707' title='bbox 354 4616 604 4688; x_wconf 81' lang='lat' dir='ltr'><strong>martyrii</strong></span> <span class='ocrx_word' id='word_1_708' title='bbox 629 4616 1040 4682; x_wconf 89' lang='lat' dir='ltr'><strong>consummatis,</strong></span> <span class='ocrx_word' id='word_1_709' title='bbox 1061 4616 1178 4687; x_wconf 90' lang='lat' dir='ltr'><strong>ipse</strong></span> <span class='ocrx_word' id='word_1_710' title='bbox 1205 4616 1353 4671; x_wconf 88' lang='lat' dir='ltr'><strong>solus</strong></span> <span class='ocrx_word' id='word_1_711' title='bbox 1372 4615 1427 4670; x_wconf 93' lang='lat' dir='ltr'><strong>in</strong></span> <span class='ocrx_word' id='word_1_712' title='bbox 1456 4631 1588 4686; x_wconf 88' lang='lat' dir='ltr'><strong>pace</strong></span> <span class='ocrx_word' id='word_1_713' title='bbox 1621 4615 1809 4671; x_wconf 88' lang='lat' dir='ltr'><strong>Eccle—</strong></span> 
     </span>
    </p>
   </div>
   <div class='ocr_carea' id='block_1_86' title="bbox 219 4704 1818 4772">
    <p class='ocr_par' dir='ltr' id='par_1_86' title="bbox 219 4704 1818 4772">
     <span class='ocr_line' id='line_1_86' title="bbox 219 4704 1818 4772; baseline 0.003 -14"><span class='ocrx_word' id='word_1_714' title='bbox 219 4704 304 4760; x_wconf 75' lang='lat' dir='ltr'><strong>sia:</strong></span> <span class='ocrx_word' id='word_1_715' title='bbox 346 4706 584 4763; x_wconf 87' lang='lat' dir='ltr'><strong>naturali</strong></span> <span class='ocrx_word' id='word_1_716' title='bbox 619 4715 797 4764; x_wconf 89' lang='lat' dir='ltr'><strong>morte</strong></span> <span class='ocrx_word' id='word_1_717' title='bbox 841 4707 1005 4762; x_wconf 89' lang='lat' dir='ltr'><strong>vitam</strong></span> <span class='ocrx_word' id='word_1_718' title='bbox 1030 4706 1223 4772; x_wconf 87' lang='lat' dir='ltr'><strong>ﬁnivit,</strong></span> <span class='ocrx_word' id='word_1_719' title='bbox 1261 4706 1383 4762; x_wconf 91' lang='lat' dir='ltr'><strong>ideo</strong></span> <span class='ocrx_word' id='word_1_720' title='bbox 1409 4722 1441 4762; x_wconf 89' lang='lat' dir='ltr'><strong>a</strong></span> <span class='ocrx_word' id='word_1_721' title='bbox 1470 4706 1696 4763; x_wconf 91' lang='lat' dir='ltr'><strong>Domino</strong></span> <span class='ocrx_word' id='word_1_722' title='bbox 1735 4708 1818 4762; x_wconf 88' lang='lat' dir='ltr'><strong>di-</strong></span> 
     </span>
    </p>
   </div>
   <div class='ocr_carea' id='block_1_87' title="bbox 219 4800 1814 4869">
    <p class='ocr_par' dir='ltr' id='par_1_87' title="bbox 219 4800 1814 4869">
     <span class='ocr_line' id='line_1_87' title="bbox 219 4800 1814 4869; baseline 0.002 -14"><span class='ocrx_word' id='word_1_723' title='bbox 219 4810 353 4856; x_wconf 89' lang='lat' dir='ltr'><strong>ctum</strong></span> <span class='ocrx_word' id='word_1_724' title='bbox 369 4810 455 4857; x_wconf 90' lang='lat' dir='ltr'><strong>est</strong></span> <span class='ocrx_word' id='word_1_725' title='bbox 473 4820 487 4858; x_wconf 91' lang='lat'>:</span> <span class='ocrx_word' id='word_1_726' title='bbox 508 4820 527 4854; x_wconf 76' lang='grc' dir='ltr'>ι</span> <span class='ocrx_word' id='word_1_727' title='bbox 550 4800 642 4857; x_wconf 90' lang='lat' dir='ltr'><strong>Sic</strong></span> <span class='ocrx_word' id='word_1_728' title='bbox 659 4817 783 4858; x_wconf 92' lang='lat' dir='ltr'><strong>eum</strong></span> <span class='ocrx_word' id='word_1_729' title='bbox 797 4802 918 4858; x_wconf 89' lang='lat' dir='ltr'><strong>volo</strong></span> <span class='ocrx_word' id='word_1_730' title='bbox 931 4816 1151 4857; x_wconf 89' lang='lat' dir='ltr'><strong>manere</strong></span> <span class='ocrx_word' id='word_1_731' title='bbox 1164 4802 1337 4857; x_wconf 89' lang='lat' dir='ltr'><strong>donec</strong></span> <span class='ocrx_word' id='word_1_732' title='bbox 1361 4802 1597 4857; x_wconf 88' lang='lat' dir='ltr'><strong>veniam.</strong></span> <span class='ocrx_word' id='word_1_733' title='bbox 1622 4822 1640 4855; x_wconf 79' lang='grc' dir='ltr'><strong><em>ι</em></strong></span> <span class='ocrx_word' id='word_1_734' title='bbox 1660 4801 1814 4869; x_wconf 90' lang='lat' dir='ltr'><strong>Quod</strong></span> 
     </span>
    </p>
   </div>
   <div class='ocr_carea' id='block_1_88' title="bbox 218 4892 1812 4964">
    <p class='ocr_par' dir='ltr' id='par_1_88' title="bbox 218 4892 1812 4964">
     <span class='ocr_line' id='line_1_88' title="bbox 218 4892 1812 4964; baseline 0.001 -18"><span class='ocrx_word' id='word_1_735' title='bbox 218 4901 294 4946; x_wconf 88' lang='lat' dir='ltr'><strong>est</strong></span> <span class='ocrx_word' id='word_1_736' title='bbox 316 4893 504 4949; x_wconf 91' lang='lat' dir='ltr'><strong>dicere</strong></span> <span class='ocrx_word' id='word_1_737' title='bbox 518 4913 531 4948; x_wconf 90' lang='lat'><strong>:</strong></span> <span class='ocrx_word' id='word_1_738' title='bbox 548 4892 684 4950; x_wconf 83' lang='lat' dir='ltr'><strong>Nolo</strong></span> <span class='ocrx_word' id='word_1_739' title='bbox 697 4908 820 4950; x_wconf 89' lang='lat' dir='ltr'><strong>eum</strong></span> <span class='ocrx_word' id='word_1_740' title='bbox 834 4909 928 4964; x_wconf 91' lang='lat' dir='ltr'><strong>per</strong></span> <span class='ocrx_word' id='word_1_741' title='bbox 941 4892 1249 4948; x_wconf 90' lang='lat' dir='ltr'><strong>violentiam</strong></span> <span class='ocrx_word' id='word_1_742' title='bbox 1265 4894 1625 4964; x_wconf 85' lang='lat' dir='ltr'><strong>persecutoris</strong></span> <span class='ocrx_word' id='word_1_743' title='bbox 1648 4894 1812 4949; x_wconf 90' lang='lat' dir='ltr'><strong>vitam</strong></span> 
     </span>
    </p>
   </div>
   <div class='ocr_carea' id='block_1_89' title="bbox 219 4979 1815 5055">
    <p class='ocr_par' dir='ltr' id='par_1_89' title="bbox 219 4979 1815 5055">
     <span class='ocr_line' id='line_1_89' title="bbox 219 4979 1815 5055; baseline 0.004 -21"><span class='ocrx_word' id='word_1_744' title='bbox 219 4979 366 5039; x_wconf 89' lang='lat' dir='ltr'><strong>Iinire</strong></span> <span class='ocrx_word' id='word_1_745' title='bbox 390 4992 711 5055; x_wconf 65' lang='lat' dir='ltr'><strong>praesentem</strong></span> <span class='ocrx_word' id='word_1_746' title='bbox 721 4984 833 5051; x_wconf 85' lang='lat' dir='ltr'><strong>,sed</strong></span> <span class='ocrx_word' id='word_1_747' title='bbox 847 4984 927 5040; x_wconf 90' lang='lat' dir='ltr'><strong>sic</strong></span> <span class='ocrx_word' id='word_1_748' title='bbox 950 4999 1075 5039; x_wconf 91' lang='lat' dir='ltr'><strong>eum</strong></span> <span class='ocrx_word' id='word_1_749' title='bbox 1089 4984 1208 5039; x_wconf 88' lang='lat' dir='ltr'><strong>volo</strong></span> <span class='ocrx_word' id='word_1_750' title='bbox 1222 4986 1815 5055; x_wconf 86' lang='lat' dir='ltr'><strong>manere,quoadusque</strong></span> 
     </span>
    </p>
   </div>
   <div class='ocr_carea' id='block_1_90' title="bbox 220 5076 1807 5146">
    <p class='ocr_par' dir='ltr' id='par_1_90' title="bbox 220 5076 1807 5146">
     <span class='ocr_line' id='line_1_90' title="bbox 220 5076 1807 5146; baseline 0.003 -20"><span class='ocrx_word' id='word_1_751' title='bbox 220 5076 437 5131; x_wconf 87' lang='lat' dir='ltr'><strong>veniens</strong></span> <span class='ocrx_word' id='word_1_752' title='bbox 460 5076 528 5131; x_wconf 85' lang='lat' dir='ltr'><strong>ad</strong></span> <span class='ocrx_word' id='word_1_753' title='bbox 562 5076 728 5131; x_wconf 91' lang='lat' dir='ltr'><strong>vitam</strong></span> <span class='ocrx_word' id='word_1_754' title='bbox 754 5091 879 5130; x_wconf 93' lang='lat' dir='ltr'><strong>eum</strong></span> <span class='ocrx_word' id='word_1_755' title='bbox 907 5077 1099 5131; x_wconf 90' lang='lat' dir='ltr'><strong>ducam</strong></span> <span class='ocrx_word' id='word_1_756' title='bbox 1143 5089 1439 5146; x_wconf 89' lang='lat' dir='ltr'><strong>perennem</strong></span> <span class='ocrx_word' id='word_1_757' title='bbox 1461 5115 1477 5143; x_wconf 92' lang='lat'><strong>,</strong></span> <span class='ocrx_word' id='word_1_758' title='bbox 1506 5085 1563 5131; x_wconf 91' lang='lat' dir='ltr'><strong>et</strong></span> <span class='ocrx_word' id='word_1_759' title='bbox 1600 5085 1807 5133; x_wconf 78' lang='lat' dir='ltr'><strong>aeterna</strong></span> 
     </span>
    </p>
   </div>
   <div class='ocr_carea' id='block_1_91' title="bbox 223 5167 1810 5240">
    <p class='ocr_par' dir='ltr' id='par_1_91' title="bbox 223 5167 1810 5240">
     <span class='ocr_line' id='line_1_91' title="bbox 223 5167 1810 5240; baseline 0.005 -23"><span class='ocrx_word' id='word_1_760' title='bbox 223 5167 656 5224; x_wconf 88' lang='lat' dir='ltr'><strong>remuneratione</strong></span> <span class='ocrx_word' id='word_1_761' title='bbox 667 5182 790 5224; x_wconf 91' lang='lat' dir='ltr'><strong>eum</strong></span> <span class='ocrx_word' id='word_1_762' title='bbox 804 5168 1117 5225; x_wconf 83' lang='lat' dir='ltr'><strong>clarificem.</strong></span> <span class='ocrx_word' id='word_1_763' title='bbox 1136 5168 1504 5239; x_wconf 88' lang='lat' dir='ltr'><strong>Spiritualiter</strong></span> <span class='ocrx_word' id='word_1_764' title='bbox 1517 5178 1695 5225; x_wconf 91' lang='lat' dir='ltr'><strong>autem</strong></span> <span class='ocrx_word' id='word_1_765' title='bbox 1710 5183 1810 5240; x_wconf 89' lang='lat' dir='ltr'><strong>per</strong></span> 
     </span>
    </p>
   </div>
   <div class='ocr_carea' id='block_1_92' title="bbox 222 5254 1806 5332">
    <p class='ocr_par' dir='ltr' id='par_1_92' title="bbox 222 5254 1806 5332">
     <span class='ocr_line' id='line_1_92' title="bbox 222 5254 1806 5332; baseline 0.005 -22"><span class='ocrx_word' id='word_1_766' title='bbox 222 5254 314 5313; x_wconf 89' lang='lat' dir='ltr'><strong>hos</strong></span> <span class='ocrx_word' id='word_1_767' title='bbox 342 5258 483 5315; x_wconf 90' lang='lat' dir='ltr'><strong>duos</strong></span> <span class='ocrx_word' id='word_1_768' title='bbox 512 5258 832 5331; x_wconf 89' lang='lat' dir='ltr'><strong>discipulos,</strong></span> <span class='ocrx_word' id='word_1_769' title='bbox 868 5260 1004 5316; x_wconf 87' lang='lat' dir='ltr'><strong>duas</strong></span> <span class='ocrx_word' id='word_1_770' title='bbox 1028 5260 1267 5316; x_wconf 80' lang='lat' dir='ltr'><strong>fidelium</strong></span> <span class='ocrx_word' id='word_1_771' title='bbox 1300 5260 1471 5326; x_wconf 89' lang='lat' dir='ltr'><strong>vitas,</strong></span> <span class='ocrx_word' id='word_1_772' title='bbox 1513 5260 1569 5316; x_wconf 91' lang='lat' dir='ltr'><strong>in</strong></span> <span class='ocrx_word' id='word_1_773' title='bbox 1608 5262 1806 5332; x_wconf 89' lang='lat' dir='ltr'><strong>quibus</strong></span> 
     </span>
    </p>
   </div>
   <div class='ocr_carea' id='block_1_93' title="bbox 224 5344 1806 5423">
    <p class='ocr_par' dir='ltr' id='par_1_93' title="bbox 224 5344 1806 5423">
     <span class='ocr_line' id='line_1_93' title="bbox 224 5344 1806 5423; baseline 0.005 -21"><span class='ocrx_word' id='word_1_774' title='bbox 224 5344 457 5405; x_wconf 84' lang='lat' dir='ltr'><strong>Ecclesia</strong></span> <span class='ocrx_word' id='word_1_775' title='bbox 492 5358 727 5418; x_wconf 84' lang='lat' dir='ltr'><strong>constat,</strong></span> <span class='ocrx_word' id='word_1_776' title='bbox 753 5352 1000 5423; x_wconf 88' lang='lat' dir='ltr'><strong>accipere</strong></span> <span class='ocrx_word' id='word_1_777' title='bbox 1021 5352 1312 5423; x_wconf 89' lang='lat' dir='ltr'><strong>possimus,</strong></span> <span class='ocrx_word' id='word_1_778' title='bbox 1340 5353 1572 5409; x_wconf 91' lang='lat' dir='ltr'><strong>activam</strong></span> <span class='ocrx_word' id='word_1_779' title='bbox 1598 5353 1806 5410; x_wconf 89' lang='lat' dir='ltr'><strong>scilicet</strong></span> 
     </span>
    </p>
   </div>
   <div class='ocr_carea' id='block_1_94' title="bbox 225 5441 1803 5512">
    <p class='ocr_par' dir='ltr' id='par_1_94' title="bbox 225 5441 1803 5512">
     <span class='ocr_line' id='line_1_94' title="bbox 225 5441 1803 5512; baseline 0.007 -22"><span class='ocrx_word' id='word_1_780' title='bbox 225 5445 273 5493; x_wconf 89' lang='lat' dir='ltr'><strong>et</strong></span> <span class='ocrx_word' id='word_1_781' title='bbox 290 5441 787 5512; x_wconf 88' lang='lat' dir='ltr'><strong>contemplativam.</strong></span> <span class='ocrx_word' id='word_1_782' title='bbox 813 5442 1057 5509; x_wconf 88' lang='lat' dir='ltr'><strong>Quarum</strong></span> <span class='ocrx_word' id='word_1_783' title='bbox 1076 5459 1182 5499; x_wconf 92' lang='lat' dir='ltr'><strong>una</strong></span> <span class='ocrx_word' id='word_1_784' title='bbox 1216 5444 1270 5498; x_wconf 92' lang='lat' dir='ltr'><strong>in</strong></span> <span class='ocrx_word' id='word_1_785' title='bbox 1297 5443 1480 5499; x_wconf 89' lang='lat' dir='ltr'><strong>labore</strong></span> <span class='ocrx_word' id='word_1_786' title='bbox 1500 5452 1604 5510; x_wconf 86' lang='lat' dir='ltr'><strong>est,</strong></span> <span class='ocrx_word' id='word_1_787' title='bbox 1632 5444 1803 5500; x_wconf 88' lang='lat' dir='ltr'><strong>altera</strong></span> 
     </span>
    </p>
   </div>
   <div class='ocr_carea' id='block_1_95' title="bbox 226 5526 1801 5604">
    <p class='ocr_par' dir='ltr' id='par_1_95' title="bbox 226 5526 1801 5604">
     <span class='ocr_line' id='line_1_95' title="bbox 226 5526 1801 5604; baseline 0.008 -21"><span class='ocrx_word' id='word_1_788' title='bbox 226 5526 274 5584; x_wconf 90' lang='lat' dir='ltr'><strong>in</strong></span> <span class='ocrx_word' id='word_1_789' title='bbox 297 5533 504 5604; x_wconf 88' lang='lat' dir='ltr'><strong>requie.</strong></span> <span class='ocrx_word' id='word_1_790' title='bbox 534 5532 643 5591; x_wconf 90' lang='lat' dir='ltr'><strong>Per</strong></span> <span class='ocrx_word' id='word_1_791' title='bbox 665 5533 893 5590; x_wconf 85' lang='lat' dir='ltr'><strong>Petrum</strong></span> <span class='ocrx_word' id='word_1_792' title='bbox 925 5536 1095 5602; x_wconf 88' lang='lat' dir='ltr'><strong>enim,</strong></span> <span class='ocrx_word' id='word_1_793' title='bbox 1135 5536 1222 5593; x_wconf 93' lang='lat' dir='ltr'><strong>cui</strong></span> <span class='ocrx_word' id='word_1_794' title='bbox 1264 5538 1465 5593; x_wconf 90' lang='lat' dir='ltr'><strong>dictum</strong></span> <span class='ocrx_word' id='word_1_795' title='bbox 1498 5546 1619 5594; x_wconf 90' lang='lat' dir='ltr'><strong>est:</strong></span> <span class='ocrx_word' id='word_1_796' title='bbox 1652 5556 1671 5590; x_wconf 76' lang='grc' dir='ltr'>ι</span> <span class='ocrx_word' id='word_1_797' title='bbox 1709 5537 1801 5595; x_wconf 87' lang='lat' dir='ltr'><strong>Se-</strong></span> 
     </span>
    </p>
   </div>
   <div class='ocr_carea' id='block_1_96' title="bbox 227 5627 1803 5703">
    <p class='ocr_par' dir='ltr' id='par_1_96' title="bbox 227 5627 1803 5703">
     <span class='ocr_line' id='line_1_96' title="bbox 227 5627 1803 5703; baseline 0.008 -27"><span class='ocrx_word' id='word_1_798' title='bbox 227 5634 384 5691; x_wconf 89' lang='lat' dir='ltr'><strong>quere</strong></span> <span class='ocrx_word' id='word_1_799' title='bbox 412 5640 522 5691; x_wconf 89' lang='lat' dir='ltr'><strong>me,</strong></span> <span class='ocrx_word' id='word_1_800' title='bbox 572 5645 591 5679; x_wconf 75' lang='grc' dir='ltr'><strong><em>ι</em></strong></span> <span class='ocrx_word' id='word_1_801' title='bbox 624 5630 814 5683; x_wconf 76' lang='lat' dir='ltr'><strong>activa:</strong></span> <span class='ocrx_word' id='word_1_802' title='bbox 842 5627 968 5683; x_wconf 66' lang='lat' dir='ltr'><strong>vita:</strong></span> <span class='ocrx_word' id='word_1_803' title='bbox 993 5627 1148 5683; x_wconf 89' lang='lat' dir='ltr'><strong>labor</strong></span> <span class='ocrx_word' id='word_1_804' title='bbox 1166 5630 1509 5701; x_wconf 80' lang='lat' dir='ltr'><strong>exprimitur,</strong></span> <span class='ocrx_word' id='word_1_805' title='bbox 1541 5631 1609 5686; x_wconf 91' lang='lat' dir='ltr'><strong>ad</strong></span> <span class='ocrx_word' id='word_1_806' title='bbox 1637 5647 1803 5703; x_wconf 91' lang='lat' dir='ltr'><strong>quam</strong></span> 
     </span>
    </p>
   </div>
   <div class='ocr_carea' id='block_1_97' title="bbox 226 5716 1803 5791">
    <p class='ocr_par' dir='ltr' id='par_1_97' title="bbox 226 5716 1803 5791">
     <span class='ocr_line' id='line_1_97' title="bbox 226 5716 1803 5791; baseline 0.006 -22"><span class='ocrx_word' id='word_1_807' title='bbox 226 5716 451 5782; x_wconf 81' lang='lat' dir='ltr'><strong>pertinet</strong></span> <span class='ocrx_word' id='word_1_808' title='bbox 476 5719 739 5773; x_wconf 88' lang='lat' dir='ltr'><strong>esurienti</strong></span> <span class='ocrx_word' id='word_1_809' title='bbox 779 5718 959 5775; x_wconf 89' lang='lat' dir='ltr'><strong>cibum</strong></span> <span class='ocrx_word' id='word_1_810' title='bbox 981 5761 996 5784; x_wconf 89' lang='lat'><strong>,</strong></span> <span class='ocrx_word' id='word_1_811' title='bbox 1026 5719 1231 5776; x_wconf 89' lang='lat' dir='ltr'><strong>sitienti</strong></span> <span class='ocrx_word' id='word_1_812' title='bbox 1265 5730 1485 5791; x_wconf 89' lang='lat' dir='ltr'><strong>potum,</strong></span> <span class='ocrx_word' id='word_1_813' title='bbox 1525 5725 1669 5780; x_wconf 91' lang='lat' dir='ltr'><strong>nudo</strong></span> <span class='ocrx_word' id='word_1_814' title='bbox 1708 5724 1803 5779; x_wconf 89' lang='lat' dir='ltr'><strong>tri-</strong></span> 
     </span>
    </p>
   </div>
   <div class='ocr_carea' id='block_1_98' title="bbox 227 5799 1805 5891">
    <p class='ocr_par' dir='ltr' id='par_1_98' title="bbox 227 5799 1805 5891">
     <span class='ocr_line' id='line_1_98' title="bbox 227 5799 1805 5891; baseline 0.005 -27"><span class='ocrx_word' id='word_1_815' title='bbox 227 5799 384 5865; x_wconf 81' lang='lat' dir='ltr'><strong>buere</strong></span> <span class='ocrx_word' id='word_1_816' title='bbox 406 5809 791 5867; x_wconf 86' lang='lat' dir='ltr'><strong>vestimentum</strong></span> <span class='ocrx_word' id='word_1_817' title='bbox 809 5852 824 5877; x_wconf 91' lang='lat'><strong>,</strong></span> <span class='ocrx_word' id='word_1_818' title='bbox 849 5812 1124 5882; x_wconf 87' lang='lat' dir='ltr'><strong>suscipere</strong></span> <span class='ocrx_word' id='word_1_819' title='bbox 1149 5811 1413 5891; x_wconf 85' lang='lat' dir='ltr'><strong>hospitem</strong></span> <span class='ocrx_word' id='word_1_820' title='bbox 1435 5853 1453 5883; x_wconf 91' lang='lat'><strong>,</strong></span> <span class='ocrx_word' id='word_1_821' title='bbox 1476 5814 1698 5876; x_wconf 82' lang='lat' dir='ltr'><strong>visitare</strong></span> <span class='ocrx_word' id='word_1_822' title='bbox 1718 5814 1805 5873; x_wconf 86' lang='lat' dir='ltr'><strong>iu-</strong></span> 
     </span>
    </p>
   </div>
   <div class='ocr_carea' id='block_1_99' title="bbox 544 5898 1147 5969">
    <p class='ocr_par' dir='ltr' id='par_1_99' title="bbox 544 5898 1147 5969">
     <span class='ocr_line' id='line_1_99' title="bbox 544 5898 1147 5969; baseline -0.003 -2"><span class='ocrx_word' id='word_1_823' title='bbox 544 5901 819 5967; x_wconf 69' lang='lat' dir='ltr'><strong>Pnuon.</strong></span> <span class='ocrx_word' id='word_1_824' title='bbox 865 5898 1147 5969; x_wconf 83' lang='lat' dir='ltr'><strong>CXVIII.</strong></span> 
     </span>
    </p>
   </div>
   <div class='ocr_carea' id='block_1_100' title="bbox 1994 4611 3501 4687">
    <p class='ocr_par' dir='ltr' id='par_1_100' title="bbox 1994 4611 3501 4687">
     <span class='ocr_line' id='line_1_100' title="bbox 1994 4611 3501 4687; baseline 0.007 -23"><span class='ocrx_word' id='word_1_825' title='bbox 1994 4630 2013 4664; x_wconf 70' lang='grc' dir='ltr'><strong><em>ι</em></strong></span> <span class='ocrx_word' id='word_1_826' title='bbox 2042 4611 2142 4669; x_wconf 82' lang='lat' dir='ltr'><strong>Hic</strong></span> <span class='ocrx_word' id='word_1_827' title='bbox 2168 4622 2253 4668; x_wconf 90' lang='lat' dir='ltr'><strong>est</strong></span> <span class='ocrx_word' id='word_1_828' title='bbox 2291 4614 2584 4684; x_wconf 89' lang='lat' dir='ltr'><strong>discipulus</strong></span> <span class='ocrx_word' id='word_1_829' title='bbox 2618 4616 2708 4672; x_wconf 91' lang='lat' dir='ltr'><strong>ille</strong></span> <span class='ocrx_word' id='word_1_830' title='bbox 2737 4618 2827 4687; x_wconf 89' lang='lat' dir='ltr'><strong>qui</strong></span> <span class='ocrx_word' id='word_1_831' title='bbox 2862 4617 3226 4672; x_wconf 89' lang='lat' dir='ltr'><strong>testimonium</strong></span> <span class='ocrx_word' id='word_1_832' title='bbox 3252 4616 3501 4687; x_wconf 85' lang='lat' dir='ltr'><strong>perhibet</strong></span> 
     </span>
    </p>
   </div>
   <div class='ocr_carea' id='block_1_101' title="bbox 1922 4704 3499 4778">
    <p class='ocr_par' dir='ltr' id='par_1_101' title="bbox 1922 4704 3499 4778">
     <span class='ocr_line' id='line_1_101' title="bbox 1922 4704 3499 4778; baseline 0.007 -23"><span class='ocrx_word' id='word_1_833' title='bbox 1922 4721 1942 4755; x_wconf 73' lang='grc' dir='ltr'>ι</span> <span class='ocrx_word' id='word_1_834' title='bbox 1972 4704 2037 4760; x_wconf 91' lang='lat' dir='ltr'><strong>de</strong></span> <span class='ocrx_word' id='word_1_835' title='bbox 2063 4705 2167 4773; x_wconf 88' lang='lat' dir='ltr'><strong>his,</strong></span> <span class='ocrx_word' id='word_1_836' title='bbox 2192 4713 2246 4759; x_wconf 91' lang='lat' dir='ltr'><strong>et</strong></span> <span class='ocrx_word' id='word_1_837' title='bbox 2266 4706 2484 4776; x_wconf 90' lang='lat' dir='ltr'><strong>scripsit</strong></span> <span class='ocrx_word' id='word_1_838' title='bbox 2506 4707 2636 4764; x_wconf 82' lang='lat' dir='ltr'><strong>haec.</strong></span> <span class='ocrx_word' id='word_1_839' title='bbox 2683 4728 2701 4758; x_wconf 72' lang='grc' dir='ltr'><strong>ι</strong></span> <span class='ocrx_word' id='word_1_840' title='bbox 2732 4707 3011 4762; x_wconf 89' lang='lat' dir='ltr'><strong>Perhibuit</strong></span> <span class='ocrx_word' id='word_1_841' title='bbox 3037 4708 3235 4778; x_wconf 83' lang='lat' dir='ltr'><strong>quipr</strong></span> <span class='ocrx_word' id='word_1_842' title='bbox 3259 4707 3499 4766; x_wconf 83' lang='lat' dir='ltr'><strong>Joannes</strong></span> 
     </span>
    </p>
   </div>
   <div class='ocr_carea' id='block_1_102' title="bbox 1916 4790 3521 4868">
    <p class='ocr_par' dir='ltr' id='par_1_102' title="bbox 1916 4790 3521 4868">
     <span class='ocr_line' id='line_1_102' title="bbox 1916 4790 3521 4868; baseline 0.004 -17"><span class='ocrx_word' id='word_1_843' title='bbox 1916 4795 2146 4851; x_wconf 90' lang='lat' dir='ltr'><strong>Domino</strong></span> <span class='ocrx_word' id='word_1_844' title='bbox 2191 4796 2556 4852; x_wconf 88' lang='lat' dir='ltr'><strong>testimonium</strong></span> <span class='ocrx_word' id='word_1_845' title='bbox 2600 4798 2860 4864; x_wconf 89' lang='lat' dir='ltr'><strong>docendo,</strong></span> <span class='ocrx_word' id='word_1_846' title='bbox 2913 4798 3188 4868; x_wconf 87' lang='lat' dir='ltr'><strong>perhibuit</strong></span> <span class='ocrx_word' id='word_1_847' title='bbox 3224 4810 3372 4859; x_wconf 90' lang='lat' dir='ltr'><strong>recte</strong></span> <span class='ocrx_word' id='word_1_848' title='bbox 3412 4790 3521 4858; x_wconf 39' lang='lat' dir='ltr'><strong>vi-&#39;</strong></span> 
     </span>
    </p>
   </div>
   <div class='ocr_carea' id='block_1_103' title="bbox 1917 4888 3497 4965">
    <p class='ocr_par' dir='ltr' id='par_1_103' title="bbox 1917 4888 3497 4965">
     <span class='ocr_line' id='line_1_103' title="bbox 1917 4888 3497 4965; baseline 0.008 -24"><span class='ocrx_word' id='word_1_849' title='bbox 1917 4888 2112 4954; x_wconf 90' lang='lat' dir='ltr'><strong>vendo,</strong></span> <span class='ocrx_word' id='word_1_850' title='bbox 2154 4888 2426 4957; x_wconf 88' lang='lat' dir='ltr'><strong>perhibuit</strong></span> <span class='ocrx_word' id='word_1_851' title='bbox 2463 4889 2816 4960; x_wconf 87' lang='lat' dir='ltr'><strong>Evangelium</strong></span> <span class='ocrx_word' id='word_1_852' title='bbox 2869 4891 3187 4961; x_wconf 79' lang='lat' dir='ltr'><strong>scribendo,</strong></span> <span class='ocrx_word' id='word_1_853' title='bbox 3246 4896 3497 4965; x_wconf 88' lang='lat' dir='ltr'><strong>perhibet</strong></span> 
     </span>
    </p>
   </div>
   <div class='ocr_carea' id='block_1_104' title="bbox 1913 4978 3492 5056">
    <p class='ocr_par' dir='ltr' id='par_1_104' title="bbox 1913 4978 3492 5056">
     <span class='ocr_line' id='line_1_104' title="bbox 1913 4978 3492 5056; baseline 0.006 -23"><span class='ocrx_word' id='word_1_854' title='bbox 1913 4979 2079 5033; x_wconf 87' lang='lat' dir='ltr'><strong>etiam</strong></span> <span class='ocrx_word' id='word_1_855' title='bbox 2117 4978 2383 5048; x_wconf 86' lang='lat' dir='ltr'><strong>quotidie,</strong></span> <span class='ocrx_word' id='word_1_856' title='bbox 2431 4994 2552 5034; x_wconf 91' lang='lat' dir='ltr'><strong>cum</strong></span> <span class='ocrx_word' id='word_1_857' title='bbox 2597 4980 2945 5052; x_wconf 85' lang='lat' dir='ltr'><strong>Evangelium</strong></span> <span class='ocrx_word' id='word_1_858' title='bbox 2982 4985 3127 5054; x_wconf 89' lang='lat' dir='ltr'><strong>quod</strong></span> <span class='ocrx_word' id='word_1_859' title='bbox 3173 4986 3393 5056; x_wconf 87' lang='lat' dir='ltr'><strong>scripsit</strong></span> <span class='ocrx_word' id='word_1_860' title='bbox 3439 4988 3492 5043; x_wconf 90' lang='lat' dir='ltr'><strong>iu</strong></span> 
     </span>
    </p>
   </div>
   <div class='ocr_carea' id='block_1_105' title="bbox 1910 5068 3492 5148">
    <p class='ocr_par' dir='ltr' id='par_1_105' title="bbox 1910 5068 3492 5148">
     <span class='ocr_line' id='line_1_105' title="bbox 1910 5068 3492 5148; baseline 0.006 -23"><span class='ocrx_word' id='word_1_861' title='bbox 1910 5068 2151 5125; x_wconf 89' lang='lat' dir='ltr'><strong>Ecclesia</strong></span> <span class='ocrx_word' id='word_1_862' title='bbox 2175 5087 2207 5126; x_wconf 89' lang='lat' dir='ltr'><strong>a</strong></span> <span class='ocrx_word' id='word_1_863' title='bbox 2241 5070 2490 5127; x_wconf 82' lang='lat' dir='ltr'><strong>fidelibus</strong></span> <span class='ocrx_word' id='word_1_864' title='bbox 2522 5071 2718 5143; x_wconf 84' lang='lat' dir='ltr'><strong>legitur</strong></span> <span class='ocrx_word' id='word_1_865' title='bbox 2746 5073 2829 5128; x_wconf 92' lang='lat' dir='ltr'><strong>vel</strong></span> <span class='ocrx_word' id='word_1_866' title='bbox 2855 5074 3090 5129; x_wconf 89' lang='lat' dir='ltr'><strong>auditur.</strong></span> <span class='ocrx_word' id='word_1_867' title='bbox 3137 5074 3243 5132; x_wconf 89' lang='lat' dir='ltr'><strong>Sed</strong></span> <span class='ocrx_word' id='word_1_868' title='bbox 3277 5085 3492 5148; x_wconf 87' lang='lat' dir='ltr'><strong>gratum</strong></span> 
     </span>
    </p>
   </div>
   <div class='ocr_carea' id='block_1_106' title="bbox 1909 5164 3588 5241">
    <p class='ocr_par' dir='ltr' id='par_1_106' title="bbox 1909 5164 3588 5241">
     <span class='ocr_line' id='line_1_106' title="bbox 1909 5164 3588 5241; baseline 0.008 -23"><span class='ocrx_word' id='word_1_869' title='bbox 1909 5164 2053 5221; x_wconf 83' lang='lat' dir='ltr'><strong>forte</strong></span> <span class='ocrx_word' id='word_1_870' title='bbox 2080 5165 2378 5230; x_wconf 87' lang='lat' dir='ltr'><strong>videbitur,</strong></span> <span class='ocrx_word' id='word_1_871' title='bbox 2408 5165 2453 5221; x_wconf 87' lang='lat' dir='ltr'><strong>si</strong></span> <span class='ocrx_word' id='word_1_872' title='bbox 2482 5181 2604 5235; x_wconf 72' lang='lat' dir='ltr'><strong>quae</strong></span> <span class='ocrx_word' id='word_1_873' title='bbox 2626 5166 2842 5222; x_wconf 90' lang='lat' dir='ltr'><strong>occasio</strong></span> <span class='ocrx_word' id='word_1_874' title='bbox 2869 5168 2949 5223; x_wconf 82' lang='lat' dir='ltr'><strong>illi</strong></span> <span class='ocrx_word' id='word_1_875' title='bbox 2974 5168 3327 5241; x_wconf 87' lang='lat' dir='ltr'><strong>Evangelium</strong></span> <span class='ocrx_word' id='word_1_876' title='bbox 3355 5174 3492 5228; x_wconf 89' lang='lat' dir='ltr'><strong>scri-</strong></span> <span class='ocrx_word' id='word_1_877' title='bbox 3583 5210 3588 5231; x_wconf 30' lang='lat'><strong>.-</strong></span> 
     </span>
    </p>
   </div>
   <div class='ocr_carea' id='block_1_107' title="bbox 1909 5259 3495 5335">
    <p class='ocr_par' dir='ltr' id='par_1_107' title="bbox 1909 5259 3495 5335">
     <span class='ocr_line' id='line_1_107' title="bbox 1909 5259 3495 5335; baseline 0.003 -20"><span class='ocrx_word' id='word_1_878' title='bbox 1909 5259 2074 5315; x_wconf 89' lang='lat' dir='ltr'><strong>bendi</strong></span> <span class='ocrx_word' id='word_1_879' title='bbox 2094 5259 2275 5325; x_wconf 90' lang='lat' dir='ltr'><strong>fuerit,</strong></span> <span class='ocrx_word' id='word_1_880' title='bbox 2299 5260 2539 5315; x_wconf 89' lang='lat' dir='ltr'><strong>breviter</strong></span> <span class='ocrx_word' id='word_1_881' title='bbox 2556 5275 3062 5318; x_wconf 87' lang='lat' dir='ltr'><strong>eommemoremus.</strong></span> <span class='ocrx_word' id='word_1_882' title='bbox 3081 5261 3217 5318; x_wconf 83' lang='lat' dir='ltr'><strong>Nam</strong></span> <span class='ocrx_word' id='word_1_883' title='bbox 3244 5273 3365 5335; x_wconf 91' lang='lat' dir='ltr'><strong>post</strong></span> <span class='ocrx_word' id='word_1_884' title='bbox 3385 5265 3495 5321; x_wconf 81' lang='lat' dir='ltr'><strong>Do—</strong></span> 
     </span>
    </p>
   </div>
   <div class='ocr_carea' id='block_1_108' title="bbox 1908 5351 3500 5430">
    <p class='ocr_par' dir='ltr' id='par_1_108' title="bbox 1908 5351 3500 5430">
     <span class='ocr_line' id='line_1_108' title="bbox 1908 5351 3500 5430; baseline 0.003 -25"><span class='ocrx_word' id='word_1_885' title='bbox 1908 5351 2044 5406; x_wconf 89' lang='lat' dir='ltr'><strong>mini</strong></span> <span class='ocrx_word' id='word_1_886' title='bbox 2068 5352 2460 5430; x_wconf 79' lang='lat' dir='ltr'><strong>ascensionem,</strong></span> <span class='ocrx_word' id='word_1_887' title='bbox 2486 5368 2582 5423; x_wconf 88' lang='lat' dir='ltr'><strong>per</strong></span> <span class='ocrx_word' id='word_1_888' title='bbox 2607 5355 2888 5425; x_wconf 86' lang='lat' dir='ltr'><strong>sexaginta</strong></span> <span class='ocrx_word' id='word_1_889' title='bbox 2903 5353 3077 5411; x_wconf 84' lang='lat' dir='ltr'><strong>ferme</strong></span> <span class='ocrx_word' id='word_1_890' title='bbox 3096 5370 3272 5412; x_wconf 88' lang='lat' dir='ltr'><strong>annos</strong></span> <span class='ocrx_word' id='word_1_891' title='bbox 3293 5358 3500 5426; x_wconf 85' lang='lat' dir='ltr'><strong>absque</strong></span> 
     </span>
    </p>
   </div>
   <div class='ocr_carea' id='block_1_109' title="bbox 1908 5441 3495 5518">
    <p class='ocr_par' dir='ltr' id='par_1_109' title="bbox 1908 5441 3495 5518">
     <span class='ocr_line' id='line_1_109' title="bbox 1908 5441 3495 5518; baseline 0.003 -23"><span class='ocrx_word' id='word_1_892' title='bbox 1908 5441 2020 5496; x_wconf 91' lang='lat' dir='ltr'><strong>ullo</strong></span> <span class='ocrx_word' id='word_1_893' title='bbox 2066 5442 2394 5499; x_wconf 91' lang='lat' dir='ltr'><strong>adminiculo</strong></span> <span class='ocrx_word' id='word_1_894' title='bbox 2442 5445 2710 5500; x_wconf 90' lang='lat' dir='ltr'><strong>scribendi</strong></span> <span class='ocrx_word' id='word_1_895' title='bbox 2763 5446 3115 5518; x_wconf 87' lang='lat' dir='ltr'><strong>Evangelium</strong></span> <span class='ocrx_word' id='word_1_896' title='bbox 3157 5447 3495 5518; x_wconf 66' lang='lat' dir='ltr'><strong>praedicavit.</strong></span> 
     </span>
    </p>
   </div>
   <div class='ocr_carea' id='block_1_110' title="bbox 1912 5535 3494 5608">
    <p class='ocr_par' dir='ltr' id='par_1_110' title="bbox 1912 5535 3494 5608">
     <span class='ocr_line' id='line_1_110' title="bbox 1912 5535 3494 5608; baseline -0.001 -17"><span class='ocrx_word' id='word_1_897' title='bbox 1912 5535 2018 5591; x_wconf 86' lang='lat' dir='ltr'><strong>Sed</strong></span> <span class='ocrx_word' id='word_1_898' title='bbox 2044 5550 2166 5589; x_wconf 90' lang='lat' dir='ltr'><strong>cum</strong></span> <span class='ocrx_word' id='word_1_899' title='bbox 2190 5544 2407 5606; x_wconf 88' lang='lat' dir='ltr'><strong>propter</strong></span> <span class='ocrx_word' id='word_1_900' title='bbox 2431 5537 2847 5608; x_wconf 88' lang='lat' dir='ltr'><strong>insuperabilem</strong></span> <span class='ocrx_word' id='word_1_901' title='bbox 2873 5538 3230 5593; x_wconf 80' lang='lat' dir='ltr'><strong>constantiam</strong></span> <span class='ocrx_word' id='word_1_902' title='bbox 3256 5551 3494 5606; x_wconf 84' lang='lat' dir='ltr'><strong>evange-</strong></span> 
     </span>
    </p>
   </div>
   <div class='ocr_carea' id='block_1_111' title="bbox 1909 5625 3496 5700">
    <p class='ocr_par' dir='ltr' id='par_1_111' title="bbox 1909 5625 3496 5700">
     <span class='ocr_line' id='line_1_111' title="bbox 1909 5625 3496 5700; baseline 0.001 -21"><span class='ocrx_word' id='word_1_903' title='bbox 1909 5625 2130 5692; x_wconf 83' lang='lat' dir='ltr'><strong>lizandi,</strong></span> <span class='ocrx_word' id='word_1_904' title='bbox 2146 5636 2205 5681; x_wconf 94' lang='lat' dir='ltr'><strong>ut</strong></span> <span class='ocrx_word' id='word_1_905' title='bbox 2228 5627 3177 5700; x_wconf 70' lang='lat' dir='ltr'><strong>diximus,aDomitianoimpiissimo</strong></span> <span class='ocrx_word' id='word_1_906' title='bbox 3201 5625 3413 5681; x_wconf 59' lang='lat' dir='ltr'><strong>Caesare</strong></span> <span class='ocrx_word' id='word_1_907' title='bbox 3439 5626 3496 5681; x_wconf 90' lang='lat' dir='ltr'><strong>in</strong></span> 
     </span>
    </p>
   </div>
   <div class='ocr_carea' id='block_1_112' title="bbox 1911 5718 3495 5793">
    <p class='ocr_par' dir='ltr' id='par_1_112' title="bbox 1911 5718 3495 5793">
     <span class='ocr_line' id='line_1_112' title="bbox 1911 5718 3495 5793; baseline -0.001 -17"><span class='ocrx_word' id='word_1_908' title='bbox 1911 5719 2408 5776; x_wconf 87' lang='lat' dir='ltr'><strong>Pathmosinsulam</strong></span> <span class='ocrx_word' id='word_1_909' title='bbox 2419 5720 2610 5777; x_wconf 82' lang='lat' dir='ltr'><strong>exsilio</strong></span> <span class='ocrx_word' id='word_1_910' title='bbox 2627 5721 2893 5793; x_wconf 87' lang='lat' dir='ltr'><strong>relegatus</strong></span> <span class='ocrx_word' id='word_1_911' title='bbox 2903 5720 3112 5784; x_wconf 90' lang='lat' dir='ltr'><strong>fuisset,</strong></span> <span class='ocrx_word' id='word_1_912' title='bbox 3128 5718 3495 5788; x_wconf 83' lang='lat' dir='ltr'><strong>irrumpentes</strong></span> 
     </span>
    </p>
   </div>
   <div class='ocr_carea' id='block_1_113' title="bbox 1912 5809 3496 5885">
    <p class='ocr_par' dir='ltr' id='par_1_113' title="bbox 1912 5809 3496 5885">
     <span class='ocr_line' id='line_1_113' title="bbox 1912 5809 3496 5885; baseline -0.003 -14"><span class='ocrx_word' id='word_1_913' title='bbox 1912 5811 1971 5872; x_wconf 85' lang='lat' dir='ltr'><strong>in</strong></span> <span class='ocrx_word' id='word_1_914' title='bbox 1980 5811 2277 5874; x_wconf 84' lang='lat' dir='ltr'><strong>Ecclesiaut</strong></span> <span class='ocrx_word' id='word_1_915' title='bbox 2288 5813 2385 5872; x_wconf 89' lang='lat' dir='ltr'><strong>Dei</strong></span> <span class='ocrx_word' id='word_1_916' title='bbox 2397 5814 2635 5873; x_wconf 73' lang='lat' dir='ltr'><strong>haeretici</strong></span> <span class='ocrx_word' id='word_1_917' title='bbox 2645 5810 3199 5880; x_wconf 81' lang='lat' dir='ltr'><strong>Mareion,Cerinthus</strong></span> <span class='ocrx_word' id='word_1_918' title='bbox 3211 5817 3265 5866; x_wconf 91' lang='lat' dir='ltr'><strong>et</strong></span> <span class='ocrx_word' id='word_1_919' title='bbox 3276 5809 3496 5885; x_wconf 76' lang='lat' dir='ltr'><strong>Ebioni,</strong></span> 
     </span>
    </p>
   </div>
   <div class='ocr_carea' id='block_1_114' title="bbox 3172 5903 3227 5982">
    <p class='ocr_par' dir='ltr' id='par_1_114' title="bbox 3172 5903 3227 5982">
     <span class='ocr_line' id='line_1_114' title="bbox 3172 5903 3227 5982; baseline 0 -16"><span class='ocrx_word' id='word_1_920' title='bbox 3172 5903 3227 5982; x_wconf 63' lang='grc' dir='ltr'><strong>ἃ</strong></span> 
     </span>
    </p>
   </div>
  </div>
