  <div class='ocr_page' id='page_1' title='image "/cluster/home/n/w/nwhite01/storage/ocr_20150623/118/hvd.32044015466907/043.png"; bbox 0 0 4038 6352; ppageno 0'>
   <div class='ocr_carea' id='block_1_1' title="bbox 513 284 3815 376">
    <p class='ocr_par' dir='ltr' id='par_1_1' title="bbox 513 284 3815 376">
     <span class='ocr_line' id='line_1_1' title="bbox 513 284 3815 376; baseline -0.01 -2"><span class='ocrx_word' id='word_1_1' title='bbox 513 318 586 376; x_wconf 74' lang='grc'><strong>75</strong></span> <span class='ocrx_word' id='word_1_2' title='bbox 1117 306 1472 369; x_wconf 76' lang='lat' dir='ltr'><strong>HAYMONIS</strong></span> <span class='ocrx_word' id='word_1_3' title='bbox 1507 299 1990 362; x_wconf 76' lang='lat' dir='ltr'><strong>HALDERSTAT.</strong></span> <span class='ocrx_word' id='word_1_4' title='bbox 2030 293 2246 355; x_wconf 81' lang='lat' dir='ltr'><strong>EPISC.</strong></span> <span class='ocrx_word' id='word_1_5' title='bbox 2289 291 2444 355; x_wconf 82' lang='lat' dir='ltr'><strong>OPP.</strong></span> <span class='ocrx_word' id='word_1_6' title='bbox 2483 290 2667 351; x_wconf 81' lang='lat' dir='ltr'><strong>PARS</strong></span> <span class='ocrx_word' id='word_1_7' title='bbox 2707 290 2771 348; x_wconf 83' lang='lat' dir='ltr'><strong>ll.</strong></span> <span class='ocrx_word' id='word_1_8' title='bbox 2810 319 2883 334; x_wconf 89' lang='lat'><strong><em>—-</em></strong></span> <span class='ocrx_word' id='word_1_9' title='bbox 2915 287 3153 347; x_wconf 75' lang='lat' dir='ltr'><strong>HOMIL.</strong></span> <span class='ocrx_word' id='word_1_10' title='bbox 3736 284 3815 343; x_wconf 77' lang='lat'><strong>&#39;16</strong></span> 
     </span>
    </p>
   </div>
   <div class='ocr_carea' id='block_1_2' title="bbox 516 400 3815 497">
    <p class='ocr_par' dir='ltr' id='par_1_2' title="bbox 516 400 3815 497">
     <span class='ocr_line' id='line_1_2' title="bbox 516 400 3815 497; baseline -0.011 -6"><span class='ocrx_word' id='word_1_11' title='bbox 516 447 573 491; x_wconf 83' lang='lat' dir='ltr'><strong>ct</strong></span> <span class='ocrx_word' id='word_1_12' title='bbox 597 430 778 489; x_wconf 66' lang='lat' dir='ltr'><strong>caeteri</strong></span> <span class='ocrx_word' id='word_1_13' title='bbox 795 428 891 487; x_wconf 83' lang='lat' dir='ltr'><strong>filii</strong></span> <span class='ocrx_word' id='word_1_14' title='bbox 914 427 1133 491; x_wconf 86' lang='lat' dir='ltr'><strong>diaboli,</strong></span> <span class='ocrx_word' id='word_1_15' title='bbox 1154 441 1291 497; x_wconf 90' lang='lat' dir='ltr'><strong>quos</strong></span> <span class='ocrx_word' id='word_1_16' title='bbox 1316 426 1432 495; x_wconf 87' lang='lat' dir='ltr'><strong>ipse</strong></span> <span class='ocrx_word' id='word_1_17' title='bbox 1463 423 1515 477; x_wconf 90' lang='lat' dir='ltr'><strong>in</strong></span> <span class='ocrx_word' id='word_1_18' title='bbox 1545 418 1783 492; x_wconf 84' lang='lat' dir='ltr'><strong>Epistula</strong></span> <span class='ocrx_word' id='word_1_19' title='bbox 1812 432 1910 474; x_wconf 90' lang='lat' dir='ltr'><strong>sua</strong></span> <span class='ocrx_word' id='word_1_20' title='bbox 1940 413 2097 470; x_wconf 84' lang='lat' dir='ltr'><strong>Anti-</strong></span> <span class='ocrx_word' id='word_1_21' title='bbox 2131 419 2181 479; x_wconf 76' lang='grc' dir='ltr'>Α</span> <span class='ocrx_word' id='word_1_22' title='bbox 2211 410 2378 472; x_wconf 87' lang='lat' dir='ltr'><strong>tione,</strong></span> <span class='ocrx_word' id='word_1_23' title='bbox 2411 408 2671 465; x_wconf 89' lang='lat' dir='ltr'><strong>sanctitas</strong></span> <span class='ocrx_word' id='word_1_24' title='bbox 2712 404 2874 462; x_wconf 85' lang='lat' dir='ltr'><strong>simul</strong></span> <span class='ocrx_word' id='word_1_25' title='bbox 2903 413 2957 458; x_wconf 83' lang='lat' dir='ltr'><strong>et</strong></span> <span class='ocrx_word' id='word_1_26' title='bbox 2978 401 3263 476; x_wconf 88' lang='lat' dir='ltr'><strong>prudentia</strong></span> <span class='ocrx_word' id='word_1_27' title='bbox 3302 400 3505 473; x_wconf 82' lang='lat' dir='ltr'><strong>Josepb</strong></span> <span class='ocrx_word' id='word_1_28' title='bbox 3528 416 3815 463; x_wconf 74' lang='lat' dir='ltr'><strong>commen-</strong></span> 
     </span>
    </p>
   </div>
   <div class='ocr_carea' id='block_1_3' title="bbox 520 507 2107 593">
    <p class='ocr_par' dir='ltr' id='par_1_3' title="bbox 520 507 2107 593">
     <span class='ocr_line' id='line_1_3' title="bbox 520 507 2107 593; baseline -0.011 -13"><span class='ocrx_word' id='word_1_29' title='bbox 520 522 755 580; x_wconf 85' lang='lat' dir='ltr'><strong>cbristos</strong></span> <span class='ocrx_word' id='word_1_30' title='bbox 779 521 1029 593; x_wconf 88' lang='lat' dir='ltr'><strong>appellat,</strong></span> <span class='ocrx_word' id='word_1_31' title='bbox 1067 517 1293 573; x_wconf 82' lang='lat' dir='ltr'><strong>diversis</strong></span> <span class='ocrx_word' id='word_1_32' title='bbox 1323 513 1664 586; x_wconf 75' lang='lat' dir='ltr'><strong>dogmatibus</strong></span> <span class='ocrx_word' id='word_1_33' title='bbox 1700 525 1821 565; x_wconf 90' lang='lat' dir='ltr'><strong>eam</strong></span> <span class='ocrx_word' id='word_1_34' title='bbox 1852 507 2107 564; x_wconf 83' lang='lat' dir='ltr'><strong>scindere</strong></span> 
     </span>
    </p>
   </div>
   <div class='ocr_carea' id='block_1_4' title="bbox 520 601 2107 679">
    <p class='ocr_par' dir='ltr' id='par_1_4' title="bbox 520 601 2107 679">
     <span class='ocr_line' id='line_1_4' title="bbox 520 601 2107 679; baseline -0.013 -7"><span class='ocrx_word' id='word_1_35' title='bbox 520 616 703 673; x_wconf 89' lang='lat' dir='ltr'><strong>conati</strong></span> <span class='ocrx_word' id='word_1_36' title='bbox 750 623 892 679; x_wconf 89' lang='lat' dir='ltr'><strong>sunt,</strong></span> <span class='ocrx_word' id='word_1_37' title='bbox 933 613 1177 668; x_wconf 78' lang='lat' dir='ltr'><strong>dicentes</strong></span> <span class='ocrx_word' id='word_1_38' title='bbox 1222 608 1499 675; x_wconf 78' lang='lat' dir='ltr'><strong>Christum</strong></span> <span class='ocrx_word' id='word_1_39' title='bbox 1552 612 1676 659; x_wconf 90' lang='lat' dir='ltr'><strong>ante</strong></span> <span class='ocrx_word' id='word_1_40' title='bbox 1726 601 1948 657; x_wconf 79' lang='lat' dir='ltr'><strong>Mariam</strong></span> <span class='ocrx_word' id='word_1_41' title='bbox 1997 613 2107 653; x_wconf 90' lang='lat' dir='ltr'><strong>non</strong></span> 
     </span>
    </p>
   </div>
   <div class='ocr_carea' id='block_1_5' title="bbox 521 691 2108 771">
    <p class='ocr_par' dir='ltr' id='par_1_5' title="bbox 521 691 2108 771">
     <span class='ocr_line' id='line_1_5' title="bbox 521 691 2108 771; baseline -0.012 -8"><span class='ocrx_word' id='word_1_42' title='bbox 521 708 709 765; x_wconf 85' lang='lat' dir='ltr'><strong>fuisse.</strong></span> <span class='ocrx_word' id='word_1_43' title='bbox 741 692 930 764; x_wconf 57' lang='lat' dir='ltr'><strong>Dostea</strong></span> <span class='ocrx_word' id='word_1_44' title='bbox 964 719 1114 768; x_wconf 89' lang='lat' dir='ltr'><strong>vero,</strong></span> <span class='ocrx_word' id='word_1_45' title='bbox 1139 717 1261 759; x_wconf 90' lang='lat' dir='ltr'><strong>cum</strong></span> <span class='ocrx_word' id='word_1_46' title='bbox 1286 699 1631 771; x_wconf 88' lang='lat' dir='ltr'><strong>permittente</strong></span> <span class='ocrx_word' id='word_1_47' title='bbox 1659 695 1835 750; x_wconf 79' lang='lat' dir='ltr'><strong>Nerva</strong></span> <span class='ocrx_word' id='word_1_48' title='bbox 1864 691 2108 764; x_wconf 58' lang='lat' dir='ltr'><strong>piissimo</strong></span> 
     </span>
    </p>
   </div>
   <div class='ocr_carea' id='block_1_6' title="bbox 522 776 2111 871">
    <p class='ocr_par' dir='ltr' id='par_1_6' title="bbox 522 776 2111 871">
     <span class='ocr_line' id='line_1_6' title="bbox 522 776 2111 871; baseline -0.013 -16"><span class='ocrx_word' id='word_1_49' title='bbox 522 815 671 871; x_wconf 83' lang='lat' dir='ltr'><strong>rege,</strong></span> <span class='ocrx_word' id='word_1_50' title='bbox 702 799 767 852; x_wconf 92' lang='lat' dir='ltr'><strong>de</strong></span> <span class='ocrx_word' id='word_1_51' title='bbox 796 796 989 853; x_wconf 83' lang='lat' dir='ltr'><strong>exsilio</strong></span> <span class='ocrx_word' id='word_1_52' title='bbox 1018 776 1269 850; x_wconf 73' lang='lat' dir='ltr'><strong>reversus</strong></span> <span class='ocrx_word' id='word_1_53' title='bbox 1303 788 1500 862; x_wconf 84' lang='lat' dir='ltr'><strong>Ephesi</strong></span> <span class='ocrx_word' id='word_1_54' title='bbox 1532 794 1860 850; x_wconf 85' lang='lat' dir='ltr'><strong>moraretur,</strong></span> <span class='ocrx_word' id='word_1_55' title='bbox 1887 790 2111 853; x_wconf 86' lang='lat' dir='ltr'><strong>rogatus</strong></span> 
     </span>
    </p>
   </div>
   <div class='ocr_carea' id='block_1_7' title="bbox 522 872 2105 952">
    <p class='ocr_par' dir='ltr' id='par_1_7' title="bbox 522 872 2105 952">
     <span class='ocr_line' id='line_1_7' title="bbox 522 872 2105 952; baseline -0.014 -4"><span class='ocrx_word' id='word_1_56' title='bbox 522 891 722 947; x_wconf 89' lang='lat' dir='ltr'><strong>dicitur</strong></span> <span class='ocrx_word' id='word_1_57' title='bbox 757 887 827 942; x_wconf 89' lang='lat' dir='ltr'><strong>ab</strong></span> <span class='ocrx_word' id='word_1_58' title='bbox 864 884 1117 942; x_wconf 90' lang='lat' dir='ltr'><strong>omnibus</strong></span> <span class='ocrx_word' id='word_1_59' title='bbox 1156 882 1298 938; x_wconf 71' lang='lat' dir='ltr'><strong>Asia:</strong></span> <span class='ocrx_word' id='word_1_60' title='bbox 1341 879 1613 952; x_wconf 86' lang='lat' dir='ltr'><strong>episcopis</strong></span> <span class='ocrx_word' id='word_1_61' title='bbox 1656 886 1712 932; x_wconf 86' lang='lat' dir='ltr'><strong>et</strong></span> <span class='ocrx_word' id='word_1_62' title='bbox 1750 872 2105 947; x_wconf 82' lang='lat' dir='ltr'><strong>presbyteris,</strong></span> 
     </span>
    </p>
   </div>
   <div class='ocr_carea' id='block_1_8' title="bbox 522 962 2112 1051">
    <p class='ocr_par' dir='ltr' id='par_1_8' title="bbox 522 962 2112 1051">
     <span class='ocr_line' id='line_1_8' title="bbox 522 962 2112 1051; baseline -0.009 -19"><span class='ocrx_word' id='word_1_63' title='bbox 522 979 645 1051; x_wconf 87' lang='lat' dir='ltr'><strong>quia</strong></span> <span class='ocrx_word' id='word_1_64' title='bbox 661 976 776 1048; x_wconf 85' lang='lat' dir='ltr'><strong>jam</strong></span> <span class='ocrx_word' id='word_1_65' title='bbox 799 976 854 1032; x_wconf 92' lang='lat' dir='ltr'><strong>in</strong></span> <span class='ocrx_word' id='word_1_66' title='bbox 882 976 1053 1030; x_wconf 89' lang='lat' dir='ltr'><strong>tribus</strong></span> <span class='ocrx_word' id='word_1_67' title='bbox 1096 972 1549 1044; x_wconf 88' lang='lat' dir='ltr'><strong>evangelistarum</strong></span> <span class='ocrx_word' id='word_1_68' title='bbox 1584 968 1740 1024; x_wconf 84' lang='lat' dir='ltr'><strong>libris</strong></span> <span class='ocrx_word' id='word_1_69' title='bbox 1761 966 1826 1021; x_wconf 88' lang='lat' dir='ltr'><strong>de</strong></span> <span class='ocrx_word' id='word_1_70' title='bbox 1859 962 2112 1019; x_wconf 86' lang='lat' dir='ltr'><strong>Innnani-</strong></span> 
     </span>
    </p>
   </div>
   <div class='ocr_carea' id='block_1_9' title="bbox 523 1056 2112 1133">
    <p class='ocr_par' dir='ltr' id='par_1_9' title="bbox 523 1056 2112 1133">
     <span class='ocr_line' id='line_1_9' title="bbox 523 1056 2112 1133; baseline -0.009 -8"><span class='ocrx_word' id='word_1_71' title='bbox 523 1080 632 1126; x_wconf 89' lang='lat' dir='ltr'><strong>tate</strong></span> <span class='ocrx_word' id='word_1_72' title='bbox 671 1067 968 1125; x_wconf 85' lang='lat' dir='ltr'><strong>Salvatoris</strong></span> <span class='ocrx_word' id='word_1_73' title='bbox 1011 1065 1145 1121; x_wconf 83' lang='lat' dir='ltr'><strong>satis</strong></span> <span class='ocrx_word' id='word_1_74' title='bbox 1181 1064 1439 1133; x_wconf 89' lang='lat' dir='ltr'><strong>scriptum</strong></span> <span class='ocrx_word' id='word_1_75' title='bbox 1477 1061 1773 1122; x_wconf 83' lang='lat' dir='ltr'><strong>habebant,</strong></span> <span class='ocrx_word' id='word_1_76' title='bbox 1821 1065 1879 1112; x_wconf 91' lang='lat' dir='ltr'><strong>ut</strong></span> <span class='ocrx_word' id='word_1_77' title='bbox 1920 1056 2001 1112; x_wconf 89' lang='lat' dir='ltr'><strong>eis</strong></span> <span class='ocrx_word' id='word_1_78' title='bbox 2043 1056 2112 1111; x_wconf 88' lang='lat' dir='ltr'><strong>de</strong></span> 
     </span>
    </p>
   </div>
   <div class='ocr_carea' id='block_1_10' title="bbox 521 1148 2109 1224">
    <p class='ocr_par' dir='ltr' id='par_1_10' title="bbox 521 1148 2109 1224">
     <span class='ocr_line' id='line_1_10' title="bbox 521 1148 2109 1224; baseline -0.009 -7"><span class='ocrx_word' id='word_1_79' title='bbox 521 1160 806 1217; x_wconf 83' lang='lat' dir='ltr'><strong>divinitate</strong></span> <span class='ocrx_word' id='word_1_80' title='bbox 850 1172 1154 1215; x_wconf 85' lang='lat' dir='ltr'><strong>sermonem</strong></span> <span class='ocrx_word' id='word_1_81' title='bbox 1198 1155 1421 1219; x_wconf 87' lang='lat' dir='ltr'><strong>faceret,</strong></span> <span class='ocrx_word' id='word_1_82' title='bbox 1463 1165 1626 1224; x_wconf 90' lang='lat' dir='ltr'><strong>atque</strong></span> <span class='ocrx_word' id='word_1_83' title='bbox 1677 1152 1744 1206; x_wconf 87' lang='lat' dir='ltr'><strong>ad</strong></span> <span class='ocrx_word' id='word_1_84' title='bbox 1789 1148 2109 1206; x_wconf 85' lang='lat' dir='ltr'><strong>memoriam</strong></span> 
     </span>
    </p>
   </div>
   <div class='ocr_carea' id='block_1_11' title="bbox 522 1239 2114 1319">
    <p class='ocr_par' dir='ltr' id='par_1_11' title="bbox 522 1239 2114 1319">
     <span class='ocr_line' id='line_1_11' title="bbox 522 1239 2114 1319; baseline -0.008 -13"><span class='ocrx_word' id='word_1_85' title='bbox 522 1251 827 1307; x_wconf 86' lang='lat' dir='ltr'><strong>futurorum</strong></span> <span class='ocrx_word' id='word_1_86' title='bbox 858 1248 1118 1319; x_wconf 90' lang='lat' dir='ltr'><strong>scriptum</strong></span> <span class='ocrx_word' id='word_1_87' title='bbox 1153 1247 1508 1315; x_wconf 89' lang='lat' dir='ltr'><strong>relinqueret,</strong></span> <span class='ocrx_word' id='word_1_88' title='bbox 1541 1242 1777 1297; x_wconf 78' lang='lat' dir='ltr'><strong>maxime</strong></span> <span class='ocrx_word' id='word_1_89' title='bbox 1805 1240 1871 1295; x_wconf 88' lang='lat' dir='ltr'><strong>ad</strong></span> <span class='ocrx_word' id='word_1_90' title='bbox 1894 1239 2114 1294; x_wconf 86' lang='lat' dir='ltr'><strong>convin-</strong></span> 
     </span>
    </p>
   </div>
   <div class='ocr_carea' id='block_1_12' title="bbox 521 1334 2112 1408">
    <p class='ocr_par' dir='ltr' id='par_1_12' title="bbox 521 1334 2112 1408">
     <span class='ocr_line' id='line_1_12' title="bbox 521 1334 2112 1408; baseline -0.01 -6"><span class='ocrx_word' id='word_1_91' title='bbox 521 1344 747 1403; x_wconf 88' lang='lat' dir='ltr'><strong>cendam</strong></span> <span class='ocrx_word' id='word_1_92' title='bbox 774 1343 984 1398; x_wconf 90' lang='lat' dir='ltr'><strong>illorum</strong></span> <span class='ocrx_word' id='word_1_93' title='bbox 1014 1339 1286 1401; x_wconf 72' lang='lat' dir='ltr'><strong>luercsim,</strong></span> <span class='ocrx_word' id='word_1_94' title='bbox 1318 1338 1410 1408; x_wconf 89' lang='lat' dir='ltr'><strong>qui</strong></span> <span class='ocrx_word' id='word_1_95' title='bbox 1440 1337 1654 1394; x_wconf 84' lang='lat' dir='ltr'><strong>dicebat</strong></span> <span class='ocrx_word' id='word_1_96' title='bbox 1681 1334 1959 1391; x_wconf 75' lang='lat' dir='ltr'><strong>Christum</strong></span> <span class='ocrx_word' id='word_1_97' title='bbox 1983 1341 2112 1386; x_wconf 87' lang='lat' dir='ltr'><strong>ante</strong></span> 
     </span>
    </p>
   </div>
   <div class='ocr_carea' id='block_1_13' title="bbox 522 1426 2114 1505">
    <p class='ocr_par' dir='ltr' id='par_1_13' title="bbox 522 1426 2114 1505">
     <span class='ocr_line' id='line_1_13' title="bbox 522 1426 2114 1505; baseline -0.011 -10"><span class='ocrx_word' id='word_1_98' title='bbox 522 1440 749 1495; x_wconf 83' lang='lat' dir='ltr'><strong>Mariam</strong></span> <span class='ocrx_word' id='word_1_99' title='bbox 774 1453 879 1493; x_wconf 90' lang='lat' dir='ltr'><strong>non</strong></span> <span class='ocrx_word' id='word_1_100' title='bbox 913 1436 1078 1493; x_wconf 89' lang='lat' dir='ltr'><strong>fuisse</strong></span> <span class='ocrx_word' id='word_1_101' title='bbox 1113 1434 1294 1505; x_wconf 80' lang='lat' dir='ltr'><strong>:quod</strong></span> <span class='ocrx_word' id='word_1_102' title='bbox 1328 1433 1560 1504; x_wconf 87' lang='lat' dir='ltr'><strong>primum</strong></span> <span class='ocrx_word' id='word_1_103' title='bbox 1592 1446 1651 1486; x_wconf 89' lang='lat' dir='ltr'><strong>se</strong></span> <span class='ocrx_word' id='word_1_104' title='bbox 1681 1429 1900 1502; x_wconf 88' lang='lat' dir='ltr'><strong>negavit</strong></span> <span class='ocrx_word' id='word_1_105' title='bbox 1937 1426 2114 1481; x_wconf 82' lang='lat' dir='ltr'><strong>factu-</strong></span> 
     </span>
    </p>
   </div>
   <div class='ocr_carea' id='block_1_14' title="bbox 522 1518 2114 1600">
    <p class='ocr_par' dir='ltr' id='par_1_14' title="bbox 522 1518 2114 1600">
     <span class='ocr_line' id='line_1_14' title="bbox 522 1518 2114 1600; baseline -0.01 -13"><span class='ocrx_word' id='word_1_106' title='bbox 522 1547 674 1597; x_wconf 89' lang='lat' dir='ltr'><strong>rum,</strong></span> <span class='ocrx_word' id='word_1_107' title='bbox 702 1531 796 1586; x_wconf 84' lang='lat' dir='ltr'><strong>sed</strong></span> <span class='ocrx_word' id='word_1_108' title='bbox 838 1529 943 1585; x_wconf 87' lang='lat' dir='ltr'><strong>illis</strong></span> <span class='ocrx_word' id='word_1_109' title='bbox 981 1529 1035 1583; x_wconf 90' lang='lat' dir='ltr'><strong>in</strong></span> <span class='ocrx_word' id='word_1_110' title='bbox 1064 1543 1226 1600; x_wconf 86' lang='lat' dir='ltr'><strong>prece</strong></span> <span class='ocrx_word' id='word_1_111' title='bbox 1254 1523 1762 1597; x_wconf 71' lang='lat' dir='ltr'><strong>perseverantibus,</strong></span> <span class='ocrx_word' id='word_1_112' title='bbox 1797 1536 1904 1576; x_wconf 90' lang='lat' dir='ltr'><strong>non</strong></span> <span class='ocrx_word' id='word_1_113' title='bbox 1952 1518 2114 1574; x_wconf 82' lang='lat' dir='ltr'><strong>aliter</strong></span> 
     </span>
    </p>
   </div>
   <div class='ocr_carea' id='block_1_15' title="bbox 523 1610 2111 1694">
    <p class='ocr_par' dir='ltr' id='par_1_15' title="bbox 523 1610 2111 1694">
     <span class='ocr_line' id='line_1_15' title="bbox 523 1610 2111 1694; baseline -0.009 -14"><span class='ocrx_word' id='word_1_114' title='bbox 523 1622 825 1694; x_wconf 76' lang='lat' dir='ltr'><strong>acquievit,</strong></span> <span class='ocrx_word' id='word_1_115' title='bbox 852 1620 951 1677; x_wconf 89' lang='lat' dir='ltr'><strong>nisi</strong></span> <span class='ocrx_word' id='word_1_116' title='bbox 989 1634 1181 1676; x_wconf 77' lang='lat' dir='ltr'><strong>omnes</strong></span> <span class='ocrx_word' id='word_1_117' title='bbox 1218 1617 1471 1673; x_wconf 90' lang='lat' dir='ltr'><strong>triduano</strong></span> <span class='ocrx_word' id='word_1_118' title='bbox 1491 1613 1700 1683; x_wconf 80' lang='lat' dir='ltr'><strong>jejunio</strong></span> <span class='ocrx_word' id='word_1_119' title='bbox 1731 1612 2016 1668; x_wconf 88' lang='lat' dir='ltr'><strong>Dominum</strong></span> <span class='ocrx_word' id='word_1_120' title='bbox 2056 1610 2111 1665; x_wconf 94' lang='lat' dir='ltr'><strong>in</strong></span> 
     </span>
    </p>
   </div>
   <div class='ocr_carea' id='block_1_16' title="bbox 534 1705 2111 1783">
    <p class='ocr_par' dir='ltr' id='par_1_16' title="bbox 534 1705 2111 1783">
     <span class='ocr_line' id='line_1_16' title="bbox 534 1705 2111 1783; baseline -0.013 -8"><span class='ocrx_word' id='word_1_121' title='bbox 534 1731 814 1775; x_wconf 76' lang='lat' dir='ltr'><strong>tommune</strong></span> <span class='ocrx_word' id='word_1_122' title='bbox 855 1720 1227 1783; x_wconf 79' lang='lat' dir='ltr'><strong>precarentur.</strong></span> <span class='ocrx_word' id='word_1_123' title='bbox 1262 1708 1417 1777; x_wconf 86' lang='lat' dir='ltr'><strong>Quod</strong></span> <span class='ocrx_word' id='word_1_124' title='bbox 1447 1722 1572 1763; x_wconf 86' lang='lat' dir='ltr'><strong>cum</strong></span> <span class='ocrx_word' id='word_1_125' title='bbox 1617 1705 1911 1768; x_wconf 83' lang='lat' dir='ltr'><strong>fecissent,</strong></span> <span class='ocrx_word' id='word_1_126' title='bbox 1960 1711 2111 1757; x_wconf 90' lang='lat' dir='ltr'><strong>tanta</strong></span> 
     </span>
    </p>
   </div>
   <div class='ocr_carea' id='block_1_17' title="bbox 2209 499 3815 574">
    <p class='ocr_par' dir='ltr' id='par_1_17' title="bbox 2209 499 3815 574">
     <span class='ocr_line' id='line_1_17' title="bbox 2209 499 3815 574; baseline -0.011 -14"><span class='ocrx_word' id='word_1_127' title='bbox 2209 505 2369 560; x_wconf 88' lang='lat' dir='ltr'><strong>datur</strong></span> <span class='ocrx_word' id='word_1_128' title='bbox 2405 522 2418 558; x_wconf 90' lang='lat'>:</span> <span class='ocrx_word' id='word_1_129' title='bbox 2450 511 2699 574; x_wconf 79' lang='lat' dir='ltr'><strong>pastores</strong></span> <span class='ocrx_word' id='word_1_130' title='bbox 2722 500 2903 567; x_wconf 83' lang='lat' dir='ltr'><strong>enim,</strong></span> <span class='ocrx_word' id='word_1_131' title='bbox 2928 499 3054 569; x_wconf 82' lang='lat' dir='ltr'><strong>quia</strong></span> <span class='ocrx_word' id='word_1_132' title='bbox 3087 499 3249 552; x_wconf 86' lang='lat' dir='ltr'><strong>rudes</strong></span> <span class='ocrx_word' id='word_1_133' title='bbox 3272 504 3459 561; x_wconf 86' lang='lat' dir='ltr'><strong>erant,</strong></span> <span class='ocrx_word' id='word_1_134' title='bbox 3491 506 3683 568; x_wconf 88' lang='lat' dir='ltr'><strong>utpote</strong></span> <span class='ocrx_word' id='word_1_135' title='bbox 3710 513 3815 569; x_wconf 65' lang='lat' dir='ltr'><strong>pa.</strong></span> 
     </span>
    </p>
   </div>
   <div class='ocr_carea' id='block_1_18' title="bbox 2211 595 3813 668">
    <p class='ocr_par' dir='ltr' id='par_1_18' title="bbox 2211 595 3813 668">
     <span class='ocr_line' id='line_1_18' title="bbox 2211 595 3813 668; baseline -0.003 -12"><span class='ocrx_word' id='word_1_136' title='bbox 2211 608 2407 664; x_wconf 89' lang='lat' dir='ltr'><strong>stores,</strong></span> <span class='ocrx_word' id='word_1_137' title='bbox 2438 607 2494 654; x_wconf 91' lang='lat' dir='ltr'><strong>et</strong></span> <span class='ocrx_word' id='word_1_138' title='bbox 2522 599 2699 655; x_wconf 89' lang='lat' dir='ltr'><strong>divina</strong></span> <span class='ocrx_word' id='word_1_139' title='bbox 2731 595 2986 668; x_wconf 86' lang='lat' dir='ltr'><strong>mysteria</strong></span> <span class='ocrx_word' id='word_1_140' title='bbox 3030 595 3348 666; x_wconf 75' lang='lat' dir='ltr'><strong>dignoscere</strong></span> <span class='ocrx_word' id='word_1_141' title='bbox 3377 609 3483 649; x_wconf 90' lang='lat' dir='ltr'><strong>non</strong></span> <span class='ocrx_word' id='word_1_142' title='bbox 3528 603 3813 664; x_wconf 80' lang='lat' dir='ltr'><strong>poterant,</strong></span> 
     </span>
    </p>
   </div>
   <div class='ocr_carea' id='block_1_19' title="bbox 2212 685 3807 761">
    <p class='ocr_par' dir='ltr' id='par_1_19' title="bbox 2212 685 3807 761">
     <span class='ocr_line' id='line_1_19' title="bbox 2212 685 3807 761; baseline -0.004 -13"><span class='ocrx_word' id='word_1_143' title='bbox 2212 708 2435 749; x_wconf 88' lang='lat' dir='ltr'><strong>necesse</strong></span> <span class='ocrx_word' id='word_1_144' title='bbox 2460 690 2562 746; x_wconf 84' lang='lat' dir='ltr'><strong>fuit</strong></span> <span class='ocrx_word' id='word_1_145' title='bbox 2588 699 2647 744; x_wconf 91' lang='lat' dir='ltr'><strong>ut</strong></span> <span class='ocrx_word' id='word_1_146' title='bbox 2680 689 2787 744; x_wconf 88' lang='lat' dir='ltr'><strong>illis</strong></span> <span class='ocrx_word' id='word_1_147' title='bbox 2807 688 3030 761; x_wconf 86' lang='lat' dir='ltr'><strong>angelus</strong></span> <span class='ocrx_word' id='word_1_148' title='bbox 3067 685 3359 743; x_wconf 86' lang='lat' dir='ltr'><strong>visibiliter</strong></span> <span class='ocrx_word' id='word_1_149' title='bbox 3383 694 3681 756; x_wconf 84' lang='lat' dir='ltr'><strong>appareret</strong></span> <span class='ocrx_word' id='word_1_150' title='bbox 3698 726 3719 753; x_wconf 81' lang='lat'><em>.</em></span> <span class='ocrx_word' id='word_1_151' title='bbox 3747 695 3807 745; x_wconf 85' lang='lat' dir='ltr'><strong>et</strong></span> 
     </span>
    </p>
   </div>
   <div class='ocr_carea' id='block_1_20' title="bbox 2211 774 3815 855">
    <p class='ocr_par' dir='ltr' id='par_1_20' title="bbox 2211 774 3815 855">
     <span class='ocr_line' id='line_1_20' title="bbox 2211 774 3815 855; baseline -0.007 -13"><span class='ocrx_word' id='word_1_152' title='bbox 2211 784 2483 842; x_wconf 86' lang='lat' dir='ltr'><strong>occultum</strong></span> <span class='ocrx_word' id='word_1_153' title='bbox 2544 782 2862 855; x_wconf 78' lang='lat' dir='ltr'><strong>mySterium</strong></span> <span class='ocrx_word' id='word_1_154' title='bbox 2920 776 3209 835; x_wconf 79' lang='lat' dir='ltr'><strong>manifeste</strong></span> <span class='ocrx_word' id='word_1_155' title='bbox 3262 776 3548 850; x_wconf 85' lang='lat' dir='ltr'><strong>panderet.</strong></span> <span class='ocrx_word' id='word_1_156' title='bbox 3602 774 3815 848; x_wconf 68' lang='lat' dir='ltr'><strong>Ioseph</strong></span> 
     </span>
    </p>
   </div>
   <div class='ocr_carea' id='block_1_21' title="bbox 2213 869 3817 948">
    <p class='ocr_par' dir='ltr' id='par_1_21' title="bbox 2213 869 3817 948">
     <span class='ocr_line' id='line_1_21' title="bbox 2213 869 3817 948; baseline -0.004 -15"><span class='ocrx_word' id='word_1_157' title='bbox 2213 894 2365 943; x_wconf 88' lang='lat' dir='ltr'><strong>vero,</strong></span> <span class='ocrx_word' id='word_1_158' title='bbox 2414 876 2682 948; x_wconf 88' lang='lat' dir='ltr'><strong>quianon</strong></span> <span class='ocrx_word' id='word_1_159' title='bbox 2722 874 2896 929; x_wconf 91' lang='lat' dir='ltr'><strong>solum</strong></span> <span class='ocrx_word' id='word_1_160' title='bbox 2939 880 3194 935; x_wconf 88' lang='lat' dir='ltr'><strong>sanctus,</strong></span> <span class='ocrx_word' id='word_1_161' title='bbox 3234 870 3327 925; x_wconf 90' lang='lat' dir='ltr'><strong>sed</strong></span> <span class='ocrx_word' id='word_1_162' title='bbox 3371 869 3537 925; x_wconf 87' lang='lat' dir='ltr'><strong>etiam</strong></span> <span class='ocrx_word' id='word_1_163' title='bbox 3566 871 3817 941; x_wconf 84' lang='lat' dir='ltr'><strong>prudens</strong></span> 
     </span>
    </p>
   </div>
   <div class='ocr_carea' id='block_1_22' title="bbox 2214 965 3819 1037">
    <p class='ocr_par' dir='ltr' id='par_1_22' title="bbox 2214 965 3819 1037">
     <span class='ocr_line' id='line_1_22' title="bbox 2214 965 3819 1037; baseline -0.006 -8"><span class='ocrx_word' id='word_1_164' title='bbox 2214 982 2335 1029; x_wconf 88' lang='lat' dir='ltr'><strong>erat</strong></span> <span class='ocrx_word' id='word_1_165' title='bbox 2356 1013 2372 1034; x_wconf 90' lang='lat'><strong>,</strong></span> <span class='ocrx_word' id='word_1_166' title='bbox 2400 988 2504 1026; x_wconf 91' lang='lat' dir='ltr'><strong>non</strong></span> <span class='ocrx_word' id='word_1_167' title='bbox 2538 985 2764 1025; x_wconf 87' lang='lat' dir='ltr'><strong>necesse</strong></span> <span class='ocrx_word' id='word_1_168' title='bbox 2808 967 2908 1023; x_wconf 89' lang='lat' dir='ltr'><strong>fuit</strong></span> <span class='ocrx_word' id='word_1_169' title='bbox 2937 966 3180 1037; x_wconf 85' lang='lat' dir='ltr'><strong>vigilanti</strong></span> <span class='ocrx_word' id='word_1_170' title='bbox 3219 978 3517 1036; x_wconf 74' lang='lat' dir='ltr'><strong>apparere.</strong></span> <span class='ocrx_word' id='word_1_171' title='bbox 3561 965 3656 1021; x_wconf 84' lang='lat' dir='ltr'><strong>sed</strong></span> <span class='ocrx_word' id='word_1_172' title='bbox 3690 973 3819 1021; x_wconf 79' lang='lat' dir='ltr'><strong>tan-</strong></span> 
     </span>
    </p>
   </div>
   <div class='ocr_carea' id='block_1_23' title="bbox 2215 1058 3818 1131">
    <p class='ocr_par' dir='ltr' id='par_1_23' title="bbox 2215 1058 3818 1131">
     <span class='ocr_line' id='line_1_23' title="bbox 2215 1058 3818 1131; baseline -0.002 -11"><span class='ocrx_word' id='word_1_173' title='bbox 2215 1072 2326 1120; x_wconf 90' lang='lat' dir='ltr'><strong>tum</strong></span> <span class='ocrx_word' id='word_1_174' title='bbox 2353 1063 2405 1118; x_wconf 91' lang='lat' dir='ltr'><strong>in</strong></span> <span class='ocrx_word' id='word_1_175' title='bbox 2433 1062 2670 1129; x_wconf 85' lang='lat' dir='ltr'><strong>somnis;</strong></span> <span class='ocrx_word' id='word_1_176' title='bbox 2699 1060 2975 1131; x_wconf 83' lang='lat' dir='ltr'><strong>quoniam,</strong></span> <span class='ocrx_word' id='word_1_177' title='bbox 3000 1068 3059 1113; x_wconf 89' lang='lat' dir='ltr'><strong>ut</strong></span> <span class='ocrx_word' id='word_1_178' title='bbox 3081 1058 3160 1113; x_wconf 91' lang='lat' dir='ltr'><strong>ait</strong></span> <span class='ocrx_word' id='word_1_179' title='bbox 3186 1058 3500 1129; x_wconf 81' lang='lat' dir='ltr'><strong>Apostolus,</strong></span> <span class='ocrx_word' id='word_1_180' title='bbox 3529 1058 3727 1129; x_wconf 76' lang='lat' dir='ltr'><strong>lingua:</strong></span> <span class='ocrx_word' id='word_1_181' title='bbox 3758 1060 3818 1116; x_wconf 80' lang='lat' dir='ltr'><strong>in</strong></span> 
     </span>
    </p>
   </div>
   <div class='ocr_carea' id='block_1_24' title="bbox 2215 1147 3812 1228">
    <p class='ocr_par' dir='ltr' id='par_1_24' title="bbox 2215 1147 3812 1228">
     <span class='ocr_line' id='line_1_24' title="bbox 2215 1147 3812 1228; baseline -0.003 -18"><span class='ocrx_word' id='word_1_182' title='bbox 2215 1154 2425 1228; x_wconf 87' lang='lat' dir='ltr'><strong>signum</strong></span> <span class='ocrx_word' id='word_1_183' title='bbox 2456 1161 2620 1218; x_wconf 91' lang='lat' dir='ltr'><strong>sunt,</strong></span> <span class='ocrx_word' id='word_1_184' title='bbox 2657 1167 2763 1207; x_wconf 92' lang='lat' dir='ltr'><strong>non</strong></span> <span class='ocrx_word' id='word_1_185' title='bbox 2797 1150 3078 1214; x_wconf 73' lang='lat' dir='ltr'><strong>fidelibus,</strong></span> <span class='ocrx_word' id='word_1_186' title='bbox 3125 1150 3220 1205; x_wconf 85' lang='lat' dir='ltr'><strong>sed</strong></span> <span class='ocrx_word' id='word_1_187' title='bbox 3250 1147 3562 1205; x_wconf 81' lang='lat' dir='ltr'><strong>infidelibus</strong></span> <span class='ocrx_word' id='word_1_188' title='bbox 3588 1148 3639 1218; x_wconf 85' lang='lat'><strong>(1</strong></span> <span class='ocrx_word' id='word_1_189' title='bbox 3681 1147 3812 1205; x_wconf 82' lang='lat' dir='ltr'><strong>Cor.</strong></span> 
     </span>
    </p>
   </div>
   <div class='ocr_carea' id='block_1_25' title="bbox 2216 1240 3818 1319">
    <p class='ocr_par' dir='ltr' id='par_1_25' title="bbox 2216 1240 3818 1319">
     <span class='ocr_line' id='line_1_25' title="bbox 2216 1240 3818 1319; baseline -0.001 -20"><span class='ocrx_word' id='word_1_190' title='bbox 2216 1247 2352 1316; x_wconf 73' lang='grc' dir='ltr'><strong>χεν).</strong></span> <span class='ocrx_word' id='word_1_191' title='bbox 2397 1246 2463 1302; x_wconf 87' lang='lat' dir='ltr'><strong>Et</strong></span> <span class='ocrx_word' id='word_1_192' title='bbox 2490 1246 2618 1319; x_wconf 84' lang='lat' dir='ltr'><strong>quia</strong></span> <span class='ocrx_word' id='word_1_193' title='bbox 2660 1244 2804 1298; x_wconf 83' lang='lat' dir='ltr'><strong>illam</strong></span> <span class='ocrx_word' id='word_1_194' title='bbox 2833 1241 3134 1315; x_wconf 74' lang='lat' dir='ltr'><strong>angelicam</strong></span> <span class='ocrx_word' id='word_1_195' title='bbox 3184 1240 3450 1296; x_wconf 82' lang='lat' dir='ltr'><strong>visionem</strong></span> <span class='ocrx_word' id='word_1_196' title='bbox 3497 1241 3818 1300; x_wconf 77' lang='lat' dir='ltr'><strong>discernere</strong></span> 
     </span>
    </p>
   </div>
   <div class='ocr_carea' id='block_1_26' title="bbox 2214 1331 3817 1407">
    <p class='ocr_par' dir='ltr' id='par_1_26' title="bbox 2214 1331 3817 1407">
     <span class='ocr_line' id='line_1_26' title="bbox 2214 1331 3817 1407; baseline -0.001 -16"><span class='ocrx_word' id='word_1_197' title='bbox 2214 1336 2507 1407; x_wconf 80' lang='lat' dir='ltr'><strong>prudenter</strong></span> <span class='ocrx_word' id='word_1_198' title='bbox 2548 1334 2793 1399; x_wconf 88' lang='lat' dir='ltr'><strong>valebat,</strong></span> <span class='ocrx_word' id='word_1_199' title='bbox 2826 1332 2972 1387; x_wconf 90' lang='lat' dir='ltr'><strong>illius</strong></span> <span class='ocrx_word' id='word_1_200' title='bbox 3012 1331 3213 1403; x_wconf 83' lang='lat' dir='ltr'><strong>Juseplt</strong></span> <span class='ocrx_word' id='word_1_201' title='bbox 3258 1348 3364 1386; x_wconf 90' lang='lat' dir='ltr'><strong>non</strong></span> <span class='ocrx_word' id='word_1_202' title='bbox 3406 1332 3588 1387; x_wconf 86' lang='lat' dir='ltr'><strong>solum</strong></span> <span class='ocrx_word' id='word_1_203' title='bbox 3627 1334 3817 1390; x_wconf 85' lang='lat' dir='ltr'><strong>carnis</strong></span> 
     </span>
    </p>
   </div>
   <div class='ocr_carea' id='block_1_27' title="bbox 2215 1423 3818 1499">
    <p class='ocr_par' dir='ltr' id='par_1_27' title="bbox 2215 1423 3818 1499">
     <span class='ocr_line' id='line_1_27' title="bbox 2215 1423 3818 1499; baseline 0.003 -16"><span class='ocrx_word' id='word_1_204' title='bbox 2215 1429 2454 1499; x_wconf 79' lang='lat' dir='ltr'><strong>origine,</strong></span> <span class='ocrx_word' id='word_1_205' title='bbox 2482 1428 2577 1483; x_wconf 88' lang='lat' dir='ltr'><strong>sed</strong></span> <span class='ocrx_word' id='word_1_206' title='bbox 2610 1428 2776 1481; x_wconf 89' lang='lat' dir='ltr'><strong>etiam</strong></span> <span class='ocrx_word' id='word_1_207' title='bbox 2804 1424 3038 1480; x_wconf 89' lang='lat' dir='ltr'><strong>nominis</strong></span> <span class='ocrx_word' id='word_1_208' title='bbox 3067 1426 3346 1480; x_wconf 90' lang='lat' dir='ltr'><strong>consortio</strong></span> <span class='ocrx_word' id='word_1_209' title='bbox 3374 1423 3648 1495; x_wconf 84' lang='lat' dir='ltr'><strong>particeps</strong></span> <span class='ocrx_word' id='word_1_210' title='bbox 3666 1464 3685 1490; x_wconf 86' lang='lat'><strong>.</strong></span> <span class='ocrx_word' id='word_1_211' title='bbox 3719 1426 3818 1496; x_wconf 75' lang='lat' dir='ltr'><strong>qui</strong></span> 
     </span>
    </p>
   </div>
   <div class='ocr_carea' id='block_1_28' title="bbox 2215 1514 3817 1590">
    <p class='ocr_par' dir='ltr' id='par_1_28' title="bbox 2215 1514 3817 1590">
     <span class='ocr_line' id='line_1_28' title="bbox 2215 1514 3817 1590; baseline -0.001 -15"><span class='ocrx_word' id='word_1_212' title='bbox 2215 1535 2276 1575; x_wconf 86' lang='lat' dir='ltr'><strong>se</strong></span> <span class='ocrx_word' id='word_1_213' title='bbox 2303 1518 2517 1574; x_wconf 83' lang='lat' dir='ltr'><strong>smnnio</strong></span> <span class='ocrx_word' id='word_1_214' title='bbox 2541 1516 2938 1590; x_wconf 53' lang='lat' dir='ltr'><strong>praeferendum</strong></span> <span class='ocrx_word' id='word_1_215' title='bbox 2972 1514 3233 1571; x_wconf 80' lang='lat' dir='ltr'><strong>fratribus</strong></span> <span class='ocrx_word' id='word_1_216' title='bbox 3263 1516 3495 1583; x_wconf 82' lang='lat' dir='ltr'><strong>viderat,</strong></span> <span class='ocrx_word' id='word_1_217' title='bbox 3519 1526 3575 1573; x_wconf 88' lang='lat' dir='ltr'><strong>et</strong></span> <span class='ocrx_word' id='word_1_218' title='bbox 3598 1519 3817 1574; x_wconf 80' lang='lat' dir='ltr'><strong>sontnia</strong></span> 
     </span>
    </p>
   </div>
   <div class='ocr_carea' id='block_1_29' title="bbox 2214 1609 3817 1684">
    <p class='ocr_par' dir='ltr' id='par_1_29' title="bbox 2214 1609 3817 1684">
     <span class='ocr_line' id='line_1_29' title="bbox 2214 1609 3817 1684; baseline 0.002 -17"><span class='ocrx_word' id='word_1_219' title='bbox 2214 1611 2513 1684; x_wconf 88' lang='lat' dir='ltr'><strong>prudenter</strong></span> <span class='ocrx_word' id='word_1_220' title='bbox 2577 1609 3023 1681; x_wconf 85' lang='lat' dir='ltr'><strong>interpretando.</strong></span> <span class='ocrx_word' id='word_1_221' title='bbox 3085 1609 3346 1681; x_wconf 67' lang='lat' dir='ltr'><strong>przelatus</strong></span> <span class='ocrx_word' id='word_1_222' title='bbox 3408 1610 3494 1667; x_wconf 87' lang='lat' dir='ltr'><strong>vel</strong></span> <span class='ocrx_word' id='word_1_223' title='bbox 3555 1612 3817 1670; x_wconf 82' lang='lat' dir='ltr'><strong>dominus</strong></span> 
     </span>
    </p>
   </div>
   <div class='ocr_carea' id='block_1_30' title="bbox 2216 1699 3809 1776">
    <p class='ocr_par' dir='ltr' id='par_1_30' title="bbox 2216 1699 3809 1776">
     <span class='ocr_line' id='line_1_30' title="bbox 2216 1699 3809 1776; baseline 0.001 -16"><span class='ocrx_word' id='word_1_224' title='bbox 2216 1702 2436 1776; x_wconf 60' lang='lat' dir='ltr'><strong>Egypti</strong></span> <span class='ocrx_word' id='word_1_225' title='bbox 2465 1703 2791 1759; x_wconf 85' lang='lat' dir='ltr'><strong>constitutus</strong></span> <span class='ocrx_word' id='word_1_226' title='bbox 2830 1701 3008 1756; x_wconf 81' lang='lat' dir='ltr'><strong>fuerat</strong></span> <span class='ocrx_word' id='word_1_227' title='bbox 3038 1699 3196 1772; x_wconf 78' lang='lat' dir='ltr'><strong>(Gen.</strong></span> <span class='ocrx_word' id='word_1_228' title='bbox 3228 1702 3358 1768; x_wconf 74' lang='lat' dir='ltr'><strong>xtl).</strong></span> <span class='ocrx_word' id='word_1_229' title='bbox 3385 1702 3658 1772; x_wconf 83' lang='lat' dir='ltr'><strong>Quantum</strong></span> <span class='ocrx_word' id='word_1_230' title='bbox 3700 1722 3809 1763; x_wconf 82' lang='lat' dir='ltr'><strong>au-</strong></span> 
     </span>
    </p>
   </div>
   <div class='ocr_carea' id='block_1_31' title="bbox 528 1791 3819 1880">
    <p class='ocr_par' dir='ltr' id='par_1_31' title="bbox 528 1791 3819 1880">
     <span class='ocr_line' id='line_1_31' title="bbox 528 1791 3819 1880; baseline -0.003 -18"><span class='ocrx_word' id='word_1_231' title='bbox 528 1807 701 1880; x_wconf 74' lang='lat' dir='ltr'><strong>gratia</strong></span> <span class='ocrx_word' id='word_1_232' title='bbox 730 1805 966 1877; x_wconf 84' lang='lat' dir='ltr'><strong>Spiritus</strong></span> <span class='ocrx_word' id='word_1_233' title='bbox 986 1804 1160 1859; x_wconf 89' lang='lat' dir='ltr'><strong>sancti</strong></span> <span class='ocrx_word' id='word_1_234' title='bbox 1182 1798 1565 1857; x_wconf 88' lang='lat' dir='ltr'><strong>diciturfuisse</strong></span> <span class='ocrx_word' id='word_1_235' title='bbox 1580 1798 1837 1868; x_wconf 88' lang='lat' dir='ltr'><strong>repletus,</strong></span> <span class='ocrx_word' id='word_1_236' title='bbox 1864 1803 1931 1873; x_wconf 86' lang='lat' dir='ltr'><strong>ut_</strong></span> <span class='ocrx_word' id='word_1_237' title='bbox 1944 1809 2116 1863; x_wconf 87' lang='lat' dir='ltr'><strong>usque</strong></span> <span class='ocrx_word' id='word_1_238' title='bbox 2150 1795 2193 1856; x_wconf 84' lang='grc' dir='ltr'><strong><em>Β</em></strong></span> <span class='ocrx_word' id='word_1_239' title='bbox 2223 1803 2327 1849; x_wconf 89' lang='lat' dir='ltr'><strong>tem</strong></span> <span class='ocrx_word' id='word_1_240' title='bbox 2357 1794 2426 1848; x_wconf 88' lang='lat' dir='ltr'><strong>ad</strong></span> <span class='ocrx_word' id='word_1_241' title='bbox 2449 1792 2711 1849; x_wconf 89' lang='lat' dir='ltr'><strong>moralem</strong></span> <span class='ocrx_word' id='word_1_242' title='bbox 2734 1806 2955 1847; x_wconf 79' lang='lat' dir='ltr'><strong>sensum</strong></span> <span class='ocrx_word' id='word_1_243' title='bbox 2985 1791 3255 1862; x_wconf 89' lang='lat' dir='ltr'><strong>pertinet,</strong></span> <span class='ocrx_word' id='word_1_244' title='bbox 3284 1794 3504 1866; x_wconf 76' lang='lat' dir='ltr'><strong>angelus</strong></span> <span class='ocrx_word' id='word_1_245' title='bbox 3524 1794 3728 1867; x_wconf 77' lang='lat' dir='ltr'><strong>Josepb</strong></span> <span class='ocrx_word' id='word_1_246' title='bbox 3760 1797 3819 1856; x_wconf 85' lang='lat' dir='ltr'><strong>in</strong></span> 
     </span>
    </p>
   </div>
   <div class='ocr_carea' id='block_1_32' title="bbox 527 1886 2115 1968">
    <p class='ocr_par' dir='ltr' id='par_1_32' title="bbox 527 1886 2115 1968">
     <span class='ocr_line' id='line_1_32' title="bbox 527 1886 2115 1968; baseline -0.008 -17"><span class='ocrx_word' id='word_1_247' title='bbox 527 1898 590 1954; x_wconf 73' lang='lat' dir='ltr'><strong>ad</strong></span> <span class='ocrx_word' id='word_1_248' title='bbox 620 1896 1090 1968; x_wconf 89' lang='lat' dir='ltr'><strong>contemplandam</strong></span> <span class='ocrx_word' id='word_1_249' title='bbox 1116 1893 1298 1949; x_wconf 87' lang='lat' dir='ltr'><strong>Patris</strong></span> <span class='ocrx_word' id='word_1_250' title='bbox 1325 1902 1377 1949; x_wconf 87' lang='lat' dir='ltr'><strong>et</strong></span> <span class='ocrx_word' id='word_1_251' title='bbox 1410 1890 1532 1946; x_wconf 79' lang='lat' dir='ltr'><strong>Filii</strong></span> <span class='ocrx_word' id='word_1_252' title='bbox 1557 1889 1911 1959; x_wconf 82' lang='lat' dir='ltr'><strong>ejusdemque</strong></span> <span class='ocrx_word' id='word_1_253' title='bbox 1941 1886 2115 1957; x_wconf 82' lang='lat' dir='ltr'><strong>Spiri-</strong></span> 
     </span>
    </p>
   </div>
   <div class='ocr_carea' id='block_1_33' title="bbox 525 1979 2114 2054">
    <p class='ocr_par' dir='ltr' id='par_1_33' title="bbox 525 1979 2114 2054">
     <span class='ocr_line' id='line_1_33' title="bbox 525 1979 2114 2054; baseline -0.008 -8"><span class='ocrx_word' id='word_1_254' title='bbox 525 1992 661 2046; x_wconf 89' lang='lat' dir='ltr'><strong>ritus</strong></span> <span class='ocrx_word' id='word_1_255' title='bbox 707 1988 880 2045; x_wconf 88' lang='lat' dir='ltr'><strong>sancti</strong></span> <span class='ocrx_word' id='word_1_256' title='bbox 941 1987 1284 2043; x_wconf 84' lang='lat' dir='ltr'><strong>divinitatem</strong></span> <span class='ocrx_word' id='word_1_257' title='bbox 1343 1992 1525 2040; x_wconf 90' lang='lat' dir='ltr'><strong>mente</strong></span> <span class='ocrx_word' id='word_1_258' title='bbox 1582 1988 1897 2054; x_wconf 80' lang='lat' dir='ltr'><strong>raperetur,</strong></span> <span class='ocrx_word' id='word_1_259' title='bbox 1953 1988 2010 2035; x_wconf 89' lang='lat' dir='ltr'><strong>et</strong></span> <span class='ocrx_word' id='word_1_260' title='bbox 2048 1979 2114 2034; x_wconf 83' lang='lat' dir='ltr'><strong>de</strong></span> 
     </span>
    </p>
   </div>
   <div class='ocr_carea' id='block_1_34' title="bbox 519 2073 2115 2152">
    <p class='ocr_par' dir='ltr' id='par_1_34' title="bbox 519 2073 2115 2152">
     <span class='ocr_line' id='line_1_34' title="bbox 519 2073 2115 2152; baseline -0.006 -14"><span class='ocrx_word' id='word_1_261' title='bbox 519 2093 737 2138; x_wconf 68' lang='lat' dir='ltr'><strong>aeternae</strong></span> <span class='ocrx_word' id='word_1_262' title='bbox 778 2082 900 2137; x_wconf 73' lang='lat' dir='ltr'><strong>vitae</strong></span> <span class='ocrx_word' id='word_1_263' title='bbox 941 2080 1233 2152; x_wconf 90' lang='lat' dir='ltr'><strong>purissimo</strong></span> <span class='ocrx_word' id='word_1_264' title='bbox 1288 2079 1434 2132; x_wconf 87' lang='lat' dir='ltr'><strong>fonte</strong></span> <span class='ocrx_word' id='word_1_265' title='bbox 1486 2084 1720 2149; x_wconf 83' lang='lat' dir='ltr'><strong>putaret,</strong></span> <span class='ocrx_word' id='word_1_266' title='bbox 1765 2074 1911 2146; x_wconf 89' lang='lat' dir='ltr'><strong>quod</strong></span> <span class='ocrx_word' id='word_1_267' title='bbox 1957 2073 2115 2129; x_wconf 86' lang='lat' dir='ltr'><strong>nobis</strong></span> 
     </span>
    </p>
   </div>
   <div class='ocr_carea' id='block_1_35' title="bbox 522 2164 2114 2247">
    <p class='ocr_par' dir='ltr' id='par_1_35' title="bbox 522 2164 2114 2247">
     <span class='ocr_line' id='line_1_35' title="bbox 522 2164 2114 2247; baseline -0.006 -15"><span class='ocrx_word' id='word_1_268' title='bbox 522 2172 832 2232; x_wconf 88' lang='lat' dir='ltr'><strong>sitientibus</strong></span> <span class='ocrx_word' id='word_1_269' title='bbox 848 2172 1180 2247; x_wconf 86' lang='lat' dir='ltr'><strong>prepiuaret.</strong></span> <span class='ocrx_word' id='word_1_270' title='bbox 1218 2169 1367 2228; x_wconf 85' lang='lat' dir='ltr'><strong>Unde</strong></span> <span class='ocrx_word' id='word_1_271' title='bbox 1390 2179 1438 2225; x_wconf 86' lang='lat' dir='ltr'><strong>et</strong></span> <span class='ocrx_word' id='word_1_272' title='bbox 1779 2166 1863 2225; x_wconf 84' lang='lat' dir='ltr'><strong>sui</strong></span> <span class='ocrx_word' id='word_1_273' title='bbox 1895 2164 2000 2223; x_wconf 79' lang='lat' dir='ltr'><strong>tale</strong></span> <span class='ocrx_word' id='word_1_274' title='bbox 2029 2174 2114 2223; x_wconf 84' lang='lat' dir='ltr'><strong>est</strong></span> 
     </span>
    </p>
   </div>
   <div class='ocr_carea' id='block_1_36' title="bbox 524 2260 2113 2339">
    <p class='ocr_par' dir='ltr' id='par_1_36' title="bbox 524 2260 2113 2339">
     <span class='ocr_line' id='line_1_36' title="bbox 524 2260 2113 2339; baseline -0.008 -12"><span class='ocrx_word' id='word_1_275' title='bbox 524 2271 808 2327; x_wconf 76' lang='lat' dir='ltr'><strong>exordium</strong></span> <span class='ocrx_word' id='word_1_276' title='bbox 838 2286 851 2321; x_wconf 88' lang='lat'>:</span> <span class='ocrx_word' id='word_1_277' title='bbox 885 2288 903 2320; x_wconf 78' lang='grc' dir='ltr'><strong>ι</strong></span> <span class='ocrx_word' id='word_1_278' title='bbox 940 2270 996 2325; x_wconf 94' lang='lat' dir='ltr'><strong>ln</strong></span> <span class='ocrx_word' id='word_1_279' title='bbox 1026 2267 1294 2339; x_wconf 82' lang='lat' dir='ltr'><strong>principio</strong></span> <span class='ocrx_word' id='word_1_280' title='bbox 1317 2275 1439 2321; x_wconf 83' lang='lat' dir='ltr'><strong>erat</strong></span> <span class='ocrx_word' id='word_1_281' title='bbox 1465 2265 1741 2329; x_wconf 88' lang='lat' dir='ltr'><strong>Verbum,</strong></span> <span class='ocrx_word' id='word_1_282' title='bbox 1780 2274 1837 2318; x_wconf 89' lang='lat' dir='ltr'><strong>et</strong></span> <span class='ocrx_word' id='word_1_283' title='bbox 1873 2260 2113 2317; x_wconf 83' lang='lat' dir='ltr'><strong>Verbum</strong></span> 
     </span>
    </p>
   </div>
   <div class='ocr_carea' id='block_1_37' title="bbox 522 2353 2119 2432">
    <p class='ocr_par' dir='ltr' id='par_1_37' title="bbox 522 2353 2119 2432">
     <span class='ocr_line' id='line_1_37' title="bbox 522 2353 2119 2432; baseline -0.007 -14"><span class='ocrx_word' id='word_1_284' title='bbox 522 2371 644 2418; x_wconf 87' lang='lat' dir='ltr'><strong>erat</strong></span> <span class='ocrx_word' id='word_1_285' title='bbox 666 2360 808 2432; x_wconf 85' lang='lat' dir='ltr'><strong>apud</strong></span> <span class='ocrx_word' id='word_1_286' title='bbox 841 2360 1043 2424; x_wconf 87' lang='lat' dir='ltr'><strong>Deum,</strong></span> <span class='ocrx_word' id='word_1_287' title='bbox 1070 2367 1128 2414; x_wconf 82' lang='lat' dir='ltr'><strong>et</strong></span> <span class='ocrx_word' id='word_1_288' title='bbox 1151 2358 1296 2413; x_wconf 84' lang='lat' dir='ltr'><strong>Deus</strong></span> <span class='ocrx_word' id='word_1_289' title='bbox 1320 2365 1439 2412; x_wconf 90' lang='lat' dir='ltr'><strong>erat</strong></span> <span class='ocrx_word' id='word_1_290' title='bbox 1469 2355 1707 2411; x_wconf 85' lang='lat' dir='ltr'><strong>Verbum</strong></span> <span class='ocrx_word' id='word_1_291' title='bbox 1725 2393 1744 2420; x_wconf 94' lang='lat'><strong>,</strong></span> <span class='ocrx_word' id='word_1_292' title='bbox 1781 2374 1800 2407; x_wconf 70' lang='grc' dir='ltr'><strong>ι</strong></span> <span class='ocrx_word' id='word_1_293' title='bbox 1828 2362 1886 2409; x_wconf 89' lang='lat' dir='ltr'><strong>et</strong></span> <span class='ocrx_word' id='word_1_294' title='bbox 1913 2353 1995 2408; x_wconf 83' lang='lat' dir='ltr'><strong>sie</strong></span> <span class='ocrx_word' id='word_1_295' title='bbox 2021 2366 2119 2423; x_wconf 89' lang='lat' dir='ltr'><strong>per</strong></span> 
     </span>
    </p>
   </div>
   <div class='ocr_carea' id='block_1_38' title="bbox 524 2446 2119 2524">
    <p class='ocr_par' dir='ltr' id='par_1_38' title="bbox 524 2446 2119 2524">
     <span class='ocr_line' id='line_1_38' title="bbox 524 2446 2119 2524; baseline -0.006 -15"><span class='ocrx_word' id='word_1_296' title='bbox 524 2462 694 2511; x_wconf 90' lang='lat' dir='ltr'><strong>totum</strong></span> <span class='ocrx_word' id='word_1_297' title='bbox 719 2452 996 2524; x_wconf 87' lang='lat' dir='ltr'><strong>Evangelii</strong></span> <span class='ocrx_word' id='word_1_298' title='bbox 1031 2451 1113 2506; x_wconf 84' lang='lat' dir='ltr'><strong>sui</strong></span> <span class='ocrx_word' id='word_1_299' title='bbox 1158 2463 1387 2514; x_wconf 80' lang='lat' dir='ltr'><strong>textum,</strong></span> <span class='ocrx_word' id='word_1_300' title='bbox 1414 2463 1583 2519; x_wconf 89' lang='lat' dir='ltr'><strong>pauca</strong></span> <span class='ocrx_word' id='word_1_301' title='bbox 1604 2446 1673 2501; x_wconf 89' lang='lat' dir='ltr'><strong>de</strong></span> <span class='ocrx_word' id='word_1_302' title='bbox 1704 2448 1958 2502; x_wconf 84' lang='lat' dir='ltr'><strong>humanis</strong></span> <span class='ocrx_word' id='word_1_303' title='bbox 1983 2446 2119 2499; x_wconf 87' lang='lat' dir='ltr'><strong>acti-</strong></span> 
     </span>
    </p>
   </div>
   <div class='ocr_carea' id='block_1_39' title="bbox 526 2536 2119 2616">
    <p class='ocr_par' dir='ltr' id='par_1_39' title="bbox 526 2536 2119 2616">
     <span class='ocr_line' id='line_1_39' title="bbox 526 2536 2119 2616; baseline -0.008 -13"><span class='ocrx_word' id='word_1_304' title='bbox 526 2547 629 2604; x_wconf 89' lang='lat' dir='ltr'><strong>bus</strong></span> <span class='ocrx_word' id='word_1_305' title='bbox 658 2547 1036 2616; x_wconf 88' lang='lat' dir='ltr'><strong>interponens,</strong></span> <span class='ocrx_word' id='word_1_306' title='bbox 1060 2541 1389 2599; x_wconf 79' lang='lat' dir='ltr'><strong>sullicicnter</strong></span> <span class='ocrx_word' id='word_1_307' title='bbox 1413 2541 1481 2601; x_wconf 86' lang='lat' dir='ltr'><strong>de</strong></span> <span class='ocrx_word' id='word_1_308' title='bbox 1502 2539 1785 2595; x_wconf 90' lang='lat' dir='ltr'><strong>divinitate</strong></span> <span class='ocrx_word' id='word_1_309' title='bbox 1816 2536 2119 2593; x_wconf 86' lang='lat' dir='ltr'><strong>Salvatoris</strong></span> 
     </span>
    </p>
   </div>
   <div class='ocr_carea' id='block_1_40' title="bbox 524 2627 2118 2709">
    <p class='ocr_par' dir='ltr' id='par_1_40' title="bbox 524 2627 2118 2709">
     <span class='ocr_line' id='line_1_40' title="bbox 524 2627 2118 2709; baseline -0.009 -14"><span class='ocrx_word' id='word_1_310' title='bbox 524 2640 728 2709; x_wconf 83' lang='lat' dir='ltr'><strong>scripta</strong></span> <span class='ocrx_word' id='word_1_311' title='bbox 769 2636 1008 2708; x_wconf 85' lang='lat' dir='ltr'><strong>reliquit.</strong></span> <span class='ocrx_word' id='word_1_312' title='bbox 1037 2634 1212 2702; x_wconf 82' lang='lat' dir='ltr'><strong>Quam</strong></span> <span class='ocrx_word' id='word_1_313' title='bbox 1240 2633 1470 2689; x_wconf 78' lang='lat' dir='ltr'><strong>ﬁrmiter</strong></span> <span class='ocrx_word' id='word_1_314' title='bbox 1493 2640 1674 2688; x_wconf 82' lang='lat' dir='ltr'><strong>autem</strong></span> <span class='ocrx_word' id='word_1_315' title='bbox 1701 2638 1757 2686; x_wconf 92' lang='lat' dir='ltr'><strong>et</strong></span> <span class='ocrx_word' id='word_1_316' title='bbox 1782 2630 1987 2699; x_wconf 83' lang='lat' dir='ltr'><strong>absque</strong></span> <span class='ocrx_word' id='word_1_317' title='bbox 2010 2627 2118 2683; x_wconf 88' lang='lat' dir='ltr'><strong>ulla</strong></span> 
     </span>
    </p>
   </div>
   <div class='ocr_carea' id='block_1_41' title="bbox 528 2722 2120 2803">
    <p class='ocr_par' dir='ltr' id='par_1_41' title="bbox 528 2722 2120 2803">
     <span class='ocr_line' id='line_1_41' title="bbox 528 2722 2120 2803; baseline -0.008 -15"><span class='ocrx_word' id='word_1_318' title='bbox 528 2732 887 2803; x_wconf 85' lang='lat' dir='ltr'><strong>ambiguitate</strong></span> <span class='ocrx_word' id='word_1_319' title='bbox 930 2729 1199 2785; x_wconf 88' lang='lat' dir='ltr'><strong>credenda</strong></span> <span class='ocrx_word' id='word_1_320' title='bbox 1253 2735 1380 2784; x_wconf 87' lang='lat' dir='ltr'><strong>sunt</strong></span> <span class='ocrx_word' id='word_1_321' title='bbox 1431 2739 1556 2798; x_wconf 65' lang='lat' dir='ltr'><strong>qua</strong></span> <span class='ocrx_word' id='word_1_322' title='bbox 1596 2724 1836 2782; x_wconf 75' lang='lat' dir='ltr'><strong>Joannes</strong></span> <span class='ocrx_word' id='word_1_323' title='bbox 1881 2722 2120 2792; x_wconf 79' lang='lat' dir='ltr'><strong>scripsit,</strong></span> 
     </span>
    </p>
   </div>
   <div class='ocr_carea' id='block_1_42' title="bbox 529 2816 2124 2897">
    <p class='ocr_par' dir='ltr' id='par_1_42' title="bbox 529 2816 2124 2897">
     <span class='ocr_line' id='line_1_42' title="bbox 529 2816 2124 2897; baseline -0.007 -16"><span class='ocrx_word' id='word_1_324' title='bbox 529 2825 648 2897; x_wconf 85' lang='lat' dir='ltr'><strong>ipse</strong></span> <span class='ocrx_word' id='word_1_325' title='bbox 678 2824 994 2881; x_wconf 84' lang='lat' dir='ltr'><strong>manifestat</strong></span> <span class='ocrx_word' id='word_1_326' title='bbox 1024 2839 1148 2879; x_wconf 88' lang='lat' dir='ltr'><strong>cum</strong></span> <span class='ocrx_word' id='word_1_327' title='bbox 1172 2821 1483 2892; x_wconf 69' lang='lat' dir='ltr'><strong>subiungit:</strong></span> <span class='ocrx_word' id='word_1_328' title='bbox 1506 2840 1526 2873; x_wconf 77' lang='grc' dir='ltr'><strong>ι</strong></span> <span class='ocrx_word' id='word_1_329' title='bbox 1556 2819 1623 2875; x_wconf 76' lang='lat' dir='ltr'><strong>Et</strong></span> <span class='ocrx_word' id='word_1_330' title='bbox 1650 2819 1855 2875; x_wconf 82' lang='lat' dir='ltr'><strong>scimus</strong></span> <span class='ocrx_word' id='word_1_331' title='bbox 1878 2816 2007 2889; x_wconf 81' lang='lat' dir='ltr'><strong>quia</strong></span> <span class='ocrx_word' id='word_1_332' title='bbox 2034 2830 2124 2871; x_wconf 87' lang='lat' dir='ltr'><strong>ve-</strong></span> 
     </span>
    </p>
   </div>
   <div class='ocr_carea' id='block_1_43' title="bbox 532 2912 2123 2984">
    <p class='ocr_par' dir='ltr' id='par_1_43' title="bbox 532 2912 2123 2984">
     <span class='ocr_line' id='line_1_43' title="bbox 532 2912 2123 2984; baseline -0.003 -16"><span class='ocrx_word' id='word_1_333' title='bbox 532 2936 552 2967; x_wconf 71' lang='grc' dir='ltr'>ε</span> <span class='ocrx_word' id='word_1_334' title='bbox 592 2932 713 2972; x_wconf 88' lang='lat' dir='ltr'><strong>rum</strong></span> <span class='ocrx_word' id='word_1_335' title='bbox 742 2925 828 2972; x_wconf 89' lang='lat' dir='ltr'><strong>est</strong></span> <span class='ocrx_word' id='word_1_336' title='bbox 854 2915 1219 2972; x_wconf 88' lang='lat' dir='ltr'><strong>testimonium</strong></span> <span class='ocrx_word' id='word_1_337' title='bbox 1246 2912 1384 2984; x_wconf 60' lang='lat' dir='ltr'><strong>(ius.</strong></span> <span class='ocrx_word' id='word_1_338' title='bbox 1422 2928 1444 2965; x_wconf 69' lang='grc' dir='ltr'><strong>ι</strong></span> <span class='ocrx_word' id='word_1_339' title='bbox 1478 2912 1545 2969; x_wconf 82' lang='grc' dir='ltr'>Ει</span> <span class='ocrx_word' id='word_1_340' title='bbox 1578 2922 1679 2967; x_wconf 82' lang='lat' dir='ltr'><strong>nos</strong></span> <span class='ocrx_word' id='word_1_341' title='bbox 1701 2926 1832 2981; x_wconf 84' lang='lat' dir='ltr'><strong>ergo</strong></span> <span class='ocrx_word' id='word_1_342' title='bbox 1863 2923 1990 2964; x_wconf 88' lang='lat' dir='ltr'><strong>cum</strong></span> <span class='ocrx_word' id='word_1_343' title='bbox 2013 2922 2123 2963; x_wconf 76' lang='lat' dir='ltr'><strong>ca:-</strong></span> 
     </span>
    </p>
   </div>
   <div class='ocr_carea' id='block_1_44' title="bbox 533 3001 2126 3075">
    <p class='ocr_par' dir='ltr' id='par_1_44' title="bbox 533 3001 2126 3075">
     <span class='ocr_line' id='line_1_44' title="bbox 533 3001 2126 3075; baseline -0.004 -14"><span class='ocrx_word' id='word_1_344' title='bbox 533 3008 666 3065; x_wconf 89' lang='lat' dir='ltr'><strong>teris</strong></span> <span class='ocrx_word' id='word_1_345' title='bbox 685 3007 933 3063; x_wconf 81' lang='lat' dir='ltr'><strong>ﬁdelibus</strong></span> <span class='ocrx_word' id='word_1_346' title='bbox 964 3022 1091 3062; x_wconf 86' lang='lat' dir='ltr'><strong>vera</strong></span> <span class='ocrx_word' id='word_1_347' title='bbox 1118 3006 1403 3062; x_wconf 85' lang='lat' dir='ltr'><strong>credentes</strong></span> <span class='ocrx_word' id='word_1_348' title='bbox 1428 3018 1551 3075; x_wconf 70' lang='lat' dir='ltr'><strong>qua:</strong></span> <span class='ocrx_word' id='word_1_349' title='bbox 1579 3001 1817 3072; x_wconf 84' lang='lat' dir='ltr'><strong>scripsit,</strong></span> <span class='ocrx_word' id='word_1_350' title='bbox 1844 3014 2126 3055; x_wconf 83' lang='lat' dir='ltr'><strong>servemus</strong></span> 
     </span>
    </p>
   </div>
   <div class='ocr_carea' id='block_1_45' title="bbox 533 3091 2122 3169">
    <p class='ocr_par' dir='ltr' id='par_1_45' title="bbox 533 3091 2122 3169">
     <span class='ocr_line' id='line_1_45' title="bbox 533 3091 2122 3169; baseline -0.006 -14"><span class='ocrx_word' id='word_1_351' title='bbox 533 3113 655 3169; x_wconf 76' lang='lat' dir='ltr'><strong>qua:</strong></span> <span class='ocrx_word' id='word_1_352' title='bbox 680 3098 898 3165; x_wconf 88' lang='lat' dir='ltr'><strong>docuit,</strong></span> <span class='ocrx_word' id='word_1_353' title='bbox 928 3107 990 3152; x_wconf 92' lang='lat' dir='ltr'><strong>ut</strong></span> <span class='ocrx_word' id='word_1_354' title='bbox 1013 3096 1397 3168; x_wconf 82' lang='lat' dir='ltr'><strong>perveniamus</strong></span> <span class='ocrx_word' id='word_1_355' title='bbox 1421 3094 1490 3148; x_wconf 86' lang='lat' dir='ltr'><strong>ad</strong></span> <span class='ocrx_word' id='word_1_356' title='bbox 1524 3095 1631 3149; x_wconf 83' lang='lat' dir='ltr'><strong>hoc</strong></span> <span class='ocrx_word' id='word_1_357' title='bbox 1667 3092 1813 3163; x_wconf 87' lang='lat' dir='ltr'><strong>quod</strong></span> <span class='ocrx_word' id='word_1_358' title='bbox 1850 3091 2122 3163; x_wconf 87' lang='lat' dir='ltr'><strong>promisit,</strong></span> 
     </span>
    </p>
   </div>
   <div class='ocr_carea' id='block_1_46' title="bbox 531 3182 2015 3262">
    <p class='ocr_par' dir='ltr' id='par_1_46' title="bbox 531 3182 2015 3262">
     <span class='ocr_line' id='line_1_46' title="bbox 531 3182 2015 3262; baseline -0.006 -16"><span class='ocrx_word' id='word_1_359' title='bbox 531 3190 675 3259; x_wconf 80' lang='lat' dir='ltr'><strong>quod</strong></span> <span class='ocrx_word' id='word_1_360' title='bbox 703 3189 820 3262; x_wconf 86' lang='lat' dir='ltr'><strong>ipse</strong></span> <span class='ocrx_word' id='word_1_361' title='bbox 838 3199 1101 3262; x_wconf 62' lang='lat' dir='ltr'><strong>praestare</strong></span> <span class='ocrx_word' id='word_1_362' title='bbox 1120 3188 1392 3259; x_wconf 79' lang='lat' dir='ltr'><strong>dignetur,</strong></span> <span class='ocrx_word' id='word_1_363' title='bbox 1420 3186 1513 3255; x_wconf 89' lang='lat' dir='ltr'><strong>qui</strong></span> <span class='ocrx_word' id='word_1_364' title='bbox 1535 3199 1658 3241; x_wconf 77' lang='lat' dir='ltr'><strong>cuin</strong></span> <span class='ocrx_word' id='word_1_365' title='bbox 1682 3182 1875 3250; x_wconf 83' lang='lat' dir='ltr'><strong>Patre,</strong></span> <span class='ocrx_word' id='word_1_366' title='bbox 1907 3190 2015 3239; x_wconf 89' lang='lat' dir='ltr'><strong>etc.</strong></span> 
     </span>
    </p>
   </div>
   <div class='ocr_carea' id='block_1_47' title="bbox 1104 3312 1551 3376">
    <p class='ocr_par' dir='ltr' id='par_1_47' title="bbox 1104 3312 1551 3376">
     <span class='ocr_line' id='line_1_47' title="bbox 1104 3312 1551 3376; baseline -0.009 -2"><span class='ocrx_word' id='word_1_367' title='bbox 1104 3315 1390 3376; x_wconf 74' lang='lat' dir='ltr'><strong>HOMILIA</strong></span> <span class='ocrx_word' id='word_1_368' title='bbox 1439 3312 1551 3371; x_wconf 76' lang='grc' dir='ltr'><strong>ΧΗ.</strong></span> 
     </span>
    </p>
   </div>
   <div class='ocr_carea' id='block_1_48' title="bbox 938 3434 1711 3492">
    <p class='ocr_par' dir='ltr' id='par_1_48' title="bbox 938 3434 1711 3492">
     <span class='ocr_line' id='line_1_48' title="bbox 938 3434 1711 3492; baseline -0.004 -1"><span class='ocrx_word' id='word_1_369' title='bbox 938 3451 1003 3492; x_wconf 75' lang='lat' dir='ltr'><strong>ne</strong></span> <span class='ocrx_word' id='word_1_370' title='bbox 1044 3434 1264 3491; x_wconf 67' lang='lat' dir='ltr'><strong>Saxeus</strong></span> <span class='ocrx_word' id='word_1_371' title='bbox 1303 3440 1711 3489; x_wconf 61' lang='lat' dir='ltr'><strong>lanceas-risus.</strong></span> 
     </span>
    </p>
   </div>
   <div class='ocr_carea' id='block_1_49' title="bbox 604 3548 2131 3627">
    <p class='ocr_par' dir='ltr' id='par_1_49' title="bbox 604 3548 2131 3627">
     <span class='ocr_line' id='line_1_49' title="bbox 604 3548 2131 3627; baseline -0.005 -17"><span class='ocrx_word' id='word_1_372' title='bbox 604 3554 850 3627; x_wconf 74' lang='lat' dir='ltr'><strong>(Murri.</strong></span> <span class='ocrx_word' id='word_1_373' title='bbox 874 3553 959 3623; x_wconf 87' lang='lat' dir='ltr'><strong>tt.)</strong></span> <span class='ocrx_word' id='word_1_374' title='bbox 985 3572 1007 3606; x_wconf 75' lang='grc' dir='ltr'><strong>ι</strong></span> <span class='ocrx_word' id='word_1_375' title='bbox 1029 3553 1087 3608; x_wconf 93' lang='lat' dir='ltr'><strong>ln</strong></span> <span class='ocrx_word' id='word_1_376' title='bbox 1109 3552 1200 3607; x_wconf 94' lang='lat' dir='ltr'><strong>illo</strong></span> <span class='ocrx_word' id='word_1_377' title='bbox 1220 3549 1750 3622; x_wconf 86' lang='lat' dir='ltr'><strong>tcmpore,apparuit</strong></span> <span class='ocrx_word' id='word_1_378' title='bbox 1779 3548 2001 3620; x_wconf 79' lang='lat' dir='ltr'><strong>angelus</strong></span> <span class='ocrx_word' id='word_1_379' title='bbox 2026 3548 2131 3603; x_wconf 83' lang='lat' dir='ltr'><strong>Do-</strong></span> 
     </span>
    </p>
   </div>
   <div class='ocr_carea' id='block_1_50' title="bbox 541 3640 2132 3717">
    <p class='ocr_par' dir='ltr' id='par_1_50' title="bbox 541 3640 2132 3717">
     <span class='ocr_line' id='line_1_50' title="bbox 541 3640 2132 3717; baseline -0.005 -15"><span class='ocrx_word' id='word_1_380' title='bbox 541 3670 558 3702; x_wconf 76' lang='grc' dir='ltr'><strong>σ</strong></span> <span class='ocrx_word' id='word_1_381' title='bbox 595 3650 727 3704; x_wconf 89' lang='lat' dir='ltr'><strong>mini</strong></span> <span class='ocrx_word' id='word_1_382' title='bbox 752 3649 807 3703; x_wconf 92' lang='lat' dir='ltr'><strong>in</strong></span> <span class='ocrx_word' id='word_1_383' title='bbox 830 3648 1038 3704; x_wconf 89' lang='lat' dir='ltr'><strong>somnis</strong></span> <span class='ocrx_word' id='word_1_384' title='bbox 1056 3645 1313 3717; x_wconf 65' lang='lat' dir='ltr'><strong>.loscplm</strong></span> <span class='ocrx_word' id='word_1_385' title='bbox 1333 3654 1391 3700; x_wconf 89' lang='lat' dir='ltr'><strong>et</strong></span> <span class='ocrx_word' id='word_1_386' title='bbox 1417 3659 1475 3699; x_wconf 87' lang='lat' dir='ltr'><strong>re</strong></span> <span class='ocrx_word' id='word_1_387' title='bbox 1498 3643 1645 3713; x_wconf 86' lang='lat' dir='ltr'><strong>iqna.</strong></span> <span class='ocrx_word' id='word_1_388' title='bbox 1672 3642 1890 3698; x_wconf 56' lang='lat' dir='ltr'><strong>ﬂagrent</strong></span> <span class='ocrx_word' id='word_1_389' title='bbox 1916 3640 2018 3697; x_wconf 86' lang='lat' dir='ltr'><strong>sibi</strong></span> <span class='ocrx_word' id='word_1_390' title='bbox 2049 3640 2132 3695; x_wconf 83' lang='lat' dir='ltr'><strong>di-</strong></span> 
     </span>
    </p>
   </div>
   <div class='ocr_carea' id='block_1_51' title="bbox 536 3724 2132 3809">
    <p class='ocr_par' dir='ltr' id='par_1_51' title="bbox 536 3724 2132 3809">
     <span class='ocr_line' id='line_1_51' title="bbox 536 3724 2132 3809; baseline -0.005 -14"><span class='ocrx_word' id='word_1_391' title='bbox 536 3743 677 3797; x_wconf 77' lang='lat' dir='ltr'><strong>vinae</strong></span> <span class='ocrx_word' id='word_1_392' title='bbox 703 3742 989 3807; x_wconf 81' lang='lat' dir='ltr'><strong>lectiones,</strong></span> <span class='ocrx_word' id='word_1_393' title='bbox 1014 3749 1071 3795; x_wconf 89' lang='lat' dir='ltr'><strong>et</strong></span> <span class='ocrx_word' id='word_1_394' title='bbox 1094 3738 1407 3809; x_wconf 80' lang='lat' dir='ltr'><strong>frequenter</strong></span> <span class='ocrx_word' id='word_1_395' title='bbox 1423 3754 1527 3792; x_wconf 67' lang='lat' dir='ltr'><strong>una</strong></span> <span class='ocrx_word' id='word_1_396' title='bbox 1548 3724 1820 3808; x_wconf 66' lang='lat' dir='ltr'><strong>pendete:</strong></span> <span class='ocrx_word' id='word_1_397' title='bbox 1838 3734 2029 3794; x_wconf 87' lang='lat' dir='ltr'><strong>altera,</strong></span> <span class='ocrx_word' id='word_1_398' title='bbox 2058 3732 2132 3787; x_wconf 80' lang='lat' dir='ltr'><strong>ita</strong></span> 
     </span>
    </p>
   </div>
   <div class='ocr_carea' id='block_1_52' title="bbox 534 3825 2125 3905">
    <p class='ocr_par' dir='ltr' id='par_1_52' title="bbox 534 3825 2125 3905">
     <span class='ocr_line' id='line_1_52' title="bbox 534 3825 2125 3905; baseline -0.008 -14"><span class='ocrx_word' id='word_1_399' title='bbox 534 3845 596 3891; x_wconf 91' lang='lat' dir='ltr'><strong>ut</strong></span> <span class='ocrx_word' id='word_1_400' title='bbox 625 3850 1012 3905; x_wconf 85' lang='lat' dir='ltr'><strong>nonnunquam</strong></span> <span class='ocrx_word' id='word_1_401' title='bbox 1042 3832 1264 3887; x_wconf 79' lang='lat' dir='ltr'><strong>exordia</strong></span> <span class='ocrx_word' id='word_1_402' title='bbox 1287 3830 1692 3901; x_wconf 77' lang='lat' dir='ltr'><strong>subsequentis,</strong></span> <span class='ocrx_word' id='word_1_403' title='bbox 1724 3827 1937 3882; x_wconf 82' lang='lat' dir='ltr'><strong>fat-ilius</strong></span> <span class='ocrx_word' id='word_1_404' title='bbox 1968 3825 2125 3881; x_wconf 83' lang='lat' dir='ltr'><strong>intel-</strong></span> 
     </span>
    </p>
   </div>
   <div class='ocr_carea' id='block_1_53' title="bbox 534 3919 2134 3998">
    <p class='ocr_par' dir='ltr' id='par_1_53' title="bbox 534 3919 2134 3998">
     <span class='ocr_line' id='line_1_53' title="bbox 534 3919 2134 3998; baseline -0.006 -14"><span class='ocrx_word' id='word_1_405' title='bbox 534 3928 775 3998; x_wconf 83' lang='lat' dir='ltr'><strong>ligantur</strong></span> <span class='ocrx_word' id='word_1_406' title='bbox 800 3943 866 3981; x_wconf 78' lang='lat' dir='ltr'><strong>ex</strong></span> <span class='ocrx_word' id='word_1_407' title='bbox 904 3925 1344 3981; x_wconf 67' lang='lat' dir='ltr'><strong>consideratii‘me</strong></span> <span class='ocrx_word' id='word_1_408' title='bbox 1375 3922 1749 3992; x_wconf 69' lang='lat' dir='ltr'><strong>praecedentis,</strong></span> <span class='ocrx_word' id='word_1_409' title='bbox 1778 3919 1922 3989; x_wconf 90' lang='lat' dir='ltr'><strong>quod</strong></span> <span class='ocrx_word' id='word_1_410' title='bbox 1952 3919 2005 3973; x_wconf 93' lang='lat' dir='ltr'><strong>in</strong></span> <span class='ocrx_word' id='word_1_411' title='bbox 2031 3919 2134 3974; x_wconf 84' lang='lat' dir='ltr'><strong>hac</strong></span> 
     </span>
    </p>
   </div>
   <div class='ocr_carea' id='block_1_54' title="bbox 536 4010 2137 4083">
    <p class='ocr_par' dir='ltr' id='par_1_54' title="bbox 536 4010 2137 4083">
     <span class='ocr_line' id='line_1_54' title="bbox 536 4010 2137 4083; baseline -0.007 -9"><span class='ocrx_word' id='word_1_412' title='bbox 536 4020 769 4077; x_wconf 76' lang='lat' dir='ltr'><strong>lectione</strong></span> <span class='ocrx_word' id='word_1_413' title='bbox 797 4018 954 4075; x_wconf 85' lang='lat' dir='ltr'><strong>facile</strong></span> <span class='ocrx_word' id='word_1_414' title='bbox 976 4018 1326 4080; x_wconf 73' lang='lat' dir='ltr'><strong>advertimus,</strong></span> <span class='ocrx_word' id='word_1_415' title='bbox 1361 4016 1405 4071; x_wconf 87' lang='lat' dir='ltr'><strong>si</strong></span> <span class='ocrx_word' id='word_1_416' title='bbox 1440 4014 1583 4068; x_wconf 89' lang='lat' dir='ltr'><strong>illius</strong></span> <span class='ocrx_word' id='word_1_417' title='bbox 1609 4013 1887 4083; x_wconf 84' lang='lat' dir='ltr'><strong>superiora</strong></span> <span class='ocrx_word' id='word_1_418' title='bbox 1921 4010 2137 4078; x_wconf 79' lang='lat' dir='ltr'><strong>partim-</strong></span> 
     </span>
    </p>
   </div>
   <div class='ocr_carea' id='block_1_55' title="bbox 537 4103 2132 4186">
    <p class='ocr_par' dir='ltr' id='par_1_55' title="bbox 537 4103 2132 4186">
     <span class='ocr_line' id='line_1_55' title="bbox 537 4103 2132 4186; baseline -0.009 -16"><span class='ocrx_word' id='word_1_419' title='bbox 537 4130 635 4186; x_wconf 90' lang='lat' dir='ltr'><strong>per</strong></span> <span class='ocrx_word' id='word_1_420' title='bbox 654 4114 1001 4170; x_wconf 88' lang='lat' dir='ltr'><strong>attendinms.</strong></span> <span class='ocrx_word' id='word_1_421' title='bbox 1031 4112 1204 4183; x_wconf 80' lang='lat' dir='ltr'><strong>Supra</strong></span> <span class='ocrx_word' id='word_1_422' title='bbox 1235 4110 1379 4164; x_wconf 90' lang='lat' dir='ltr'><strong>enim</strong></span> <span class='ocrx_word' id='word_1_423' title='bbox 1406 4106 1586 4162; x_wconf 80' lang='lat' dir='ltr'><strong>retulit</strong></span> <span class='ocrx_word' id='word_1_424' title='bbox 1610 4106 1919 4176; x_wconf 76' lang='lat' dir='ltr'><strong>evangelica</strong></span> <span class='ocrx_word' id='word_1_425' title='bbox 1954 4103 2132 4169; x_wconf 73' lang='lat' dir='ltr'><strong>lectio,</strong></span> 
     </span>
    </p>
   </div>
   <div class='ocr_carea' id='block_1_56' title="bbox 540 4197 2130 4282">
    <p class='ocr_par' dir='ltr' id='par_1_56' title="bbox 540 4197 2130 4282">
     <span class='ocr_line' id='line_1_56' title="bbox 540 4197 2130 4282; baseline -0.006 -21"><span class='ocrx_word' id='word_1_426' title='bbox 540 4212 666 4282; x_wconf 89' lang='lat' dir='ltr'><strong>quia</strong></span> <span class='ocrx_word' id='word_1_427' title='bbox 708 4224 831 4264; x_wconf 88' lang='lat' dir='ltr'><strong>cum</strong></span> <span class='ocrx_word' id='word_1_428' title='bbox 854 4223 1042 4278; x_wconf 89' lang='lat' dir='ltr'><strong>magos</strong></span> <span class='ocrx_word' id='word_1_429' title='bbox 1068 4207 1136 4260; x_wconf 87' lang='lat' dir='ltr'><strong>ab</strong></span> <span class='ocrx_word' id='word_1_430' title='bbox 1166 4205 1388 4259; x_wconf 83' lang='lat' dir='ltr'><strong>Oriente</strong></span> <span class='ocrx_word' id='word_1_431' title='bbox 1413 4199 1787 4270; x_wconf 82' lang='lat' dir='ltr'><strong>Hierosolyma</strong></span> <span class='ocrx_word' id='word_1_432' title='bbox 1828 4197 2130 4260; x_wconf 82' lang='lat' dir='ltr'><strong>venientes,</strong></span> 
     </span>
    </p>
   </div>
   <div class='ocr_carea' id='block_1_57' title="bbox 539 4287 2140 4359">
    <p class='ocr_par' dir='ltr' id='par_1_57' title="bbox 539 4287 2140 4359">
     <span class='ocr_line' id='line_1_57' title="bbox 539 4287 2140 4359; baseline -0.01 0"><span class='ocrx_word' id='word_1_433' title='bbox 539 4301 785 4359; x_wconf 79' lang='lat' dir='ltr'><strong>Herodes</strong></span> <span class='ocrx_word' id='word_1_434' title='bbox 812 4299 1122 4355; x_wconf 69' lang='lat' dir='ltr'><strong>lictltlebem</strong></span> <span class='ocrx_word' id='word_1_435' title='bbox 1146 4296 1404 4358; x_wconf 86' lang='lat' dir='ltr'><strong>misisset,</strong></span> <span class='ocrx_word' id='word_1_436' title='bbox 1427 4293 1565 4348; x_wconf 75' lang='lat' dir='ltr'><strong>dixit</strong></span> <span class='ocrx_word' id='word_1_437' title='bbox 1583 4291 1665 4347; x_wconf 85' lang='lat' dir='ltr'><strong>eis</strong></span> <span class='ocrx_word' id='word_1_438' title='bbox 1688 4308 1702 4344; x_wconf 89' lang='lat'><strong>:</strong></span> <span class='ocrx_word' id='word_1_439' title='bbox 1726 4310 1744 4342; x_wconf 84' lang='grc' dir='ltr'><strong>ι</strong></span> <span class='ocrx_word' id='word_1_440' title='bbox 1774 4289 1850 4345; x_wconf 89' lang='lat' dir='ltr'><strong>lle</strong></span> <span class='ocrx_word' id='word_1_441' title='bbox 1878 4298 1933 4345; x_wconf 83' lang='lat' dir='ltr'><strong>et</strong></span> <span class='ocrx_word' id='word_1_442' title='bbox 1963 4287 2140 4359; x_wconf 85' lang='lat' dir='ltr'><strong>inqui-</strong></span> 
     </span>
    </p>
   </div>
   <div class='ocr_carea' id='block_1_58' title="bbox 539 4381 2133 4464">
    <p class='ocr_par' dir='ltr' id='par_1_58' title="bbox 539 4381 2133 4464">
     <span class='ocr_line' id='line_1_58' title="bbox 539 4381 2133 4464; baseline -0.01 -15"><span class='ocrx_word' id='word_1_443' title='bbox 539 4395 645 4449; x_wconf 87' lang='lat' dir='ltr'><strong>rite</strong></span> <span class='ocrx_word' id='word_1_444' title='bbox 682 4393 975 4464; x_wconf 73' lang='lat' dir='ltr'><strong>diligenter</strong></span> <span class='ocrx_word' id='word_1_445' title='bbox 1005 4389 1074 4445; x_wconf 88' lang='lat' dir='ltr'><strong>dc</strong></span> <span class='ocrx_word' id='word_1_446' title='bbox 1101 4401 1290 4458; x_wconf 86' lang='lat' dir='ltr'><strong>puero,</strong></span> <span class='ocrx_word' id='word_1_447' title='bbox 1326 4396 1382 4440; x_wconf 90' lang='lat' dir='ltr'><strong>et</strong></span> <span class='ocrx_word' id='word_1_448' title='bbox 1409 4400 1531 4438; x_wconf 89' lang='lat' dir='ltr'><strong>cum</strong></span> <span class='ocrx_word' id='word_1_449' title='bbox 1557 4381 1895 4446; x_wconf 83' lang='lat' dir='ltr'><strong>inveneritis,</strong></span> <span class='ocrx_word' id='word_1_450' title='bbox 1930 4395 2133 4437; x_wconf 87' lang='lat' dir='ltr'><strong>renun-</strong></span> 
     </span>
    </p>
   </div>
   <div class='ocr_carea' id='block_1_59' title="bbox 2219 1884 3820 1959">
    <p class='ocr_par' dir='ltr' id='par_1_59' title="bbox 2219 1884 3820 1959">
     <span class='ocr_line' id='line_1_59' title="bbox 2219 1884 3820 1959; baseline 0 -16"><span class='ocrx_word' id='word_1_451' title='bbox 2219 1887 2425 1943; x_wconf 83' lang='lat' dir='ltr'><strong>sontnis</strong></span> <span class='ocrx_word' id='word_1_452' title='bbox 2462 1885 2732 1956; x_wconf 87' lang='lat' dir='ltr'><strong>apparuit,</strong></span> <span class='ocrx_word' id='word_1_453' title='bbox 2781 1892 2840 1938; x_wconf 91' lang='lat' dir='ltr'><strong>ut</strong></span> <span class='ocrx_word' id='word_1_454' title='bbox 2885 1884 3201 1939; x_wconf 86' lang='lat' dir='ltr'><strong>ostenderet</strong></span> <span class='ocrx_word' id='word_1_455' title='bbox 3228 1886 3357 1959; x_wconf 84' lang='lat' dir='ltr'><strong>quia</strong></span> <span class='ocrx_word' id='word_1_456' title='bbox 3394 1885 3469 1940; x_wconf 90' lang='lat' dir='ltr'><strong>illi</strong></span> <span class='ocrx_word' id='word_1_457' title='bbox 3496 1887 3565 1941; x_wconf 86' lang='lat' dir='ltr'><strong>ad</strong></span> <span class='ocrx_word' id='word_1_458' title='bbox 3596 1888 3820 1958; x_wconf 79' lang='lat' dir='ltr'><strong>angelo-</strong></span> 
     </span>
    </p>
   </div>
   <div class='ocr_carea' id='block_1_60' title="bbox 2219 1978 3815 2049">
    <p class='ocr_par' dir='ltr' id='par_1_60' title="bbox 2219 1978 3815 2049">
     <span class='ocr_line' id='line_1_60' title="bbox 2219 1978 3815 2049; baseline 0.002 -14"><span class='ocrx_word' id='word_1_459' title='bbox 2219 1995 2340 2035; x_wconf 91' lang='lat' dir='ltr'><strong>rum</strong></span> <span class='ocrx_word' id='word_1_460' title='bbox 2370 1979 2704 2035; x_wconf 90' lang='lat' dir='ltr'><strong>consortium</strong></span> <span class='ocrx_word' id='word_1_461' title='bbox 2745 1986 2868 2034; x_wconf 87' lang='lat' dir='ltr'><strong>sunt</strong></span> <span class='ocrx_word' id='word_1_462' title='bbox 2899 1978 3251 2049; x_wconf 65' lang='lat' dir='ltr'><strong>perventuri,</strong></span> <span class='ocrx_word' id='word_1_463' title='bbox 3278 1980 3430 2049; x_wconf 83' lang='lat' dir='ltr'><strong>quia</strong></span> <span class='ocrx_word' id='word_1_464' title='bbox 3475 1982 3659 2037; x_wconf 76' lang='lat' dir='ltr'><strong>mundi</strong></span> <span class='ocrx_word' id='word_1_465' title='bbox 3704 1983 3815 2038; x_wconf 69' lang='lat' dir='ltr'><strong>imo</strong></span> 
     </span>
    </p>
   </div>
   <div class='ocr_carea' id='block_1_61' title="bbox 2218 2071 3820 2146">
    <p class='ocr_par' dir='ltr' id='par_1_61' title="bbox 2218 2071 3820 2146">
     <span class='ocr_line' id='line_1_61' title="bbox 2218 2071 3820 2146; baseline 0.003 -19"><span class='ocrx_word' id='word_1_466' title='bbox 2218 2073 2544 2146; x_wconf 88' lang='lat' dir='ltr'><strong>pedimentis</strong></span> <span class='ocrx_word' id='word_1_467' title='bbox 2571 2088 2636 2127; x_wconf 92' lang='lat' dir='ltr'><strong>ac</strong></span> <span class='ocrx_word' id='word_1_468' title='bbox 2659 2071 2972 2127; x_wconf 87' lang='lat' dir='ltr'><strong>carnalibus</strong></span> <span class='ocrx_word' id='word_1_469' title='bbox 2998 2071 3149 2127; x_wconf 87' lang='lat' dir='ltr'><strong>curis</strong></span> <span class='ocrx_word' id='word_1_470' title='bbox 3174 2072 3314 2127; x_wconf 78' lang='lat' dir='ltr'><strong>velut</strong></span> <span class='ocrx_word' id='word_1_471' title='bbox 3333 2074 3664 2130; x_wconf 73' lang='lat' dir='ltr'><strong>dormientes</strong></span> <span class='ocrx_word' id='word_1_472' title='bbox 3685 2084 3820 2132; x_wconf 75' lang='lat' dir='ltr'><strong>sunt</strong></span> 
     </span>
    </p>
   </div>
   <div class='ocr_carea' id='block_1_62' title="bbox 2219 2163 3816 2243">
    <p class='ocr_par' dir='ltr' id='par_1_62' title="bbox 2219 2163 3816 2243">
     <span class='ocr_line' id='line_1_62' title="bbox 2219 2163 3816 2243; baseline -0.008 -18"><span class='ocrx_word' id='word_1_473' title='bbox 2219 2167 2405 2225; x_wconf 55' lang='lat'><strong>31120.1.</strong></span> <span class='ocrx_word' id='word_1_474' title='bbox 2437 2165 2598 2236; x_wconf 69' lang='grc' dir='ltr'><strong>ρυαεὶ</strong></span> <span class='ocrx_word' id='word_1_475' title='bbox 2629 2180 2760 2238; x_wconf 67' lang='lat' dir='ltr'><strong>ergo</strong></span> <span class='ocrx_word' id='word_1_476' title='bbox 2801 2163 3078 2226; x_wconf 64' lang='lat' dir='ltr'><strong>domuum</strong></span> <span class='ocrx_word' id='word_1_477' title='bbox 3109 2164 3338 2239; x_wconf 49' lang='grc' dir='ltr'><strong>νζίω,</strong></span> <span class='ocrx_word' id='word_1_478' title='bbox 3376 2168 3471 2241; x_wconf 52' lang='lat' dir='ltr'><strong>qui</strong></span> <span class='ocrx_word' id='word_1_479' title='bbox 3506 2170 3689 2228; x_wconf 58' lang='lat' dir='ltr'><strong>mund]</strong></span> <span class='ocrx_word' id='word_1_480' title='bbox 3719 2186 3816 2243; x_wconf 60' lang='grc' dir='ltr'>ωτ</span> 
     </span>
    </p>
   </div>
   <div class='ocr_carea' id='block_1_63' title="bbox 2220 2260 3815 2334">
    <p class='ocr_par' dir='ltr' id='par_1_63' title="bbox 2220 2260 3815 2334">
     <span class='ocr_line' id='line_1_63' title="bbox 2220 2260 3815 2334; baseline 0.003 -16"><span class='ocrx_word' id='word_1_481' title='bbox 2220 2264 2456 2334; x_wconf 85' lang='lat' dir='ltr'><strong>perlluas</strong></span> <span class='ocrx_word' id='word_1_482' title='bbox 2480 2260 2876 2316; x_wconf 86' lang='lat' dir='ltr'><strong>sollicitudines</strong></span> <span class='ocrx_word' id='word_1_483' title='bbox 2904 2270 3258 2331; x_wconf 79' lang='lat' dir='ltr'><strong>postponens,</strong></span> <span class='ocrx_word' id='word_1_484' title='bbox 3287 2264 3503 2318; x_wconf 70' lang='lat' dir='ltr'><strong>oculum</strong></span> <span class='ocrx_word' id='word_1_485' title='bbox 3529 2266 3724 2321; x_wconf 77' lang='lat' dir='ltr'><strong>mentis</strong></span> <span class='ocrx_word' id='word_1_486' title='bbox 3756 2266 3815 2322; x_wconf 85' lang='lat' dir='ltr'><strong>in</strong></span> 
     </span>
    </p>
   </div>
   <div class='ocr_carea' id='block_1_64' title="bbox 2221 2352 3814 2424">
    <p class='ocr_par' dir='ltr' id='par_1_64' title="bbox 2221 2352 3814 2424">
     <span class='ocr_line' id='line_1_64' title="bbox 2221 2352 3814 2424; baseline 0.003 -13"><span class='ocrx_word' id='word_1_487' title='bbox 2221 2369 2464 2411; x_wconf 88' lang='lat' dir='ltr'><strong>amorem</strong></span> <span class='ocrx_word' id='word_1_488' title='bbox 2513 2353 2609 2410; x_wconf 84' lang='lat' dir='ltr'><strong>Dei</strong></span> <span class='ocrx_word' id='word_1_489' title='bbox 2664 2353 2840 2424; x_wconf 88' lang='lat' dir='ltr'><strong>aperit</strong></span> <span class='ocrx_word' id='word_1_490' title='bbox 2885 2354 3025 2409; x_wconf 92' lang='lat' dir='ltr'><strong>sicut</strong></span> <span class='ocrx_word' id='word_1_491' title='bbox 3074 2352 3335 2411; x_wconf 75' lang='lat' dir='ltr'><strong>Ecclesiae</strong></span> <span class='ocrx_word' id='word_1_492' title='bbox 3383 2370 3515 2412; x_wconf 82' lang='lat' dir='ltr'><strong>voce</strong></span> <span class='ocrx_word' id='word_1_493' title='bbox 3557 2358 3814 2415; x_wconf 85' lang='lat' dir='ltr'><strong>dicitur:</strong></span> 
     </span>
    </p>
   </div>
   <div class='ocr_carea' id='block_1_65' title="bbox 2229 2446 3820 2521">
    <p class='ocr_par' dir='ltr' id='par_1_65' title="bbox 2229 2446 3820 2521">
     <span class='ocr_line' id='line_1_65' title="bbox 2229 2446 3820 2521; baseline 0.006 -21"><span class='ocrx_word' id='word_1_494' title='bbox 2229 2467 2247 2500; x_wconf 83' lang='grc' dir='ltr'><strong>ι</strong></span> <span class='ocrx_word' id='word_1_495' title='bbox 2272 2450 2385 2521; x_wconf 80' lang='lat' dir='ltr'><strong>Ego</strong></span> <span class='ocrx_word' id='word_1_496' title='bbox 2409 2448 2639 2514; x_wconf 89' lang='lat' dir='ltr'><strong>dormio,</strong></span> <span class='ocrx_word' id='word_1_497' title='bbox 2655 2458 2816 2503; x_wconf 89' lang='lat' dir='ltr'><strong>etcor</strong></span> <span class='ocrx_word' id='word_1_498' title='bbox 2834 2462 3012 2502; x_wconf 91' lang='lat' dir='ltr'><strong>meum</strong></span> <span class='ocrx_word' id='word_1_499' title='bbox 3034 2447 3218 2518; x_wconf 84' lang='lat' dir='ltr'><strong>vigilat</strong></span> <span class='ocrx_word' id='word_1_500' title='bbox 3232 2446 3409 2520; x_wconf 77' lang='lat' dir='ltr'><strong>(Cum.</strong></span> <span class='ocrx_word' id='word_1_501' title='bbox 3429 2450 3504 2520; x_wconf 71' lang='grc' dir='ltr'><strong>ν).</strong></span> <span class='ocrx_word' id='word_1_502' title='bbox 3529 2472 3547 2505; x_wconf 74' lang='grc' dir='ltr'><strong>ι</strong></span> <span class='ocrx_word' id='word_1_503' title='bbox 3566 2451 3709 2521; x_wconf 77' lang='lat' dir='ltr'><strong>Quid</strong></span> <span class='ocrx_word' id='word_1_504' title='bbox 3726 2468 3820 2509; x_wconf 74' lang='lat' dir='ltr'><strong>au-</strong></span> 
     </span>
    </p>
   </div>
   <div class='ocr_carea' id='block_1_66' title="bbox 2226 2538 3807 2611">
    <p class='ocr_par' dir='ltr' id='par_1_66' title="bbox 2226 2538 3807 2611">
     <span class='ocr_line' id='line_1_66' title="bbox 2226 2538 3807 2611; baseline 0.004 -16"><span class='ocrx_word' id='word_1_505' title='bbox 2226 2548 2336 2595; x_wconf 89' lang='lat' dir='ltr'><strong>tem</strong></span> <span class='ocrx_word' id='word_1_506' title='bbox 2373 2540 2427 2595; x_wconf 90' lang='lat' dir='ltr'><strong>in</strong></span> <span class='ocrx_word' id='word_1_507' title='bbox 2480 2541 2686 2595; x_wconf 85' lang='lat' dir='ltr'><strong>somnis</strong></span> <span class='ocrx_word' id='word_1_508' title='bbox 2722 2538 2945 2611; x_wconf 85' lang='lat' dir='ltr'><strong>angelus</strong></span> <span class='ocrx_word' id='word_1_509' title='bbox 2975 2556 3245 2610; x_wconf 86' lang='lat' dir='ltr'><strong>apparens</strong></span> <span class='ocrx_word' id='word_1_510' title='bbox 3273 2541 3450 2607; x_wconf 84' lang='lat' dir='ltr'><strong>dicat,</strong></span> <span class='ocrx_word' id='word_1_511' title='bbox 3490 2546 3807 2602; x_wconf 67' lang='lat' dir='ltr'><strong>audierim:</strong></span> 
     </span>
    </p>
   </div>
   <div class='ocr_carea' id='block_1_67' title="bbox 2232 2635 3817 2711">
    <p class='ocr_par' dir='ltr' id='par_1_67' title="bbox 2232 2635 3817 2711">
     <span class='ocr_line' id='line_1_67' title="bbox 2232 2635 3817 2711; baseline 0.004 -24"><span class='ocrx_word' id='word_1_512' title='bbox 2232 2654 2252 2687; x_wconf 78' lang='grc' dir='ltr'><strong>ι</strong></span> <span class='ocrx_word' id='word_1_513' title='bbox 2290 2636 2461 2707; x_wconf 78' lang='lat' dir='ltr'><strong>Surge</strong></span> <span class='ocrx_word' id='word_1_514' title='bbox 2482 2644 2541 2692; x_wconf 88' lang='lat' dir='ltr'><strong>et</strong></span> <span class='ocrx_word' id='word_1_515' title='bbox 2580 2635 2771 2706; x_wconf 81' lang='lat' dir='ltr'><strong>accipe</strong></span> <span class='ocrx_word' id='word_1_516' title='bbox 2796 2650 3021 2704; x_wconf 88' lang='lat' dir='ltr'><strong>puerum</strong></span> <span class='ocrx_word' id='word_1_517' title='bbox 3041 2675 3057 2700; x_wconf 95' lang='lat'><strong>,</strong></span> <span class='ocrx_word' id='word_1_518' title='bbox 3086 2645 3144 2690; x_wconf 90' lang='lat' dir='ltr'><strong>et</strong></span> <span class='ocrx_word' id='word_1_519' title='bbox 3177 2647 3405 2693; x_wconf 85' lang='lat' dir='ltr'><strong>matrem</strong></span> <span class='ocrx_word' id='word_1_520' title='bbox 3442 2639 3584 2710; x_wconf 84' lang='lat' dir='ltr'><strong>ejus,</strong></span> <span class='ocrx_word' id='word_1_521' title='bbox 3608 2649 3667 2696; x_wconf 87' lang='lat' dir='ltr'><strong>et</strong></span> <span class='ocrx_word' id='word_1_522' title='bbox 3694 2639 3817 2711; x_wconf 71' lang='lat' dir='ltr'><strong>fuge</strong></span> 
     </span>
    </p>
   </div>
   <div class='ocr_carea' id='block_1_68' title="bbox 2235 2725 3811 2798">
    <p class='ocr_par' dir='ltr' id='par_1_68' title="bbox 2235 2725 3811 2798">
     <span class='ocr_line' id='line_1_68' title="bbox 2235 2725 3811 2798; baseline 0.005 -19"><span class='ocrx_word' id='word_1_523' title='bbox 2235 2746 2254 2778; x_wconf 79' lang='grc' dir='ltr'><strong>ι</strong></span> <span class='ocrx_word' id='word_1_524' title='bbox 2291 2728 2345 2781; x_wconf 92' lang='lat' dir='ltr'><strong>in</strong></span> <span class='ocrx_word' id='word_1_525' title='bbox 2372 2725 2668 2798; x_wconf 58' lang='lat' dir='ltr'><strong>Egyptians</strong></span> <span class='ocrx_word' id='word_1_526' title='bbox 2689 2762 2703 2791; x_wconf 86' lang='lat'><strong>,</strong></span> <span class='ocrx_word' id='word_1_527' title='bbox 2741 2735 2795 2783; x_wconf 87' lang='lat' dir='ltr'><strong>et</strong></span> <span class='ocrx_word' id='word_1_528' title='bbox 2823 2733 2943 2782; x_wconf 85' lang='lat' dir='ltr'><strong>esto</strong></span> <span class='ocrx_word' id='word_1_529' title='bbox 2973 2725 3048 2781; x_wconf 89' lang='lat' dir='ltr'><strong>ibi</strong></span> <span class='ocrx_word' id='word_1_530' title='bbox 3082 2730 3388 2795; x_wconf 81' lang='lat' dir='ltr'><strong>usquedum</strong></span> <span class='ocrx_word' id='word_1_531' title='bbox 3428 2730 3606 2786; x_wconf 78' lang='lat' dir='ltr'><strong>dicam</strong></span> <span class='ocrx_word' id='word_1_532' title='bbox 3637 2731 3755 2787; x_wconf 81' lang='lat' dir='ltr'><strong>tibi.</strong></span> <span class='ocrx_word' id='word_1_533' title='bbox 3792 2738 3811 2786; x_wconf 67' lang='grc' dir='ltr'>δ</span> 
     </span>
    </p>
   </div>
   <div class='ocr_carea' id='block_1_69' title="bbox 2230 2818 3819 2893">
    <p class='ocr_par' dir='ltr' id='par_1_69' title="bbox 2230 2818 3819 2893">
     <span class='ocr_line' id='line_1_69' title="bbox 2230 2818 3819 2893; baseline 0.003 -17"><span class='ocrx_word' id='word_1_534' title='bbox 2230 2820 2333 2876; x_wconf 82' lang='lat' dir='ltr'><strong>Ubi</strong></span> <span class='ocrx_word' id='word_1_535' title='bbox 2363 2818 2685 2884; x_wconf 85' lang='lat' dir='ltr'><strong>notandum,</strong></span> <span class='ocrx_word' id='word_1_536' title='bbox 2717 2818 2843 2889; x_wconf 80' lang='lat' dir='ltr'><strong>quia</strong></span> <span class='ocrx_word' id='word_1_537' title='bbox 2866 2834 2977 2874; x_wconf 87' lang='lat' dir='ltr'><strong>non</strong></span> <span class='ocrx_word' id='word_1_538' title='bbox 3003 2819 3165 2883; x_wconf 65' lang='lat' dir='ltr'><strong>dixit,</strong></span> <span class='ocrx_word' id='word_1_539' title='bbox 3191 2822 3390 2893; x_wconf 84' lang='lat' dir='ltr'><strong>Accipe</strong></span> <span class='ocrx_word' id='word_1_540' title='bbox 3428 2822 3598 2880; x_wconf 79' lang='lat' dir='ltr'><strong>liiinm</strong></span> <span class='ocrx_word' id='word_1_541' title='bbox 3636 2834 3819 2893; x_wconf 81' lang='lat' dir='ltr'><strong>tuum,</strong></span> 
     </span>
    </p>
   </div>
   <div class='ocr_carea' id='block_1_70' title="bbox 2229 2911 3823 2989">
    <p class='ocr_par' dir='ltr' id='par_1_70' title="bbox 2229 2911 3823 2989">
     <span class='ocr_line' id='line_1_70' title="bbox 2229 2911 3823 2989; baseline 0.004 -21"><span class='ocrx_word' id='word_1_542' title='bbox 2229 2923 2291 2968; x_wconf 92' lang='lat' dir='ltr'><strong>ut</strong></span> <span class='ocrx_word' id='word_1_543' title='bbox 2317 2912 2451 2969; x_wconf 91' lang='lat' dir='ltr'><strong>falso</strong></span> <span class='ocrx_word' id='word_1_544' title='bbox 2478 2911 2651 2969; x_wconf 78' lang='lat' dir='ltr'><strong>Judaei</strong></span> <span class='ocrx_word' id='word_1_545' title='bbox 2689 2912 2871 2969; x_wconf 84' lang='lat' dir='ltr'><strong>dicere</strong></span> <span class='ocrx_word' id='word_1_546' title='bbox 2899 2913 3221 2980; x_wconf 88' lang='lat' dir='ltr'><strong>voluerunt,</strong></span> <span class='ocrx_word' id='word_1_547' title='bbox 3254 2916 3371 2981; x_wconf 88' lang='lat' dir='ltr'><strong>sed,</strong></span> <span class='ocrx_word' id='word_1_548' title='bbox 3405 2933 3426 2968; x_wconf 79' lang='grc' dir='ltr'><strong>ι</strong></span> <span class='ocrx_word' id='word_1_549' title='bbox 3457 2917 3661 2987; x_wconf 80' lang='lat' dir='ltr'><strong>Accipe</strong></span> <span class='ocrx_word' id='word_1_550' title='bbox 3688 2934 3823 2989; x_wconf 84' lang='lat' dir='ltr'><strong>pue-</strong></span> 
     </span>
    </p>
   </div>
   <div class='ocr_carea' id='block_1_71' title="bbox 2231 3006 3824 3078">
    <p class='ocr_par' dir='ltr' id='par_1_71' title="bbox 2231 3006 3824 3078">
     <span class='ocr_line' id='line_1_71' title="bbox 2231 3006 3824 3078; baseline 0.004 -17"><span class='ocrx_word' id='word_1_551' title='bbox 2231 3021 2371 3071; x_wconf 87' lang='lat' dir='ltr'><strong>rum,</strong></span> <span class='ocrx_word' id='word_1_552' title='bbox 2410 3024 2431 3059; x_wconf 76' lang='grc' dir='ltr'><strong>ι</strong></span> <span class='ocrx_word' id='word_1_553' title='bbox 2466 3006 2519 3062; x_wconf 92' lang='lat' dir='ltr'><strong>id</strong></span> <span class='ocrx_word' id='word_1_554' title='bbox 2548 3015 2632 3061; x_wconf 89' lang='lat' dir='ltr'><strong>est</strong></span> <span class='ocrx_word' id='word_1_555' title='bbox 2650 3006 2838 3075; x_wconf 84' lang='lat' dir='ltr'><strong>accipe</strong></span> <span class='ocrx_word' id='word_1_556' title='bbox 2876 3009 3029 3076; x_wconf 89' lang='lat' dir='ltr'><strong>quasi</strong></span> <span class='ocrx_word' id='word_1_557' title='bbox 3068 3007 3281 3078; x_wconf 70' lang='lat' dir='ltr'><strong>baiulus</strong></span> <span class='ocrx_word' id='word_1_558' title='bbox 3310 3017 3369 3063; x_wconf 85' lang='lat' dir='ltr'><strong>et</strong></span> <span class='ocrx_word' id='word_1_559' title='bbox 3395 3010 3672 3075; x_wconf 76' lang='lat' dir='ltr'><strong>nutritius,</strong></span> <span class='ocrx_word' id='word_1_560' title='bbox 3710 3023 3824 3067; x_wconf 75' lang='lat' dir='ltr'><strong>non</strong></span> 
     </span>
    </p>
   </div>
   <div class='ocr_carea' id='block_1_72' title="bbox 2152 3096 3829 3191">
    <p class='ocr_par' dir='ltr' id='par_1_72' title="bbox 2152 3096 3829 3191">
     <span class='ocr_line' id='line_1_72' title="bbox 2152 3096 3829 3191; baseline 0.004 -41"><span class='ocrx_word' id='word_1_561' title='bbox 2152 3125 2199 3191; x_wconf 64' lang='grc' dir='ltr'>ε</span> <span class='ocrx_word' id='word_1_562' title='bbox 2232 3096 2385 3167; x_wconf 86' lang='lat' dir='ltr'><strong>quasi</strong></span> <span class='ocrx_word' id='word_1_563' title='bbox 2441 3105 2599 3166; x_wconf 86' lang='lat' dir='ltr'><strong>pater</strong></span> <span class='ocrx_word' id='word_1_564' title='bbox 2646 3096 2920 3168; x_wconf 84' lang='lat' dir='ltr'><strong>proprius.</strong></span> <span class='ocrx_word' id='word_1_565' title='bbox 2971 3097 3088 3152; x_wconf 76' lang='lat' dir='ltr'><strong>Non</strong></span> <span class='ocrx_word' id='word_1_566' title='bbox 3148 3099 3314 3164; x_wconf 75' lang='lat' dir='ltr'><strong>dixit,</strong></span> <span class='ocrx_word' id='word_1_567' title='bbox 3358 3100 3544 3170; x_wconf 84' lang='lat' dir='ltr'><strong>accipe</strong></span> <span class='ocrx_word' id='word_1_568' title='bbox 3590 3115 3829 3157; x_wconf 76' lang='lat' dir='ltr'><strong>uxorem</strong></span> 
     </span>
    </p>
   </div>
   <div class='ocr_carea' id='block_1_73' title="bbox 2235 3192 3828 3263">
    <p class='ocr_par' dir='ltr' id='par_1_73' title="bbox 2235 3192 3828 3263">
     <span class='ocr_line' id='line_1_73' title="bbox 2235 3192 3828 3263; baseline 0.002 -17"><span class='ocrx_word' id='word_1_569' title='bbox 2235 3201 2416 3257; x_wconf 87' lang='lat' dir='ltr'><strong>tuam,</strong></span> <span class='ocrx_word' id='word_1_570' title='bbox 2462 3201 2523 3247; x_wconf 92' lang='lat' dir='ltr'><strong>ut</strong></span> <span class='ocrx_word' id='word_1_571' title='bbox 2568 3192 2876 3248; x_wconf 85' lang='lat' dir='ltr'><strong>Pbotiuiani</strong></span> <span class='ocrx_word' id='word_1_572' title='bbox 2915 3193 3097 3250; x_wconf 85' lang='lat' dir='ltr'><strong>dicere</strong></span> <span class='ocrx_word' id='word_1_573' title='bbox 3127 3193 3435 3259; x_wconf 78' lang='lat' dir='ltr'><strong>voluerunt,</strong></span> <span class='ocrx_word' id='word_1_574' title='bbox 3481 3196 3734 3263; x_wconf 83' lang='lat' dir='ltr'><strong>quamvis</strong></span> <span class='ocrx_word' id='word_1_575' title='bbox 3762 3204 3828 3251; x_wconf 72' lang='lat' dir='ltr'><strong>et</strong></span> 
     </span>
    </p>
   </div>
   <div class='ocr_carea' id='block_1_74' title="bbox 2231 3284 3825 3355">
    <p class='ocr_par' dir='ltr' id='par_1_74' title="bbox 2231 3284 3825 3355">
     <span class='ocr_line' id='line_1_74' title="bbox 2231 3284 3825 3355; baseline 0.002 -16"><span class='ocrx_word' id='word_1_576' title='bbox 2231 3298 2445 3353; x_wconf 69' lang='lat' dir='ltr'><strong>sponsa-</strong></span> <span class='ocrx_word' id='word_1_577' title='bbox 2468 3298 2667 3339; x_wconf 81' lang='lat' dir='ltr'><strong>uxores</strong></span> <span class='ocrx_word' id='word_1_578' title='bbox 2694 3284 2798 3339; x_wconf 89' lang='lat' dir='ltr'><strong>dici</strong></span> <span class='ocrx_word' id='word_1_579' title='bbox 2829 3286 3058 3355; x_wconf 86' lang='lat' dir='ltr'><strong>possint,</strong></span> <span class='ocrx_word' id='word_1_580' title='bbox 3085 3287 3180 3341; x_wconf 86' lang='lat' dir='ltr'><strong>sed</strong></span> <span class='ocrx_word' id='word_1_581' title='bbox 3209 3286 3390 3355; x_wconf 80' lang='lat' dir='ltr'><strong>accipe</strong></span> <span class='ocrx_word' id='word_1_582' title='bbox 3417 3294 3649 3339; x_wconf 88' lang='lat' dir='ltr'><strong>matrem</strong></span> <span class='ocrx_word' id='word_1_583' title='bbox 3673 3288 3825 3355; x_wconf 65' lang='lat' dir='ltr'><strong>ejus,</strong></span> 
     </span>
    </p>
   </div>
   <div class='ocr_carea' id='block_1_75' title="bbox 2233 3367 3831 3450">
    <p class='ocr_par' dir='ltr' id='par_1_75' title="bbox 2233 3367 3831 3450">
     <span class='ocr_line' id='line_1_75' title="bbox 2233 3367 3831 3450; baseline 0.003 -16"><span class='ocrx_word' id='word_1_584' title='bbox 2233 3379 2288 3434; x_wconf 87' lang='lat' dir='ltr'><strong>id</strong></span> <span class='ocrx_word' id='word_1_585' title='bbox 2334 3389 2442 3443; x_wconf 88' lang='lat' dir='ltr'><strong>est,</strong></span> <span class='ocrx_word' id='word_1_586' title='bbox 2473 3379 2660 3450; x_wconf 86' lang='lat' dir='ltr'><strong>accipe</strong></span> <span class='ocrx_word' id='word_1_587' title='bbox 2688 3380 2844 3449; x_wconf 69' lang='grc' dir='ltr'>(ιιιιωί</span> <span class='ocrx_word' id='word_1_588' title='bbox 2884 3367 3068 3436; x_wconf 59' lang='lat' dir='ltr'><strong>Bis-tos</strong></span> <span class='ocrx_word' id='word_1_589' title='bbox 3097 3380 3367 3437; x_wconf 83' lang='lat' dir='ltr'><strong>castitatis</strong></span> <span class='ocrx_word' id='word_1_590' title='bbox 3392 3390 3450 3436; x_wconf 90' lang='lat' dir='ltr'><strong>et</strong></span> <span class='ocrx_word' id='word_1_591' title='bbox 3490 3391 3831 3438; x_wconf 61' lang='lat' dir='ltr'><strong>sustentata:</strong></span> 
     </span>
    </p>
   </div>
   <div class='ocr_carea' id='block_1_76' title="bbox 2233 3468 3830 3544">
    <p class='ocr_par' dir='ltr' id='par_1_76' title="bbox 2233 3468 3830 3544">
     <span class='ocr_line' id='line_1_76' title="bbox 2233 3468 3830 3544; baseline 0.006 -21"><span class='ocrx_word' id='word_1_592' title='bbox 2233 3468 2568 3540; x_wconf 80' lang='lat' dir='ltr'><strong>fragilitatis,</strong></span> <span class='ocrx_word' id='word_1_593' title='bbox 2603 3485 2708 3524; x_wconf 89' lang='lat' dir='ltr'><strong>non</strong></span> <span class='ocrx_word' id='word_1_594' title='bbox 2734 3481 2791 3525; x_wconf 90' lang='lat' dir='ltr'><strong>ut</strong></span> <span class='ocrx_word' id='word_1_595' title='bbox 2822 3471 3050 3526; x_wconf 86' lang='lat' dir='ltr'><strong>violator</strong></span> <span class='ocrx_word' id='word_1_596' title='bbox 3083 3473 3433 3544; x_wconf 65' lang='lat' dir='ltr'><strong>virginitatis.</strong></span> <span class='ocrx_word' id='word_1_597' title='bbox 3459 3472 3613 3543; x_wconf 73' lang='lat' dir='ltr'><strong>Fugit</strong></span> <span class='ocrx_word' id='word_1_598' title='bbox 3640 3482 3830 3533; x_wconf 64' lang='lat' dir='ltr'><strong>autem</strong></span> 
     </span>
    </p>
   </div>
   <div class='ocr_carea' id='block_1_77' title="bbox 2232 3561 3829 3637">
    <p class='ocr_par' dir='ltr' id='par_1_77' title="bbox 2232 3561 3829 3637">
     <span class='ocr_line' id='line_1_77' title="bbox 2232 3561 3829 3637; baseline 0.004 -22"><span class='ocrx_word' id='word_1_599' title='bbox 2232 3577 2371 3633; x_wconf 88' lang='lat' dir='ltr'><strong>puer</strong></span> <span class='ocrx_word' id='word_1_600' title='bbox 2404 3561 2564 3617; x_wconf 77' lang='lat' dir='ltr'><strong>Jesus</strong></span> <span class='ocrx_word' id='word_1_601' title='bbox 2590 3574 2716 3619; x_wconf 85' lang='lat' dir='ltr'><strong>ante</strong></span> <span class='ocrx_word' id='word_1_602' title='bbox 2741 3565 3174 3633; x_wconf 77' lang='lat' dir='ltr'><strong>persecutionem</strong></span> <span class='ocrx_word' id='word_1_603' title='bbox 3223 3565 3450 3621; x_wconf 76' lang='lat' dir='ltr'><strong>lleroJis</strong></span> <span class='ocrx_word' id='word_1_604' title='bbox 3473 3603 3489 3629; x_wconf 95' lang='lat'><strong>,</strong></span> <span class='ocrx_word' id='word_1_605' title='bbox 3530 3581 3638 3620; x_wconf 80' lang='lat' dir='ltr'><strong>non</strong></span> <span class='ocrx_word' id='word_1_606' title='bbox 3681 3566 3829 3637; x_wconf 83' lang='lat' dir='ltr'><strong>quod</strong></span> 
     </span>
    </p>
   </div>
   <div class='ocr_carea' id='block_1_78' title="bbox 2236 3652 3826 3726">
    <p class='ocr_par' dir='ltr' id='par_1_78' title="bbox 2236 3652 3826 3726">
     <span class='ocr_line' id='line_1_78' title="bbox 2236 3652 3826 3726; baseline 0.004 -19"><span class='ocrx_word' id='word_1_607' title='bbox 2236 3663 2466 3708; x_wconf 87' lang='lat' dir='ltr'><strong>mortem</strong></span> <span class='ocrx_word' id='word_1_608' title='bbox 2503 3652 2750 3717; x_wconf 87' lang='lat' dir='ltr'><strong>timeret,</strong></span> <span class='ocrx_word' id='word_1_609' title='bbox 2795 3658 2885 3725; x_wconf 88' lang='lat' dir='ltr'><strong>qui</strong></span> <span class='ocrx_word' id='word_1_610' title='bbox 2926 3660 3023 3726; x_wconf 85' lang='lat' dir='ltr'><strong>pro</strong></span> <span class='ocrx_word' id='word_1_611' title='bbox 3073 3656 3380 3711; x_wconf 82' lang='lat' dir='ltr'><strong>hominibus</strong></span> <span class='ocrx_word' id='word_1_612' title='bbox 3410 3658 3548 3711; x_wconf 82' lang='lat' dir='ltr'><strong>mori</strong></span> <span class='ocrx_word' id='word_1_613' title='bbox 3577 3664 3826 3724; x_wconf 67' lang='lat' dir='ltr'><strong>venerat,</strong></span> 
     </span>
    </p>
   </div>
   <div class='ocr_carea' id='block_1_79' title="bbox 2236 3745 3829 3818">
    <p class='ocr_par' dir='ltr' id='par_1_79' title="bbox 2236 3745 3829 3818">
     <span class='ocr_line' id='line_1_79' title="bbox 2236 3745 3829 3818; baseline 0.003 -18"><span class='ocrx_word' id='word_1_614' title='bbox 2236 3745 2330 3800; x_wconf 81' lang='lat' dir='ltr'><strong>sed</strong></span> <span class='ocrx_word' id='word_1_615' title='bbox 2374 3753 2433 3798; x_wconf 89' lang='lat' dir='ltr'><strong>ut</strong></span> <span class='ocrx_word' id='word_1_616' title='bbox 2466 3756 2708 3816; x_wconf 83' lang='lat' dir='ltr'><strong>tempore</strong></span> <span class='ocrx_word' id='word_1_617' title='bbox 2741 3761 3003 3817; x_wconf 85' lang='lat' dir='ltr'><strong>congruo,</strong></span> <span class='ocrx_word' id='word_1_618' title='bbox 3053 3763 3160 3800; x_wconf 87' lang='lat' dir='ltr'><strong>non</strong></span> <span class='ocrx_word' id='word_1_619' title='bbox 3191 3762 3353 3818; x_wconf 80' lang='lat' dir='ltr'><strong>quam</strong></span> <span class='ocrx_word' id='word_1_620' title='bbox 3394 3759 3713 3818; x_wconf 78' lang='lat' dir='ltr'><strong>persecutor</strong></span> <span class='ocrx_word' id='word_1_621' title='bbox 3742 3748 3829 3804; x_wconf 49' lang='lat' dir='ltr'><strong>in&quot;</strong></span> 
     </span>
    </p>
   </div>
   <div class='ocr_carea' id='block_1_80' title="bbox 2234 3836 3828 3910">
    <p class='ocr_par' dir='ltr' id='par_1_80' title="bbox 2234 3836 3828 3910">
     <span class='ocr_line' id='line_1_80' title="bbox 2234 3836 3828 3910; baseline 0.004 -19"><span class='ocrx_word' id='word_1_622' title='bbox 2234 3836 2380 3893; x_wconf 86' lang='lat' dir='ltr'><strong>ferre</strong></span> <span class='ocrx_word' id='word_1_623' title='bbox 2405 3839 2645 3901; x_wconf 83' lang='lat' dir='ltr'><strong>volebat,</strong></span> <span class='ocrx_word' id='word_1_624' title='bbox 2673 3841 2767 3895; x_wconf 87' lang='lat' dir='ltr'><strong>sed</strong></span> <span class='ocrx_word' id='word_1_625' title='bbox 2795 3856 2958 3910; x_wconf 88' lang='lat' dir='ltr'><strong>quam</strong></span> <span class='ocrx_word' id='word_1_626' title='bbox 2991 3841 3103 3909; x_wconf 82' lang='lat' dir='ltr'><strong>ipse</strong></span> <span class='ocrx_word' id='word_1_627' title='bbox 3133 3842 3494 3909; x_wconf 78' lang='lat' dir='ltr'><strong>disposuerat,</strong></span> <span class='ocrx_word' id='word_1_628' title='bbox 3520 3842 3828 3897; x_wconf 70' lang='lat' dir='ltr'><strong>sustinmct</strong></span> 
     </span>
    </p>
   </div>
   <div class='ocr_carea' id='block_1_81' title="bbox 2238 3934 3825 4007">
    <p class='ocr_par' dir='ltr' id='par_1_81' title="bbox 2238 3934 3825 4007">
     <span class='ocr_line' id='line_1_81' title="bbox 2238 3934 3825 4007; baseline 0.005 -22"><span class='ocrx_word' id='word_1_629' title='bbox 2238 3941 2489 3994; x_wconf 86' lang='lat' dir='ltr'><strong>mortem,</strong></span> <span class='ocrx_word' id='word_1_630' title='bbox 2530 3934 2820 3987; x_wconf 85' lang='lat' dir='ltr'><strong>ostendens</strong></span> <span class='ocrx_word' id='word_1_631' title='bbox 2867 3942 3193 4004; x_wconf 84' lang='lat' dir='ltr'><strong>potestatem</strong></span> <span class='ocrx_word' id='word_1_632' title='bbox 3237 3949 3297 3989; x_wconf 88' lang='lat' dir='ltr'><strong>se</strong></span> <span class='ocrx_word' id='word_1_633' title='bbox 3342 3935 3541 3991; x_wconf 83' lang='lat' dir='ltr'><strong>habere</strong></span> <span class='ocrx_word' id='word_1_634' title='bbox 3590 3936 3825 4007; x_wconf 86' lang='lat' dir='ltr'><strong>ponendi</strong></span> 
     </span>
    </p>
   </div>
   <div class='ocr_carea' id='block_1_82' title="bbox 2236 4022 3828 4097">
    <p class='ocr_par' dir='ltr' id='par_1_82' title="bbox 2236 4022 3828 4097">
     <span class='ocr_line' id='line_1_82' title="bbox 2236 4022 3828 4097; baseline 0.004 -21"><span class='ocrx_word' id='word_1_635' title='bbox 2236 4022 2473 4076; x_wconf 82' lang='lat' dir='ltr'><strong>animam</strong></span> <span class='ocrx_word' id='word_1_636' title='bbox 2512 4040 2688 4086; x_wconf 86' lang='lat' dir='ltr'><strong>suam,</strong></span> <span class='ocrx_word' id='word_1_637' title='bbox 2733 4034 2787 4079; x_wconf 89' lang='lat' dir='ltr'><strong>et</strong></span> <span class='ocrx_word' id='word_1_638' title='bbox 2837 4024 3031 4078; x_wconf 78' lang='lat' dir='ltr'><strong>iterum</strong></span> <span class='ocrx_word' id='word_1_639' title='bbox 3081 4025 3329 4080; x_wconf 69' lang='lat' dir='ltr'><strong>samendi</strong></span> <span class='ocrx_word' id='word_1_640' title='bbox 3372 4040 3493 4080; x_wconf 86' lang='lat' dir='ltr'><strong>eam</strong></span> <span class='ocrx_word' id='word_1_641' title='bbox 3527 4026 3711 4097; x_wconf 59' lang='lat' dir='ltr'><strong>(Jonn.</strong></span> <span class='ocrx_word' id='word_1_642' title='bbox 3749 4028 3828 4097; x_wconf 69' lang='grc' dir='ltr'><strong>ς).</strong></span> 
     </span>
    </p>
   </div>
   <div class='ocr_carea' id='block_1_83' title="bbox 2239 4114 3831 4186">
    <p class='ocr_par' dir='ltr' id='par_1_83' title="bbox 2239 4114 3831 4186">
     <span class='ocr_line' id='line_1_83' title="bbox 2239 4114 3831 4186; baseline 0.004 -18"><span class='ocrx_word' id='word_1_643' title='bbox 2239 4114 2384 4168; x_wconf 81' lang='lat' dir='ltr'><strong>Ordo</strong></span> <span class='ocrx_word' id='word_1_644' title='bbox 2405 4114 2547 4168; x_wconf 88' lang='lat' dir='ltr'><strong>enim</strong></span> <span class='ocrx_word' id='word_1_645' title='bbox 2582 4130 2759 4169; x_wconf 88' lang='lat' dir='ltr'><strong>rerum</strong></span> <span class='ocrx_word' id='word_1_646' title='bbox 2783 4114 3127 4171; x_wconf 82' lang='lat' dir='ltr'><strong>necessarius</strong></span> <span class='ocrx_word' id='word_1_647' title='bbox 3149 4125 3289 4178; x_wconf 82' lang='lat' dir='ltr'><strong>erat,</strong></span> <span class='ocrx_word' id='word_1_648' title='bbox 3313 4126 3367 4169; x_wconf 91' lang='lat' dir='ltr'><strong>ut</strong></span> <span class='ocrx_word' id='word_1_649' title='bbox 3397 4118 3546 4186; x_wconf 78' lang='lat' dir='ltr'><strong>prius</strong></span> <span class='ocrx_word' id='word_1_650' title='bbox 3567 4115 3831 4174; x_wconf 77' lang='lat' dir='ltr'><strong>miracula</strong></span> 
     </span>
    </p>
   </div>
   <div class='ocr_carea' id='block_1_84' title="bbox 2236 4208 3833 4280">
    <p class='ocr_par' dir='ltr' id='par_1_84' title="bbox 2236 4208 3833 4280">
     <span class='ocr_line' id='line_1_84' title="bbox 2236 4208 3833 4280; baseline 0.001 -18"><span class='ocrx_word' id='word_1_651' title='bbox 2236 4208 2485 4263; x_wconf 67' lang='lat' dir='ltr'><strong>faciendo</strong></span> <span class='ocrx_word' id='word_1_652' title='bbox 2510 4222 2569 4263; x_wconf 87' lang='lat' dir='ltr'><strong>se</strong></span> <span class='ocrx_word' id='word_1_653' title='bbox 2598 4208 2762 4277; x_wconf 83' lang='lat' dir='ltr'><strong>Deum</strong></span> <span class='ocrx_word' id='word_1_654' title='bbox 2789 4209 3186 4270; x_wconf 80' lang='lat' dir='ltr'><strong>innotesccrct,</strong></span> <span class='ocrx_word' id='word_1_655' title='bbox 3228 4217 3283 4265; x_wconf 89' lang='lat' dir='ltr'><strong>ct</strong></span> <span class='ocrx_word' id='word_1_656' title='bbox 3308 4211 3651 4280; x_wconf 76' lang='lat' dir='ltr'><strong>postmodum</strong></span> <span class='ocrx_word' id='word_1_657' title='bbox 3684 4222 3833 4266; x_wconf 84' lang='lat' dir='ltr'><strong>mor-</strong></span> 
     </span>
    </p>
   </div>
   <div class='ocr_carea' id='block_1_85' title="bbox 2238 4298 3836 4370">
    <p class='ocr_par' dir='ltr' id='par_1_85' title="bbox 2238 4298 3836 4370">
     <span class='ocr_line' id='line_1_85' title="bbox 2238 4298 3836 4370; baseline 0.002 -15"><span class='ocrx_word' id='word_1_658' title='bbox 2238 4308 2348 4355; x_wconf 89' lang='lat' dir='ltr'><strong>tem</strong></span> <span class='ocrx_word' id='word_1_659' title='bbox 2372 4317 2468 4370; x_wconf 87' lang='lat' dir='ltr'><strong>pru</strong></span> <span class='ocrx_word' id='word_1_660' title='bbox 2491 4311 2673 4356; x_wconf 84' lang='lat' dir='ltr'><strong>nostra</strong></span> <span class='ocrx_word' id='word_1_661' title='bbox 2702 4302 3070 4370; x_wconf 86' lang='lat' dir='ltr'><strong>redemptione</strong></span> <span class='ocrx_word' id='word_1_662' title='bbox 3090 4298 3408 4368; x_wconf 83' lang='lat' dir='ltr'><strong>su&#39;stineret,</strong></span> <span class='ocrx_word' id='word_1_663' title='bbox 3435 4303 3690 4359; x_wconf 80' lang='lat' dir='ltr'><strong>videlicet</strong></span> <span class='ocrx_word' id='word_1_664' title='bbox 3722 4312 3836 4358; x_wconf 83' lang='lat' dir='ltr'><strong>tur-</strong></span> 
     </span>
    </p>
   </div>
   <div class='ocr_carea' id='block_1_86' title="bbox 2240 4394 3832 4466">
    <p class='ocr_par' dir='ltr' id='par_1_86' title="bbox 2240 4394 3832 4466">
     <span class='ocr_line' id='line_1_86' title="bbox 2240 4394 3832 4466; baseline 0.003 -19"><span class='ocrx_word' id='word_1_665' title='bbox 2240 4394 2516 4464; x_wconf 85' lang='lat' dir='ltr'><strong>pissimam</strong></span> <span class='ocrx_word' id='word_1_666' title='bbox 2547 4396 2748 4449; x_wconf 88' lang='lat' dir='ltr'><strong>crucis.</strong></span> <span class='ocrx_word' id='word_1_667' title='bbox 2780 4394 3045 4461; x_wconf 75' lang='lat' dir='ltr'><strong>Quoniam</strong></span> <span class='ocrx_word' id='word_1_668' title='bbox 3073 4394 3294 4466; x_wconf 82' lang='lat' dir='ltr'><strong>dignum</strong></span> <span class='ocrx_word' id='word_1_669' title='bbox 3319 4406 3458 4460; x_wconf 69' lang='lat' dir='ltr'><strong>erat,</strong></span> <span class='ocrx_word' id='word_1_670' title='bbox 3485 4404 3544 4449; x_wconf 91' lang='lat' dir='ltr'><strong>ut</strong></span> <span class='ocrx_word' id='word_1_671' title='bbox 3566 4395 3695 4466; x_wconf 84' lang='lat' dir='ltr'><strong>quia</strong></span> <span class='ocrx_word' id='word_1_672' title='bbox 3716 4396 3832 4466; x_wconf 87' lang='lat' dir='ltr'><strong>pri-</strong></span> 
     </span>
    </p>
   </div>
   <div class='ocr_carea' id='block_1_87' title="bbox 546 4473 2124 4567">
    <p class='ocr_par' dir='ltr' id='par_1_87' title="bbox 546 4473 2124 4553">
     <span class='ocr_line' id='line_1_87' title="bbox 546 4473 2124 4553; baseline -0.008 -13"><span class='ocrx_word' id='word_1_673' title='bbox 546 4487 675 4540; x_wconf 90' lang='lat' dir='ltr'><strong>tiate</strong></span> <span class='ocrx_word' id='word_1_674' title='bbox 704 4484 870 4548; x_wconf 80' lang='lat' dir='ltr'><strong>milii,</strong></span> <span class='ocrx_word' id='word_1_675' title='bbox 912 4492 970 4536; x_wconf 91' lang='lat' dir='ltr'><strong>ut</strong></span> <span class='ocrx_word' id='word_1_676' title='bbox 999 4496 1055 4537; x_wconf 87' lang='lat' dir='ltr'><strong>et</strong></span> <span class='ocrx_word' id='word_1_677' title='bbox 1095 4495 1193 4550; x_wconf 77' lang='lat' dir='ltr'><strong>ego</strong></span> <span class='ocrx_word' id='word_1_678' title='bbox 1234 4476 1457 4532; x_wconf 86' lang='lat' dir='ltr'><strong>veniens</strong></span> <span class='ocrx_word' id='word_1_679' title='bbox 1496 4477 1717 4553; x_wconf 82' lang='lat' dir='ltr'><strong>adorem</strong></span> <span class='ocrx_word' id='word_1_680' title='bbox 1759 4490 1882 4530; x_wconf 88' lang='lat' dir='ltr'><strong>eum</strong></span> <span class='ocrx_word' id='word_1_681' title='bbox 1912 4473 2124 4545; x_wconf 77' lang='lat' dir='ltr'><strong>(.lluult.</strong></span> 
     </span>
    </p>
   </div>
   <div class='ocr_carea' id='block_1_88' title="bbox 2229 4473 3834 4567">
    <p class='ocr_par' dir='ltr' id='par_1_88' title="bbox 2242 4489 3834 4560">
     <span class='ocr_line' id='line_1_88' title="bbox 2242 4489 3834 4560; baseline 0.003 -18"><span class='ocrx_word' id='word_1_682' title='bbox 2242 4503 2363 4544; x_wconf 84' lang='lat' dir='ltr'><strong>ntus</strong></span> <span class='ocrx_word' id='word_1_683' title='bbox 2389 4489 2551 4543; x_wconf 84' lang='lat' dir='ltr'><strong>homo</strong></span> <span class='ocrx_word' id='word_1_684' title='bbox 2590 4503 2686 4558; x_wconf 86' lang='lat' dir='ltr'><strong>per</strong></span> <span class='ocrx_word' id='word_1_685' title='bbox 2724 4489 2928 4559; x_wconf 83' lang='lat' dir='ltr'><strong>lignum</strong></span> <span class='ocrx_word' id='word_1_686' title='bbox 2966 4489 3191 4560; x_wconf 81' lang='lat' dir='ltr'><strong>vetitum</strong></span> <span class='ocrx_word' id='word_1_687' title='bbox 3225 4492 3504 4559; x_wconf 76' lang='lat' dir='ltr'><strong>peccando</strong></span> <span class='ocrx_word' id='word_1_688' title='bbox 3535 4491 3834 4557; x_wconf 83' lang='lat' dir='ltr'><strong>ceciderat,</strong></span> 
     </span>
    </p>
   </div>
   <div class='ocr_carea' id='block_1_89' title="bbox 542 4569 2135 4651">
    <p class='ocr_par' dir='ltr' id='par_1_89' title="bbox 542 4569 2135 4651">
     <span class='ocr_line' id='line_1_89' title="bbox 542 4569 2135 4651; baseline -0.011 -16"><span class='ocrx_word' id='word_1_689' title='bbox 542 4576 627 4651; x_wconf 81' lang='lat' dir='ltr'><strong>tt).</strong></span> <span class='ocrx_word' id='word_1_690' title='bbox 672 4598 689 4631; x_wconf 77' lang='grc' dir='ltr'><strong>ι</strong></span> <span class='ocrx_word' id='word_1_691' title='bbox 729 4578 835 4632; x_wconf 79' lang='lat' dir='ltr'><strong>Sed</strong></span> <span class='ocrx_word' id='word_1_692' title='bbox 873 4575 1001 4645; x_wconf 85' lang='lat' dir='ltr'><strong>quia</strong></span> <span class='ocrx_word' id='word_1_693' title='bbox 1031 4572 1352 4643; x_wconf 84' lang='lat' dir='ltr'><strong>disponebat</strong></span> <span class='ocrx_word' id='word_1_694' title='bbox 1377 4569 1660 4633; x_wconf 89' lang='lat' dir='ltr'><strong>occidere,</strong></span> <span class='ocrx_word' id='word_1_695' title='bbox 1704 4582 1864 4637; x_wconf 82' lang='lat' dir='ltr'><strong>quem</strong></span> <span class='ocrx_word' id='word_1_696' title='bbox 1906 4582 1966 4623; x_wconf 84' lang='lat' dir='ltr'><strong>se</strong></span> <span class='ocrx_word' id='word_1_697' title='bbox 2010 4581 2135 4637; x_wconf 81' lang='lat' dir='ltr'><strong>pro—</strong></span> 
     </span>
    </p>
   </div>
   <div class='ocr_carea' id='block_1_90' title="bbox 543 4659 2133 4734">
    <p class='ocr_par' dir='ltr' id='par_1_90' title="bbox 543 4659 2133 4734">
     <span class='ocr_line' id='line_1_90' title="bbox 543 4659 2133 4734; baseline -0.01 -6"><span class='ocrx_word' id='word_1_698' title='bbox 543 4670 796 4728; x_wconf 87' lang='lat' dir='ltr'><strong>mittebat</strong></span> <span class='ocrx_word' id='word_1_699' title='bbox 816 4670 1078 4730; x_wconf 89' lang='lat' dir='ltr'><strong>adorare,</strong></span> <span class='ocrx_word' id='word_1_700' title='bbox 1106 4664 1178 4719; x_wconf 91' lang='lat' dir='ltr'><strong>illi</strong></span> <span class='ocrx_word' id='word_1_701' title='bbox 1216 4663 1285 4718; x_wconf 89' lang='lat' dir='ltr'><strong>ab</strong></span> <span class='ocrx_word' id='word_1_702' title='bbox 1315 4662 1508 4734; x_wconf 87' lang='lat' dir='ltr'><strong>angelo</strong></span> <span class='ocrx_word' id='word_1_703' title='bbox 1534 4676 1792 4732; x_wconf 83' lang='lat' dir='ltr'><strong>responso</strong></span> <span class='ocrx_word' id='word_1_704' title='bbox 1822 4670 2048 4729; x_wconf 86' lang='lat' dir='ltr'><strong>accepto</strong></span> <span class='ocrx_word' id='word_1_705' title='bbox 2082 4659 2133 4713; x_wconf 91' lang='lat' dir='ltr'><strong>in</strong></span> 
     </span>
    </p>
   </div>
   <div class='ocr_carea' id='block_1_91' title="bbox 546 4755 2137 4826">
    <p class='ocr_par' dir='ltr' id='par_1_91' title="bbox 546 4755 2137 4826">
     <span class='ocr_line' id='line_1_91' title="bbox 546 4755 2137 4826; baseline -0.007 -5"><span class='ocrx_word' id='word_1_706' title='bbox 546 4764 757 4821; x_wconf 84' lang='lat' dir='ltr'><strong>somnis</strong></span> <span class='ocrx_word' id='word_1_707' title='bbox 796 4778 863 4815; x_wconf 89' lang='lat' dir='ltr'><strong>ne</strong></span> <span class='ocrx_word' id='word_1_708' title='bbox 891 4763 1131 4814; x_wconf 84' lang='lat' dir='ltr'><strong>redncnt</strong></span> <span class='ocrx_word' id='word_1_709' title='bbox 1153 4760 1220 4814; x_wconf 87' lang='lat' dir='ltr'><strong>ad</strong></span> <span class='ocrx_word' id='word_1_710' title='bbox 1250 4756 1534 4820; x_wconf 86' lang='lat' dir='ltr'><strong>Herodem,</strong></span> <span class='ocrx_word' id='word_1_711' title='bbox 1566 4770 1660 4826; x_wconf 88' lang='lat' dir='ltr'><strong>per</strong></span> <span class='ocrx_word' id='word_1_712' title='bbox 1686 4756 1847 4810; x_wconf 88' lang='lat' dir='ltr'><strong>aliam</strong></span> <span class='ocrx_word' id='word_1_713' title='bbox 1875 4755 2017 4809; x_wconf 88' lang='lat' dir='ltr'><strong>viam</strong></span> <span class='ocrx_word' id='word_1_714' title='bbox 2052 4768 2137 4810; x_wconf 58' lang='lat' dir='ltr'><strong>re-</strong></span> 
     </span>
    </p>
   </div>
   <div class='ocr_carea' id='block_1_92' title="bbox 545 4846 2136 4922">
    <p class='ocr_par' dir='ltr' id='par_1_92' title="bbox 545 4846 2136 4922">
     <span class='ocr_line' id='line_1_92' title="bbox 545 4846 2136 4922; baseline -0.006 -13"><span class='ocrx_word' id='word_1_715' title='bbox 545 4856 685 4911; x_wconf 87' lang='lat' dir='ltr'><strong>versi</strong></span> <span class='ocrx_word' id='word_1_716' title='bbox 711 4863 837 4908; x_wconf 90' lang='lat' dir='ltr'><strong>sunt</strong></span> <span class='ocrx_word' id='word_1_717' title='bbox 878 4852 932 4906; x_wconf 89' lang='lat' dir='ltr'><strong>in</strong></span> <span class='ocrx_word' id='word_1_718' title='bbox 968 4852 1244 4922; x_wconf 82' lang='lat' dir='ltr'><strong>regionem</strong></span> <span class='ocrx_word' id='word_1_719' title='bbox 1274 4867 1449 4906; x_wconf 91' lang='lat' dir='ltr'><strong>suam.</strong></span> <span class='ocrx_word' id='word_1_720' title='bbox 1476 4849 1780 4918; x_wconf 77' lang='lat' dir='ltr'><strong>Statimque</strong></span> <span class='ocrx_word' id='word_1_721' title='bbox 1801 4846 2136 4919; x_wconf 72' lang='lat' dir='ltr'><strong>evangelista</strong></span> 
     </span>
    </p>
   </div>
   <div class='ocr_carea' id='block_1_93' title="bbox 545 4943 2134 5021">
    <p class='ocr_par' dir='ltr' id='par_1_93' title="bbox 545 4943 2134 5021">
     <span class='ocr_line' id='line_1_93' title="bbox 545 4943 2134 5021; baseline -0.008 -16"><span class='ocrx_word' id='word_1_722' title='bbox 545 4948 826 5021; x_wconf 75' lang='lat' dir='ltr'><strong>adjunxit,</strong></span> <span class='ocrx_word' id='word_1_723' title='bbox 850 4945 1036 5001; x_wconf 90' lang='lat' dir='ltr'><strong>dicens</strong></span> <span class='ocrx_word' id='word_1_724' title='bbox 1069 4963 1082 4999; x_wconf 88' lang='lat'><strong>:</strong></span> <span class='ocrx_word' id='word_1_725' title='bbox 1119 4963 1138 4997; x_wconf 84' lang='grc' dir='ltr'><strong>ι</strong></span> <span class='ocrx_word' id='word_1_726' title='bbox 1185 4945 1285 5013; x_wconf 80' lang='lat' dir='ltr'><strong>Qui</strong></span> <span class='ocrx_word' id='word_1_727' title='bbox 1318 4959 1442 5001; x_wconf 87' lang='lat' dir='ltr'><strong>cum</strong></span> <span class='ocrx_word' id='word_1_728' title='bbox 1472 4943 1847 5007; x_wconf 86' lang='lat' dir='ltr'><strong>recessissent,</strong></span> <span class='ocrx_word' id='word_1_729' title='bbox 1878 4955 2007 4997; x_wconf 78' lang='lat' dir='ltr'><strong>ecce</strong></span> <span class='ocrx_word' id='word_1_730' title='bbox 2034 4957 2134 4996; x_wconf 88' lang='lat' dir='ltr'><strong>an-</strong></span> 
     </span>
    </p>
   </div>
   <div class='ocr_carea' id='block_1_94' title="bbox 550 5031 2136 5115">
    <p class='ocr_par' dir='ltr' id='par_1_94' title="bbox 550 5031 2136 5115">
     <span class='ocr_line' id='line_1_94' title="bbox 550 5031 2136 5115; baseline -0.004 -21"><span class='ocrx_word' id='word_1_731' title='bbox 550 5061 569 5094; x_wconf 78' lang='grc' dir='ltr'><strong>ι</strong></span> <span class='ocrx_word' id='word_1_732' title='bbox 608 5043 762 5115; x_wconf 86' lang='lat' dir='ltr'><strong>gelus</strong></span> <span class='ocrx_word' id='word_1_733' title='bbox 817 5037 1030 5093; x_wconf 84' lang='lat' dir='ltr'><strong>Domini</strong></span> <span class='ocrx_word' id='word_1_734' title='bbox 1071 5037 1321 5108; x_wconf 86' lang='lat' dir='ltr'><strong>apparuit</strong></span> <span class='ocrx_word' id='word_1_735' title='bbox 1359 5037 1414 5091; x_wconf 92' lang='lat' dir='ltr'><strong>in</strong></span> <span class='ocrx_word' id='word_1_736' title='bbox 1455 5037 1665 5092; x_wconf 87' lang='lat' dir='ltr'><strong>somnis</strong></span> <span class='ocrx_word' id='word_1_737' title='bbox 1700 5033 1922 5105; x_wconf 84' lang='lat' dir='ltr'><strong>Joseph.</strong></span> <span class='ocrx_word' id='word_1_738' title='bbox 1974 5052 1994 5087; x_wconf 71' lang='grc' dir='ltr'><strong>ι</strong></span> <span class='ocrx_word' id='word_1_739' title='bbox 2034 5031 2136 5088; x_wconf 77' lang='lat' dir='ltr'><strong>Ubi</strong></span> 
     </span>
    </p>
   </div>
   <div class='ocr_carea' id='block_1_95' title="bbox 545 5125 2139 5200">
    <p class='ocr_par' dir='ltr' id='par_1_95' title="bbox 545 5125 2139 5200">
     <span class='ocr_line' id='line_1_95' title="bbox 545 5125 2139 5200; baseline -0.008 -9"><span class='ocrx_word' id='word_1_740' title='bbox 545 5131 1026 5198; x_wconf 86' lang='lat' dir='ltr'><strong>considerandum,</strong></span> <span class='ocrx_word' id='word_1_741' title='bbox 1055 5131 1198 5200; x_wconf 89' lang='lat' dir='ltr'><strong>quod</strong></span> <span class='ocrx_word' id='word_1_742' title='bbox 1237 5130 1481 5185; x_wconf 88' lang='lat' dir='ltr'><strong>minister</strong></span> <span class='ocrx_word' id='word_1_743' title='bbox 1502 5128 1743 5186; x_wconf 72' lang='lat' dir='ltr'><strong>cmlestis</strong></span> <span class='ocrx_word' id='word_1_744' title='bbox 1768 5130 1994 5199; x_wconf 86' lang='lat' dir='ltr'><strong>angelus</strong></span> <span class='ocrx_word' id='word_1_745' title='bbox 2011 5166 2028 5191; x_wconf 89' lang='lat'><strong>,</strong></span> <span class='ocrx_word' id='word_1_746' title='bbox 2056 5125 2139 5180; x_wconf 86' lang='lat' dir='ltr'><strong>in-</strong></span> 
     </span>
    </p>
   </div>
   <div class='ocr_carea' id='block_1_96' title="bbox 547 5222 2140 5296">
    <p class='ocr_par' dir='ltr' id='par_1_96' title="bbox 547 5222 2140 5296">
     <span class='ocr_line' id='line_1_96' title="bbox 547 5222 2140 5296; baseline -0.004 -14"><span class='ocrx_word' id='word_1_747' title='bbox 547 5226 718 5282; x_wconf 88' lang='lat' dir='ltr'><strong>sidias</strong></span> <span class='ocrx_word' id='word_1_748' title='bbox 748 5222 977 5279; x_wconf 85' lang='lat' dir='ltr'><strong>Herodis</strong></span> <span class='ocrx_word' id='word_1_749' title='bbox 1015 5227 1311 5296; x_wconf 60' lang='lat' dir='ltr'><strong>pravenit,</strong></span> <span class='ocrx_word' id='word_1_750' title='bbox 1345 5240 1571 5279; x_wconf 81' lang='lat' dir='ltr'><strong>innitens</strong></span> <span class='ocrx_word' id='word_1_751' title='bbox 1603 5239 1727 5279; x_wconf 90' lang='lat' dir='ltr'><strong>cum</strong></span> <span class='ocrx_word' id='word_1_752' title='bbox 1762 5237 1928 5293; x_wconf 85' lang='lat' dir='ltr'><strong>puero</strong></span> <span class='ocrx_word' id='word_1_753' title='bbox 1954 5223 2140 5291; x_wconf 77' lang='lat' dir='ltr'><strong>fugere</strong></span> 
     </span>
    </p>
   </div>
   <div class='ocr_carea' id='block_1_97' title="bbox 547 5313 2140 5388">
    <p class='ocr_par' dir='ltr' id='par_1_97' title="bbox 547 5313 2140 5388">
     <span class='ocr_line' id='line_1_97' title="bbox 547 5313 2140 5388; baseline -0.003 -14"><span class='ocrx_word' id='word_1_754' title='bbox 547 5319 604 5375; x_wconf 84' lang='lat' dir='ltr'><strong>in</strong></span> <span class='ocrx_word' id='word_1_755' title='bbox 643 5315 775 5388; x_wconf 65' lang='lat' dir='ltr'><strong>dig)</strong></span> <span class='ocrx_word' id='word_1_756' title='bbox 788 5327 939 5386; x_wconf 87' lang='lat' dir='ltr'><strong>ptum</strong></span> <span class='ocrx_word' id='word_1_757' title='bbox 959 5356 975 5382; x_wconf 92' lang='lat'><strong>,</strong></span> <span class='ocrx_word' id='word_1_758' title='bbox 1000 5330 1070 5373; x_wconf 89' lang='lat' dir='ltr'><strong>ne</strong></span> <span class='ocrx_word' id='word_1_759' title='bbox 1099 5316 1305 5373; x_wconf 85' lang='lat' dir='ltr'><strong>rabiem</strong></span> <span class='ocrx_word' id='word_1_760' title='bbox 1331 5318 1413 5372; x_wconf 91' lang='lat' dir='ltr'><strong>sui</strong></span> <span class='ocrx_word' id='word_1_761' title='bbox 1457 5318 1659 5373; x_wconf 84' lang='lat' dir='ltr'><strong>furoris</strong></span> <span class='ocrx_word' id='word_1_762' title='bbox 1695 5313 1967 5378; x_wconf 86' lang='lat' dir='ltr'><strong>Herodes,</strong></span> <span class='ocrx_word' id='word_1_763' title='bbox 1998 5313 2140 5369; x_wconf 78' lang='lat' dir='ltr'><strong>sicut</strong></span> 
     </span>
    </p>
   </div>
   <div class='ocr_carea' id='block_1_98' title="bbox 559 5406 2138 5480">
    <p class='ocr_par' dir='ltr' id='par_1_98' title="bbox 559 5406 2138 5480">
     <span class='ocr_line' id='line_1_98' title="bbox 559 5406 2138 5480; baseline -0.002 -14"><span class='ocrx_word' id='word_1_764' title='bbox 559 5406 605 5466; x_wconf 89' lang='lat' dir='ltr'><strong>in</strong></span> <span class='ocrx_word' id='word_1_765' title='bbox 632 5418 883 5474; x_wconf 59' lang='lat' dir='ltr'><strong>ceteros,</strong></span> <span class='ocrx_word' id='word_1_766' title='bbox 927 5407 979 5464; x_wconf 92' lang='lat' dir='ltr'><strong>in</strong></span> <span class='ocrx_word' id='word_1_767' title='bbox 1030 5424 1255 5480; x_wconf 81' lang='lat' dir='ltr'><strong>puerum</strong></span> <span class='ocrx_word' id='word_1_768' title='bbox 1293 5408 1478 5465; x_wconf 79' lang='lat' dir='ltr'><strong>Jesmn</strong></span> <span class='ocrx_word' id='word_1_769' title='bbox 1528 5408 1751 5479; x_wconf 72' lang='lat' dir='ltr'><strong>eXplerc</strong></span> <span class='ocrx_word' id='word_1_770' title='bbox 1780 5417 1983 5478; x_wconf 83' lang='lat' dir='ltr'><strong>posset.</strong></span> <span class='ocrx_word' id='word_1_771' title='bbox 2026 5407 2138 5463; x_wconf 70' lang='lat' dir='ltr'><strong>bed</strong></span> 
     </span>
    </p>
   </div>
   <div class='ocr_carea' id='block_1_99' title="bbox 555 5500 2142 5575">
    <p class='ocr_par' dir='ltr' id='par_1_99' title="bbox 555 5500 2142 5575">
     <span class='ocr_line' id='line_1_99' title="bbox 555 5500 2142 5575; baseline -0.001 -17"><span class='ocrx_word' id='word_1_772' title='bbox 555 5500 692 5559; x_wconf 78' lang='lat' dir='ltr'><strong>forte</strong></span> <span class='ocrx_word' id='word_1_773' title='bbox 715 5511 921 5573; x_wconf 58' lang='lat' dir='ltr'><strong>quaeet</strong></span> <span class='ocrx_word' id='word_1_774' title='bbox 941 5501 1156 5574; x_wconf 82' lang='lat' dir='ltr'><strong>aliquis,</strong></span> <span class='ocrx_word' id='word_1_775' title='bbox 1188 5518 1357 5574; x_wconf 83' lang='lat' dir='ltr'><strong>quare</strong></span> <span class='ocrx_word' id='word_1_776' title='bbox 1380 5502 1605 5575; x_wconf 83' lang='lat' dir='ltr'><strong>angelus</strong></span> <span class='ocrx_word' id='word_1_777' title='bbox 1631 5501 1834 5572; x_wconf 71' lang='lat' dir='ltr'><strong>Juseplt</strong></span> <span class='ocrx_word' id='word_1_778' title='bbox 1862 5501 2142 5558; x_wconf 85' lang='lat' dir='ltr'><strong>insomnis</strong></span> 
     </span>
    </p>
   </div>
   <div class='ocr_carea' id='block_1_100' title="bbox 552 5595 2142 5668">
    <p class='ocr_par' dir='ltr' id='par_1_100' title="bbox 552 5595 2142 5668">
     <span class='ocr_line' id='line_1_100' title="bbox 552 5595 2142 5668; baseline 0.002 -20"><span class='ocrx_word' id='word_1_779' title='bbox 552 5595 826 5666; x_wconf 63' lang='lat' dir='ltr'><strong>apparuit,</strong></span> <span class='ocrx_word' id='word_1_780' title='bbox 849 5611 972 5652; x_wconf 87' lang='lat' dir='ltr'><strong>cum</strong></span> <span class='ocrx_word' id='word_1_781' title='bbox 1014 5596 1224 5668; x_wconf 84' lang='lat' dir='ltr'><strong>legatur</strong></span> <span class='ocrx_word' id='word_1_782' title='bbox 1252 5597 1561 5668; x_wconf 87' lang='lat' dir='ltr'><strong>pastoribus</strong></span> <span class='ocrx_word' id='word_1_783' title='bbox 1590 5595 1937 5667; x_wconf 79' lang='lat' dir='ltr'><strong>vigilantibus</strong></span> <span class='ocrx_word' id='word_1_784' title='bbox 1978 5608 2142 5667; x_wconf 86' lang='lat' dir='ltr'><strong>appa-</strong></span> 
     </span>
    </p>
   </div>
   <div class='ocr_carea' id='block_1_101' title="bbox 554 5682 2143 5755">
    <p class='ocr_par' dir='ltr' id='par_1_101' title="bbox 554 5682 2143 5755">
     <span class='ocr_line' id='line_1_101' title="bbox 554 5682 2143 5755; baseline 0.001 -8"><span class='ocrx_word' id='word_1_785' title='bbox 554 5688 759 5755; x_wconf 62' lang='lat' dir='ltr'><strong>ruisse,</strong></span> <span class='ocrx_word' id='word_1_786' title='bbox 789 5698 847 5746; x_wconf 88' lang='lat' dir='ltr'><strong>et</strong></span> <span class='ocrx_word' id='word_1_787' title='bbox 877 5688 1093 5746; x_wconf 82' lang='lat' dir='ltr'><strong>Domini</strong></span> <span class='ocrx_word' id='word_1_788' title='bbox 1120 5682 1454 5746; x_wconf 82' lang='lat' dir='ltr'><strong>nativitatem</strong></span> <span class='ocrx_word' id='word_1_789' title='bbox 1479 5691 1790 5745; x_wconf 72' lang='lat' dir='ltr'><strong>nuntiasse?</strong></span> <span class='ocrx_word' id='word_1_790' title='bbox 1818 5689 1924 5746; x_wconf 82' lang='lat' dir='ltr'><strong>Sed</strong></span> <span class='ocrx_word' id='word_1_791' title='bbox 1946 5692 2012 5746; x_wconf 86' lang='lat' dir='ltr'><strong>ad</strong></span> <span class='ocrx_word' id='word_1_792' title='bbox 2041 5692 2143 5749; x_wconf 90' lang='lat' dir='ltr'><strong>hoc</strong></span> 
     </span>
    </p>
   </div>
   <div class='ocr_carea' id='block_1_102' title="bbox 554 5780 2140 5858">
    <p class='ocr_par' dir='ltr' id='par_1_102' title="bbox 554 5780 2140 5858">
     <span class='ocr_line' id='line_1_102' title="bbox 554 5780 2140 5858; baseline -0.001 -16"><span class='ocrx_word' id='word_1_793' title='bbox 554 5780 872 5855; x_wconf 62' lang='lat' dir='ltr'><strong>dicendum,</strong></span> <span class='ocrx_word' id='word_1_794' title='bbox 912 5783 1039 5857; x_wconf 80' lang='lat' dir='ltr'><strong>quia</strong></span> <span class='ocrx_word' id='word_1_795' title='bbox 1070 5783 1127 5843; x_wconf 82' lang='lat' dir='ltr'><strong>in</strong></span> <span class='ocrx_word' id='word_1_796' title='bbox 1168 5784 1274 5840; x_wconf 79' lang='lat' dir='ltr'><strong>hac</strong></span> <span class='ocrx_word' id='word_1_797' title='bbox 1313 5782 1630 5853; x_wconf 63' lang='lat' dir='ltr'><strong>angelum</strong></span> <span class='ocrx_word' id='word_1_798' title='bbox 1673 5782 1887 5840; x_wconf 78' lang='lat' dir='ltr'><strong>diversa</strong></span> <span class='ocrx_word' id='word_1_799' title='bbox 1920 5784 2140 5858; x_wconf 79' lang='lat' dir='ltr'><strong>appari-</strong></span> 
     </span>
    </p>
   </div>
   <div class='ocr_carea' id='block_1_103' title="bbox 2241 4580 3837 4651">
    <p class='ocr_par' dir='ltr' id='par_1_103' title="bbox 2241 4580 3837 4651">
     <span class='ocr_line' id='line_1_103' title="bbox 2241 4580 3837 4651; baseline 0.002 -17"><span class='ocrx_word' id='word_1_800' title='bbox 2241 4596 2338 4651; x_wconf 87' lang='lat' dir='ltr'><strong>per</strong></span> <span class='ocrx_word' id='word_1_801' title='bbox 2390 4580 2592 4651; x_wconf 87' lang='lat' dir='ltr'><strong>lignum</strong></span> <span class='ocrx_word' id='word_1_802' title='bbox 2639 4594 2840 4635; x_wconf 73' lang='lat' dir='ltr'><strong>sancta:</strong></span> <span class='ocrx_word' id='word_1_803' title='bbox 2885 4580 3064 4635; x_wconf 85' lang='lat' dir='ltr'><strong>crucis</strong></span> <span class='ocrx_word' id='word_1_804' title='bbox 3110 4590 3528 4636; x_wconf 62' lang='lat' dir='ltr'><strong>restaurattutr.</strong></span> <span class='ocrx_word' id='word_1_805' title='bbox 3578 4581 3641 4635; x_wconf 73' lang='lat' dir='ltr'><strong>Si</strong></span> <span class='ocrx_word' id='word_1_806' title='bbox 3684 4581 3837 4637; x_wconf 86' lang='lat' dir='ltr'><strong>enim</strong></span> 
     </span>
    </p>
   </div>
   <div class='ocr_carea' id='block_1_104' title="bbox 2243 4670 3832 4742">
    <p class='ocr_par' dir='ltr' id='par_1_104' title="bbox 2243 4670 3832 4742">
     <span class='ocr_line' id='line_1_104' title="bbox 2243 4670 3832 4742; baseline 0.001 -17"><span class='ocrx_word' id='word_1_807' title='bbox 2243 4682 2370 4725; x_wconf 90' lang='lat' dir='ltr'><strong>tunc</strong></span> <span class='ocrx_word' id='word_1_808' title='bbox 2404 4670 2779 4735; x_wconf 85' lang='lat' dir='ltr'><strong>occideretur,</strong></span> <span class='ocrx_word' id='word_1_809' title='bbox 2811 4671 2935 4741; x_wconf 85' lang='lat' dir='ltr'><strong>quis</strong></span> <span class='ocrx_word' id='word_1_810' title='bbox 2961 4686 3084 4724; x_wconf 87' lang='lat' dir='ltr'><strong>eum</strong></span> <span class='ocrx_word' id='word_1_811' title='bbox 3129 4670 3414 4725; x_wconf 81' lang='lat' dir='ltr'><strong>Dominum</strong></span> <span class='ocrx_word' id='word_1_812' title='bbox 3455 4682 3832 4742; x_wconf 68' lang='lat' dir='ltr'><strong>cognoscent,</strong></span> 
     </span>
    </p>
   </div>
   <div class='ocr_carea' id='block_1_105' title="bbox 2240 4759 3838 4834">
    <p class='ocr_par' dir='ltr' id='par_1_105' title="bbox 2240 4759 3838 4834">
     <span class='ocr_line' id='line_1_105' title="bbox 2240 4759 3838 4834; baseline 0.003 -19"><span class='ocrx_word' id='word_1_813' title='bbox 2240 4770 2468 4830; x_wconf 79' lang='lat' dir='ltr'><strong>excepto</strong></span> <span class='ocrx_word' id='word_1_814' title='bbox 2494 4759 2687 4825; x_wconf 71' lang='lat' dir='ltr'><strong>Maria,</strong></span> <span class='ocrx_word' id='word_1_815' title='bbox 2731 4773 2784 4816; x_wconf 86' lang='lat' dir='ltr'><strong>et</strong></span> <span class='ocrx_word' id='word_1_816' title='bbox 2821 4760 3043 4832; x_wconf 75' lang='lat' dir='ltr'><strong>Josepb,</strong></span> <span class='ocrx_word' id='word_1_817' title='bbox 3088 4774 3143 4816; x_wconf 90' lang='lat' dir='ltr'><strong>ct</strong></span> <span class='ocrx_word' id='word_1_818' title='bbox 3193 4763 3495 4829; x_wconf 75' lang='lat' dir='ltr'><strong>Eliaabctlr,</strong></span> <span class='ocrx_word' id='word_1_819' title='bbox 3544 4773 3600 4819; x_wconf 87' lang='lat' dir='ltr'><strong>et</strong></span> <span class='ocrx_word' id='word_1_820' title='bbox 3649 4764 3838 4834; x_wconf 87' lang='lat' dir='ltr'><strong>paucis</strong></span> 
     </span>
    </p>
   </div>
   <div class='ocr_carea' id='block_1_106' title="bbox 2239 4855 3838 4927">
    <p class='ocr_par' dir='ltr' id='par_1_106' title="bbox 2239 4855 3838 4927">
     <span class='ocr_line' id='line_1_106' title="bbox 2239 4855 3838 4927; baseline 0.004 -17"><span class='ocrx_word' id='word_1_821' title='bbox 2239 4856 2361 4911; x_wconf 83' lang='lat' dir='ltr'><strong>aliis</strong></span> <span class='ocrx_word' id='word_1_822' title='bbox 2390 4855 2587 4927; x_wconf 87' lang='lat' dir='ltr'><strong>quibus</strong></span> <span class='ocrx_word' id='word_1_823' title='bbox 2628 4856 2865 4927; x_wconf 70' lang='lat' dir='ltr'><strong>Spiritus</strong></span> <span class='ocrx_word' id='word_1_824' title='bbox 2905 4867 3127 4913; x_wconf 77' lang='lat' dir='ltr'><strong>Sanctus</strong></span> <span class='ocrx_word' id='word_1_825' title='bbox 3166 4858 3537 4914; x_wconf 67' lang='lat' dir='ltr'><strong>revelaverant?</strong></span> <span class='ocrx_word' id='word_1_826' title='bbox 3581 4858 3667 4915; x_wconf 66' lang='lat' dir='ltr'><strong>Ab</strong></span> <span class='ocrx_word' id='word_1_827' title='bbox 3710 4857 3838 4917; x_wconf 74' lang='lat' dir='ltr'><strong>aliis</strong></span> 
     </span>
    </p>
   </div>
   <div class='ocr_carea' id='block_1_107' title="bbox 2246 4950 3841 5024">
    <p class='ocr_par' dir='ltr' id='par_1_107' title="bbox 2246 4950 3841 5024">
     <span class='ocr_line' id='line_1_107' title="bbox 2246 4950 3841 5024; baseline 0.003 -20"><span class='ocrx_word' id='word_1_828' title='bbox 2246 4964 2392 5005; x_wconf 79' lang='lat' dir='ltr'><strong>enim</strong></span> <span class='ocrx_word' id='word_1_829' title='bbox 2426 4951 2520 5021; x_wconf 92' lang='lat' dir='ltr'><strong>qui</strong></span> <span class='ocrx_word' id='word_1_830' title='bbox 2574 4966 2697 5006; x_wconf 88' lang='lat' dir='ltr'><strong>eum</strong></span> <span class='ocrx_word' id='word_1_831' title='bbox 2737 4961 3028 5017; x_wconf 86' lang='lat' dir='ltr'><strong>noverant,</strong></span> <span class='ocrx_word' id='word_1_832' title='bbox 3058 4952 3315 5009; x_wconf 78' lang='lat' dir='ltr'><strong>omnibus</strong></span> <span class='ocrx_word' id='word_1_833' title='bbox 3343 4951 3485 5008; x_wconf 75' lang='lat' dir='ltr'><strong>titius</strong></span> <span class='ocrx_word' id='word_1_834' title='bbox 3512 4950 3712 5021; x_wconf 77' lang='lat' dir='ltr'><strong>JOSepb</strong></span> <span class='ocrx_word' id='word_1_835' title='bbox 3738 4967 3841 5024; x_wconf 88' lang='lat' dir='ltr'><strong>pu-</strong></span> 
     </span>
    </p>
   </div>
   <div class='ocr_carea' id='block_1_108' title="bbox 2245 5042 3842 5112">
    <p class='ocr_par' dir='ltr' id='par_1_108' title="bbox 2245 5042 3842 5112">
     <span class='ocr_line' id='line_1_108' title="bbox 2245 5042 3842 5112; baseline 0.004 -15"><span class='ocrx_word' id='word_1_836' title='bbox 2245 5043 2488 5107; x_wconf 83' lang='lat' dir='ltr'><strong>tabatur,</strong></span> <span class='ocrx_word' id='word_1_837' title='bbox 2516 5051 2573 5099; x_wconf 88' lang='lat' dir='ltr'><strong>et</strong></span> <span class='ocrx_word' id='word_1_838' title='bbox 2599 5042 2723 5100; x_wconf 83' lang='lat' dir='ltr'><strong>ideo</strong></span> <span class='ocrx_word' id='word_1_839' title='bbox 2746 5044 2952 5100; x_wconf 88' lang='lat' dir='ltr'><strong>distulit</strong></span> <span class='ocrx_word' id='word_1_840' title='bbox 2982 5053 3249 5112; x_wconf 88' lang='lat' dir='ltr'><strong>mortem,</strong></span> <span class='ocrx_word' id='word_1_841' title='bbox 3278 5054 3384 5100; x_wconf 80' lang='lat' dir='ltr'><strong>neu</strong></span> <span class='ocrx_word' id='word_1_842' title='bbox 3413 5046 3626 5112; x_wconf 70' lang='lat' dir='ltr'><strong>littilll‘l‘,</strong></span> <span class='ocrx_word' id='word_1_843' title='bbox 3653 5054 3842 5103; x_wconf 76' lang='lat' dir='ltr'><strong>ualeti-</strong></span> 
     </span>
    </p>
   </div>
   <div class='ocr_carea' id='block_1_109' title="bbox 2245 5126 3840 5211">
    <p class='ocr_par' dir='ltr' id='par_1_109' title="bbox 2245 5126 3840 5211">
     <span class='ocr_line' id='line_1_109' title="bbox 2245 5126 3840 5211; baseline 0.002 -17"><span class='ocrx_word' id='word_1_844' title='bbox 2245 5138 2379 5194; x_wconf 88' lang='lat' dir='ltr'><strong>dens</strong></span> <span class='ocrx_word' id='word_1_845' title='bbox 2422 5138 2673 5195; x_wconf 76' lang='lat' dir='ltr'><strong>ﬁdelibus</strong></span> <span class='ocrx_word' id='word_1_846' title='bbox 2708 5139 2851 5203; x_wconf 69' lang='lat' dir='ltr'><strong>suis,</strong></span> <span class='ocrx_word' id='word_1_847' title='bbox 2895 5137 2971 5194; x_wconf 86' lang='lat' dir='ltr'><strong>ibi</strong></span> <span class='ocrx_word' id='word_1_848' title='bbox 3018 5139 3225 5194; x_wconf 71' lang='lat' dir='ltr'><strong>rabiem</strong></span> <span class='ocrx_word' id='word_1_849' title='bbox 3271 5126 3683 5211; x_wconf 69' lang='lat' dir='ltr'><strong>persecntm‘mn</strong></span> <span class='ocrx_word' id='word_1_850' title='bbox 3724 5140 3840 5197; x_wconf 78' lang='lat' dir='ltr'><strong>nun</strong></span> 
     </span>
    </p>
   </div>
   <div class='ocr_carea' id='block_1_110' title="bbox 2242 5233 3839 5300">
    <p class='ocr_par' dir='ltr' id='par_1_110' title="bbox 2242 5233 3839 5300">
     <span class='ocr_line' id='line_1_110' title="bbox 2242 5233 3839 5300; baseline 0.001 -11"><span class='ocrx_word' id='word_1_851' title='bbox 2242 5244 2365 5289; x_wconf 82' lang='lat' dir='ltr'><strong>esse</strong></span> <span class='ocrx_word' id='word_1_852' title='bbox 2395 5234 2724 5300; x_wconf 84' lang='lat' dir='ltr'><strong>timendam,</strong></span> <span class='ocrx_word' id='word_1_853' title='bbox 2754 5233 2843 5289; x_wconf 86' lang='lat' dir='ltr'><strong>ubi</strong></span> <span class='ocrx_word' id='word_1_854' title='bbox 2874 5238 3104 5287; x_wconf 72' lang='lat' dir='ltr'><strong>mortem</strong></span> <span class='ocrx_word' id='word_1_855' title='bbox 3129 5248 3283 5289; x_wconf 88' lang='lat' dir='ltr'><strong>suam</strong></span> <span class='ocrx_word' id='word_1_856' title='bbox 3310 5235 3383 5289; x_wconf 72' lang='lat' dir='ltr'><strong>ad</strong></span> <span class='ocrx_word' id='word_1_857' title='bbox 3412 5233 3642 5289; x_wconf 73' lang='lat' dir='ltr'><strong>illioram</strong></span> <span class='ocrx_word' id='word_1_858' title='bbox 3664 5235 3839 5290; x_wconf 75' lang='lat' dir='ltr'><strong>vitam</strong></span> 
     </span>
    </p>
   </div>
   <div class='ocr_carea' id='block_1_111' title="bbox 2242 5324 3839 5399">
    <p class='ocr_par' dir='ltr' id='par_1_111' title="bbox 2242 5324 3839 5399">
     <span class='ocr_line' id='line_1_111' title="bbox 2242 5324 3839 5399; baseline 0.001 -18"><span class='ocrx_word' id='word_1_859' title='bbox 2242 5326 2476 5382; x_wconf 84' lang='lat' dir='ltr'><strong>viderint</strong></span> <span class='ocrx_word' id='word_1_860' title='bbox 2492 5327 2784 5397; x_wconf 76' lang='lat' dir='ltr'><strong>prolicere:</strong></span> <span class='ocrx_word' id='word_1_861' title='bbox 2813 5324 2885 5382; x_wconf 81' lang='lat' dir='ltr'><strong>ibi</strong></span> <span class='ocrx_word' id='word_1_862' title='bbox 2902 5334 3083 5382; x_wconf 73' lang='lat' dir='ltr'><strong>autem</strong></span> <span class='ocrx_word' id='word_1_863' title='bbox 3106 5338 3229 5383; x_wconf 86' lang='lat' dir='ltr'><strong>esse</strong></span> <span class='ocrx_word' id='word_1_864' title='bbox 3251 5326 3478 5383; x_wconf 62' lang='lat' dir='ltr'><strong>moiféin</strong></span> <span class='ocrx_word' id='word_1_865' title='bbox 3501 5324 3839 5399; x_wconf 75' lang='lat' dir='ltr'><strong>fugiendam,</strong></span> 
     </span>
    </p>
   </div>
   <div class='ocr_carea' id='block_1_112' title="bbox 2245 5416 3840 5491">
    <p class='ocr_par' dir='ltr' id='par_1_112' title="bbox 2245 5416 3840 5491">
     <span class='ocr_line' id='line_1_112' title="bbox 2245 5416 3840 5491; baseline 0.002 -18"><span class='ocrx_word' id='word_1_866' title='bbox 2245 5418 2339 5473; x_wconf 86' lang='lat' dir='ltr'><strong>ubi</strong></span> <span class='ocrx_word' id='word_1_867' title='bbox 2382 5430 2505 5473; x_wconf 88' lang='lat' dir='ltr'><strong>eam</strong></span> <span class='ocrx_word' id='word_1_868' title='bbox 2558 5417 2626 5472; x_wconf 79' lang='lat' dir='ltr'><strong>ad</strong></span> <span class='ocrx_word' id='word_1_869' title='bbox 2673 5417 2872 5473; x_wconf 87' lang='lat' dir='ltr'><strong>nullius</strong></span> <span class='ocrx_word' id='word_1_870' title='bbox 2911 5417 3214 5489; x_wconf 73' lang='lat' dir='ltr'><strong>profectum</strong></span> <span class='ocrx_word' id='word_1_871' title='bbox 3255 5416 3489 5475; x_wconf 79' lang='lat' dir='ltr'><strong>videt-int</strong></span> <span class='ocrx_word' id='word_1_872' title='bbox 3520 5419 3840 5491; x_wconf 75' lang='lat' dir='ltr'><strong>provenire,</strong></span> 
     </span>
    </p>
   </div>
   <div class='ocr_carea' id='block_1_113' title="bbox 2239 5500 3840 5583">
    <p class='ocr_par' dir='ltr' id='par_1_113' title="bbox 2239 5500 3840 5583">
     <span class='ocr_line' id='line_1_113' title="bbox 2239 5500 3840 5583; baseline 0.001 -19"><span class='ocrx_word' id='word_1_873' title='bbox 2239 5507 2397 5583; x_wconf 75' lang='lat' dir='ltr'><strong>juxta</strong></span> <span class='ocrx_word' id='word_1_874' title='bbox 2431 5510 2562 5565; x_wconf 90' lang='lat' dir='ltr'><strong>illud</strong></span> <span class='ocrx_word' id='word_1_875' title='bbox 2598 5512 2743 5581; x_wconf 81' lang='lat' dir='ltr'><strong>quod</strong></span> <span class='ocrx_word' id='word_1_876' title='bbox 2776 5510 3037 5566; x_wconf 78' lang='lat' dir='ltr'><strong>Deminus</strong></span> <span class='ocrx_word' id='word_1_877' title='bbox 3060 5511 3188 5566; x_wconf 83' lang='lat' dir='ltr'><strong>alibi</strong></span> <span class='ocrx_word' id='word_1_878' title='bbox 3223 5512 3339 5566; x_wconf 88' lang='lat' dir='ltr'><strong>ait:</strong></span> <span class='ocrx_word' id='word_1_879' title='bbox 3377 5530 3395 5562; x_wconf 77' lang='grc' dir='ltr'><strong>ι</strong></span> <span class='ocrx_word' id='word_1_880' title='bbox 3432 5500 3566 5567; x_wconf 74' lang='lat' dir='ltr'><strong>Cum</strong></span> <span class='ocrx_word' id='word_1_881' title='bbox 3594 5522 3690 5566; x_wconf 81' lang='lat' dir='ltr'><strong>vos</strong></span> <span class='ocrx_word' id='word_1_882' title='bbox 3716 5524 3840 5581; x_wconf 88' lang='lat' dir='ltr'><strong>per-</strong></span> 
     </span>
    </p>
   </div>
   <div class='ocr_carea' id='block_1_114' title="bbox 2246 5602 3837 5678">
    <p class='ocr_par' dir='ltr' id='par_1_114' title="bbox 2246 5602 3837 5678">
     <span class='ocr_line' id='line_1_114' title="bbox 2246 5602 3837 5678; baseline 0 -18"><span class='ocrx_word' id='word_1_883' title='bbox 2246 5605 2420 5660; x_wconf 88' lang='lat' dir='ltr'><strong>secuti</strong></span> <span class='ocrx_word' id='word_1_884' title='bbox 2456 5604 2656 5659; x_wconf 87' lang='lat' dir='ltr'><strong>fuerint</strong></span> <span class='ocrx_word' id='word_1_885' title='bbox 2672 5604 2725 5659; x_wconf 86' lang='lat' dir='ltr'><strong>in</strong></span> <span class='ocrx_word' id='word_1_886' title='bbox 2752 5616 2857 5660; x_wconf 84' lang='lat' dir='ltr'><strong>una</strong></span> <span class='ocrx_word' id='word_1_887' title='bbox 2885 5606 3127 5671; x_wconf 80' lang='lat' dir='ltr'><strong>civitate,</strong></span> <span class='ocrx_word' id='word_1_888' title='bbox 3158 5606 3325 5678; x_wconf 81' lang='lat' dir='ltr'><strong>fugite</strong></span> <span class='ocrx_word' id='word_1_889' title='bbox 3345 5606 3398 5661; x_wconf 89' lang='lat' dir='ltr'><strong>in</strong></span> <span class='ocrx_word' id='word_1_890' title='bbox 3421 5604 3581 5661; x_wconf 86' lang='lat' dir='ltr'><strong>aliam</strong></span> <span class='ocrx_word' id='word_1_891' title='bbox 3615 5602 3837 5676; x_wconf 70' lang='lat' dir='ltr'><strong>(Matth.</strong></span> 
     </span>
    </p>
   </div>
   <div class='ocr_carea' id='block_1_115' title="bbox 2244 5696 3840 5770">
    <p class='ocr_par' dir='ltr' id='par_1_115' title="bbox 2244 5696 3840 5770">
     <span class='ocr_line' id='line_1_115' title="bbox 2244 5696 3840 5770; baseline 0.001 -18"><span class='ocrx_word' id='word_1_892' title='bbox 2244 5696 2326 5767; x_wconf 68' lang='lat' dir='ltr'><strong>at).</strong></span> <span class='ocrx_word' id='word_1_893' title='bbox 2375 5706 2397 5750; x_wconf 67' lang='grc' dir='ltr'><strong>ι</strong></span> <span class='ocrx_word' id='word_1_894' title='bbox 2432 5700 2611 5766; x_wconf 80' lang='lat' dir='ltr'><strong>Quare</strong></span> <span class='ocrx_word' id='word_1_895' title='bbox 2642 5706 2824 5753; x_wconf 84' lang='lat' dir='ltr'><strong>autem</strong></span> <span class='ocrx_word' id='word_1_896' title='bbox 2847 5708 2958 5754; x_wconf 83' lang='lat' dir='ltr'><strong>tam</strong></span> <span class='ocrx_word' id='word_1_897' title='bbox 2982 5699 3215 5755; x_wconf 69' lang='lat' dir='ltr'><strong>svillicite</strong></span> <span class='ocrx_word' id='word_1_898' title='bbox 3237 5700 3359 5756; x_wconf 88' lang='lat' dir='ltr'><strong>cum</strong></span> <span class='ocrx_word' id='word_1_899' title='bbox 3388 5710 3555 5770; x_wconf 80' lang='lat' dir='ltr'><strong>puero</strong></span> <span class='ocrx_word' id='word_1_900' title='bbox 3579 5707 3635 5755; x_wconf 91' lang='lat' dir='ltr'><strong>et</strong></span> <span class='ocrx_word' id='word_1_901' title='bbox 3664 5696 3840 5754; x_wconf 73' lang='lat' dir='ltr'><strong>matre</strong></span> 
     </span>
    </p>
   </div>
   <div class='ocr_carea' id='block_1_116' title="bbox 2248 5786 3847 5864">
    <p class='ocr_par' dir='ltr' id='par_1_116' title="bbox 2248 5786 3847 5864">
     <span class='ocr_line' id='line_1_116' title="bbox 2248 5786 3847 5864; baseline -0.014 4"><span class='ocrx_word' id='word_1_902' title='bbox 2248 5788 2367 5860; x_wconf 68' lang='grc' dir='ltr'><strong>εἸυθ</strong></span> <span class='ocrx_word' id='word_1_903' title='bbox 2404 5788 2589 5863; x_wconf 56' lang='lat' dir='ltr'><strong>Mm</strong></span> <span class='ocrx_word' id='word_1_904' title='bbox 2632 5790 2856 5863; x_wconf 64' lang='lat' dir='ltr'><strong>angelus</strong></span> <span class='ocrx_word' id='word_1_905' title='bbox 2902 5790 2955 5846; x_wconf 79' lang='lat' dir='ltr'><strong>in</strong></span> <span class='ocrx_word' id='word_1_906' title='bbox 3002 5786 3302 5864; x_wconf 61' lang='lat' dir='ltr'><strong>nimum</strong></span> <span class='ocrx_word' id='word_1_907' title='bbox 3332 5792 3618 5861; x_wconf 71' lang='lat' dir='ltr'><strong>moneret,</strong></span> <span class='ocrx_word' id='word_1_908' title='bbox 3660 5786 3847 5863; x_wconf 50' lang='lat' dir='ltr'><strong>mania</strong></span> 
     </span>
    </p>
   </div>
  </div>
