4038 6352
222 385 295 444 77
1478 385 1782 444 HOMILHS
1826 386 1912 439 DE
1950 385 2303 445 'l‘EMPORE.
3430 391 3501 449 78

228 502 395 560 festat
423 516 549 558 cum
608 500 787 557 dicit:
825 518 845 552 ι
880 498 1145 558 Futurum
1196 511 1280 559 est.
1325 502 1470 557 enim
1493 542 1509 569 ,
1550 510 1609 557 ut
1651 499 1816 555 nemo
1844 503 1894 563 Α
1918 498 2156 566 leuamus,
2203 501 2295 572 qui
2333 502 2494 559 unius
2529 502 2624 559 Dei
2650 502 2827 560 cultor
2865 503 3176 573 videbatur,
3204 506 3504 569 trinitatem

231 618 250 652 ι
285 597 383 653 des
415 602 623 666 quaerat
636 609 863 664 puerum
891 594 958 650 ad
984 595 1315 665 perdendum
1345 609 1489 650 eum.
1524 614 1544 648 ι
1578 594 1813 663 Quaeret,

222 689 425 761 inquit,
463 688 531 745 ad
558 688 910 760 perdendum,
953 686 1049 744 sed
1089 704 1197 743 non
1239 688 1474 743 inveniet
1514 689 1582 743 ad
1611 687 1818 743 interli-

222 782 501 840 ciendum.
549 780 762 850 Quauto
810 788 991 837 autem
1035 782 1217 837 studio
1263 780 1461 851 Joseph
1516 790 1571 837 et
1617 780 1819 836 sollici-

228 876 412 934 tudine
458 884 684 947 paratus
734 884 880 932 esset
924 876 1179 946 angelicis
1229 878 1451 933 obedire
1490 877 1813 948 praeceptis,

224 968 612 1024 manifestatur
632 984 755 1023 cum
785 966 1126 1039 subjungitur
1164 988 1176 1023 :

296 1078 318 1113 ι
358 1058 467 1127 Qui
491 1074 826 1132 consurgens
854 1060 1066 1130 accepit
1092 1076 1320 1131 puerum
1351 1069 1406 1116 et
1443 1070 1671 1117 matrem
1701 1059 1818 1130 ejus

232 1167 251 1205 ι
283 1160 483 1220 nocte,
513 1162 570 1209 et
593 1152 892 1209 secessitin
925 1151 1243 1225 {Egyptunn
1282 1174 1302 1206 ι
1335 1152 1452 1208 Νοιι
1471 1154 1615 1209 enim
1643 1153 1820 1210 noctis

226 1247 486 1303 tenebras
511 1255 779 1312 metuens,
825 1246 999 1302 lucem
1045 1248 1409 1318 exspectavit,
1460 1262 1565 1303 non
1600 1246 1821 1318 perfidae

222 1338 402 1409 gentis
433 1338 813 1394 crudelitatem
844 1342 1081 1410 pav’ens,
1126 1356 1179 1394 ιιι
1211 1340 1439 1394 alteram
1472 1349 1681 1409 partem
1719 1341 1820 1394 de-

222 1428 475 1493 clinavit,
504 1430 600 1486 sed
629 1448 648 1481 ι
678 1445 1036 1502 consurgens,
1082 1432 1289 1502 accepit
1328 1446 1556 1501 puerum
1599 1437 1653 1485 et
1701 1447 1819 1485 ma-

226 1532 363 1580 trem
390 1523 515 1592 ejus
544 1532 733 1589 nocte,
764 1533 820 1581 et
862 1525 1090 1581 secessit
1125 1525 1178 1580 in
1207 1523 1523 1597 Egyptum.
1573 1545 1592 1577 ι
1630 1524 1821 1597 Magna

224 1619 473 1690 potentia
507 1618 755 1684 Domini,
792 1620 885 1673 sed
922 1635 1029 1674 non
1054 1620 1233 1674 minor
1256 1618 1373 1688 ejus
1406 1618 1575 1674 claret
1606 1619 1824 1674 humili-

227 1717 329 1763 tas.
362 1708 463 1764 Ille
484 1708 629 1764 enim
654 1718 781 1763 ante
800 1708 996 1766 faciem
1023 1710 1391 1781 persecutoris
1413 1710 1598 1782 fugere
1630 1711 1821 1778 voluit,

224 1804 308 1856 cui
336 1801 521 1873 angeli
562 1802 894 1858 ministrant.
938 1802 1096 1874 Fugit
1140 1803 1398 1859 Dominus
1432 1803 1485 1858 in
1524 1802 1821 1875 [Egyptum

225 1889 385 1945 idolis
428 1890 667 1961 plenam,
712 1894 983 1948 cunabula
1025 1892 1224 1950 Indica:
1269 1896 1446 1966 gentis
1493 1896 1828 1967 relinquens,
1862 1878 1906 1938 Β

222 1981 392 2037 etiam
418 1984 538 2053 ipso
559 1984 665 2039 situ
692 1986 939 2056 corporis
959 1987 1283 2053 ostendens,
1313 1988 1458 2058 quod
1485 1989 1829 2059 postmodum

222 2072 477 2129 dicturus
500 2084 654 2130 erat:
675 2094 695 2127 ι
718 2074 833 2132 Non
865 2077 985 2132 veni
1014 2093 1212 2133 vocare
1230 2078 1407 2150 justos
1427 2118 1443 2145 ,
1472 2080 1828 2151 sedpcccato-

223 2176 312 2220 res
340 2164 413 2219 ad
444 2166 817 2237 paenitentiam
842 2166 1035 2239 (Marc.
1066 2168 1162 2242 ix).
1197 2189 1215 2222 ι

300 2273 322 2306 ι
369 2254 440 2310 Ει
480 2266 599 2311 erat
632 2256 725 2322 ibi,
757 2273 929 2328 usque
977 2259 1043 2313 ad
1096 2260 1301 2315 obitum
1346 2258 1594 2316 Herodis.
1626 2280 1644 2313 ι
1677 2258 1832 2328 Quod

219 2346 478 2401 nonnulli
513 2354 636 2417 post
677 2349 1017 2417 quadriennii
1068 2359 1311 2420 tempus,
1343 2351 1432 2405 alii
1476 2361 1597 2420 post
1628 2352 1829 2406 biennii

216 2436 441 2493 factmn
473 2452 595 2492 esse
629 2448 1079 2494 connnemorant.
1124 2438 1485 2509 Spiritualiter
1512 2450 1690 2494 autem
1725 2440 1834 2495 Ma-

223 2528 305 2585 ria
367 2536 427 2583 et
478 2526 723 2598 Joseph,
789 2528 958 2601 legem
1009 2527 1455 2599 Synagogamque
1502 2530 1830 2599 significant.

228 2619 506 2693 Egyptus
547 2636 800 2690 quoque,
855 2636 976 2689 qua:
1034 2623 1258 2677 tenebrae
1306 2623 1388 2677 vel
1440 2640 1628 2677 merr
1674 2624 1834 2679 inter-

226 2722 498 2784 pretatur,
522 2712 785 2766 muudum
817 2712 1111 2784 significat,
1141 2714 1234 2783 qui
1258 2724 1380 2785 post
1406 2716 1615 2769 Domini
1648 2716 1830 2770 incar-

228 2805 505 2860 nationem
550 2802 607 2857 in
643 2803 880 2858 tenebris
920 2803 1266 2873 ignorantiae,
1316 2815 1367 2859 et
1417 2806 1607 2859 tnubra
1641 2806 1831 2861 mortis

230 2897 311 2953 Vel
336 2896 589 2953 nronoris
613 2905 669 2951 et
695 2897 959 2968 angustia:
989 2898 1197 2967 positus
1250 2899 1494 2964 sedebat,
1525 2899 1664 2954 sicut
1684 2900 1830 2970 Apo-

232 2989 406 3046 stolus
431 2989 602 3045 dicit:
641 3005 662 3039 ι
700 2987 1000 3043 Tribulatio
1029 2999 1084 3044 et
1106 2990 1356 3061 angustia
1379 2989 1432 3045 in
1474 3005 1691 3046 onmem
1714 2991 1832 3046 ani-

236 3100 379 3139 mam
412 3084 645 3139 hominis
671 3084 948 3155 operantis
993 3085 1217 3152 malum,
1272 3085 1441 3142 Juilrei
1496 3088 1728 3159 primum
1773 3099 1830 3147 ct

237 3176 411 3234 Graeci
438 3175 618 3248 (Rom.
648 3182 729 3248 ιι).
766 3197 785 3229 ι
820 3177 984 3246 Quasi
1014 3180 1160 3233 enim
1208 3178 1376 3234 Maria
1404 3189 1459 3235 et
1486 3178 1682 3251 Josepli
1710 3197 1829 3251 por-

1921 608 2027 648 non
2073 593 2438 666 intelligendo,
2496 594 2550 649 in
2597 597 2777 652 varios
2828 598 2958 654 deos
3004 596 3268 656 incideret
3287 607 3313 656 ἰ
3364 604 3509 659 unde

1921 687 2073 758 plura
2101 688 2154 742 in
2181 687 2381 743 nostris
2409 687 2685 744 codicibus
2712 689 2982 762 leguntur,
3026 709 3147 764 qua:
3183 693 3235 749 in
3273 693 3507 766 Septua-

1916 782 2069 852 ginta
2122 780 2509 849 interpretibus
2560 797 2667 835 non
2725 781 3033 850 habentur,
3088 785 3228 841 sicut
3271 795 3355 842 est
3402 787 3509 845 hoc

1923 872 2124 945 (ludio.
2157 875 2311 945 xui):
2339 890 2357 924 ι
2387 872 2466 927 Ex
2486 870 2720 944 {Egypto
2748 875 2937 929 vocavi
2967 875 3135 931 filium
3168 892 3365 935 meum.
3393 898 3412 931 ι
3438 879 3511 934 Et

1923 964 2081 1019 illud:
2106 964 2400 1032 tQuoniam
2422 961 2714 1020 Nazarzeus
2727 964 3025 1019 vocabitur.
3049 986 3068 1019 ι
3090 968 3184 1022 Et:
3209 967 3513 1026 «Videbunt

1923 1057 1978 1113 in
1995 1073 2156 1128 quem
2177 1057 2584 1115 transﬁxerunt.
2618 1078 2635 1110 ›
2664 1057 2916 1112 Nonnulli
2936 1067 3115 1114 autem
3134 1061 3235 1117 hoc
3266 1063 3513 1118 testimo—

1924 1151 2075 1205 nium
2104 1151 2169 1206 de
2203 1149 2558 1205 Numerorum
2586 1150 2725 1205 libro
2755 1158 3030 1219 sumptum
3062 1151 3346 1210 voluerunt
3367 1171 3512 1222 esse,

1925 1243 2054 1299 illud
2114 1244 2321 1300 scilicet
2379 1242 2599 1299 Balaam
2662 1242 2866 1309 divini,
2929 1242 3019 1297 ubi
3067 1245 3325 1314 scriptum
3382 1257 3510 1303 est:

1933 1355 1950 1388 ι
1991 1337 2132 1391 Deus
2156 1351 2230 1391 ex
2261 1335 2496 1408 Aigypto
2522 1336 2733 1391 vocavit
2760 1351 2907 1403 eum,
2936 1345 2990 1392 et
3016 1336 3191 1408 gloria
3216 1337 3333 1407 ejus
3356 1343 3515 1412 quasi
3568 1335 3591 1400 ’.

1928 1427 2203 1483 unicornis
2228 1426 2371 1497 (Ose.
2393 1428 2489 1499 χι).
2514 1448 2532 1479 ι
2565 1428 2716 1495 Quod
2746 1428 2995 1497 quamvis
3009 1420 3393 1487 deJudEeorum
3424 1449 3518 1504 po-
3580 1428 3591 1470 '-

1926 1520 2051 1592 pulo
2081 1521 2252 1591 possit
2286 1521 2532 1592 intelligi,
2563 1521 2653 1592 qui
2701 1522 2767 1577 de
2795 1520 3030 1594 JEgyplo
3061 1522 3130 1577 ad
3178 1531 3381 1579 terram
3432 1540 3519 1581 re-
3600 1534 3603 1537 '

1927 1612 2300 1685 promissionis
2345 1622 2567 1668 vocatus
2610 1621 2713 1678 est,
2758 1622 2935 1683 potest
2958 1622 3013 1668 et
3037 1613 3104 1669 de
3132 1614 3269 1670 Filio
3305 1614 3399 1671 Dei
3426 1631 3519 1682 ac:

1926 1706 2053 1777 cipi,
2085 1706 2199 1775 qui.
2226 1717 2347 1763 nost
2378 1706 2582 1761 obitum
2615 1706 2873 1771 Herodis,
2913 1706 3109 1761 iterum
3140 1715 3393 1764 monente
3424 1725 3522 1765 an-

1927 1801 2066 1873 gelo,
2096 1800 2161 1853 ad
2190 1809 2390 1854 terram
2411 1799 2575 1855 Israel
2603 1808 2687 1855 est
2715 1815 2984 1855 reversus.
3526 1804 3534 1841 l

2011 1911 2030 1944 ι
2073 1892 2222 1947 Tune
2272 1892 2537 1958 Herodes,
2580 1893 2769 1949 videns
2800 1894 3053 1963 quoniam
3088 1893 3275 1949 illusus
3319 1904 3525 1951 esseta

1940 2004 1957 2034 ι
2002 1986 2194 2052 mags,
2231 1984 2449 2039 mittens
2474 1984 2673 2039 occidit
2698 2000 2887 2040 omnes
2917 1999 3139 2057 pueros,
3163 1986 3254 2058 qui
3284 1996 3439 2042 erant
3468 1986 3525 2044 in

1939 2094 1956 2125 ι
2003 2074 2315 2129 Bethlehem
2355 2085 2410 2130 et
2438 2076 2490 2129 in
2517 2076 2770 2131 omnibus
2797 2076 2992 2133 finibus
3018 2077 3149 2147 ejus.
3185 2094 3215 2133 a
3238 2078 3443 2135 bimatu
3467 2086 3525 2135 et

1938 2188 1957 2221 ι
2006 2166 2168 2233 infra,
2217 2170 2512 2223 secundum
2541 2177 2751 2239 tempus
2788 2170 2930 2239 quod
2972 2170 3303 2241 exquisierat
3346 2187 3378 2226 a
3408 2187 3527 2229 ma-

1940 2282 1957 2314 ι
1984 2263 2085 2334 gis.
2121 2282 2139 2314 ι
2173 2260 2325 2329 Quod
2353 2271 2533 2317 autem
2560 2262 2654 2329 ait,
2689 2281 2709 2313 ‹
2739 2262 2891 2318 Tunc
2919 2262 3162 2319 Herodes
3184 2265 3371 2320 videns
3392 2281 3530 2335 quo.

1936 2356 2081 2410 nimi
2111 2355 2299 2409 illusus
2325 2363 2468 2410 esset
2492 2371 2522 2410 a
2556 2357 2747 2427 magis,
2780 2377 2799 2409 ι
2836 2356 2902 2410 ad
2940 2358 3218 2427 superiora
3248 2358 3525 2428 Evangelii

1938 2445 2179 2514 respicit,
2222 2446 2312 2499 ubi
2342 2445 2545 2499 dictmn
2570 2456 2675 2511 est,
2707 2448 2831 2515 quia
2862 2462 2984 2501 eum
3015 2446 3255 2502 llerodes
3285 2449 3531 2506 mitteret

1938 2550 2124 2605 magos
2154 2535 2205 2588 in
2229 2533 2562 2598 Bethlehem,
2592 2536 2760 2591 dixit:
2801 2556 2818 2588 ι
2855 2536 2931 2592 Ite
2957 2549 3013 2591 et
3047 2537 3372 2611 interrogate
3408 2540 3530 2596 dili-

1937 2637 2127 2694 genter
2157 2625 2221 2679 de
2252 2640 2418 2695 puero
2471 2625 2684 2695 (Matth.
2726 2626 2807 2696 ιι),
2844 2647 2862 2677 ι
2920 2636 2974 2681 et
3010 2628 3229 2697 reliqua.
3269 2630 3530 2700 Sedquia

1940 2732 2197 2786 responso
2234 2726 2455 2785 accepto
2502 2718 2553 2770 in
2585 2719 2788 2771 somnis
2838 2734 2905 2771 ne
2956 2720 3196 2773 redirent
3247 2720 3313 2774 ad
3352 2719 3529 2776 Hero-

1936 2806 2099 2872 dem,
2148 2822 2245 2877 per
2300 2809 2458 2860 aliam
2511 2808 2650 2861 viam
2713 2808 2913 2862 reversi
2970 2819 3097 2864 sunt
3148 2809 3198 2863 in
3250 2810 3528 2880 regionem

1935 2911 2110 2963 suam,
2158 2898 2348 2952 videns
2386 2914 2512 2953 suas
2568 2898 2792 2953 insidias
2821 2915 2943 2955 esse
2989 2900 3298 2967 frustratas,
3358 2913 3530 2960 iratus

1935 2996 2018 3043 est
2046 2988 2215 3055 valde,
2272 2991 2525 3059 quoniam
2575 2990 2763 3046 illusus
2814 3001 2958 3048 esset
3007 3010 3036 3046 a
3069 2993 3261 3065 magis.
3304 2993 3370 3049 Et
3400 2994 3529 3065 quia

1934 3078 2144 3133 occulte
2172 3081 2398 3150 perdere
2425 3096 2649 3151 puerum
2689 3099 2794 3138 non
2825 3083 3029 3152 potuit,
3083 3085 3136 3138 in
3185 3086 3529 3144 manifestam

1936 3172 2366 3242 persecutionem
2390 3174 2644 3229 continuo
2668 3176 2887 3229 eXarsit.
2938 3194 2955 3225 ι
2994 3175 3061 3230 Ει
3089 3176 3305 3230 mittens
3331 3177 3534 3233 occidit

243 3269 512 3335 tantibus,
556 3270 813 3325 Dominus
856 3269 1147 3342 ,Egypmm
1180 3273 1326 3327 νριιίι
1369 3274 1736 3346 (ιιιειηιιολρευ
1777 3285 1834 3333 ει
1857 3274 1904 3337 C
1935 3278 2127 3317 omnes
2155 3278 2350 3333 pueros
2370 3264 2461 3333 qui
2492 3274 2650 3318 erant
2677 3264 2728 3318 in
2765 3264 3077 3319 Bellilelicm
3103 3306 3117 3329 ,
3163 3274 3218 3318 et
3256 3265 3307 3319 in
3352 3266 3530 3321 omni-

247 3363 529 3436 Synagoga
554 3367 1009 3435 praecedentibus,
1038 3369 1298 3472 m‘ndum
1326 3369 1378 3423 in
1413 3370 1653 3425 tenebris
1677 3385 1828 3425 erro-

254 3455 329 3511 ris
358 3457 607 3527 positum,
653 3470 747 3513 sua
774 3455 1414 3525 visitatiorieilliistravit,
1459 3459 1674 3531 impleta
1703 3474 1852 3530 pro-~

244 3546 422 3616 phetia
451 3544 620 3613 Isaize,
653 3548 918 3608 dicentis:
956 3564 975 3601 ι
1014 3549 1154 3605 Ecce
1177 3549 1436 3606 Dominus
1471 3550 1715 3605 ascendit
1737 3565 1829 3604 su-

239 3646 337 3705 per
362 3636 555 3692 nubem
603 3637 794 3704 levem,
834 3648 889 3695 et
917 3639 1251 3712 ingredietur
1293 3640 1610 3713 Egyptum,
1651 3652 1704 3697 et
1733 3657 1829 3698 cor

238 3726 450 3801 λείη-νυ
475 3728 717 3787 tabescet
758 3733 811 3789 in
841 3735 1015 3790 medio
1054 3735 1192 3805 ejus,
1246 3743 1301 3790 et
1344 3737 1829 3791 connnovebuntur

238 3821 520 3879 simulacra
559 3823 799 3898 :Egypti,
840 3842 859 3881 ι
894 3837 1165 3885 etczetera
1195 3844 1315 3899 qum
1339 3840 1658 3900 sequuntur.
1716 3830 1825 3885 Nu-

239 3912 327 3967 bes
366 3914 520 3980 levis,
550 3916 704 3990 virgo
727 3929 811 3975 est
848 3919 1039 3987 Maria,
1070 3936 1192 3992 qtae
1237 3937 1342 3978 non
1376 3934 1459 3978 est
1495 3932 1716 3995 gravata
1742 3939 1828 3980 se-

239 4004 379 4060 mine
404 4005 586 4072 virili,
632 4017 683 4062 et
710 4010 868 4079 quasi
915 4025 1078 4081 super
1101 4013 1301 4067 nubent
1348 4012 1520 4069 levem
1568 4015 1828 4073 Dominus

209 4098 552 4164 'ascendens,
607 4098 903 4171 .‘Egyptum
928 4101 1171 4168 intravit,
1220 4106 1460 4176 quando,
1491 4120 1712 4161 carnem
1754 4122 1824 4163 ex

236 4187 442 4260 virgine
497 4206 800 4257 assumens,
856 4195 1058 4250 mundo
1114 4196 1338 4252 visibilis
1384 4199 1653 4268 apparuit.
1698 4218 1718 4251 ι
1758 4199 1829 4256 Ut

243 4293 262 4328 ι
294 4278 686 4350 adimpleretur
730 4283 873 4355 quod
902 4284 1107 4339 dictum
1155 4295 1240 4342 est
1278 4303 1373 4357 per
1398 4291 1718 4360 prophetam
1745 4291 1828 4347 di-

242 4383 264 4424 t
293 4382 547 4428 contem:
580 4374 659 4431 Ex
686 4374 922 4449 Egypto
956 4379 1145 4437 Vocavi
1171 4380 1339 4435 filium
1387 4398 1587 4437 meum.
1621 4404 1640 4437 ι
1685 4384 1827 4441 Cou-

237 4465 463 4522 suetudo
498 4477 585 4524 est
622 4470 746 4525 huic
786 4472 1151 4544 evangelistte,
1181 4475 1436 4531 videlicet
1464 4476 1736 4544 Mattbzeo,
1769 4487 1829 4535 ut

238 4555 549 4629 frequenter
576 4576 729 4618 suam
780 4566 1149 4621 narrationem
1180 4568 1416 4623 oraculis
1438 4570 1823 4640 prophetarmn

238 4650 538 4708 confirmet.
595 4654 732 4721 Quia
785 4655 929 4711 enim
985 4656 1229 4714 Hebraeis
1285 4657 1514 4715 Hebmeo
1568 4675 1826 4720 sermone

237 4756 389 4800 suum
426 4748 767 4820 evangelium
825 4750 1031 4822 primus
1078 4751 1316 4822 scripsit,
1373 4754 1682 4827 ubicunque
1722 4756 1825 4814 loci

236 4840 607 4910 opportunitas
631 4856 693 4896 se
728 4842 895 4909 dedit,
946 4858 1098 4898 suam
1129 4846 1497 4901 narrationem
1545 4862 1611 4902 ex
1635 4863 1825 4904 eorum

235 4924 386 4986 libris
407 4931 737 4991 confirmare
763 4931 989 5002 studuit,
1035 4937 1179 4992 unde
1208 4952 1330 4993 cum
1370 4938 1597 4996 dixisset
1645 4939 1826 4997 Domi-

236 5034 357 5077 num
414 5034 671 5082 monente
730 5027 922 5099 angelo
972 5043 1003 5082 a
1056 5029 1373 5100 parentibus
1421 5031 1474 5086 in
1528 5030 1823 5105 Egyptum

237 5111 399 5171 fuisse
420 5113 800 5186 deportatum,
845 5115 1044 5187 adjecit
1086 5119 1349 5175 continuo
1388 5122 1666 5177 oraculum
1701 5138 1823 5193 pro-

235 5205 551 5274 pheticum,
614 5207 849 5264 dicens:
909 5218 932 5261 ι
970 5209 1049 5266 Ex
1113 5210 1352 5283 Egypto
1405 5214 1592 5269 vocavi
1655 5214 1824 5271 filium

236 5312 433 5356 meum.
474 5321 494 5354 ι
531 5300 647 5357 Hoc
672 5303 1039 5360 testimonium
1067 5305 1120 5361 in
1156 5305 1313 5362 Osca:
1343 5308 1604 5377 propheta
1632 5306 1828 5380 legitur

232 5392 380 5464 juna
420 5391 742 5452 Hebr-sicam
792 5398 1107 5465 veritatem,
1155 5401 1252 5455 sed
1304 5400 1446 5456 inter
1475 5401 1828 5474 Septuaginta

236 5485 560 5560 interpretes
587 5498 694 5546 non
742 5490 994 5547 habetur.
1020 5492 1155 5561 Quia
1176 5494 1343 5561 enim,
1368 5494 1658 5551 Ptolemaeo
1704 5511 1829 5569 rege

231 5574 468 5647 iubente,
500 5580 816 5654 Scripturas
853 5583 908 5639 in
929 5584 1178 5641 ercum
1210 5590 1496 5643 vertebant
1523 5588 1823 5660 eloquium,

236 5666 400 5727 Judaei
440 5673 697 5743 prudenti
743 5676 975 5733 consilio
1005 5676 1193 5732 dicunt
1236 5678 1439 5733 factum
1466 5720 1479 5743 ,
1516 5688 1576 5735 ut
1602 5680 1826 5736 ubicun-

237 5780 336 5836 que
385 5766 674 5826 manifeste
713 5770 781 5826 de
834 5770 942 5826 filio
970 5772 1173 5828 mentio
1210 5771 1386 5838 fieret,
1420 5782 1514 5829 aut
1549 5774 1706 5829 aliter
1743 5773 1824 5828 in-

238 5862 685 5933 terpretarentur,
714 5872 807 5921 aut
830 5866 1054 5922 omnino
1083 5860 1679 5939 praetermitterentfno
1700 5867 1825 5926 Pto-

1928 3354 2030 3408 bus
2054 3354 2247 3408 finibus
2271 3353 2407 3422 ejus.
2433 3375 2450 3405 ι
2484 3354 2717 3409 Putabat
2735 3357 2898 3417 enim,
2925 3357 3067 3426 quod
3095 3357 3137 3411 si
3161 3371 3351 3411 omnes
3370 3358 3528 3427 pueri

1931 3447 2354 3512 occiderentur,
2410 3462 2550 3502 unus
2594 3463 2752 3518 quem
2801 3449 3078 3518 quaerebat
3126 3452 3356 3504 evadere
3418 3465 3531 3506 non

1929 3547 2131 3612 posset,
2158 3555 2262 3594 non
2285 3539 2584 3605 aestimans,
2606 3539 2813 3606 infelix,
2835 3541 2963 3610 quia
2984 3556 3090 3596 non
3113 3550 3195 3595 est.
3216 3541 3526 3609 consilium,

1930 3649 2039 3689 non
2066 3642 2152 3688 est
2179 3633 2467 3704 sapientia,
2518 3647 2624 3687 non
2673 3641 2759 3689 est
2779 3632 3065 3705 prudentia
3092 3642 3283 3689 contra
3331 3635 3526 3691 Deum.

1933 3727 2086 3784 Unde
2134 3746 2153 3779 ι
2183 3744 2214 3781 a
2240 3727 2444 3782 bimatu
2484 3737 2539 3782 et
2577 3725 2717 3782 infra
2747 3747 2767 3780 ι
2821 3742 3021 3799 pueros
3061 3728 3225 3801 jussit
3254 3726 3528 3797 occidere,

1931 3820 2034 3876 hoc
2081 3829 2183 3887 est,
2216 3835 2246 3875 a
2276 3835 2445 3892 puero
2469 3819 2697 3875 duorum
2739 3836 3024 3887 annorum,
3061 3836 3231 3891 usque
3273 3821 3340 3876 ad
3389 3835 3524 3893 pue-

1932 3929 2050 3968 rum
2084 3913 2244 3968 unius
2275 3912 2466 3968 noctis.
2499 3912 2651 3980 Quod
2697 3928 2828 3967 vero
2859 3913 3056 3969 dicitur
3100 3931 3112 3969 :
3162 3931 3181 3964 ι
3212 3913 3526 3972 Secundum

1933 4016 2143 4076 tempus
2179 4006 2323 4075 quod
2369 4004 2702 4070 exquisierat
2735 4020 2766 4058 a
2814 4004 3009 4076 magis,
3042 4024 3060 4057 ι
3097 4004 3319 4059 tradunt
3356 4003 3527 4060 histo-

1930 4098 2025 4153 ria:
2054 4096 2274 4168 .Iosephi
2324 4106 2380 4151 et
2405 4095 2712 4168 llegesippi,
2761 4098 2903 4166 quod
2935 4113 2999 4153 eo
3041 4106 3281 4166 tempore
3309 4096 3529 4177 quando

1932 4200 2116 4247 natum
2145 4206 2326 4262 regem
2355 4189 2661 4246 Judmorum
2693 4205 2722 4242 a
2754 4190 2926 4259 magis
2949 4189 3215 4253 audierat,
3261 4203 3527 4245 accusan—

1934 4284 2076 4339 tibus
2128 4282 2481 4346 adversariis,
2515 4290 2737 4337 vocatus
2778 4282 2845 4336 ab
2896 4282 3246 4352 imperatore,
3294 4279 3529 4337 Romam

1930 4376 2079 4430 venit
2110 4391 2125 4431 :
2174 4386 2371 4431 etcum
2400 4374 2636 4429 venisset
2666 4382 2791 4429 ante
2821 4372 3088 4429 C:esarem
3115 4381 3169 4429 et
3210 4373 3528 4427 universum

1931 4476 2212 4531 senatum,
2260 4475 2317 4521 dt
2363 4473 2481 4521 erat
2533 4465 2759 4520 callidus
2802 4464 2985 4519 animo
3023 4472 3076 4519 et
3128 4462 3366 4533 prudens
3412 4460 3528 4516 elo-

1930 4559 2092 4629 quio,
2137 4558 2510 4629 potentissime
2549 4565 2605 4613 et
2652 4556 3032 4613 honestissime
3076 4552 3327 4626 purgavit
3377 4566 3529 4622 quae-

1852 4634 1905 4698 D
1931 4668 2145 4723 cunque
2178 4652 2281 4707 sibi
2330 4651 2543 4707 fuerant
2569 4651 2801 4722 objecta.
2855 4649 3099 4717 Cumque
3143 4645 3301 4700 aliter
3329 4646 3397 4702 ab
3422 4646 3527 4702 ini-

1935 4744 2092 4799 micis
2124 4752 2426 4815 putaretur,
2482 4742 2671 4811 majori
2719 4739 2892 4812 gloria
2938 4740 3006 4793 ab
3057 4738 3385 4809 imperatore
3442 4744 3527 4795 est

1932 4835 2223 4900 exaltatus,
2257 4836 2308 4890 in
2334 4842 2541 4888 tantum
2568 4842 2626 4886 ut
2653 4832 2703 4888 ei
2731 4831 2935 4903 regium
2966 4830 3211 4887 diadema
3234 4830 3522 4901 tribueret,

1931 4938 1987 4984 et
2038 4927 2293 4999 regnandi
2337 4934 2660 4997 potestatem
2708 4923 2762 4979 in
2810 4923 2991 4981 Judaea
3039 4924 3424 4980 confirmaret:
3466 4931 3527 4981 et

1937 5035 2058 5076 cum
2086 5029 2208 5090 post
2242 5019 2378 5075 duos
2411 5033 2583 5073 annos
2641 5017 2695 5072 in
2734 5032 2930 5088 magna
2970 5016 3143 5088 gloria
3182 5016 3236 5072 in
3275 5014 3523 5074 Iudaeam

1932 5125 2078 5176 esset
2102 5133 2369 5183 reversus,
2397 5115 2702 5182 recogitans
2732 5114 2874 5185 quod
2901 5115 3148 5170 audierat
3174 5128 3203 5167 a
3236 5114 3409 5186 magis
3430 5127 3524 5168 na-

1929 5224 2044 5270 tum
2073 5227 2193 5268 esse
2229 5225 2409 5281 regem
2448 5208 2796 5265 Iudaeorum:
2838 5226 2857 5259 ι
2892 5206 3107 5263 Mittens
3157 5207 3356 5264 occidit
3400 5222 3521 5262 om-

1931 5325 2027 5365 nes
2071 5323 2268 5380 pueros
2310 5306 2404 5377 qui
2453 5304 2691 5360 erantin
2734 5303 3065 5367 Bethlehem,
3099 5303 3235 5359 etin
3264 5303 3519 5361 omnibus

1933 5402 2131 5457 finibus
2168 5401 2308 5471 ejus,
2345 5415 2373 5452 a
2428 5398 2632 5454 bimatu
2662 5407 2718 5453 et
2752 5397 2889 5453 infra
2910 5438 2926 5463 ,
2977 5398 3275 5454 secundum
3307 5407 3519 5468 tempus

1933 5492 2076 5563 quod
2114 5490 2505 5560 exquisierata
2525 5490 2720 5562 magis,
2752 5509 2769 5540 ι
2816 5489 3112 5557 aestimans,
3151 5498 3211 5544 ut
3256 5489 3514 5555 diximus,

1930 5586 2098 5656 quod,
2142 5582 2394 5639 omnibus
2419 5583 2616 5639 occisis
2642 5623 2656 5649 ,
2698 5598 2838 5638 unus
2887 5581 3126 5652 eﬂugere
3169 5595 3277 5635 non
3310 5588 3515 5650 posset.

1930 5680 2084 5749 Quod
2110 5687 2289 5736 autem
2326 5686 2457 5735 nato
2508 5677 2736 5735 Domino
2775 5678 3079 5748 persecutio
3105 5673 3294 5744 empit,
3342 5672 3518 5744 signi-

1928 5771 2123 5829 ficatur
2157 5788 2255 5845 per
2276 5787 2437 5828 omne
2469 5779 2680 5842 tempus
2706 5771 2828 5826 vine
2856 5766 3155 5840 praesentis,
3187 5779 3296 5820 non
3328 5764 3520 5822 deesse

1926 5865 2157 5938 futuros,
2180 5868 2272 5947 qui
2298 5867 2502 5925 electos
2532 5867 2623 5923 Dei
2644 5871 3058 5939 persequantur,
3088 5860 3228 5917 sicut
3255 5858 3520 5924 Dominus
