4038 6352
543 378 616 445 79
1169 386 1523 445 numerus
1559 364 2039 444 HALBERSTAT.
2078 388 2117 444 E

2220 388 2293 446 lC.
2334 388 2485 448 OPP.
2527 388 2734 447 PARS.
2775 388 2839 447 ll.
2868 419 2925 433 --
2958 388 3193 448 HOMlL.

3757 398 3841 457 80

545 507 623 561 ait
654 503 708 561 in
738 505 1026 576 Evangelio
1052 521 1065 558 :
1102 523 1121 556 ι
1154 502 1212 559 Si
1241 519 1326 559 me
1346 505 1613 575 persecuti
1639 513 1780 567 sunt,
1814 511 1869 558 et
1899 520 1991 559 vos
2015 518 2135 574 per-
2157 509 2213 570 Α
2235 508 2380 576 quod
2409 507 2858 579 respondendum,
2892 509 3018 579 quia
3056 510 3231 565 tribus
3278 508 3413 565 Juda
3440 517 3495 567 et
3522 512 3839 587 Benjamin,

542 608 841 670 sequentur
870 597 1049 670 (Joan.
1077 598 1188 671 xv).
1228 617 1246 649 ι
1290 598 1357 651 Et
1383 597 1671 667 Apostolus
1701 616 1713 651 :
1764 615 1783 648 ι
1813 596 2015 653 Omnes
2044 597 2137 669 qui

537 693 629 764 pie
656 692 840 747 volunt
878 692 1060 745 vivere
1089 691 1142 745 in
1167 689 1408 756 Christo,
1453 690 1887 762 persecutionem
1925 693 2139 762 patien-

541 793 631 839 tur
684 782 770 857 (ΙΙ
805 782 939 836 Tim.
972 781 1077 853 Ill).
1129 801 1149 836 ι
1185 782 1253 837 Et
1290 783 1429 837 sicut
1454 783 1528 837 ait
1578 781 1895 853 Scriptura:
1943 803 1963 835 ‹
1993 784 2133 840 Vasa

538 877 687 947 ﬁguli
727 875 917 945 probat
950 873 1161 939 fornax,
1194 882 1251 928 et
1278 874 1524 929 homines
1563 872 1741 944 justos
1768 875 1997 929 tentatio
2040 876 2134 929 tri-

533 968 828 1022 bulationis
861 966 1031 1038 (Eccl.
1066 965 1258 1037 xxvu).
1291 986 1310 1019 ι
1340 965 1493 1035 Quod
1533 982 1660 1022 vero
1701 966 1853 1037 pueri
1894 983 1993 1036 pro
2028 966 2134 1023 Do-

535 1060 682 1113 mino
706 1059 873 1113 occisi
914 1067 1057 1121 sunt,
1093 1059 1362 1130 signiﬁcat
1402 1075 1498 1129 per
1528 1059 1847 1114 humilitatis
1877 1060 2131 1115 meritum

536 1152 602 1204 ad
644 1167 900 1206 coronam
947 1153 1193 1223 martyrii
1230 1168 1351 1207 esse
1385 1152 1730 1217 veniendum,
1760 1153 1904 1221 quod
1929 1153 2127 1219 omnis,

544 1251 601 1297 ut
638 1244 901 1299 Dominus
927 1244 1023 1309 ait,
1053 1245 1143 1313 qui
1185 1259 1243 1299 se
1288 1245 1559 1310 lnnniliat,
1589 1245 1940 1300 exaltabitur.
1994 1245 2129 1301 Pue-

538 1354 721 1392 rorum
754 1338 899 1392 enim
929 1339 1255 1403 innocentia,
1302 1340 1662 1395 humilitatem
1704 1341 2127 1412 signiﬁcatsim-

530 1433 774 1501 plicium.
809 1434 881 1487 Dc
918 1435 1165 1504 qualibus
1198 1437 1456 1492 Dominus
1484 1438 1597 1491 ait:
1628 1454 1647 1489 ι
1680 1437 1852 1492 Sinite
1877 1438 2129 1507 parvulos

510 1526 723 1579 'venire
772 1526 839 1579 ad
886 1541 1001 1590 me;
1054 1526 1241 1581 talium
1290 1537 1374 1583 cst
1417 1529 1559 1582 enim
1606 1544 1830 1600 regnum
1864 1530 2125 1584 caelorum

516 1608 753 1686 ’(ΜπιιΙι.
804 1618 938 1685 xtx).
986 1638 1002 1669 ι
1047 1617 1115 1672 Et
1140 1618 1376 1673 iterum:
1419 1640 1435 1670 ι
1475 1619 1585 1675 Nisi
1636 1622 1883 1676 conversi
1916 1621 2127 1678 fueritis

510 1710 585 1761 ‘et
609 1707 917 1763 eﬁiciamiui
950 1709 1092 1763 sicut
1117 1710 1345 1778 parvuli,
1380 1726 1486 1765 non
1516 1712 1788 1767 intrabitis
1810 1712 1864 1766 in
1899 1728 2123 1783 regnum

530 1804 815 1859 cmlorum.
866 1825 884 1856 ι
914 1805 1138 1872 Quando
1187 1816 1367 1861 autem
1399 1807 1569 1877 pueri,
1628 1818 1688 1863 ut
1718 1808 1974 1873 diximus,
2024 1823 2122 1878 pro

2239 608 2301 654 ut
2325 609 2477 655 vetus
2506 609 2694 655 narrat
2717 601 2966 668 historia,
2987 602 3143 669 juxta
3167 618 3225 657 se
3270 603 3645 662 haereditatem
3671 624 3839 665 acce-

2237 700 2451 762 perunt,
2482 700 2538 747 et
2558 691 2827 749 funiculus
2856 694 3019 749 sortis
3051 693 3333 763 Beujamin
3387 712 3554 766 prope
3603 699 3834 756 Bethle-

2236 784 2359 838 hem
2389 784 2758 853 perveniebat.
2812 786 2879 840 Et
2904 786 3030 855 quia
3060 784 3301 845 Herodes
3343 799 3681 860 praeceperat
3722 808 3839 847 non

2235 873 2408 929 solum
2438 875 2493 929 in
2529 874 2863 941 Bethlehem,
2915 877 3008 931 sed
3035 876 3202 931 etiam
3241 877 3296 932 in
3344 878 3597 935 omnibus
3632 880 3841 936 ﬁnibus

2245 965 2364 1035 ejus
2396 982 2595 1037 pueros
2649 967 2844 1032 occidi,
2892 967 3241 1039 intelligimus
3285 984 3384 1039 per
3412 969 3554 1025 hanc
3581 974 3840 1028 occasio-

2234 1074 2355 1114 nem
2378 1059 2677 1130 permultos
2706 1063 2772 1115 de
2796 1060 2965 1131 stirpe
2992 1059 3272 1128 Benjamin
3298 1075 3422 1117 esse
3459 1076 3631 1118 caesos
3649 1103 3665 1128 ,
3691 1079 3839 1134 quos

2232 1155 2433 1211 Rachel
2460 1165 2635 1211 mater
2663 1154 2871 1210 elevata
2907 1155 2962 1209 in
2987 1154 3260 1211 excelsum
3290 1170 3423 1210 voce
3464 1156 3709 1225 plorasse
3743 1158 3837 1213 di-

2232 1246 2412 1310 citur,
2486 1253 2542 1300 ut
2611 1245 3007 1315 persecutionis
3072 1244 3384 1301 immanitas
3448 1256 3832 1318 exaggeretur,

2232 1338 2448 1407 quando
2473 1338 2587 1408 ipsa
2615 1345 2788 1392 mater
2816 1338 2993 1408 egisse
3022 1337 3241 1402 dicitur,
3264 1337 3407 1407 quod
3438 1338 3508 1392 ab
3533 1338 3653 1408 ejus
3683 1340 3835 1395 tribu

2231 1427 2432 1483 factum
2461 1428 2826 1499 cognoscitur.
2873 1429 2968 1483 Est
3016 1436 3072 1483 et
3100 1427 3246 1483 aliud
3286 1429 3434 1499 quod
3476 1429 3531 1483 in
3571 1429 3673 1484 hoc
3706 1430 3836 1486 loco

2229 1523 2467 1590 prudens
2492 1522 2660 1577 lector
2717 1522 2955 1591 adjicere
2983 1529 3193 1591 potest,
3243 1522 3370 1591 quia
3428 1522 3571 1577 sicut
3597 1522 3835 1579 Genesis

2230 1625 2416 1670 narrat
2476 1616 2700 1670 historia
2761 1614 2912 1686 (Gen.
2967 1614 3169 1685 xxxv),
3225 1614 3425 1671 Rachel
3470 1615 3681 1686 sepulta
3746 1627 3837 1674 est

2228 1720 2394 1777 prepe
2423 1705 2758 1770 Bclhlehem,
2793 1705 2947 1775 juxta
2979 1705 3120 1759 viam
3151 1722 3271 1775 qua:
3296 1707 3443 1761 ducit
3475 1705 3715 1773 Hebron,
3751 1710 3832 1764 si-

2228 1795 2531 1849 cuttitulus
2558 1794 2891 1850 monumenti
2921 1793 3038 1863 ejus
3082 1802 3329 1849 testatur.
3376 1795 3533 1862 Quod
3577 1814 3707 1868 ergo
3761 1800 3834 1855 ab

526 1894 745 1949 Christo
779 1895 1046 1951 interfecti
1082 1906 1234 1964 sunt,
1271 1898 1363 1951 sed
1402 1874 1663 1953 Christus
1692 1899 1785 1968 qui
1834 1874 2117 1969 quaereba-

2226 1885 2591 1939 aliis'constat
2638 1884 2859 1949 factum,
2919 1885 3033 1954 ipsa
3062 1885 3381 1954 prophetico
3437 1901 3592 1941 more
3627 1888 3832 1945 fecisse

525 1995 616 2041 tur
643 2004 751 2042 non
786 1996 872 2043 est
922 1986 1192 2053 iuventus,
1243 1988 1544 2044 ostenditur
1571 1989 1697 2058 quia
1750 1999 2121 2059 persecutores

523 2087 827 2150 martyrum
878 2095 1105 2150 corpora
1142 2080 1285 2135 male
1318 2089 1553 2136 tractare
1599 2089 1823 2149 possunt
1871 2090 1925 2135 et
1977 2081 2122 2136 occi-

525 2172 673 2233 dere,
703 2172 798 2225 sed
828 2187 1054 2240 nequea
1094 2172 1425 2237 viventibus,
1471 2186 1645 2241 neque
1690 2187 1722 2226 a
1765 2171 2121 2227 morientibus

523 2259 801 2315 Christum
830 2260 1080 2326 auferre,
1111 2262 1201 2332 qui
1228 2270 1457 2331 possunt
1486 2262 1670 2317 dicere
1697 2280 1710 2316 :
1770 2282 1788 2314 ι
1828 2261 1956 2317 Sive
1981 2262 2119 2317 vivi-

522 2368 669 2418 mus,
720 2353 949 2409 Domino
971 2355 1205 2410 vivimus
1234 2372 1247 2407 :
1279 2356 1392 2410 sive
1431 2356 1711 2418 morimur,
1746 2355 1976 2411 Domino
2006 2371 2120 2411 mo-

520 2446 713 2499 rimur.
764 2445 889 2500 Sive
915 2446 1061 2501 enim
1095 2446 1356 2511 vivimus,
1412 2446 1525 2501 sive
1571 2446 1859 2512 morimur,
1903 2446 2118 2501 Domini

526 2554 713 2594 sumus
744 2538 924 2606 (Rom.
953 2538 1091 2611 xlv).
1129 2557 1147 2591 ι
1178 2540 1283 2595 Per
1323 2555 1419 2595 eos
1464 2548 1644 2594 autem
1673 2542 1765 2609 qui
1790 2539 1921 2594 bimi
1952 2539 2118 2594 occisi

522 2639 677 2692 sunt,
718 2631 794 2686 illi
827 2632 1203 2701 signiﬁcantur
1256 2633 1347 2701 qui
1378 2631 1602 2699 perfecti
1635 2639 1761 2686 sunt
1791 2632 1845 2685 in
1871 2646 2035 2699 opere
2063 2638 2118 2686 ct

522 2723 795 2789 doctrina,
835 2723 928 2792 qui
974 2739 1095 2777 cum
1143 2724 1278 2777 bene
1312 2722 1540 2777 vivendo
1571 2730 1627 2776 et
1681 2730 1826 2776 recte
1854 2721 2115 2786 docendo,

521 2817 750 2873 aliorum
801 2816 1097 2885 nequitiam
1129 2815 1445 2885 increpant,
1485 2830 1658 2883 usque
1705 2815 1772 2868 ad
1795 2812 2116 2869 eﬁ'usionem

524 2911 804 2982 sanguinis
830 2910 1133 2965 decertant.
1188 2909 1293 2966 Per
1329 2909 1448 2964 illos
1489 2924 1617 2964 vero
1645 2908 1736 2978 qui
1762 2907 1922 2971 infra,
1955 2907 2119 2977 signi-

526 3001 759 3056 ﬁcantur
788 3000 1082 3071 simplices,
1107 3001 1222 3070 qui,
1254 3001 1487 3055 scientes
1524 2998 1797 3053 Christum
1824 3005 2033 3052 tantum
2063 3005 2120 3053 et

524 3094 669 3147 hunc
716 3090 1058 3153 cruciﬁxum,
1098 3089 1269 3161 magis
1318 3088 1523 3159 eligunt
1556 3087 1729 3153 mori,
1786 3102 1948 3156 quam
2001 3084 2117 3154 ejus

523 3186 684 3240 ﬁdem
712 3199 929 3256 negare.
972 3182 1125 3250 Quod
1155 3191 1334 3236 autem
1365 3198 1470 3237 non
1499 3180 1671 3236 solum
1704 3180 1756 3235 in
1780 3179 2110 3243 Bethlehem,

522 3277 617 3331 sed
659 3274 822 3329 etiam
854 3274 909 3329 in
936 3272 1189 3328 omnibus
1217 3272 1417 3329 ﬁnibus
1441 3274 1559 3343 ejus
1584 3271 1738 3344 pueri
1767 3271 1935 3327 occisi
1966 3280 2112 3337 sunt,
2142 3241 2188 3305 Ο

523 3368 886 3439 signiﬁcatum
931 3374 1038 3432 est,
1088 3366 1214 3435 quia
1265 3381 1373 3421 non
1404 3364 1577 3423 solum
1623 3364 1678 3419 in
1725 3362 1933 3429 Judaza,
1973 3365 2117 3420 unde

520 3460 766 3516 Ecclesia
788 3461 1052 3531 originem
1081 3467 1409 3529 sumpserat,
1440 3457 1744 3528 persecutio
1770 3467 1888 3512 erat
1907 3456 2111 3521 futura,

520 3555 613 3608 sed
638 3553 801 3608 etiam
843 3567 1016 3622 usque
1048 3551 1115 3605 ad
1156 3550 1291 3606 ﬁnes
1341 3558 1519 3605 terrae.
1566 3549 1634 3603 Et
1664 3548 1808 3618 quod
1854 3549 2114 3605 Dominus

517 3652 739 3714 propter
793 3641 1229 3712 persecutionem
1265 3639 1494 3694 Herodis
1529 3639 1582 3692 in
1612 3637 1905 3710 Egyptum
1955 3638 2109 3708 fugit,

520 3731 791 3802 signiﬁcat
829 3730 1032 3785 electos
1062 3737 1282 3800 propter
1331 3730 1761 3799 persecutionem
1798 3744 2109 3799 pravorum,

520 3821 807 3891 aliquoties
836 3838 865 3874 a
907 3821 1140 3891 propriis
1164 3820 1382 3876 sedibus
1416 3835 1537 3875 esse
1564 3819 1849 3891 fugandos,
1894 3821 2113 3877 exsilio-

517 3928 624 3984 que
652 3911 983 3981 relegandos.
1016 3911 1169 3979 Quod
1198 3926 1327 3967 vero
1358 3910 1612 3967 defuncto
1648 3911 1881 3975 Herode,
1910 3911 2110 3967 iterum

519 4002 711 4073 angelo
763 4011 1035 4067 monente,
1094 4002 1160 4056 ad
1218 4010 1418 4056 terram
1469 4001 1633 4056 Israel
1695 4016 1949 4056 reversus
2001 4012 2107 4069 est,

500 4093 845 4166 signiﬁcavit
873 4095 1091 4149 eosdem
1120 4093 1318 4149 electos
1350 4101 1472 4163 post
1498 4109 1867 4155 compressam
1895 4095 2111 4149 haereti-

517 4203 704 4243 corum
729 4187 1037 4251 falsitatem,
1067 4188 1133 4242 ad
1156 4187 1404 4258 proprias
1432 4188 1588 4242 sedes
1613 4201 1733 4241 esse
1762 4202 2105 4243 reversuros:

516 4282 662 4352 quod
707 4281 773 4337 de
804 4280 1008 4336 llilario
1050 4281 1403 4343 Pictaviensi,
1434 4289 1491 4336 et
1534 4279 1835 4335 Athanasio
1868 4280 2107 4336 Alexan-

517 4375 697 4437 drino,
722 4383 776 4430 et
802 4374 1043 4445 pluribus
1066 4373 1187 4429 aliis
1210 4374 1455 4442 legimus.

488 4468 493 4473 ’
596 4488 615 4520 ‹
650 4468 801 4524 Tunc
824 4468 1172 4539 adimpletum
1205 4477 1309 4533 est,
1348 4468 1489 4537 quod
1536 4468 1743 4523 dictum
1779 4477 1863 4521 est
1891 4482 1991 4538 per
2018 4466 2109 4522 Je-

524 4584 540 4613 ι
587 4563 812 4618 remiam
865 4561 1183 4632 prophetam
1269 4560 1537 4615 dicentem
1593 4576 1604 4610 :
1667 4556 1780 4612 Vox
1828 4558 1880 4611 in
1936 4557 2107 4611 llama

524 4673 542 4706 ι
589 4654 773 4708 audita
820 4661 923 4718 est,
975 4652 1215 4724 ploratus
1262 4659 1316 4706 et
1351 4650 1583 4705 ululatus
1625 4649 1827 4703 multus
1867 4647 2109 4703 :Rachel

523 4763 542 4795 ε
588 4743 809 4813 plorans
834 4742 969 4797 ﬁlios
1005 4758 1161 4809 suos;
1193 4752 1248 4796 et
1277 4740 1446 4795 noluit
1494 4738 1784 4802 consolari,
1833 4738 1957 4806 quia
2003 4754 2109 4792 non

523 4856 543 4887 ι
573 4844 720 4892 sunt.
760 4855 778 4887 ι
803 4835 1052 4892 Nostram
1081 4837 1414 4908 superiorem
1439 4836 1802 4890 narrationem
1828 4833 2110 4889 Matthaeus

518 4924 849 4997 evangelista
877 4926 1183 4993 conﬁrmat,
1209 4942 1331 4981 cum
1372 4926 1482 4981 suis
1524 4926 1861 4980 sermonibus
1891 4924 2108 4980 oracula

482 5016 685 5073 'infert
735 5018 1143 5088 prophetarum.
1210 5018 1364 5087 Quod
1418 5024 1597 5073 autem
1652 5017 1768 5071 ait:
1834 5035 1852 5067 ‹
1888 5016 2000 5071 Vox
2052 5015 2107 5069 in

521 5108 692 5163 Rama
715 5109 890 5164 audita
918 5118 1019 5174 est,
1057 5128 1075 5160 ι
1111 5125 1214 5164 non
1264 5110 1351 5163 hic
1387 5108 1555 5161 Rama
1588 5122 1781 5161 nomen
1821 5106 1971 5159 urbis
2022 5104 2107 5159 vel

520 5199 649 5265 loci,
680 5208 739 5254 ut
759 5200 977 5271 quidam
1007 5209 1217 5271 putant,
1249 5198 1567 5269 simpliciter
1599 5207 1776 5259 sonat,
1807 5195 1899 5250 sed
1929 5195 2107 5265 potius

522 5292 577 5347 in
608 5291 877 5347 excelsum
923 5291 1213 5364 signiﬁcat.
1271 5291 1425 5359 Quod
1445 5299 1529 5345 est
1554 5290 1698 5344 enim
1742 5289 1955 5344 dicere:
1988 5287 2105 5345 Vox

521 5387 577 5442 in
606 5386 775 5441 Rama
802 5385 982 5440 audita
1021 5394 1126 5450 est,
1159 5385 1298 5439 idem
1335 5392 1418 5438 est
1454 5383 1652 5444 dicere,
1716 5382 2107 5451 persecutionis

519 5477 758 5550 procella
782 5478 939 5549 longe
977 5477 1189 5545 lateque
1218 5474 1406 5531 diﬁ'usa
1446 5484 1548 5538 est,
1596 5472 1870 5541 Quaeritur
1914 5474 1981 5529 ad
2011 5474 2100 5529 lit-

521 5581 719 5636 teram,
749 5571 1017 5640 quomodo
1038 5567 1241 5623 Rachel
1279 5566 1415 5621 ﬁlios
1460 5581 1586 5622 suos
1615 5565 1859 5636 plorasse
1882 5565 2102 5633 dicitur,

522 5680 644 5720 cum
692 5664 1027 5729 Bethlehem,
1079 5662 1132 5716 in
1177 5677 1281 5731 qua
1317 5660 1471 5730 pueri
1507 5661 1673 5716 occisi
1718 5668 1865 5727 sunt,
1895 5677 2003 5717 non
2048 5660 2104 5715 in

522 5757 666 5811 tribu
694 5756 994 5827 Benjamin,
1022 5754 1112 5823 qui
1139 5754 1204 5807 de
1226 5751 1426 5807 Rachel
1448 5761 1603 5808 ortus
1630 5761 1733 5818 est,
1761 5754 1855 5809 sed
1883 5754 1937 5808 in
1962 5752 2105 5808 tribu

522 5849 659 5917 Juda
684 5850 871 5919 fuerit,
921 5850 1011 5921 qui
1048 5852 1112 5907 de
1149 5848 1244 5905 Lia
1276 5863 1463 5914 sorore
1511 5848 1627 5921 ejus
1670 5859 1828 5922 natus
1859 5850 1984 5907 est?
2024 5849 2107 5907 Ad

2221 1979 2442 2043 dicitur,
2467 1994 2538 2033 ex
2566 1977 2720 2047 cujus
2745 1977 3017 2048 sepultura
3044 1978 3192 2033 locus
3224 1978 3312 2033 ille
3357 1979 3569 2050 insigne
3620 1998 3822 2038 nomen

2223 2074 2459 2129 habebat
2516 2073 2698 2144 (Joan.
2768 2074 2956 2144 Lxxx).
3017 2074 3387 2144 Spiritualiter
3438 2092 3568 2133 vero
3614 2077 3825 2134 Rachel

2223 2164 2365 2236 (quae
2393 2165 2498 2218 ovis
2543 2164 2627 2218 vel
2657 2165 2797 2218 visus
2826 2164 3140 2234 principium
3171 2165 3582 2237 interpretatur)
3630 2167 3827 2223 Eccle-

2220 2255 2358 2310 siam
2398 2254 2686 2324 signiﬁcat,
2742 2268 2862 2322 qua:
2888 2263 3036 2309 recte
3065 2254 3211 2310 visus
3240 2256 3563 2326 principium
3590 2259 3820 2326 dicitur,

2221 2345 2369 2413 quia,
2400 2344 2661 2398 mundato
2704 2343 2887 2399 cordis
2937 2343 3131 2410 oculo,
3184 2344 3328 2401 illius
3367 2348 3821 2416 pulchritudinem

2220 2433 2574 2503 contemplari
2631 2433 2922 2499 desiderat,
2975 2435 3068 2505 qui
3108 2435 3227 2491 ait:
3285 2455 3304 2486 α
3334 2436 3447 2508 Ego
3493 2438 3820 2509 principium

2219 2529 2311 2597 qui
2342 2535 2397 2582 et
2427 2528 2619 2596 loquor
2642 2527 2797 2583 vobis
2840 2524 3022 2596 (Joan.
3057 2527 3199 2598 vm).
3240 2546 3260 2579 ι
3316 2527 3438 2598 Ipsa
3485 2546 3705 2601 quoque
3740 2542 3820 2587 est

2219 2618 2337 2673 ovis
2364 2617 2685 2682 centesima,
2732 2632 2895 2689 quam
2924 2618 3045 2687 pius
3070 2626 3257 2687 pastor
3278 2618 3559 2676 inventam
3587 2622 3815 2692 propriis

2221 2710 2465 2763 humeris
2496 2710 2772 2779 imposuit,
2810 2717 2865 2764 et
2895 2709 2973 2763 sic
3002 2711 3298 2779 reportavit
3324 2711 3391 2766 ad
3419 2727 3637 2784 gregem
3666 2713 3815 2784 (Luc.

2220 2802 2333 2869 xv).
2386 2790 2579 2857 Plorat
2621 2818 2751 2873 ergo
2780 2804 2984 2860 Rachel
3033 2803 3174 2858 ﬁlios
3212 2818 3362 2870 suos,
3408 2806 3535 2876 quia
3581 2806 3820 2863 Ecclesia

2220 2911 2319 2966 pro
2361 2896 2735 2965 persecutione
2785 2896 3021 2950 ﬁdelium
3072 2896 3259 2968 gemit.
3304 2877 3433 2953 Non
3478 2899 3593 2954 vult
3638 2910 3820 2956 autem

2221 2987 2490 3043 consolari
2518 3004 2679 3058 super
2704 3004 2820 3054 eos,
2851 2989 2945 3058 qui
2975 3005 3082 3046 non
3107 2999 3262 3055 sunt,
3290 2991 3417 3060 quia
3448 2991 3594 3047 illam
3622 3009 3823 3050 conso-

2221 3078 2474 3134 lationem
2507 3096 2612 3133 non
2639 3079 2752 3133 vult
2795 3080 3071 3149 recipere,
3122 3088 3180 3135 ut
3228 3080 3422 3135 iterum
3472 3083 3698 3137 redeant
3752 3086 3823 3140 ad

2220 3171 2518 3226 certamina
2555 3170 2735 3225 smculi
2775 3171 3088 3241 pugnaturi,
3136 3172 3226 3242 qui
3252 3181 3479 3243 regnant
3503 3188 3628 3229 eum
3657 3174 3826 3231 Chri-

2219 3272 2304 3319 sto
2333 3277 2429 3333 per
2456 3262 2779 3333 martyrium
2808 3264 3073 3319 coronati.

2296 3372 2315 3404 ι
2349 3353 2615 3409 Defuncto
2653 3362 2831 3408 autem
2876 3352 3106 3497 ‘emde.
3148 3373 3167 3407 ι
3214 3353 3381 3427 Igitur
3404 3353 3667 3421 Herodes,
3721 3358 3821 3428 qui

2296 3453 2494 3497 ttorum
2525 3442 2789 3497 scelerum
2836 3459 2895 3497 se
2937 3452 3122 3497 ecerat
3162 3454 3464 3497 auctorem.
3512 3454 3574 3497 ut
3606 3461 3710 3497 nec
3746 3448 3818 3497 ab

2217 3451 2494 3499 tantorum
2525 3442 2789 3500 scelerum
2836 3442 3122 3500 se‘fecerat
3162 3454 3464 3512 auctorem,
3512 3454 3574 3500 ut
3606 3461 3710 3502 nec
3746 3448 3818 3504 ab

2218 3536 2386 3604 ipsius
2431 3520 2644 3591 Domini
2683 3537 3060 3605 persecutione
3114 3551 3334 3592 manum
3384 3538 3627 3593 traheret
3705 3553 3814 3593 non

2215 3637 2429 3700 poterat
2450 3641 2730 3683 remanere
2754 3628 2973 3684 inultus.
2999 3626 3137 3697 Quia
3168 3628 3314 3683 enim
3340 3628 3710 3685 fraudulenter
3733 3646 3815 3687 re-

2215 3737 2380 3791 gnum
2404 3719 2712 3775 Judworum
2732 3722 2940 3792 primus
2969 3738 3039 3778 ex
3064 3724 3321 3796 gentibus
3342 3726 3570 3796 adeptus
3609 3725 3809 3792 fuerat,

2216 3829 2322 3868 non
2353 3812 2525 3869 solum
2542 3811 2744 3870 Judasis
2773 3814 2943 3870 multa
2957 3815 3097 3870 mala
3130 3816 3407 3880 intulerat,
3432 3833 3619 3872 verum
3645 3818 3811 3873 etiam

2213 3905 2268 3960 in
2291 3905 2416 3961 ﬁliis
2437 3906 2669 3976 propriis
2692 3908 2954 3978 patricida
2999 3909 3300 3964 exstiterat.
3354 3910 3422 3965 Et
3442 3926 3607 3982 super
3627 3913 3812 3969 omnia

2214 3998 2353 4053 mala
2381 4038 2395 4063 ,
2427 4014 2549 4069 qua:
2584 3999 2803 4070 longum
2832 4009 2917 4055 est
2948 4015 3297 4066 enumerare,
3331 4016 3454 4056 cum
3472 4001 3810 4059 Salvatorem

2212 4088 2403 4144 mundi
2450 4098 2634 4145 natum
2670 4090 2930 4157 audisset,
2982 4091 3123 4147 fellis
3149 4092 3350 4146 invidia
3397 4103 3720 4160 commotus,
3751 4102 3813 4148 ut

2211 4198 2379 4239 unum
2404 4181 2627 4253 perdere
2657 4194 2864 4252 posset,
2902 4199 3062 4253 quem
3097 4185 3164 4240 ad
3207 4187 3539 4257 regnandum
3563 4188 3812 4245 audierat

2211 4284 2418 4342 natum,
2446 4289 2635 4330 omnes
2650 4290 2843 4345 pueros
2860 4274 2913 4328 in
2926 4274 3264 4342 Bethlehem,
3287 4284 3341 4331 et
3359 4278 3410 4330 in
3430 4277 3680 4333 omnibus
3697 4278 3813 4333 ﬁni-

2209 4371 2312 4423 bus
2355 4367 2469 4437 ejus
2509 4366 2816 4422 iuterﬁcere
2836 4365 3013 4434 jussit.
3039 4367 3318 4439 Tantaque
3357 4368 3537 4423 rabies
3555 4368 3673 4437 ejus
3693 4370 3814 4425 ani-

2210 4476 2356 4515 mum
2391 4460 2765 4524 succenderat,
2800 4468 2858 4514 ut
2888 4476 2989 4516 nec
3016 4470 3235 4532 propter
3260 4461 3667 4517 multitudinem
3692 4479 3814 4519 mo-

2213 4553 2488 4617 rientium,
2524 4569 2622 4609 nec
2646 4562 2867 4625 propter
2893 4554 3238 4624 parvulorum
3280 4554 3671 4624 innocentiam,
3710 4573 3811 4611 sua

2215 4642 2422 4699 saevitia
2463 4653 2719 4700 cessaret.
2773 4645 3001 4715 Propter
3047 4645 3189 4715 quod
3230 4645 3411 4701 divina
3444 4645 3650 4702 ultione
3685 4662 3812 4718 per-

2214 4753 2406 4791 cussus
2447 4778 2461 4801 ,
2526 4737 2978 4794 immedicabilem
3036 4753 3232 4809 passus
3277 4747 3359 4795 est
3405 4741 3803 4811 aegritudinem.

2213 4829 2344 4884 Erat
2377 4829 2522 4884 enim
2577 4827 2767 4894 febris,
2816 4829 3082 4886 acerrima
3128 4831 3379 4901 suspiria,
3427 4840 3483 4887 et
3534 4831 3809 4887 anhelitus

2214 4921 2437 4986 assidui,
2469 4935 2717 4991 spasmus
2741 4936 2956 4992 quoque
2985 4921 3151 4978 totius
3183 4921 3447 4992 corporis,
3486 4922 3562 4976 ita
3608 4930 3670 4976 ut
3714 4922 3807 4977 vix

2213 5014 2489 5085 respirare
2533 5021 2735 5085 posset.
2778 5012 3043 5085 Hydropis
3078 5015 3301 5070 morbus
3329 5030 3527 5086 corpus
3554 5023 3807 5070 attenua-

2210 5116 2383 5173 verat,
2417 5107 2489 5162 ita
2519 5115 2579 5162 ut
2607 5106 2834 5178 vestigia
2873 5105 3148 5161 inﬁatione
3188 5107 3383 5177 pedum
3423 5114 3803 5176 gravarentur,

2209 5200 2469 5256 interiora
2491 5214 2708 5270 quoque
2737 5199 2944 5253 viscera
2974 5205 3126 5253 tanto
3161 5198 3344 5254 dolore
3385 5199 3705 5263 urebantur,
3746 5206 3808 5253 ut

2210 5306 2309 5362 per
2351 5300 2617 5345 secretum
2668 5297 2877 5344 naturae
2925 5288 3172 5360 digerere
3216 5290 3511 5345 videretur.
3572 5288 3805 5359 Prurigo

2210 5399 2423 5454 quoque
2460 5383 2623 5439 totius
2657 5381 2900 5452 corporis
2939 5381 2993 5436 in
3021 5391 3231 5438 tantum
3264 5382 3617 5439 intolerabilis
3663 5390 3802 5449 erat,

2212 5488 2271 5535 ut
2296 5480 2459 5535 etiam
2480 5478 2714 5534 verenda
2740 5477 2952 5548 putrida
2990 5478 3269 5534 vermibus
3296 5478 3645 5534 scaturirent.
3685 5475 3805 5533 Ine-

2210 5579 2297 5626 rat
2321 5570 2485 5625 etiam
2515 5577 2568 5624 et
2593 5567 2864 5625 anhelitus
2887 5566 3106 5633 fetidus,
3138 5567 3191 5622 in
3219 5574 3427 5623 tantum
3473 5575 3533 5623 ut
3567 5567 3659 5622 vix
3689 5581 3803 5623 me-

2211 5662 2452 5718 dicorum
2496 5659 2693 5731 aliquis
2732 5675 2829 5731 pro
2866 5658 3187 5715 adhibendis
3240 5658 3694 5714 medicaminibus
3734 5659 3803 5713 ad

2212 5770 2336 5809 eum
2385 5753 2644 5808 accedere
2691 5762 2893 5823 posset.
2943 5751 3182 5821 Denique
3235 5750 3523 5807 nonnullos
3564 5751 3802 5806 medico-

2194 5861 2335 5907 .rum
2361 5845 2414 5902 in
2444 5845 2557 5915 ipsa
2583 5844 2901 5917 mgritudiue
2922 5842 3130 5929 positus
3155 5842 3355 5901 dicitur
3374 5842 3627 5901 occidere
3663 5856 3801 5917 prte-
