4038 6352
241 340 305 398 8|

1495 336 1801 402 HOMILIJE
1838 335 1928 396 DE
1964 338 2309 399 TEMPORE.

3439 354 3511 415 82

224 458 465 530 cepisse,
490 461 641 532 quasi
676 460 768 533 qui
800 460 920 535 ejus
942 460 1099 519 saluti
1124 460 1382 535 prodesse
1424 470 1665 534 possent,
1713 475 1816 517 nec
1841 459 1894 520 Α
1919 459 2217 516 Ecclesium
2255 458 2425 518 saevit.
2474 462 2627 532 Quod
2668 470 2848 524 autem
2888 474 3010 540 post
3035 469 3242 527 obitum
3278 471 3508 531 Herodis

222 553 450 610 vellent.
483 555 703 625 Insuper
723 556 886 611 etiam
914 554 1113 611 famem
1138 556 1393 626 sitimque
1416 553 1817 611 intolerabilem

222 647 551 702 sustinebat.
604 647 670 701 Et
714 648 858 718 quod
895 648 1113 719 gravius
1148 655 1288 714 erat,
1340 647 1518 703 omnis
1566 647 1719 703 cibus
1762 653 1819 702 et

218 745 384 804 potus
430 736 487 791 in
531 734 808 794 fasridium
866 738 917 793 ei
975 746 1114 792 erat.
1166 737 1602 795 Insomnietatem
1650 736 1817 793 talem

219 826 568 893 sustinebat,
622 836 683 883 ut
727 828 845 885 dies
886 839 1180 900 noctesque
1224 830 1516 901 pervigiles
1570 831 1812 886 duceret.

217 920 373 988 Quod
414 924 463 978 si
504 939 694 994 parum
719 925 1109 992 obdormisset,
1138 926 1458 996 phantasma
1488 925 1811 996 patiebatur,

215 1024 275 1069 ut
309 1030 370 1071 se
406 1018 750 1075 obdormisse
782 1020 1090 1090 paeniteret.
1125 1018 1232 1076 Sed
1270 1036 1392 1076 cum
1426 1019 1595 1075 nimio
1629 1033 1815 1076 amore

214 1111 509 1179 praesentis
544 1111 670 1167 vita:
696 1119 971 1179 mstuaret,
998 1112 1162 1182 jussit
1190 1129 1248 1169 se
1282 1112 1481 1168 deferri
1515 1124 1665 1167 trans
1685 1109 1806 1167 Jor-

214 1199 437 1267 danern,
483 1201 573 1258 ubi
612 1212 770 1258 erant
796 1219 949 1274 aquae
971 1204 1179 1270 calidus,
1212 1220 1334 1275 qua:
1369 1205 1531 1260 etiam
1559 1204 1815 1272 languen-

212 1291 357 1346 tibus
392 1292 749 1349 medicahiles
775 1294 1112 1350 dicebantur.
1160 1277 1266 1350 Sed
1312 1311 1433 1365 qua:
1480 1296 1600 1350 aliis
1652 1294 1811 1350 utiles

210 1392 391 1450 erant,
436 1385 517 1439 illi
554 1386 688 1441 nihil
725 1384 1068 1457 profuerunt,
1094 1393 1153 1440 ut
1183 1385 1503 1457 intelligeret
1535 1402 1593 1442 se
1625 1386 1809 1441 divina

210 1472 418 1531 ultione
466 1490 588 1531 esse
636 1491 973 1547 percussum.
1021 1476 1208 1532 Visum
1237 1477 1400 1531 etiam
1433 1476 1533 1531 fuit
1556 1477 1805 1544 medicis,

209 1573 265 1618 ut
294 1564 347 1618 in
384 1564 694 1622 fomentum
722 1568 825 1624 olei
872 1568 1034 1640 tepidi
1083 1586 1205 1625 eum
1252 1570 1599 1639 deponerent.
1653 1570 1809 1638 Quod

205 1671 331 1711 eum
366 1656 565 1713 fuisset
594 1659 893 1728 ingressus,
922 1661 994 1715 ita
1024 1669 1191 1716 totum
1220 1676 1418 1731 corpus
1443 1660 1559 1731 ejus
1596 1662 1809 1718 resolu~

207 1758 321 1815 tum
349 1750 580 1818 dicitur,
613 1762 672 1807 ut
694 1754 857 1808 etiam
884 1753 1026 1809 oculi
1048 1754 1101 1808 in
1128 1754 1535 1811 similitudinem
1566 1755 1806 1811 morien-

1919 566 2055 623 puer
2077 551 2233 609 Iesus
2256 554 2322 608 ad
2355 563 2557 611 terram
2591 560 2753 614 Israel
2786 569 2870 616 est
2898 577 3170 630 reversus,
3213 565 3504 637 signiﬁcat,

1919 643 2045 713 quia
2087 643 2231 700 circa
2278 645 2439 701 ﬁnem
2480 650 2660 705 saeculi
2693 653 2759 707 ad
2789 669 3115 728 synagogam
3140 665 3224 713 est
3258 656 3507 715 reversu-

1919 748 2032 798 rus,
2078 751 2200 790 cum
2240 752 2338 807 per
2375 741 2809 807 praedicationem
2841 747 2972 802 Elia:
3000 757 3055 803 et
3081 748 3264 806 Enoch
3296 750 3352 805 in
3377 766 3505 807 eum

1919 828 2264 889 crediderint.
2328 830 2479 888 Unde
2521 833 2645 889 cum
2691 836 2981 908 Egyptum
3021 841 3215 897 deferri
3248 841 3507 910 jubcatur

1917 928 1972 974 ct
2012 918 2217 991 fugere,
2263 923 2365 979 hoc
2419 925 2473 979 in
2518 935 2678 983 nocte
2722 931 3033 1000 praecipitur
3059 947 3075 987 :
3104 949 3227 989 cum
3270 950 3399 989 vero
3435 936 3506 990 ad

1917 1018 2118 1066 terram
2147 1013 2313 1069 Israel
2339 1016 2649 1081 revertitur,
2683 1033 2784 1074 nec
2818 1021 2994 1076 noctis
3019 1021 3079 1075 ﬁt
3100 1023 3343 1079 mentio:
3376 1024 3504 1095 quia

1915 1116 2051 1172 quos
2078 1120 2223 1160 nunc
2260 1116 2480 1177 propter
2512 1108 2944 1166 incredulitatem
2985 1112 3036 1166 in
3076 1116 3314 1170 tenebris
3344 1115 3501 1171 dese:-

1916 1196 2005 1259 rit,
2057 1195 2204 1252 circa
2250 1197 2411 1253 ﬁnem
2444 1200 2624 1256 saeculi
2664 1200 2950 1257 credentes
2973 1201 3029 1255 in
3055 1203 3232 1258 lucem
3262 1204 3386 1260 ﬁdei
3417 1220 3503 1260 re-

1914 1285 2098 1356 cipiet.
2882 1346 2885 1349 ι

1991 1395 2010 1428 ι
2036 1375 2274 1436 Audiens
2305 1391 2486 1438 autem
2515 1384 2660 1455 quod
2689 1383 2985 1440 Archelaus
3026 1394 3281 1457 regnaret
3308 1386 3362 1442 in
3402 1384 3500 1443 Ju-

1917 1487 1940 1520 r
1968 1471 2082 1526 daea
2127 1487 2228 1543 pro
2273 1474 2484 1531 Herode
2529 1486 2683 1547 patre
2716 1493 2839 1543 suo,
2876 1478 3056 1532 timuit
3082 1478 3174 1533 illo
3203 1479 3302 1534 ire.
3334 1498 3352 1530 ι
3397 1480 3502 1535 Ar-

1911 1563 2132 1619 chelaus
2160 1574 2341 1621 autem
2369 1583 2506 1623 unus
2535 1568 2638 1622 fuit
2665 1571 2732 1623 de
2762 1568 2991 1625 Herodis
3016 1570 3161 1636 ﬁliis,
3189 1586 3350 1640 quem
3377 1581 3503 1642 post

1911 1668 1970 1709 se
1998 1655 2064 1708 ad
2099 1657 2430 1727 regnandum
2459 1659 2513 1712 in
2541 1657 2725 1713 Iudaea
2752 1658 2993 1715 Herodes
3028 1660 3359 1727 instituerat,
3405 1664 3501 1718 sed

1910 1757 2098 1817 postea
2127 1748 2469 1804 insolentiam
2505 1749 2621 1818 ejus
2647 1753 3027 1807 accusantibus
3054 1751 3272 1816 Iudaeis,
3294 1752 3500 1821 judicio

205 1841 342 1897 tium
398 1855 771 1913 versarentur,
839 1846 1291 1903 intercluderetur
1330 1863 1432 1903 vox
1458 1888 1474 1915 ,
1515 1855 1571 1903 et
1614 1863 1805 1904 sensus
1831 1827 1882 1889 Β
1909 1849 2131 1895 εθιιθιιιε
2175 1841 2315 1912 amid
2363 1842 2645 1908 Viennam.
2697 1858 2816 1913 quae
2863 1842 3161 1899 Galliarum
3214 1852 3298 1899 est
3345 1845 3495 1908 urbs.

204 1933 446 1990 abesset.
486 1935 555 1991 Et
579 1952 701 1992 cum
728 1944 850 2008 post
868 1937 1144 2008 paululum
1168 1938 1464 1995 amicorum
1496 1946 1552 1995 et
1577 1938 1806 1995 famulo-

204 2041 324 2081 rum
375 2028 606 2095 vocibus
649 2028 918 2084 excitatus
958 2045 1175 2085 sensum
1214 2030 1526 2100 recepisset,
1551 2029 1715 2099 jussit
1746 2045 1806 2087 se

202 2119 407 2175 deferri
441 2118 680 2176 Iericho.
727 2120 969 2191 Cumque
990 2120 1104 2192 jam
1140 2122 1206 2177 de
1231 2136 1327 2177 sua
1352 2122 1461 2176 vita
1486 2122 1804 2190 desperatus

200 2219 394 2277 esset,
449 2214 638 2268 omnes
688 2213 962 2284 principes
995 2212 1302 2268 Iudaeorum
1353 2230 1421 2269 ex
1466 2214 1691 2286 singulis
1728 2214 1804 2269 ci-

199 2302 470 2367 vitatibus
513 2314 568 2360 et
606 2305 845 2361 castellis
889 2307 957 2360 ad
1002 2321 1059 2361 se
1095 2317 1440 2372 convocatos,
1472 2308 1528 2362 in
1556 2307 1801 2362 custodia

198 2395 417 2448 retrudi
459 2394 637 2465 jussit.
698 2397 1019 2467 Vocansque
1063 2412 1304 2453 sororem
1336 2415 1489 2453 suam
1522 2398 1797 2457 Salomen.

197 2495 259 2540 et,
289 2485 475 2540 virum
510 2486 625 2554 ejus
653 2489 869 2543 nomine
908 2488 1288 2557 Alexandrum,
1322 2493 1498 2548 dixit:
1524 2492 1658 2547 Novi
1703 2492 1801 2547 Ju-

200 2579 348 2633 dmos
380 2579 451 2633 de
479 2595 597 2633 mea
626 2592 803 2636 morte
828 2584 1129 2652 gavisuros,
1162 2585 1256 2640 sed
1287 2586 1632 2642 honorabiles
1655 2602 1804 2644 exse-

203 2671 359 2741 quias
391 2670 598 2725 habere
632 2681 821 2741 potero
867 2689 935 2728 cx
982 2675 1201 2744 planctu
1242 2676 1561 2746 lugentium,
1608 2679 1655 2734 si
1704 2696 1803 2736 vos

206 2762 338 2818 meis
387 2761 679 2817 volueritis
714 2778 907 2833 parere
953 2767 1262 2837 praeceptis,
1303 2777 1361 2822 ut
1397 2784 1518 2823 mox
1550 2785 1672 2824 cum
1699 2786 1800 2841 ego

210 2852 460 2921 Spiritum
508 2851 867 2920 exhalavero,
917 2871 1106 2911 omnes
1157 2858 1430 2929 principes
1466 2858 1795 2929 Iudaeorum,

207 2959 341 3013 quos
364 2945 420 2999 in
443 2946 690 3001 custodia
720 2948 939 3014 reclusi,
966 2949 1320 3007 interﬁcietis.
1375 2952 1573 3023 Sicque
1603 2956 1713 3019 ﬁat,
1741 2966 1799 3011 ut

211 3034 298 3103 qui
326 3035 394 3089 de
417 3051 532 3089 mea
564 3046 740 3093 morte
765 3039 1001 3110 gaudere
1035 3041 1280 3111 cupiunt,
1328 3058 1549 3099 suorum
1595 3047 1795 3102 civium

211 3126 488 3183 interitum
531 3130 713 3202 lugere
751 3142 1033 3204 cogantur.
1071 3133 1140 3188 Et
1164 3150 1235 3189 ne
1260 3136 1329 3191 ab
1355 3151 1543 3191 eorum
1574 3139 1794 3211 sangui-

214 3218 301 3274 nis
339 3220 597 3277 eﬁ‘usione
626 3239 845 3279 manum
879 3227 1254 3293 retraherent,
1283 3227 1508 3299 singulis
1532 3231 1798 3301 quinqua-

218 3327 385 3381 genas
410 3316 613 3384 argenti
636 3317 923 3373 drachmas
946 3318 1060 3373 dari
1088 3318 1270 3389 jussit.
1319 3318 1563 3390 Cumque
1612 3322 1799 3379 dolore

221 3400 428 3471 ingenti
451 3406 855 3476 angustiaretur,
872 3408 1215 3480 Antipatrum
1240 3410 1408 3465 ﬁlium
1432 3428 1613 3478 suum,
1636 3428 1797 3482 quem

222 3493 377 3561 quasi
410 3494 473 3549 de
511 3511 641 3551 nece
663 3507 882 3569 paterna
915 3509 1239 3557 tractantem
1283 3503 1512 3558 vinculis
1538 3504 1800 3575 religave-

218 3592 321 3648 rat,
344 3584 505 3653 jussit
527 3588 851 3659 interficere,
883 3608 948 3649 eo
972 3593 1115 3665 quod
1144 3593 1326 3649 audita
1354 3594 1472 3665 ejus
1499 3606 1673 3651 morte
1701 3611 1797 3667 ga-

216 3674 363 3731 visus
409 3679 769 3737 nuntiaretur.
809 3681 930 3738 Jam
973 3698 1105 3764 vero
1136 3686 1301 3741 tantis
1333 3686 1491 3741 malis
1518 3676 1835 3755 obsessus,“

217 3776 268 3822 et
292 3768 415 3839 quia
445 3786 504 3826 se
530 3773 711 3829 vivere
743 3790 850 3830 non
881 3792 1038 3847 posse
1066 3786 1409 3846 cognoverat,
1434 3786 1665 3834 mortem
1712 3794 1797 3835 ac-

222 3859 453 3917 celerare
480 3864 750 3936 cupiebat.
786 3866 938 3926 Unde
965 3870 1200 3939 quadam
1224 3868 1311 3924 die
1330 3884 1452 3925 cum
1484 3870 1791 3935 resedisset,

221 3950 369 4022 jussit
391 3957 493 4012 sibi
526 3958 640 4014 dari
667 3976 909 4031 pomum,
937 3971 993 4018 et
1021 3963 1088 4018 ad
1110 3962 1226 4034 ejus
1260 3963 1635 4036 purgationem
1676 3964 1792 4036 gla-

222 4045 373 4101 dium.
433 4048 677 4121 Cumque
715 4066 877 4125 super
904 4054 1181 4110 sinistram
1226 4058 1583 4123 recubuisset,
1629 4057 1796 4113 ictum

219 4133 453 4194 ferientis
504 4140 557 4195 in
607 4143 844 4212 seipsum
890 4145 1129 4213 libravit,
1171 4161 1336 4218 seque
1370 4149 1588 4221 propria
1630 4165 1794 4205 manu

218 4232 492 4298 percussit,
537 4244 701 4305 atque
744 4236 928 4292 statim
965 4239 1128 4294 vitam
1167 4239 1398 4308 ﬁnisset,
1426 4242 1531 4298 nisi
1561 4259 1700 4298 unus
1727 4258 1794 4299 ex

219 4321 392 4377 amicis
417 4324 514 4394 qui
542 4326 772 4383 vicinior
797 4330 1033 4396 astabat,
1063 4330 1269 4387 Achiab
1293 4333 1544 4395 nomine,
1573 4350 1793 4391 manum

218 4426 327 4468 cum
348 4416 526 4487 gladio
553 4423 888 4479 retraxisset.
932 4422 1118 4480 Talem
1146 4426 1309 4497 igitur
1335 4414 1577 4483 Herodes
1605 4429 1794 4485 habuit

218 4500 385 4573 linem,
408 4508 504 4578 qui
526 4520 744 4582 propter
770 4512 1067 4570 Salvatoris
1089 4516 1295 4585 odium,
1318 4516 1545 4573 multum
1576 4521 1791 4592 sangui—

216 4607 328 4650 nem
353 4596 569 4656 fuderat
597 4601 895 4661 innoxium.

283 4707 301 4739 ι
333 4688 450 4758 Quo
478 4692 751 4761 defuncto,
785 4713 911 4754 ecce
938 4698 1162 4771 angelus
1202 4699 1413 4757 Domini
1455 4702 1649 4759 iterum
1690 4719 1789 4776 ap-

224 4793 241 4828 ι
263 4782 431 4848 paruit
455 4782 513 4838 in
537 4788 743 4843 somnis
766 4786 965 4861 Ioseph
993 4791 1048 4846 in
1073 4790 1329 4864 Egypto,
1358 4792 1545 4851 dicens
1570 4813 1583 4851 :
1612 4796 1791 4869 Surge

221 4887 239 4921 α
260 4882 310 4926 et
342 4875 529 4936 accipe
572 4895 800 4949 puerum
829 4890 885 4937 et
913 4892 1141 4938 matrem
1166 4885 1313 4955 ejus,
1340 4893 1395 4941 et
1420 4886 1557 4942 vade
1591 4887 1646 4943 in
1683 4898 1790 4944 ter-

222 4979 240 5013 ι
266 4978 369 5021 ram
429 4967 615 5025 Israel.
683 4972 929 5031 Defuncti
973 4983 1100 5031 sunt
1143 4976 1289 5032 enim
1332 4978 1424 5048 qui
1474 4982 1790 5050 quaerebant

222 5059 496 5117 «animam
544 5065 715 5135 pueri.
768 5066 871 5135 Qui
913 5082 1264 5140 consurgens,
1312 5072 1521 5142 accepit
1560 5089 1788 5144 puerum

222 5166 240 5200 ι
264 5165 313 5206 et
333 5164 557 5212 matrem
577 5156 713 5227 ejus,
736 5168 791 5215 et
816 5162 961 5217 venit
983 5163 1036 5219 in
1067 5172 1267 5219 terram
1290 5163 1474 5220 Israel.
1504 5184 1524 5217 ι
1567 5166 1634 5221 Et
1663 5168 1791 5237 quia

217 5256 315 5300 non
358 5248 515 5314 dixit,
559 5250 868 5319 defunctus,
918 5253 1015 5309 sed
1066 5253 1321 5318 defuncti,
1363 5269 1431 5310 ex
1480 5255 1566 5312 bis
1614 5257 1791 5327 angeli

218 5340 381 5396 verbis
436 5343 785 5415 intelligimus
821 5386 837 5414 ,
889 5346 1088 5402 multos
1148 5347 1423 5418 principes
1481 5347 1789 5405 Iudaeorum

219 5441 353 5502 cum_
368 5434 581 5494 Herode
622 5440 675 5494 in
722 5454 854 5496 nece
899 5439 1112 5497 Domini
1157 5441 1495 5497 consensisse
1526 5456 1541 5495 :
1569 5449 1625 5497 et
1670 5441 1792 5497 ideo

220 5525 384 5584 divina
416 5531 617 5588 ultione
645 5516 827 5587 actum
852 5542 968 5599 est,
1003 5540 1063 5586 ut
1089 5532 1240 5587 multi
1280 5547 1350 5587 ex
1401 5532 1488 5587 his
1530 5547 1653 5587 cum
1699 5531 1792 5587 illo

221 5619 467 5688 perirent,
518 5639 640 5678 cum
687 5639 794 5694 quo
844 5623 897 5678 in
950 5636 1083 5678 nece
1124 5621 1335 5676 Domini
1379 5630 1786 5678 consenserant.

223 5705 573 5776 Spiritualiter
607 5731 737 5771 vero
764 5714 945 5772 obitus
977 5712 1225 5780 Herodis,
1259 5712 1550 5769 terminum
1579 5712 1788 5785 signiﬁ-

220 5812 301 5860 cat
324 5807 598 5868 invidiosa:
622 5810 1004 5878 contentionis,
1043 5824 1150 5883 qua
1190 5822 1335 5865 nunc
1376 5804 1560 5865 Iudaea
1599 5816 1789 5864 contra

1906 1932 2100 1987 exsilio
2138 1933 2433 2002 relegatus,
2481 1935 2646 1989 vitam
2699 1936 2893 1992 ﬁnivit.
2945 1938 3243 1992 Archelaus
3289 1947 3496 2000 autem,

1906 2027 1996 2096 qui
2020 2027 2225 2081 vincens
2247 2027 2326 2081 leo
2354 2029 2760 2098 interpretatur,
2788 2030 3183 2087 Antichristum
3205 2030 3492 2102 signiﬁcat.

1904 2117 2006 2185 Qui
2050 2119 2118 2172 ad
2170 2129 2380 2189 tempus
2438 2121 2490 2174 in
2546 2122 2746 2177 sanctis
2789 2123 3072 2177 victoriam
3120 2122 3387 2189 habebit,
3441 2132 3500 2178 et

1903 2212 2056 2283 quasi
2087 2212 2171 2268 leo
2195 2213 2451 2269 terribilis
2477 2214 2774 2285 apparebit.
2827 2205 3068 2271 In'illam
3108 2231 3237 2287 ergo
3280 2224 3494 2285 partem

1903 2317 2008 2372 qua
2052 2304 2314 2372 regnabat
2354 2304 2672 2368 Archelaus,
2710 2304 2909 2375 Joseph
2941 2322 3062 2361 cum
3093 2322 3260 2377 puero
3292 2306 3373 2360 ire
3403 2319 3497 2361 no-

1902 2391 2025 2459 luit,
2056 2396 2181 2463 quia
2221 2395 2274 2449 in
2301 2394 2444 2450 illam
2470 2406 2681 2465 partem
2705 2398 2887 2469 pepuli
2918 2396 3251 2464 Iudaeorum,
3290 2414 3411 2468 quae
3437 2398 3495 2452 in

1901 2483 2294 2538 Antichristum
2320 2486 2593 2540 creditura
2631 2496 2733 2552 est,
2765 2487 3013 2542 Christus
3050 2504 3147 2558 per
3179 2487 3339 2544 ﬁdem
3384 2503 3494 2543 non

1902 2573 2188 2629 habitabit.
2232 2574 2361 2630 Post
2407 2590 2596 2631 necem
2642 2587 2821 2633 autem
2861 2578 3115 2634 Archelai
3144 2579 3392 2634 Christus
3423 2579 3494 2635 ad

1902 2681 2106 2729 terram
2150 2673 2315 2728 Israel
2362 2676 2670 2740 revertitur,
2718 2677 2843 2744 quia
2891 2685 3017 2746 post
3060 2674 3494 2731 interfectionem

1896 2764 2220 2820 Antichristi
2264 2779 2536 2837 synagoga
2585 2768 2640 2821 in
2687 2782 2809 2821 eum
2853 2767 3127 2822 creditura
3164 2775 3269 2833 est,
3318 2775 3377 2821 ut
3416 2768 3498 2824 ait

1897 2857 2191 2928 Apostolus
2250 2876 2262 2912 :
2324 2877 2344 2910 ‹
2376 2858 2508 2914 Cum
2553 2859 2829 2929 plenitudo
2880 2860 3119 2931 gentium
3180 2859 3493 2933 intraverit,

1898 2956 2028 3003 tunc
2055 2951 2231 3005 omnis
2259 2949 2425 3005 Israel
2456 2950 2635 3006 salvus
2664 2952 2757 3005 ﬁet
2783 2950 2962 3022 (Rom.
2992 2950 3091 3022 χι).
3126 2970 3144 3001 ι
3174 2950 3280 3006 Sed
3293 2951 3419 3021 quia
3437 2952 3495 3015 in

1898 3039 2138 3095 Ecclesia
2162 3050 2345 3096 manet
2360 3051 2416 3096 et
2432 3043 2689 3109 manebit,
2712 3043 2997 3097 audiamus
3022 3042 3112 3097 ubi
3140 3041 3488 3105 habitaverit,

1977 3152 1996 3184 ι
2026 3134 2091 3187 Ει
2126 3134 2434 3190 admonitus
2466 3136 2519 3189 in
2550 3135 2771 3200 somnis,
2804 3134 3031 3190 secessit
3057 3134 3111 3188 in
3139 3142 3323 3205 partes
3346 3132 3494 3190 Gali-

1908 3244 1926 3278 (
1956 3225 2088 3292 laete,
2129 3235 2183 3280 et
2228 3227 2451 3281 veniens
2490 3226 2755 3281 habitavit
2785 3226 2837 3279 in
2868 3226 3088 3280 civitate
3117 3240 3239 3295 quae
3264 3233 3493 3280 vocatur

1907 3336 1926 3369 ‹
1954 3316 2246 3372 Nazareth.
2281 3336 2300 3368 ι
2346 3316 2481 3383 Quia
2514 3317 2659 3372 enim
2697 3316 2962 3371 Nazarcth
3003 3318 3102 3386 ﬂos
3140 3317 3255 3371 sive
3286 3315 3489 3386 virgul-

1900 3417 2008 3463 tum
2046 3407 2455 3476 interpretatur,
2486 3406 2755 3477 signiﬁcat
2778 3400 3095 3471 Ecclesium,
3136 3392 3273 3475 quae
3302 3414 3358 3461 et
3394 3404 3496 3461 00-.

1900 3514 2016 3554 rem
2053 3498 2214 3553 habet
2237 3497 2544 3563 munditim,
2584 3507 2641 3552 ct
2667 3497 2956 3562 virgultum
3000 3498 3281 3551 virtutum.
3323 3496 3496 3565 Cujus

1898 3590 2116 3659 virgulti
2165 3588 2620 3660 pulchritudinem
2691 3588 3063 3644 admirabatur
3133 3590 3377 3657 Sponsus
3431 3588 3494 3647 in

1899 3682 2141 3739 Canticis
2188 3683 2548 3749 canticorum,
2599 3682 2782 3738 dicens
2817 3699 2831 3736 :
2871 3701 2888 3734 ι
2921 3681 3052 3749 Quae
3093 3689 3177 3737 est
3221 3681 3324 3736 ista
3369 3694 3492 3750 quae
3528 3672 3540 3692 ‘

1899 3775 2253 3844 ascenditper
2266 3773 2563 3840 desertum,
2581 3786 2721 3830 SlClIl.
2742 3774 2949 3845 virgula
2976 3772 3109 3828 fumi
3137 3788 3204 3827 ex
3229 3773 3490 3828 aromati—

1899 3867 2001 3922 bus
2029 3866 2266 3935 myrrhae
2295 3874 2349 3921 et
2380 3868 2576 3932 thuris,
2608 3878 2666 3922 et
2688 3867 2926 3922 universi
2967 3866 3207 3937 pulveris
3242 3865 3487 3938 pigmen-

1898 3957 2024 4012 tarii
2049 3955 2225 4027 (Cant.
2266 3956 2433 4029 ιν)⁶2›
2486 3957 2585 4015 Cui
2629 3958 2825 4013 iterum
2853 3973 2984 4013 voce
3020 3957 3215 4028 Sponsi
3245 3957 3481 4012 dicitur:

1902 4070 1922 4103 α
1950 4051 2063 4120 Ego
2097 4050 2194 4106 ﬁos
2223 4051 2418 4122 campi,
2450 4059 2506 4108 et
2546 4051 2716 4107 lilium
2757 4051 3080 4107 convallium
3124 4050 3303 4123 (Cant.
3345 4049 3426 4122 ιι).
3459 4069 3478 4102 ι

1896 4143 1966 4198 Ει
2011 4144 2138 4214 quia
2186 4144 2427 4201 Ecclesia
2456 4145 2524 4200 de
2549 4145 2831 4217 praesentis
2859 4146 2982 4200 vitae
3009 4159 3195 4200 amore
3224 4145 3292 4199 ad
3321 4144 3485 4199 caele-

1895 4242 1981 4289 ste
2009 4230 2334 4289 desiderium
2361 4236 2574 4302 transit,
2601 4246 2746 4292 recte
2772 4235 2935 4291 etiam
2955 4235 3225 4291 Nazareth
3249 4234 3485 4291 Galilaeae

1897 4324 2113 4390 dicitur,
2154 4341 2274 4395 qure
2310 4327 2704 4398 transmigratio
2735 4327 3138 4397 interpretatur.
3190 4326 3343 4393 Quod
3389 4342 3486 4381 au~

1895 4428 2004 4477 tem
2055 4421 2294 4476 subdidit
2325 4439 2339 4476 :
2374 4441 2394 4473 ι
2421 4418 2493 4476 Ut
2536 4421 2924 4491 adiinpleretur
2968 4421 3110 4491 quod
3156 4421 3358 4475 dictum
3399 4430 3484 4474 est

1903 4532 1921 4564 ι
1954 4528 2050 4583 per
2099 4512 2390 4583 prophetas
2417 4553 2432 4578 ,
2483 4511 2737 4582 quoniam
2785 4508 3074 4566 Nazaraeus
3118 4509 3417 4565 vocabitur.
3457 4529 3476 4559 ι

1897 4602 2011 4659 Hoc
2039 4603 2427 4669 testimonium,
2454 4612 2515 4659 ut
2538 4604 2796 4667 diximus,
2825 4601 2880 4656 in
2911 4599 3260 4670 Septuaginta
3304 4598 3472 4652 inter-

1893 4696 2140 4769 pretibus
2186 4712 2294 4752 non
2337 4696 2586 4751 habetur.
2636 4693 2885 4750 Nonnulli
2907 4693 3055 4747 enim
3086 4692 3152 4744 de
3175 4689 3327 4747 Isaite
3355 4706 3479 4761 pro-

1894 4790 2071 4861 pheta:
2097 4789 2235 4844 libro
2263 4796 2535 4858 sumptum
2564 4801 2685 4841 esse
2713 4783 2918 4850 volunt,
2950 4783 3039 4837 ubi
3074 4782 3332 4854 scriptum
3363 4792 3475 4839 est:

1898 4901 1916 4934 ι
1948 4881 2106 4935 Exiet
2149 4880 2301 4950 virga
2330 4880 2396 4935 de
2425 4879 2603 4935 radice
2629 4876 2813 4940 Iesse,
2842 4885 2898 4932 et
2930 4875 3028 4931 ﬁos
3057 4876 3124 4932 de
3155 4876 3335 4932 radice
3366 4876 3482 4946 ejus

1893 4974 2149 5030 ascendet
2199 4971 2333 5045 (Isa.
2365 4972 2464 5042 xl).
2509 4989 2527 5022 ι
2578 4970 2686 5026 Nos
2731 4977 2908 5025 autem
2958 4970 3219 5038 dicimus,
3260 4971 3386 5042 quia
3428 4972 3474 5027 si

1895 5065 2064 5137 ﬁxum
2100 5066 2166 5120 de
2209 5063 2505 5135 Scripturis
2541 5064 2812 5133 posuisset
2843 5063 3184 5135 Evangelista
3232 5065 3476 5120 testimo—

1894 5160 2066 5226 nium,
2102 5174 2210 5214 non
2256 5158 2459 5213 diceret
2500 5157 2813 5228 prophetas,
2859 5156 2952 5211 sed
2997 5171 3094 5227 per
3134 5157 3474 5229 prophetam.

1894 5249 2095 5306 Omnes
2123 5250 2266 5307 enim
2292 5247 2568 5318 prophetae
2598 5246 2878 5301 Dominum
2910 5246 3227 5301 Nazaraeum
3256 5255 3474 5309 vocant,

1893 5342 2021 5414 quia
2050 5351 2296 5398 sanctum
2326 5354 2449 5394 eum
2473 5338 2792 5409 praedicant.
2844 5337 2964 5408 Ipse
3000 5345 3084 5392 est
3114 5336 3258 5391 enim
3280 5336 3348 5391 de
3368 5350 3479 5406 quo

1892 5451 1992 5508 per
2014 5433 2289 5489 Danielem
2312 5431 2510 5487 dicitur
2536 5430 2697 5504 (Dan.
2730 5429 2806 5502 rx)
2836 5448 2850 5485 :
2891 5448 2908 5481 ι
2937 5428 3073 5485 Cum
3101 5428 3316 5485 venerit
3340 5425 3479 5484 San-

1892 5537 2013 5584 ctus
2059 5533 2401 5590 sanctorum,
2429 5524 2662 5579 cessabit
2686 5523 2885 5578 unctio.
2913 5541 2930 5574 ι
2967 5521 3033 5575 Ει
3069 5519 3237 5575 David
3266 5534 3281 5574 :
3312 5538 3329 5570 ε
3360 5517 3477 5573 Non

1892 5621 2045 5678 dabis
2069 5620 2329 5674 Sanctum
2346 5626 2494 5673 tuum
2509 5617 2693 5673 videre
2709 5614 3108 5686 corruptionem
3134 5610 3307 5684 (Psal.
3326 5609 3472 5683 xv)»

1890 5712 1960 5768 Et
2002 5713 2196 5767 iterum
2239 5730 2252 5765 :
2300 5733 2317 5763 ι
2349 5710 2554 5766 Scitote
2587 5709 2842 5780 quoniam
2885 5700 3480 5761 miriﬁcavitDomiuu:

1891 5805 2149 5863 Sanctum
2177 5823 2330 5863 suum
2361 5804 2531 5879 (Psal.
2560 5805 2657 5880 ιν).
2686 5824 2706 5857 ι
