4038 6352
517 363 585 421 83
692 384 697 391 λ
1122 361 1473 419 HAYMONIS
1510 360 1982 418 HALBEBSTA'I‘.
2046 336 2256 418 EPIASC.
2298 362 2445 419 OPP.
2486 360 2666 419 PARS
2703 363 2765 418 ll.
2796 393 2865 405 —
2902 363 3135 421 HOMIL.
3695 372 3769 430 ει

1068 479 1343 538 HOMILIA
1396 477 1529 535 XIII.

640 587 895 689 Mutus
922 628 1077 673 ιιιεΙιΑ
1101 628 1351 671 ocuvu
1377 626 1723 670 NA'I‘IVI'IA'I‘IS
1750 625 1936 668 eorum

588 749 742 820 (Luc.
774 747 862 820 ιι.)
903 767 923 800 ι
943 745 1000 802 In
1022 746 1116 801 illo
1144 755 1403 819 tempore,
1440 752 1595 803 erant
1615 745 1812 817 Ioseph
1836 755 1888 802 et
1916 746 2083 802 Maria

529 860 551 895 ι
572 852 746 897 mater
784 840 1199 897 Iesu'mirantes
1225 855 1389 911 super
1415 840 1502 896 his
1531 857 1650 912 quze
1678 841 1995 896 dicebantur
2020 840 2087 896 de

520 953 541 987 ο
562 934 672 998 illo,
696 953 717 986 ι
742 932 1025 1003 etreliqua.
1050 932 1108 990 Si
1134 935 1405 1005 superiora
1430 934 1588 1004 hujus
1614 934 1883 1005 Evangelii
1910 933 2086 989 consi-

514 1028 782 1095 deremus,
811 1029 1145 1087 inveniemus
1169 1048 1273 1087 non
1302 1033 1419 1088 sine
1440 1049 1598 1089 causa
1628 1048 1729 1088 nec
1752 1033 1950 1088 frustra
1983 1032 2086 1088 Ma-

513 1125 646 1180 riam
689 1133 744 1180 et
767 1123 962 1195 Ioseph
990 1126 1212 1180 miratos
1235 1142 1395 1195 super
1423 1126 1507 1180 his
1537 1141 1655 1195 qua“.
1681 1127 1744 1181 de
1764 1142 1931 1196 puero
1957 1123 2083 1181 Iesu

479 1266 493 1291 ι
512 1214 860 1279 dicebantur:
887 1217 1189 1273 recalebant
1214 1218 1354 1272 enim
1380 1220 1520 1287 quod
1544 1220 1595 1272 in
1621 1219 1736 1289 ejus
1763 1218 2087 1275 nativitatea

510 1308 816 1376 pastoribus
850 1309 1133 1363 audierant
1158 1308 1375 1379 angelos
1395 1309 1724 1380 apparuisse,
1752 1318 1807 1364 et
1836 1311 2086 1375 gaudium

511 1399 657 1455 omni
684 1401 885 1470 populo
915 1402 1211 1466 nuntiasse,
1261 1410 1421 1470 atque
1468 1402 1729 1469 virginem
1774 1401 2086 1471 concepisse

509 1500 562 1544 et
587 1492 880 1561 peperisse.
907 1493 1231 1547 Recolebant
1252 1511 1373 1549 eum
1405 1510 1433 1548 a
1458 1495 1626 1565 magis
1652 1510 1754 1548 non
1776 1494 1949 1548 solum
1968 1496 2091 1550 ado—

511 1589 708 1645 ratum,
747 1584 839 1637 sed
870 1586 1033 1638 etiam
1065 1587 1205 1655 quod
1234 1587 1456 1657 mystica
1484 1602 1705 1641 munera
1733 1587 1778 1639 ei
1807 1586 1980 1640 oblata
2008 1587 2084 1641 vi«

510 1670 722 1727 derant.
765 1673 1095 1730 Recolebant
1150 1678 1419 1745 quomodo
1462 1694 1489 1733 a
1529 1678 1780 1734 Fimeone
1826 1679 1879 1733 in
1918 1681 2088 1735 mani-

2107 482 2156 543 Α
2185 474 2310 542 illis,
2336 494 2353 528 ι
2383 493 2490 532 non
2519 477 2583 532 ad
2608 476 2877 533 Christum
2910 494 2940 533 a
2967 495 3074 551 quo
3102 480 3277 535 omnis
3301 479 3606 540 benedictio
3635 500 3772 555 pro-

2186 570 2360 630 cedit,
2395 577 2529 625 teste
2558 570 2812 639 Apostolo
2853 571 2946 641 qui
2993 571 3125 625 dicit
3158 590 3170 624 :
3207 591 3225 623 ‹
3253 572 3577 631 Benedictus
3620 574 3765 633 Deus

2184 670 2239 715 et
2301 659 2461 715 Pater
2511 661 2729 735 Domini.
2773 662 2941 721 nostri
2983 659 3108 718 Iesu
3157 661 3395 730 Christi,
3452 666 3543 735 qui
3600 667 3770 727 bene—

2186 750 2321 806 dixit
2360 766 2459 807 nos
2503 752 2555 805 in
2602 753 2746 807 omni
2787 753 3158 809 benedictione
3201 754 3464 825 Spirituali
3510 756 3566 812 in
3604 756 3771 815 coale—

2186 842 2357 896 Stibus
2406 843 2460 897 in
2500 842 2715 899 Christo
2766 841 2992 916 (Ep/tes.
3030 845 3101 917 ι),
3144 865 3162 899 ι
3202 846 3293 901 sed
3334 846 3399 900 ad
3440 845 3664 903 Mariam
3715 858 3773 906 et

2185 930 2381 1001 Ioseph
2424 932 2683 1000 refertur,
2740 944 2798 989 ut
2825 935 3077 991 diximus.
3140 934 3405 991 intellexit
3439 938 3583 993 enim
3619 939 3767 995 illam

2186 1027 2332 1081 omni
2385 1028 2753 1082 benedictione
2806 1043 2925 1083 esse
2970 1028 3363 1098 dignissimam,
3415 1046 3536 1101 quae
3591 1029 3785 1105 illum,

2186 1121 2278 1190 qui
2344 1128 2427 1176 est
2496 1136 2657 1190 super
2721 1120 2901 1176 omnia
2962 1120 3103 1176 Deus
3168 1122 3482 1177 benedictus
3539 1122 3593 1177 in
3662 1139 3771 1179 sae-

2188 1210 2331 1280 cula,
2361 1229 2427 1269 ex
2456 1229 2514 1268 se
2542 1215 2738 1268 meruit
2779 1230 3054 1287 generare.
3110 1212 3264 1270 Unde
3308 1216 3529 1288 angelus
3578 1217 3653 1270 ait
3702 1215 3774 1274 ad

2188 1319 2307 1361 eam
2334 1325 2346 1361 :
2377 1324 2394 1357 ι
2448 1305 2736 1361 Benedicta
2774 1316 2826 1360 tu
2874 1307 2926 1361 in
2983 1305 3318 1369 mulieribus,
3352 1316 3407 1361 et
3450 1309 3773 1364 benedictus

2191 1394 2395 1452 fructus
2420 1399 2628 1452 ventris
2670 1399 2744 1453 tui
2795 1397 2943 1469 (Luc.
2969 1400 3030 1467 ι).
3061 1418 3079 1451 ι
3111 1396 3174 1452 Et
3204 1396 3479 1452 Elizalieth
3508 1415 3520 1450 :
3550 1417 3568 1450 ι
3608 1397 3776 1453 Beata

2189 1503 2249 1543 es
2294 1505 2413 1558 quae
2450 1490 2725 1544 credidisti
2773 1489 2982 1561 (lbid.).
3015 1510 3033 1542 ι
3088 1488 3156 1544 Ει
3208 1490 3323 1559 ipsa
3358 1490 3512 1561 virgo
3558 1490 3622 1545 de
3665 1505 3769 1547 se:

2195 1600 2214 1632 ι
2252 1581 2327 1636 Ex
2374 1582 2476 1637 hoc
2531 1582 2742 1636 beatam
2793 1597 2879 1637 me
2927 1582 3105 1637 dicent
3153 1597 3342 1636 omnes
3379 1583 3764 1654 generationes

2192 1671 2402 1745 (lbid.).
2436 1694 2453 1725 ›
2487 1673 2674 1743 Neque
2705 1674 2773 1727 ab
2800 1673 2902 1727 hac
2942 1674 3313 1729 benedictione
3355 1672 3552 1745 Ioseph
3584 1684 3773 1731 extra-

510 1765 611 1820 bus
641 1777 917 1838 acceptum
941 1778 995 1824 et
1020 1771 1359 1826 benedictum
1388 1773 1653 1837 viderant,
1694 1775 1857 1827 etiam
1892 1781 1943 1828 et
1984 1773 2085 1828 An-

2190 1778 2347 1817 neum
2379 1764 2608 1833 putavit,
2660 1763 2750 1834 qui
2781 1778 2878 1832 pro
2905 1779 3098 1830 magna
3129 1765 3435 1828 sanctitate,
3466 1776 3520 1819 et
3545 1780 3780 1835 sponsus

510 1871 632 1912 nam
664 1860 877 1914 viduam
919 1862 983 1915 de
1032 1877 1097 1915 eo
1133 1863 1502 1933 prophetasse,
1526 1872 1578 1917 et
1604 1879 1765 1933 super
1789 1864 1874 1919 his
1903 1874 1956 1919 et
1982 1865 2083 1918 bu-

2193 1832 2598 1912 Mariievocari.
2644 1867 2698 1911 et
2736 1855 2894 1909 Pater
2924 1853 3224 1911 Salvatoris
3267 1857 3465 1912 meruit
3490 1857 3775 1928 appellari,

504 1951 739 2021 jusmodi
771 1953 1124 2009 mirabantur.
1174 1955 1274 2023 Qui
1306 1957 1448 2010 enim
1475 1956 1736 2010 mirabilis
1763 1965 1845 2011 est
1877 1957 1927 2010 in
1962 1973 2086 2010 san-

508 2042 612 2099 etis
644 2045 776 2109 suis,
801 2045 1006 2101 scilicet
1037 2048 1089 2101 in
1115 2047 1404 2103 virtutibus
1426 2058 1757 2109 sanctorum.
1788 2049 2087 2104 mirabilior

509 2148 770 2204 apparere
798 2137 963 2192 voluit
995 2139 1048 2193 in
1090 2140 1221 2207 ipsis
1256 2141 1491 2195 exordiis
1531 2142 1665 2205 suis,
1712 2143 1824 2196 sive
1873 2142 1924 2195 in
1973 2141 2087 2197 suis

508 2226 819 2294 virtutibus,
850 2232 989 2285 sicut
1016 2232 1154 2287 idem
1177 2233 1514 2301 Evangelista
1541 2235 1664 2288 alibi
1696 2235 1771 2289 ait
1799 2253 1811 2289 :
1849 2254 1867 2285 ι
1897 2234 2087 2305 Stupe-

508 2318 638 2374 bant
668 2331 844 2377 autem
893 2339 1081 2379 omnes
1127 2334 1179 2379 et
1219 2326 1557 2381 mirabantur
1601 2344 1762 2396 super
1800 2329 2084 2395 prudentia

506 2419 561 2464 et
583 2414 856 2480 responsis
869 2414 1004 2484 ejus,
1021 2423 1075 2470 et
1092 2416 1336 2471 videntes
1358 2418 1602 2472 admirati
1626 2428 1749 2472 sunt
1773 2418 1921 2489 (Luc.
1942 2438 1959 2474 ι
1985 2420 2035 2491 ):
2060 2440 2087 2474 ο.

507 2510 565 2557 ut
593 2504 796 2560 scilicet
824 2506 1012 2571 Deum,
1045 2508 1134 2577 qui
1180 2509 1231 2563 in
1273 2508 1485 2565 homine
1527 2510 1746 2572 latebat.
1791 2527 1889 2580 per
1931 2522 2084 2568 exte-

510 2594 647 2649 riora
679 2597 831 2661 signa
861 2598 1276 2655 demonstraret.
1329 2601 1433 2657 Sed
1458 2603 1595 2657 forte
1624 2614 1801 2660 movet
1828 2606 2083 2673 aliquem,

506 2700 674 2754 quare
704 2687 1044 2755 Evangelista
1073 2702 1279 2759 patrem
1310 2692 1602 2749 Salvatoris
1629 2692 1824 2765 Ioseph
1855 2696 2088 2767 appella-

510 2779 665 2833 verit.
722 2779 802 2833 Ad
844 2783 984 2850 quod
1023 2784 1473 2853 respondendum,
1518 2787 1642 2855 quia
1684 2804 1788 2842 non
1829 2798 1911 2843 est
1950 2789 2086 2844 obli-

508 2878 612 2927 tus.
638 2870 781 2937 quod
809 2873 1055 2940 superius
1078 2888 1199 2927 eum
1222 2873 1287 2927 de
1309 2873 1511 2945 Spiritu
1536 2887 1722 2932 sancto
1745 2889 2083 2950 conceptum,

507 2973 571 3014 ex
605 2957 772 3013 Maria
800 2962 1004 3032 virgine
1032 2972 1214 3017 natum
1243 2964 1619 3036 descripserat,
1646 2968 1831 3023 dicens
1858 2990 1870 3022 :
1900 2989 1919 3022 ‹
1944 2971 2087 3040 quod

507 3051 649 3105 enim
676 3066 742 3106 ex
773 3061 824 3106 te
852 3061 1099 3108 nascetur
1131 3065 1408 3121 sanctum,
1450 3060 1729 3115 vocabitur
1776 3058 1945 3116 Filius
1991 3062 2084 3117 Dei

508 3141 659 3211 (Luc.
698 3142 761 3210 ι),
795 3164 813 3195 ι
849 3145 942 3199 sed
983 3145 1207 3200 aliorum
1243 3147 1548 3217 opinionem
1588 3158 1803 3205 secutus
1841 3161 1942 3206 est.
1987 3151 2087 3205 Ev-

506 3246 664 3307 cepto
690 3238 831 3293 enim
865 3236 1028 3291 Maria
1065 3245 1119 3292 et
1151 3236 1391 3309 Ioseph,
1432 3249 1485 3295 et
1521 3239 1822 3306 Elizabeth,
1875 3242 1956 3297 vel
2005 3242 2089 3298 Si-

507 3342 698 3383 meone
733 3369 748 3393 ,
818 3337 873 3384 et
920 3329 1106 3399 paucis
1167 3329 1286 3385 aliis
1347 3330 1541 3400 quibus
1595 3333 1910 3406 mysterium
1972 3334 2089 3404 ejus

507 3418 891 3495 incarnationis
964 3418 1197 3487 Spiritus
1262 3428 1479 3476 sanctus
1553 3423 1886 3478 revelaverat
1942 3467 1956 3491 ,
2020 3425 2089 3480 ab

504 3510 753 3567 omnibus
799 3509 1015 3588 Ioseph_
1041 3511 1182 3567 illius
1225 3520 1354 3569 tunc
1401 3514 1742 3584 putabatur:
1793 3532 1897 3571 non
1945 3519 2087 3588 quod

504 3615 632 3657 vere
655 3600 806 3671 juxta
839 3581 1191 3659 Photiiiianos
1223 3603 1340 3674 ejus
1379 3581 1533 3674 pater
1579 3605 1763 3671 fuerit,
1808 3610 1903 3663 sed
1941 3581 2084 3678 quod

506 3693 572 3748 ad
614 3692 810 3748 famam
844 3693 1031 3749 Mariae
1070 3695 1515 3761 conservandam,
1564 3697 1632 3750 ab
1673 3698 1924 3752 omnibus
1972 3698 2088 3766 ejus

506 3792 663 3853 pater
686 3783 758 3839 sit
785 3785 1102 3847 aestimatus.
1136 3801 1203 3841 ne
1225 3785 1558 3857 lapidaretur
1604 3803 1633 3840 a
1681 3786 1881 3844 Iudaeis
1929 3789 2084 3859 quasi

508 3874 772 3937 adultera.
798 3874 843 3931 si
865 3875 1038 3930 virum
1064 3890 1168 3931 non
1199 3875 1451 3941 haberet,
1490 3885 1545 3932 et
1587 3876 1754 3932 ﬁlium
1787 3879 2083 3947 genuisset.

507 3967 585 4023 Eo
609 3969 752 4023 enim
779 3969 937 4024 modo
965 3969 1079 4040 ejus
1107 3978 1262 4040 pater
1302 3969 1600 4040 appellatus
1637 3979 1752 4033 est,
1795 3985 1918 4025 cum
1962 3988 2085 4028 eum

506 4076 614 4116 non
638 4061 903 4133 genuerit,
934 4078 1041 4133 quo
1072 4070 1126 4118 et
1155 4062 1239 4116 vir
1263 4061 1440 4117 Maria:
1462 4064 1638 4119 dictus
1674 4071 1773 4126 est,
1811 4078 1933 4119 cum
1959 4080 2081 4121 eam

505 4167 611 4208 non
640 4154 952 4226 cognoverit
978 4174 989 4208 :
1023 4155 1113 4209 tibi
1137 4163 1190 4208 et
1211 4154 1313 4209 hoc
1335 4154 1514 4210 dicere
1536 4170 1849 4225 possumus,
1882 4157 2005 4227 quia
2033 4166 2088 4214 et

506 4244 674 4300 multo
701 4245 1007 4314 expressius
1035 4254 1086 4300 et
1118 4244 1415 4300 consultius
1439 4242 1554 4312 ejus
1577 4253 1732 4314 pater
1759 4246 1862 4301 dici
1890 4248 2081 4317 potuit,

506 4350 665 4405 quem
696 4350 763 4391 ex
791 4352 885 4391 sua
915 4350 1111 4407 sponsa
1141 4333 1349 4405 virgine
1393 4343 1614 4389 noverat
1663 4345 1868 4402 natum,
1917 4353 2079 4407 quam

505 4423 550 4480 si
577 4432 720 4481 esset
749 4425 962 4481 aliunde
991 4426 1293 4495 adoptatus.
1349 4422 1482 4479 Cum
1507 4425 1650 4489 enim
1680 4426 1908 4496 publica:
1938 4427 2085 4499 leges

2192 1955 2249 2000 ut
2308 1956 2362 2001 et
2428 1962 2612 2001 curam
2666 1948 2947 2002 exhiberet
2998 1947 3235 2025 virgini”
3262 1956 3325 2025 et
3364 1948 3576 2017 hajulus
3627 1960 3776 2009 esset

2191 2037 2433 2092 infantis.
2460 2037 2590 2092 Post
2637 2039 2751 2094 haec
2779 2039 3067 2109 pr0phetat
3096 2020 3404 2121 iniiﬁinam
3435 2048 3489 2094 et
3529 2056 3777 2121 resurre-

2190 2129 2423 2183 ctionem
2475 2130 2765 2185 multorum
2822 2132 3035 2187 venisse
3088 2118 3374 2187 Dominum
3408 2118 3771 2201 Salvalorem,

2190 2231 2250 2277 ut
2296 2222 2655 2291 intelligamus
2696 2223 2819 2293 quia
2845 2224 3043 2280 Christi
3075 2226 3365 2292 nativitas,
3409 2242 3514 2281 non
3543 2226 3773 2282 creden-

2189 2317 2332 2371 tibus
2374 2318 2551 2381 ruina,
2601 2326 2655 2372 et
2708 2318 3053 2375 credentibus
3104 2320 3433 2395 resurrectio
3480 2317 3613 2375 facta
3658 2327 3767 2376 est.

2190 2411 2339 2479 Quod
2369 2426 2497 2466 vero
2542 2410 2638 2476 ait,
2680 2429 2698 2460 ι
2744 2411 2958 2466 Positns
2986 2420 3067 2466 est
3092 2411 3179 2467 hic
3203 2412 3255 2466 in
3280 2413 3490 2467 ruinam
3511 2421 3566 2466 et
3587 2406 3773 2467 resur-

2188 2505 2479 2558 rectionem
2517 2503 2827 2568 multorum,
2860 2523 2879 2557 ι
2933 2504 3123 2573 spiritu
3176 2498 3470 2583 pﬂphetim
3509 2503 3773 2560 intellexit

2187 2594 2473 2650 nonnullos
2526 2610 2589 2650 ex
2645 2593 2844 2651 Iudicis
2879 2586 3451 2661 credituros,""multos
3486 2608 3668 2653 autem
3719 2598 3770 2653 in

2191 2685 2568 2741 incredulitate
2596 2700 3003 2755 permansuros,
3049 2686 3202 2755 juxta
3229 2686 3357 2742 illud
3384 2688 3526 2758 quod
3556 2687 3672 2759 ipse
3698 2686 3777 2742 ait

2189 2780 2242 2833 in
2275 2778 2603 2849 Evangelio:
2655 2796 2673 2829 ‹
2714 2777 2771 2832 In
2806 2777 3066 2846 judicium
3098 2779 3240 2834 enim
3286 2795 3384 2850 ego
3422 2780 3475 2834 in
3513 2779 3769 2834 mundum

2189 2872 2330 2925 lumc
2367 2871 2510 2935 veni,
2545 2877 2602 2924 ut
2623 2870 2710 2939 qui
2740 2886 2844 2924 non
2871 2869 3054 2924 vident
3078 2871 3296 2927 videant
3323 2890 3336 2926 :
3368 2879 3423 2926 et
3446 2872 3537 2941 qui
3566 2871 3769 2938 vident,

2189 2962 2315 3015 eieci
2348 2960 2479 3014 tiant
2505 2959 2684 3032 (Joan.
2707 2962 2804 3031 ix).
2834 2979 2851 3011 ι
2880 2959 3032 3015 Unde
3059 2961 3221 3015 etiam
3243 2970 3296 3017 et
3330 2978 3426 3033 per
3456 2962 3773 3032 prophetam

2188 3051 2324 3121 lapis
2366 3052 2698 3116 olTensionis,
2746 3060 2801 3107 et
2852 3062 3003 3122 petra
3054 3055 3294 3108 scandali
3343 3054 3663 3124 appellatur,
3718 3055 3775 3110 in

2193 3159 2298 3213 quo
2342 3142 2433 3214 qui
2481 3159 2587 3197 non
2638 3144 2947 3209 crediderit,
3001 3143 3159 3200 cadet
3208 3159 3368 3215 super
3411 3160 3574 3200 eum:
3608 3161 3778 3216 super

2193 3250 2353 3304 quem
2381 3250 2509 3289 vero
2536 3235 2816 3300 ceciderit,
2848 3244 3093 3291 conteret
3131 3232 3268 3292 eum.
3310 3232 3441 3304 Quia
3480 3235 3551 3290 illi
3592 3237 3685 3305 qui
3715 3238 3771 3292 in

2191 3328 2409 3382 homine
2456 3341 2614 3397 quem
2654 3327 2944 3397 assumpsit
2969 3326 3313 3385 scandalizati
3340 3336 3483 3395 sunt,
3509 3328 3563 3384 in
3598 3328 3775 3386 Deum

2189 3418 2546 3474 oﬂ‘enderunt.
2573 3419 2631 3474 in
2681 3420 2895 3473 ruinam
2932 3420 3075 3474 enim
3110 3422 3257 3477 venit
3294 3419 3416 3483 illis,
3448 3421 3645 3493 quibus
3669 3422 3776 3476 Do-

2189 3515 2368 3567 minus
2390 3511 2467 3565 ait
2495 3511 2545 3565 in
2568 3509 2859 3582 Evangelio
2885 3529 2898 3566 :
2935 3532 2954 3562 ‹
2989 3510 3045 3568 Si
3065 3524 3167 3567 non
3193 3512 3463 3569 venissem
3485 3520 3540 3567 et
3563 3510 3779 3593 loeutus

2188 3604 2268 3659 eis
2311 3603 2549 3667 fuissem,
2593 3610 2871 3671 peccatum
2917 3621 3022 3657 non
3067 3594 3349 3660 haberent.
3395 3602 3550 3659 Nunc
3593 3611 3775 3658 autem

2189 3695 2588 3750 excusationem
2652 3710 2757 3750 non
2808 3696 3007 3750 habent
3055 3696 3121 3751 de
3171 3704 3398 3767 peccato
3452 3709 3553 3751 suo
3582 3735 3599 3760 ,
3649 3693 3776 3764 quia

2188 3786 2439 3841 viderunt
2482 3800 2588 3848 me,
2616 3793 2672 3841 et
2715 3787 2837 3842 odio
2885 3787 3189 3843 habuerunt
3242 3802 3329 3842 me
3381 3786 3552 3858 gratis
3590 3785 3773 3859 (Joan.

2189 3877 2305 3946 xv).
2337 3896 2355 3928 ι
2392 3875 2459 3931 Et
2481 3875 2647 3931 alibi:
2682 3896 2701 3928 ι
2736 3876 2837 3945 Qui
2870 3894 2972 3931 non
3000 3860 3189 3943 credit,
3215 3879 3326 3950 jam
3372 3878 3647 3951 judicatus
3693 3887 3778 3932 est

2191 3967 2374 4038 (Joan.
2406 3966 2512 4040 ιιι).
2548 3987 2566 4019 ι
2595 3967 2653 4023 In
2688 3969 3140 4025 resurrectionem
3171 3979 3349 4025 autem
3390 3970 3499 4025 illis
3519 3971 3685 4033 venit,
3708 3967 3776 4026 de

2189 4060 2386 4129 quibus
2418 4060 2531 4129 ipse
2550 4060 2680 4115 dicit
2709 4077 2723 4114 :
2754 4078 2777 4112 ‹
2810 4061 2971 4115 Venit
2993 4061 3146 4127 hora,
3170 4070 3225 4118 et
3252 4076 3396 4117 nunc
3426 4070 3531 4128 est,
3560 4061 3776 4131 quando

2188 4153 2386 4207 mortui
2422 4152 2645 4208 audient
2671 4167 2857 4208 vocem
2889 4151 3008 4208 Filii
3037 4154 3152 4220 Dei,
3199 4163 3252 4208 et
3277 4161 3561 4224 resurgent
3588 4151 3772 4226 (Joan.

2186 4242 2263 4316 v).
2297 4244 2399 4299 »1η
2440 4245 2651 4299 ruinam
2676 4245 2826 4300 venit
2852 4244 2976 4311 illis,
3015 4245 3209 4315 quibus
3240 4245 3354 4315 ipse
3397 4245 3563 4300 dicit:
3593 4265 3611 4297 ι
3661 4244 3777 4317 Ego

2186 4337 2310 4393 veni
2340 4337 2393 4391 iu
2426 4337 2644 4393 nomine
2686 4336 2866 4392 Patris
2910 4338 3037 4403 mei,
3063 4346 3114 4392 et
3164 4352 3269 4393 non
3325 4336 3640 4407 suscepistis
3685 4352 3776 4393 me

2189 4428 2403 4501 (Ibid).
2433 4447 2451 4481 υ
2491 4429 2548 4484 in
2597 4430 3051 4485 resurrectionem
3104 4429 3229 4498 illis,
3288 4430 3354 4486 de
3402 4430 3596 4500 quibus
3645 4428 3774 4485 alibi

505 4515 837 4585 permittant,
863 4524 1230 4570 utextraneus
1256 4513 1393 4570 filius
1425 4514 1477 4569 in
1505 4517 1844 4587 adoptionem
1876 4535 2084 4576 assum-
2110 4524 2356 4621 I}dicit:
2387 4540 2406 4574 ι
2448 4523 2561 4594 Ego
2610 4538 2729 4579 sum
2760 4524 3087 4580 resurrectio
3128 4532 3182 4579 et
3227 4524 3367 4590 vita;
3399 4523 3486 4579 aui
3517 4523 3690 4579 credit
3716 4521 3805 4578 in‘

506 4613 650 4683 ptas,
676 4607 856 4663 omnia
887 4622 1005 4677 quae
1033 4607 1264 4662 simulati
1298 4609 1468 4679 patris
1494 4620 1639 4675 sunt,
1677 4612 1749 4666 ita
1777 4613 1877 4668 sibi
1908 4614 2084 4669 vindi-

505 4711 650 4762 care,
695 4701 846 4768 quasi
899 4699 1148 4769 proprius
1186 4698 1324 4755 illius
1346 4703 1537 4771 possit,
1566 4703 1734 4760 multo
1762 4707 1924 4761 etiam
1956 4709 2084 4764 vici-

506 4788 628 4845 nius
668 4789 807 4845 (ilius
849 4787 1043 4860 Ioseph
1088 4790 1189 4845 dici
1232 4793 1439 4861 potuit,
1488 4794 1578 4865 qui
1630 4795 1696 4850 de
1740 4812 1835 4853 sua
1886 4814 2082 4868 sponsa

504 4879 712 4953 virgine
749 4878 926 4936 fuerat
965 4889 1139 4937 natus.
1187 4881 1317 4938 Nam
1361 4894 1416 4939 et
1456 4887 1704 4942 nutritios
1744 4896 1799 4943 et
1848 4887 2081 4959 bajulos,

504 4982 688 5045 patres
715 4971 1094 5028 consuevimus
1125 4974 1413 5045 appellare,
1456 4992 1561 5031 non
1603 4979 1747 5048 quod
1793 4979 2086 5037 carnaliter

505 5064 663 5121 nobis
700 5069 881 5134 patres
922 5063 1051 5126 sint,
1094 5066 1186 5119 sed
1224 5068 1364 5137 quod
1394 5069 1682 5126 nutriendo
1710 5082 1994 5142 paternum
2023 5074 2079 5129 in

503 5168 604 5211 nos
630 5153 916 5210 ostendant
943 5154 1211 5211 allectum.

581 5263 601 5298 ο
633 5244 695 5301 Et
722 5244 997 5301 benedixit
1032 5246 1134 5303 illis
1166 5246 1408 5315 Simeon,
1438 5259 1491 5306 et
1521 5252 1596 5306 ait
1626 5252 1691 5306 ad
1719 5251 1941 5307 Mariam
1967 5270 2081 5310 ma-

511 5356 532 5389 ι
561 5345 696 5392 trem
725 5335 847 5407 ejus
871 5356 882 5391 ;
912 5337 1051 5394 Ecce
1070 5341 1274 5409 positus
1301 5350 1386 5397 est
1408 5341 1496 5396 hic
1518 5343 1571 5396 in
1601 5343 1807 5397 ruinam
1829 5352 1883 5399 et
1904 5361 2083 5403 resur-

511 5448 530 5482 |
561 5430 852 5486 rectionem
891 5431 1197 5487 multorum.
1230 5454 1248 5485 ι
1305 5434 1523 5490 Simeon
1552 5450 1735 5501 senex,
1765 5436 1856 5507 qui
1892 5437 2083 5493 huma-

504 5520 727 5577 nitatem
757 5521 963 5578 Domini
992 5524 1044 5579 in
1093 5527 1293 5581 mundo
1319 5534 1727 5595 exspectaverat
1751 5568 1765 5591 ,
1792 5536 2079 5600 postquam

505 5627 626 5668 eum
668 5614 816 5678 vidit,
872 5625 1152 5687 postquam
1198 5618 1445 5672 manibus
1490 5619 1745 5687 portavit,
1795 5631 2095 5693 postquam-

506 5703 795 5773 beuedixit,
827 5707 991 5763 etiam
1035 5707 1258 5761 Mariam
1300 5715 1353 5761 et
1395 5705 1592 5777 Ioseph
1640 5709 1926 5767 benedicit.
1978 5712 2080 5769 Ubi

506 5797 908 5877 intelligendum
938 5809 1055 5868 est,
1085 5801 1209 5875 quia
1237 5804 1291 5856 in
1323 5816 1389 5858 eo
1415 5801 1562 5876 quod
1600 5802 1698 5874 ait,
1734 5822 1754 5858 ι
1808 5807 2083 5867 benedixit

2188 4630 2295 4681 me,
2317 4614 2478 4669 etiam
2508 4614 2553 4669 si
2596 4622 2839 4669 mortuus
2874 4614 3055 4680 fuerit,
3084 4615 3246 4669 vivet.
3290 4614 3357 4669 Et
3374 4614 3548 4670 omnis
3574 4614 3664 4683 qui
3694 4612 3778 4668 vi-

2188 4708 2266 4760 vit
2284 4713 2339 4760 et
2364 4705 2537 4760 credit
2567 4705 2620 4759 in
2653 4719 2761 4771 me,
2792 4721 2895 4761 non
2918 4706 3179 4761 morietur
3200 4706 3253 4760 in
3282 4714 3542 4761 :eternom
3584 4703 3771 4777 (Joan.

2187 4800 2286 4872 χι).
2318 4820 2335 4852 ι
2367 4799 2432 4854 Et
2474 4799 2701 4853 iterum:
2734 4819 2750 4850 ι
2781 4798 2970 4854 Omnis
2989 4800 3081 4870 qui
3107 4800 3279 4854 credit
3300 4799 3352 4853 in
3383 4795 3577 4853 Filium
3599 4796 3776 4853 homi-

2188 4893 2293 4956 nis,
2327 4891 2487 4947 habet
2510 4891 2672 4947 vitam
2700 4891 2879 4963 (Joan.
2907 4891 2989 4962 ui)
3021 4911 3038 4944 ι
3075 4900 3129 4946 et
3157 4890 3625 4947 resurrectionem.
3652 4887 3774 4944 Non

2191 4980 2362 5036 solum
2396 4989 2576 5034 autem
2625 4980 2738 5049 ipse
2768 4979 3038 5046 Christus,
3080 4979 3172 5036 sed
3217 4979 3380 5035 etiam
3430 4987 3487 5034 et
3542 4977 3774 5049 apostoli

2191 5071 2312 5125 aliis
2342 5071 2393 5124 in
2446 5071 2682 5135 ruinam,
2712 5079 2768 5125 et
2798 5070 2919 5125 aliis
2964 5072 3015 5124 in
3047 5070 3498 5126 resurrectionem
3529 5068 3770 5141 fuerunt.

2186 5160 2297 5215 Illis
2348 5161 2401 5215 in
2443 5162 2652 5216 ruinam
2704 5160 2939 5228 fuerunt,
2990 5161 3185 5231 quibus
3230 5161 3512 5217 dixerunt:
3553 5181 3574 5214 ι
3606 5160 3774 5218 Vobis

2190 5252 2404 5321 quidem
2441 5253 2678 5322 oportuit
2703 5252 2934 5322 primum
2964 5251 3105 5322 loqui
3130 5253 3351 5309 verbum
3380 5252 3494 5318 Dei,
3519 5254 3613 5308 sed
3643 5251 3773 5323 quia

2190 5343 2448 5413 repellitis
2471 5343 2616 5407 illud,
2654 5352 2708 5398 et
2735 5343 2981 5413 indignos
3008 5360 3102 5400 vos
3118 5345 3374 5417 iudicatis
3396 5353 3597 5400 aeterna
3634 5344 3769 5412 vita,

2191 5449 2320 5490 ecce
2371 5433 2736 5489 convertimur
2768 5435 2833 5488 ad
2872 5445 3059 5506 gentes
3093 5438 3228 5508 (Act.
3261 5435 3403 5507 xm).
3433 5454 3453 5487 ι
3497 5435 3555 5491 In
3585 5450 3769 5492 resur-

2191 5528 2485 5584 rectionem
2518 5526 2644 5592 illis,
2691 5528 2782 5597 qui
2813 5530 3000 5585 audire
3046 5537 3325 5584 merentur
3362 5528 3429 5583 ab
3467 5526 3723 5598 Apostolo
3746 5545 3771 5582 :

2195 5639 2212 5670 ‹
2248 5620 2302 5673 Si
2332 5618 2746 5674 consurrexistis
2795 5635 2915 5675 cum
2966 5620 3205 5683 Christo,
3236 5636 3354 5690 quae
3398 5635 3614 5676 sursum
3643 5625 3771 5676 sunt

2189 5712 2431 5783 quaerite,
2460 5712 2549 5765 ubi
2587 5711 2835 5767 Christus
2884 5711 3103 5785 (Coloss.
3130 5712 3237 5785 ιιι),
3268 5731 3286 5764 ›
3319 5721 3424 5768 etc.
3462 5711 3596 5767 Nam
3624 5726 3768 5782 prae-

2190 5800 2388 5860 dicatio
2413 5801 2658 5859 veritatis
2680 5802 2788 5860 illis
2805 5808 2890 5859 est
2926 5802 2980 5859 in
3005 5802 3239 5873 ruinam,
3267 5803 3356 5875 qui
3381 5803 3566 5860 audita
3595 5800 3768 5879 negli-
