4038 6352
220 346 296 409 εδ
1455 348 1762 409 ιιοΜιιιΔι]
1802 349 1892 425 os
1930 350 2275 411 TEMPOltE.
3447 355 3519 414 se

222 468 401 535 gunt:
446 461 551 518 illis
580 462 633 518 in
667 465 1140 530 resurrectionem,
1166 464 1258 536 qui
1289 466 1476 522 libenti
1504 466 1688 523 animo
1727 481 1824 520 au-
1849 468 1899 547 ᾼ
1927 465 2078 534 Quod
2102 471 2248 527 enim
2277 470 2428 540 virgo
2448 472 2713 542 concepit,
2747 481 2798 526 et
2844 471 2996 543 virgo
3042 470 3272 541 peperit,
3301 472 3516 544 signum

224 557 408 621 diunt,
454 567 511 611 et
544 555 796 612 libentius
834 557 1079 613 faciendo
1122 558 1414 629 completr.
1462 556 1567 614 Sed
1600 558 1644 612 si
1689 557 1821 612 sub-

227 649 382 706 tilius
426 650 855 715 censidcremus.
909 653 1265 717 inveniemus,
1315 653 1441 723 quia
1498 668 1601 707 non
1648 652 1821 707 solum

224 741 352 794 aliis
382 740 436 794 in
463 741 694 807 ruinam,
742 752 796 798 et
824 744 946 799 aliis
988 747 1039 800 in
1086 748 1537 801 resurrectionem
1577 742 1827 799 Salvator

226 832 400 895 venit,
451 833 542 886 sed
591 834 755 888 etiam
786 836 875 889 ttni
920 838 1206 908 eidemque
1257 838 1458 892 homini
1513 837 1566 893 in
1615 838 1824 891 ruinam

226 926 438 995 pariter
465 936 520 985 et
552 931 1001 986 resurrectionem
1024 941 1269 1002 apparet,
1292 932 1344 987 in
1376 932 1587 987 ruinam
1620 930 1826 991 scilicet

226 1019 508 1085 vitiorum,
551 1029 608 1076 et
641 1025 1095 1081 resurrectionem
1130 1026 1414 1080 virtutum.
1456 1023 1648 1081 Omnis
1675 1023 1823 1079 enim

228 1112 397 1169 bomo
427 1126 521 1168 aut
549 1115 695 1170 vitiis
747 1126 838 1172 aut
892 1118 1181 1174 virtutibus
1212 1119 1477 1190 repletur.
1506 1118 1827 1188 Quicunque

228 1204 395 1261 hodie
425 1207 692 1278 superbus
712 1219 812 1266 est.
845 1210 914 1277 si,
946 1212 1129 1266 audita
1160 1213 1370 1269 Domini
1407 1228 1558 1277 voce,
1588 1213 1677 1267 ubi
1709 1212 1823 1266 ait:

236 1318 253 1350 ι
294 1301 486 1356 Omnis
506 1302 598 1372 qui
636 1318 693 1357 se
722 1303 925 1358 exaltat
955 1306 1328 1360 lntmiliabitur
1372 1305 1523 1376 (Luc.
1552 1306 1686 1373 atv),
1721 1325 1739 1355 ι
1769 1313 1825 1359 et

229 1394 462 1463 apostoli
492 1394 636 1450 Petri
666 1414 678 1449 :
712 1415 730 1449 ο
765 1395 1025 1468 Superbis
1050 1399 1190 1453 Dens
1214 1399 1415 1454 resistit
1444 1398 1496 1468 (l
1534 1395 1680 1451 Petr.
1700 1399 1778 1466 v),
1801 1417 1820 1449 ι

230 1488 543 1557 superbiam
577 1489 812 1555 calcare,
841 1498 895 1545 et
928 1490 1289 1546 humilitatem
1318 1489 1567 1545 didicerit
1618 1504 1823 1552 amare,

230 1581 285 1635 in
335 1580 544 1635 ruinam
595 1584 800 1651 pariter
845 1592 901 1638 et
946 1584 1404 1638 resurrectionem
1448 1582 1521 1637 illi
1574 1580 1827 1636 Salvator

230 1672 404 1727 venit.
454 1669 717 1726 Similiter
746 1672 960 1727 adulter
998 1674 1112 1728 sive
1140 1672 1454 1732 fornicator,
1498 1671 1542 1729 si
1590 1670 1657 1725 ad
1685 1686 1823 1740 pra:-

231 1761 561 1817 dicationem
606 1762 818 1818 Domini
852 1764 939 1817 ubi
971 1764 1085 1819 ait:
1121 1786 1137 1813 ι
1174 1764 1274 1831 Qui
1318 1762 1516 1819 viderit
1544 1762 1823 1816 mulierem

1932 561 2050 625 fuit,
2092 564 2185 617 sed
2230 562 2352 618 huic
2395 564 2550 634 signo
2591 563 3035 619 emttradixerunt
3067 562 3373 628 Manicluei,
3422 578 3517 619 ne-

1929 665 2119 727 gantes
2171 653 2445 710 Christum
2496 670 2683 708 verum
2732 671 2932 726 corpus
2980 656 3364 725 assumpsisse,
3420 656 3515 711 sed

1931 762 2027 817 per
2076 746 2336 818 virginem
2392 746 2612 799 Mariam
2673 748 2822 801 velut
2872 763 3068 817 aquam
3128 763 3222 817 per
3280 745 3516 800 ﬁstulam

1932 839 2210 894 transisse.
2237 837 2387 907 Quod
2413 852 2542 892 vero
2563 839 2799 893 animam
2822 854 2918 910 pro
2939 851 3121 895 nostra
3148 838 3517 909 redemptione

1932 931 2192 1001 suscepit,
2220 932 2432 1000 signum
2462 931 2585 995 fuit,
2614 930 2708 985 sed
2741 930 2868 985 huic
2892 931 3047 1000 signa
3071 931 3531 1017 contradixerunt5

1934 1024 2229 1079 Donatista:
2276 1023 2547 1085 lueretici;
2580 1023 2673 1078 sed
2713 1023 2904 1077 borum
2952 1024 3193 1083 omnium
3247 1023 3519 1095 contradi-

1931 1115 2162 1180 ctiones,
2191 1115 2387 1173 divitue
2417 1113 2717 1186 Scriptura:
2744 1113 3030 1175 oonculcat
3051 1116 3367 1179 auctoritas.
3423 1114 3519 1177 llis

1931 1210 2075 1265 enim
2100 1209 2190 1278 qui
2228 1208 2484 1264 dixerunt
2526 1210 2787 1280 virginem
2838 1208 3166 1279 impossibile
3192 1223 3311 1265 esse
3338 1209 3521 1265 conci-

1931 1318 2060 1372 pere
2082 1312 2134 1356 et
2164 1318 2376 1377 parere,
2400 1311 2455 1359 et
2483 1312 2603 1373 post
2638 1301 2900 1371 virginem
2933 1315 3274 1371 permanere,
3305 1311 3521 1355 contra-

1932 1396 2265 1451 dicitscrmo
2299 1395 2675 1471 prepbeticus,
2699 1394 2792 1465 qui
2821 1394 2937 1449 ait:
2972 1413 2991 1447 ι
3038 1392 3177 1448 Ecce
3203 1392 3353 1462 virgo
3396 1407 3525 1448 con-

1931 1487 2094 1556 cipiet
2143 1496 2200 1543 et
2245 1488 2419 1557 pariet
2476 1486 2664 1546 lilium.
2718 1493 2773 1540 et
2826 1484 3106 1540 vocabitur
3160 1497 3355 1538 nomen
3404 1482 3520 1551 ejus

1931 1578 2274 1643 Emmanuel,
2308 1579 2452 1648 quod
2504 1579 2892 1649 interpretatur
2923 1578 3189 1633 nobiscum
3216 1576 3355 1631 Deus
3382 1574 3516 1645 (lca.

1931 1670 2049 1742 vn).
2090 1691 2109 1731 η
2143 1670 2252 1726 lllis
2276 1681 2457 1726 autem
2486 1672 2575 1741 qui
2603 1686 2726 1727 eum
2757 1686 2940 1727 veram
2967 1685 3191 1726 carnem
3217 1668 3521 1738 suscepisse

1932 1772 2287 1834 negaverunt,
2309 1762 2414 1818 [ide
2437 1772 2678 1818 armatus
2690 1762 2931 1818 oecurrit
2958 1761 3269 1830 Apostolus,
3299 1761 3518 1819 dicens:

232 1854 301 1911 ad
332 1856 692 1927 concupiscen
718 1858 824 1912 'utn
848 1872 989 1922 eam,
1030 1857 1146 1928 jam
1178 1857 1483 1913 moechatus
1509 1865 1593 1911 est
1617 1871 1736 1911 eam
1769 1858 1821 1911 in
1856 1834 1904 1897 Β
1938 1874 1957 1906 ι
1992 1854 2091 1922 Qui
2125 1854 2300 1910 factus
2326 1864 2407 1909 est
2437 1855 2487 1909 ei
2523 1871 2589 1910 ex
2630 1856 2835 1911 semine
2871 1855 3040 1910 David
3071 1854 3366 1909 secundum
3401 1870 3523 1909 ear-

232 1948 396 2009 corde
424 1964 524 2005 suo
555 1948 769 2020 (Matth.
794 1951 876 2015 vl,
912 1970 932 2003 ι
973 1958 1028 2005 et
1078 1949 1207 2005 illud
1253 1948 1532 2020 Apostoli:
1578 1968 1597 2001 ι
1642 1947 1827 2019 Neque

232 2040 467 2096 adulteri
500 2058 725 2113 regnum
756 2044 849 2101 Dei
873 2044 1224 2114 possidebunt
1243 2042 1295 2114 (Ι
1323 2042 1447 2101 Cor.
1470 2044 1572 2109 vt),
1597 2063 1615 2094 ι
1645 2043 1827 2098 carnis

231 2144 346 2185 sine
373 2131 642 2188 desideria
681 2134 896 2191 calcare
918 2146 973 2189 et
1000 2134 1307 2191 castitatem
1335 2133 1587 2190 didicerit
1617 2149 1824 2198 amare,

230 2219 285 2283 in
351 2222 565 2278 ruinam
614 2233 669 2279 et
718 2225 1175 2281 resurrectionem
1229 2226 1432 2295 pariter
1475 2226 1526 2280 ei
1570 2223 1828 2280 Dominus

231 2311 405 2369 venit.
445 2311 574 2369 Sive
622 2314 1068 2373 aliusiracnndia
1110 2316 1320 2386 plenus,
1371 2316 1602 2373 fortasse
1634 2331 1828 2373 manus

226 2398 500 2458 elfusione
534 2406 816 2471 sanguinis
847 2407 1060 2477 polluit,
1092 2408 1137 2462 si
1162 2406 1399 2462 audierit
1446 2408 1619 2477 ipsum
1646 2408 1828 2463 dicen-

229 2502 346 2548 tem
374 2511 389 2548 :
430 2514 447 2547 I
479 2496 673 2552 Omnis
697 2498 788 2568 qui
819 2499 1076 2557 irascitur
1100 2497 1253 2552 fratri
1277 2513 1399 2563 suo,
1427 2512 1555 2553 reus
1594 2499 1700 2552 erit
1735 2498 1827 2569 ju-

231 2583 379 2653 dicio
430 2584 649 2657 (Matth.
679 2588 731 2658 ν)
759 2606 773 2642 ;
803 2607 825 2641 δ
879 2588 1215 2643 iracundiam
1247 2604 1277 2643 a
1317 2588 1481 2644 corde
1530 2588 1827 2659 expellens,

233 2676 560 2732 cbaritatem
601 2678 799 2749 diligit,
830 2679 878 2732 ei
922 2678 1188 2735 Dominus
1227 2678 1279 2732 in
1323 2679 1534 2733 ruinam
1568 2690 1624 2735 et
1654 2695 1830 2735 resur-

234 2768 531 2827 rectionem
561 2769 769 2839 pariter
801 2769 969 2827 venit.
1003 2769 1261 2825 Ebriosus
1279 2783 1491 2840 quoque
1517 2769 1714 2839 aliquis
1740 2770 1829 2825 vel

236 2860 544 2932 crapul-tor
577 2861 805 2917 audiens
834 2862 954 2932 ejus
979 2862 1170 2927 verba,
1213 2861 1266 2917 itt
1298 2862 1494 2930 quibus
1532 2861 1647 2916 ait:
1682 2878 1699 2911 ι
1747 2859 1827 2917 Ne
1854 2918 1861 2923 ,

234 2964 527 3026 graventur
552 2955 718 3008 eorda
751 2962 928 3013 vestra
955 2952 1009 3008 in
1052 2952 1270 3023 crapula
1301 2960 1358 3008 et
1381 2952 1645 3011 ebrietate
1668 2950 1822 3024 (an.

237 3046 376 3115 axi),
399 3066 417 3101 ι
452 3045 642 3100 vitium
675 3045 960 3101 ebriemtis
979 3053 1034 3103 et
1058 3044 1291 3115 crapul.e
1309 3044 1592 3110 deserens,
1612 3045 1823 3101 sobrie-

238 3147 403 3196 tatem
426 3138 616 3211 diiigit,
637 3138 687 3194 ei
715 3139 974 3194 Dominus
993 3139 1046 3193 in
1070 3139 1278 3195 ruinam
1298 3148 1355 3195 et
1371 3139 1824 3195 resurrectionem

236 3233 445 3303 pariter
466 3231 629 3287 venit.
663 3230 867 3302 Raptor
887 3240 945 3287 et
967 3240 1288 3287 cancrorum
1318 3230 1610 3287 criminum
1649 3239 1825 3285 secta-

244 3330 354 3388 tor,
396 3322 441 3377 si
471 3323 536 3375 ad
575 3321 1008 3395 przedieationem
1061 3321 1272 3379 Domini
1298 3322 1428 3377 vitia
1455 3333 1825 3387 contemnere,

247 3422 306 3470 et
332 3413 560 3469 virts-tes
607 3416 869 3473 studuerit
914 3416 1141 3482 habere,
1190 3416 1245 3471 in
1300 3416 1512 3471 ruinam
1544 3416 1749 3485 pariter
1774 3424 1832 3470 et

243 3505 698 3561 resurrectionem
732 3506 806 3560 illi
837 3508 1015 3573 venit,
1062 3507 1189 3576 quia
1216 3505 1414 3565 cecidit
1446 3505 1659 3569 vitium,
1687 3504 1830 3575 quod

236 3597 385 3653 male
411 3597 641 3665 vivebat,
664 3609 719 3655 et
740 3601 1045 3659 resurrexit
1070 3601 1261 3665 virtus,
1279 3614 1400 3671 quae
1425 3600 1565 3655 male
1587 3598 1827 3670 jacebat.

234 3689 307 3751 Et
338 3689 475 3749 bene
504 3692 735 3762 primum
762 3694 821 3748 in
847 3695 1082 3759 ruinam,
1119 3704 1326 3764 etpost
1363 3694 1419 3749 in
1467 3693 1829 3750 resurrectio-

235 3800 362 3845 nem
395 3785 607 3845 venisse
632 3786 873 3849 dicitur:
921 3788 1071 3857 quia,
1116 3789 1217 3845 nisi
1250 3798 1510 3844 terreant
1539 3788 1686 3849 vitia,
1718 3788 1831 3842 vir-

238 3884 385 3933 tutes
412 3876 467 3932 in
492 3877 713 3937 homine
742 3894 1027 3949 resurgens
1055 3895 1164 3936 non
1187 3889 1433 3949 possunt,
1459 3880 1576 3950 ipso
1605 3879 1833 3935 Domino

240 3967 455 4025 dicente
500 3986 512 4019 :
552 3986 572 4021 ι
631 3966 804 4025 Nemo
854 3981 1035 4041 petest
1087 3972 1299 4027 duobus
1344 3972 1577 4027 donnuis
1628 3971 1836 4027 servire

240 4058 459 4130 (lauit.
503 4062 603 4132 vt).
633 4082 657 4117 ο
700 4062 854 4121 Unde
902 4063 1366 4136 Psalmograpltus
1406 4081 1508 4123 nos
1556 4065 1832 4130 admonet,

239 4152 431 4213 deeris
448 4172 461 4207 :
480 4170 504 4207 ι
532 4155 753 4215 Declina
773 4174 804 4212 a
824 4159 967 4213 malo
986 4171 1035 4217 at
1058 4157 1142 4215 lac
1168 4161 1366 4215 bonum
1383 4156 1557 4230 (Puri.
1574 4159 1781 4231 axxvr).
1808 4177 1832 4212 ι

238 4244 376 4307 Cum
402 4249 548 4320 quali
586 4265 716 4322 ergo
767 4252 967 4323 gaudio
1011 4253 1257 4316 auditur,
1298 4254 1442 4323 quod
1488 4253 1541 4308 in
1590 4268 1836 4309 resurreo

239 4337 475 4399 etiunem
504 4340 798 4401 multorum
828 4343 993 4406 venit.
1015 4359 1137 4399 eum
1166 4342 1259 4398 t..li
1290 4343 1473 4401 latitia
1505 4343 1837 4403 audiendam

240 4438 348 4495 est,
380 4430 525 4502 quod
568 4432 622 4487 in
673 4436 884 4491 ruinam
916 4435 1130 4496 venisse
1162 4435 1383 4492 dicitur.
1411 4433 1530 4490 Non
1558 4443 1745 4489 autem
1776 4434 1833 4489 in

1933 1960 2055 1999 nent
2082 1944 2258 2017 (llam.
2287 1944 2348 2016 t).
2373 1965 2393 1996 ›
2420 1945 2483 2000 Ει
2508 1946 2736 2002 iterum:
2761 1967 2779 1998 ς
2809 1945 2942 2001 Cum
2960 1944 3237 2015 plenitudo
3265 1944 3523 2015 temporis

1931 2036 2099 2101 venit,
2148 2036 2296 2095 misit
2327 2037 2471 2093 Deus
2514 2036 2710 2093 Filium
2745 2052 2903 2093 suum
2948 2037 3148 2094 factum
3174 2053 3240 2091 ex
3272 2037 3517 2098 muliere.

1932 2128 2135 2185 factum
2179 2132 2279 2185 sub
2319 2129 2458 2201 lege,
2492 2139 2550 2185 ut
2594 2145 2691 2187 eos
2730 2131 2822 2200 qui
2850 2130 2953 2186 sub
2988 2130 3108 2201 lege
3157 2138 3338 2196 erant,
3380 2128 3523 2187 redi-

1930 2220 2266 2295 meret((.'al.
2291 2223 2389 2292 tv).
2421 2243 2441 2281 ο
2486 2222 2707 2281 lllorum
2740 2232 2921 2279 autem
2949 2223 3281 2299 opinionem.
3304 2223 3396 2294 qui
3436 2222 3523 2277 di-

1930 2323 2133 2368 xerunt
2156 2313 2475 2375 rationalem
2507 2315 2747 2370 animam
2772 2314 3049 2373 Christum
3089 2331 3196 2371 non
3243 2329 3402 2385 posse
3431 2330 3522 2369 su-

1933 2405 2161 2474 scipere,
2206 2406 2475 2463 destruxit
2506 2408 2619 2475 ipse
2659 2408 2921 2462 Dominus
2947 2424 3072 2463 eum
3116 2408 3224 2463 ait:
3260 2427 3279 2460 I
3328 2407 3523 2463 Tristis

1932 2503 2015 2550 est
2044 2496 2224 2551 anima
2264 2511 2383 2550 mea
2427 2511 2597 2564 usque
2627 2497 2696 2555 ad
2726 2486 2958 2553 mortem
2997 2497 3193 2570 (Marc.
3222 2497 3355 2568 .vtv).
3389 2517 3409 2553 ι
3455 2496 3523 2555 Et

1931 2587 2129 2643 iterum
2156 2607 2171 2643 :
2208 2608 2225 2645 ι
2255 2588 2583 2644 Potestatetn
2607 2590 2779 2644 habeo
2798 2590 3029 2661 portendi
3060 2590 3296 2649 animam
3319 2603 3520 2652 meam,

1931 2693 1988 2738 et
2012 2683 2208 2737 iterum
2237 2683 2486 2737 sumendi
2513 2698 2633 2737 eam
2662 2683 2844 2753 (Joan.
2882 2683 2956 2753 ι).
2987 2701 3009 2741 ι
3046 2682 3107 2736 Et
3145 2681 3270 2751 quia
3299 2679 3520 2751 longum

1931 2783 2018 2829 est
2063 2774 2144 2828 ire
2192 2787 2288 2843 per
2327 2773 2574 2843 singula,
2620 2774 2802 2828 omnia
2828 2788 2995 2843 opera
3026 2788 3149 2843 quae
3190 2770 3318 2832 fecit
3366 2773 3521 2841 signa

1931 2866 2174 2932 fuerunt,
2201 2868 2297 2927 sed
2323 2866 2409 2927 bis
2450 2866 2622 2938 signis
2657 2868 3104 2927 contradixerunt
3156 2868 3373 2938 reprobi
3424 2867 3522 2923 lto-

1929 2960 2124 3017 mines.

2009 3073 2026 3105 ι
2064 3052 2133 3107 Et
2171 3061 2317 3108 tuam
2364 3051 2534 3122 ipsius
2568 3051 2809 3108 animam
2840 3053 3189 3123 pertransibit
3232 3053 3461 3122 gladius.
3499 3072 3517 3105 ι

1931 3144 2085 3200 Nulla
2135 3147 2294 3202 dovet
2346 3143 2557 3210 littera,
2613 3145 2758 3200 nulla
2818 3156 3214 3201 commemorat
3271 3143 3519 3206 historia.

1887 3242 1900 3264 ⁸
1934 3241 2147 3296 beatam
2180 3239 2402 3294 Mariam
2444 3239 2709 3311 virginem
2752 3238 3052 3295 materialia
3092 3238 3255 3309 gladii
3300 3250 3522 3306 percus—

1933 3334 2083 3388 sione
2113 3332 2181 3387 ab
2209 3333 2310 3386 hac
2335 3332 2444 3386 vita
2474 3332 2755 3402 migrasse,
2779 3332 3031 3401 quamvis
3053 3340 3109 3385 et
3137 3330 3183 3386 si
3218 3330 3323 3385 hoc
3347 3329 3521 3394 lieret,

1933 3441 2039 3480 nou
2067 3424 2247 3478 anima
2269 3422 2578 3487 invisibilis,
2606 3424 2699 3478 sed
2729 3437 2860 3477 caro
2901 3422 3169 3492 corporali
3198 3421 3378 3491 gladio
3402 3434 3530 3491 ρον

1935 3523 2019 3571 sct
2046 3515 2496 3570 transvetbermi.
2533 3513 2690 3570 Unde
2719 3514 2773 3568 in
2796 3514 2898 3569 boc
2923 3513 3062 3579 loco,
3093 3512 3255 3584 gladii
3286 3512 3524 3576 nomine,

1933 3609 2122 3664 duram
2176 3607 2579 3663 trilmlationem
2627 3616 2683 3661 et
2735 3606 3187 3667 immanissimum
3235 3603 3478 3660 dolorem
3508 3642 3527 3670 ,

1932 3719 2094 3778 quem
2125 3704 2191 3759 de
2219 3703 2431 3758 Domini
2461 3703 2713 3773 passione
2738 3701 3008 3766 toleravit,
3056 3698 3318 3755 debemus
3368 3696 3529 3752 intel-

1934 3799 2116 3870 ligare.
2152 3797 2299 3852 Licet
2352 3796 2496 3851 enim
2534 3794 2731 3850 Filium
2776 3794 2868 3851 Dei
2915 3808 3024 3849 non
3068 3792 3361 3855 dubitaret,
3401 3790 3533 3848 licet

1936 3895 2369 3945 resurrecturum
2423 3888 2543 3942 sine
2582 3886 2746 3941 dubio
2773 3887 3041 3950 crederet,
3080 3899 3423 3955 nequaquam
3455 3893 3534 3945 tn-

1936 3998 2060 4039 men
2086 3983 2380 4053 putandum
2407 3991 2511 4048 est,
2535 3981 2680 4052 quod
2710 3981 2829 4036 sine
2857 3995 3053 4054 magno
3071 3980 3258 4036 dolore
3296 3978 3531 4051 potuerit

1935 4078 2122 4131 videro
2165 4074 2507 4140 crucillvum,
2562 4089 2724 4144 quem
2760 4073 2828 4129 de
2852 4090 2954 4129 sua
2986 4088 3153 4129 carne
3186 4071 3532 4128 immaculata

1938 4176 2162 4224 noverat
2189 4179 2397 4221 natum.
2445 4165 2502 4220 lu
2548 4166 2704 4237 cujus
2730 4165 2935 4222 doloris
2980 4164 3353 4237 magnitudine
3397 4163 3529 4219 olim

1935 4259 2201 4327 propheta
2234 4257 2439 4311 dixisse
2483 4256 2753 4326 putamlns
2797 4265 2915 4311 est:
2956 4276 2974 4309 ‹
3014 4256 3059 4311 0
3090 4271 3187 4311 vos
3210 4271 3403 4311 omnes
3436 4254 3531 4324 qui

1936 4350 2182 4407 transitis
2208 4362 2305 4419 per
2332 4350 2497 4411 viam,
2544 4349 2808 4405 attendite
2842 4359 2899 4405 et
2937 4350 3117 4406 videte
3160 4348 3207 4404 si
3247 4357 3330 4404 est
3379 4346 3533 4402 dolor

1937 4444 2078 4500 sicut
2113 4442 2268 4498 dolor
2301 4456 2457 4499 meus
2486 4441 2704 4513 (lerant.
2729 4442 2790 4515 t).
2825 4462 2846 4497 ι
2889 4440 3067 4513 Ipsum
3102 4457 3234 4514 ergo
3257 4439 3524 4503 dolorem,

241 4523 460 4628 ευίιξιω
594 4528 1051 4587 resurrectionem
1098 4530 1367 4593 omnium,
1410 4530 1506 4585 sed
1540 4526 1833 4583 multorum
1868 4534 2119 4633 Dipsum
2159 4534 2489 4598 cruciatum,
2534 4548 2694 4603 quem
2752 4534 2820 4589 de
2858 4534 2978 4604 ejus
3020 4542 3195 4588 morte
3245 4527 3530 4633 sustinuit,

240 4616 459 4679 venisse
482 4618 706 4684 diciotr.
736 4630 797 4676 ut
817 4636 926 4677 non
952 4620 1318 4689 intelligamus
1343 4620 1446 4677 hoc
1481 4635 1589 4677 non
1616 4622 1684 4676 de
1710 4636 1835 4676 ettr—

241 4712 443 4781 porali,
470 4715 567 4770 aed
596 4715 665 4772 do
692 4714 962 4785 spirituali
1017 4716 1419 4772 resurrectione
1456 4729 1579 4772 esse
1607 4715 1832 4770 dictum.

239 4803 430 4865 Duae
470 4806 545 4861 im
573 4816 701 4863 sunt
738 4809 1186 4872 resurrectiones,
1236 4823 1343 4863 una
1394 4792 1719 4870 animarum,
1757 4805 1837 4859 al-

241 4903 359 4955 tera
388 4910 701 4967 corporum.
740 4898 809 4955 Bt
835 4899 908 4954 illi
956 4901 1283 4971 quandoque
1313 4909 1598 4970 resurgent
1624 4899 1677 4953 in
1706 4913 1834 4952 eor-

240 4999 377 5055 pol'e
416 4984 677 5053 feliciter,
714 4990 816 5059 qui
861 5006 1023 5047 modo
1070 4999 1356 5061 resurgunt
1383 4991 1436 5044 in
1465 4990 1645 5045 anima
1676 5004 1835 5044 vera~

241 5078 406 5135 citer.
432 5098 455 5133 ι
482 5079 550 5135 Et
576 5081 629 5137 in
657 5082 871 5153 signum
911 5086 998 5139 eui
1022 5084 1446 5141 contradicetnr.
1476 5104 1499 5137 ι
1534 5082 1630 5137 ille
1661 5083 1836 5137 mani-

239 5169 391 5235 ΐθθιθ
406 5171 618 5229 Domini
648 5177 833 5245 paesio
865 5191 896 5235 ο
925 5176 1181 5235 Simeone
1212 5179 1583 5247 prophetatur.
1612 5176 1836 5248 Signum

241 5263 337 5321 cui
372 5267 853 5323 eoutradicendum
881 5269 1145 5339 praedicit,
1194 5269 1447 5325 vexillum
1477 5272 1657 5324 crucis
1694 5266 1839 5324 acci-

240 5354 416 5425 pitur,
440 5356 525 5411 oui
552 5357 1003 5415 contradixerunt
1022 5358 1194 5416 Judaei
1221 5359 1676 5430 blaspbetnantes,
1698 5359 1841 5414 sicut

244 5445 497 5518 apostolo
537 5444 705 5503 Paulo
735 5449 988 5504 dixerunt
1016 5466 1030 5504 :
1068 5471 1085 5501 ι
1120 5449 1195 5507 De
1221 5460 1370 5506 secta
1395 5459 1578 5504 autem
1608 5451 1708 5504 bac
1739 5464 1840 5503 no-

246 5547 363 5593 tum
392 5540 679 5602 estnobis,
730 5541 874 5609 quod
922 5540 1117 5610 ubique
1161 5541 1209 5596 ei
1259 5541 1654 5597 contradicitur
1701 5539 1839 5609 (Act.

244 5631 472 5701 aut“).
499 5648 520 5684 ι
556 5630 669 5686 Non
695 5633 868 5695 solum
923 5632 1129 5687 Domini
1161 5633 1340 5700 passio
1389 5633 1598 5704 signum
1628 5630 1729 5687 fuit
1757 5633 1845 5689 cui

1941 4624 2104 4695 gladii
2134 4624 2494 4694 appellatione
2523 4623 2744 4681 Sinteon
2769 4625 2988 4693 signare
3015 4621 3185 4675 voluit
3221 4634 3344 4674 cum
3366 4618 3531 4672 dicit:

1947 4733 1966 4766 ι
1997 4714 2061 4770 Et
2095 4726 2243 4770 tuam
2270 4715 2441 4785 ipsius
2462 4716 2699 4771 animam
2726 4712 3079 4784 pertransibit
3099 4710 3331 4781 gladius,
3356 4730 3376 4763 ι
3401 4710 3533 4780 quia

1940 4822 2071 4863 usus
2100 4804 2399 4875 Scriptura:
2443 4817 2527 4862 est
2563 4808 2755 4861 duram
2792 4803 3193 4861 tribulationem
3234 4803 3394 4876 gladii
3432 4819 3534 4857 no-

1940 4898 2086 4953 mine
2139 4898 2410 4967 appellare
2468 4897 2547 4953 vel
2587 4899 2846 4968 signare,
2892 4896 3035 4952 sicut
3082 4898 3151 4951 de
3196 4895 3398 4966 Joseplt
3437 4896 3539 4953 tri-

1940 4988 2248 5045 bulationes
2294 4986 2516 5060 Egypti
2564 4988 2776 5045 fortiter
2834 4989 3098 5046 tolerante
3148 4990 3352 5045 dictum
3407 4998 3531 5043 est:

1950 5100 1967 5132 ι
2001 5079 2224 5135 Ferrum
2262 5080 2577 5150 pertransiit
2600 5080 2839 5137 animam
2860 5080 2999 5150 ejus.
3031 5101 3050 5135 ο
3080 5080 3375 5137 Possumus
3401 5093 3538 5150 quo-

1941 5190 2047 5244 que
2068 5184 2123 5230 et
2143 5173 2405 5248 gladium,
2434 5175 2525 5243 qui
2556 5174 2790 5229 animam
2821 5175 3002 5231 Maria:
3036 5176 3370 5246 pertransire
3401 5174 3539 5229 dici-

1940 5274 2051 5332 tur,
2082 5266 2229 5322 illum
2257 5266 2527 5336 accipere,
2578 5267 2646 5323 de
2689 5284 2799 5339 quo
2838 5269 2915 5322 ait
2944 5267 3269 5338 Apostolus:
3302 5289 3320 5317 ι
3369 5265 3532 5321 Vivus

1940 5369 2025 5413 est
2046 5360 2190 5414 enim
2224 5373 2404 5414 sermo
2433 5356 2523 5412 Dei
2551 5367 2605 5414 et
2629 5359 2837 5414 ellioax.
2872 5368 2927 5414 et
2970 5376 3005 5430 p
3026 5358 3356 5415 ‘uetrabilior
3383 5354 3533 5412 omni

1947 5450 2128 5523 gladio
2156 5449 2398 5521 ancipiti,
2429 5450 2743 5521 pertingens
2767 5466 2939 5521 usque
2970 5452 3036 5504 ad
3068 5451 3391 5505 divisiOnem
3420 5447 3541 5502 uni-

1950 5560 2054 5600 mve
2077 5552 2131 5598 et
2179 5543 2423 5614 spiritus,
2476 5560 2792 5616 compagunt
2823 5559 3039 5614 quoque
3068 5553 3125 5597 et
3157 5539 3535 5602 medullarum,

1949 5649 2007 5694 et
2030 5639 2298 5695 discretor
2323 5639 2740 5709 Cogilaliuttunt,
2781 5649 2837 5693 et
2885 5655 2991 5695 non
3040 5646 3124 5693 est
3152 5635 3258 5689 ulla
3287 5641 3539 5689 creatura

247 5725 700 5780 contradixerunt
734 5726 922 5792 Judaei,
954 5728 1047 5781 sed
1074 5729 1237 5781 etiam
1270 5727 1371 5780 alia
1395 5728 1511 5798 ejus
1536 5744 1698 5799 opera
1726 5746 1847 5800 qua:
1948 5728 2237 5784 invisibilis
2263 5730 2316 5785 in
2342 5741 2631 5800 conspectu
2654 5731 2772 5800 ejus
2798 5729 2983 5803 (Hebr.
3011 5731 3107 5798 tv).
3139 5748 3155 5777 ι
3186 5724 3292 5781 Sed
3314 5740 3458 5780 nunc
3484 5732 3542 5779 et

247 5818 586 5895 “dum
620 5817 836 5885 luerunt
865 5821 1061 5895 quibus
1101 5820 1550 5880 contradixerunt
1580 5821 1844 5882 haeretici.

1952 5835 2124 5894 usque
2173 5821 2242 5879 ad
2289 5820 2454 5881 linem
2497 5822 2682 5880 saeculi
2735 5822 2974 5879 animam
3012 5816 3276 5875 Ecclesia
3326 5814 3543 5890 gladius
