4038 6352
498 344 563 403 81
1128 337 1478 415 llAYMONlS
1515 332 1994 401 HALBERSTAT.
2038 332 2249 390 EPISC.
2290 330 2439 390 OPP.
2474 330 2655 387 PARS
2687 332 2753 388 ll.
2793 364 2864 375 —
2901 331 3134 389 HOMIL.

3703 334 3792 391 88

498 461 876 535 pertransihit,
911 460 1032 516 cum
1058 473 1163 513 non
1189 456 1360 512 solum
1402 455 1471 511 ab
1497 455 1774 509 extraneis
1822 467 2075 524 persccu-
2102 454 2154 513 Α
2179 462 2339 519 gnam
2399 461 2522 503 esse
2573 447 2904 514 ostenderet,
2951 462 3072 517 quae
3120 442 3351 502 Domino
3396 445 3787 503 testimonium

498 558 704 610 tionem
727 554 954 624 patitur,
993 550 1086 606 sed
1112 550 1274 604 etiam
1304 565 1399 603 eos
1424 548 1516 618 qui
1548 548 1773 602 credere
1812 545 2075 600 videban-

498 657 610 711 tur,
650 662 680 701 a
714 646 819 699 ﬁde
860 652 917 699 et
959 644 1099 698 bona
1151 640 1466 711 operatione
1511 639 1838 708 retrolapsos
1892 638 2075 705 gemit.

500 741 671 797 Dolet'
689 740 833 796 enim
861 753 928 793 ex
954 751 1141 790 eorum
1193 733 1517 804 perditione,
1570 732 1637 788 de
1660 744 1665 748 '
1690 746 1919 801 quorum
1950 746 2081 801 gau-

500 833 666 887 debat
709 829 879 885 salute
919 843 934 881 :
991 828 1179 896 sicque
1228 826 1523 880 multorum
1581 822 1822 877 cordium
1876 823 2080 906 cogita-

499 926 677 978 tiones
706 918 1034 984 revelantur,
1061 917 1187 971 dum
1222 916 1466 987 superbit
1494 914 1709 983 impius,
1736 952 1748 965 .
1772 912 2079 967 incenditur
2132 920 2182 981 ⁸,

2130 1015 2149 1036 ο
2186 1022 2206 1056 ι
2241 1003 2359 1057 viro
2382 1017 2480 1057 suo
2517 1001 2674 1055 annis
2710 1008 2951 1071 septem,
2994 1016 3025 1055 a
3053 1002 3365 1073 virginitate
3392 1018 3511 1059 sua.
3556 1003 3625 1059 Et
3655 1004 3785 1061 haec

495 1027 720 1085 pauper.
769 1011 923 1079 Quod
976 1025 1108 1066 vero
1135 1008 1465 1079 ~subjungit,
1500 1024 1519 1057 ι
1552 1005 1623 1061 Ut
1665 1004 1972 1062 revelentur
2010 1020 2078 1060 ex

501 1126 522 1158 ι
558 1105 741 1160 multis
777 1103 1032 1159 cordibus
1059 1102 1434 1173 cogitationes,
1467 1118 1485 1151 ι
1518 1115 1625 1154 non
1654 1098 1827 1154 solum
1869 1098 1935 1153 ad
1958 1114 2082 1169 pas-

493 1180 701 1254 sionem
749 1194 963 1251 Domini
1014 1195 1269 1264 pertinet,
1304 1193 1396 1247 sed
1434 1191 1597 1247 etiam
1625 1192 1693 1245 ad
1719 1192 2080 1247 resurrectio-

495 1306 639 1345 nem.
673 1290 813 1344 Ante
841 1289 987 1344 enim
1018 1302 1180 1357 quam
1208 1286 1262 1339 in
1289 1300 1453 1340 carne
1495 1283 1856 1353 apparuisset,
1906 1283 2082 1337 incer-

495 1390 608 1435 tum
639 1389 759 1436 erat
782 1380 1000 1450 quinam
1026 1392 1090 1432 ex
1120 1376 1320 1432 Judaeis
1342 1376 1394 1430 in
1425 1375 1574 1437 illum
1593 1382 1776 1430 essent
1800 1375 2080 1440 credituri,
2106 1364 2119 1375 “

494 1482 552 1527 et
586 1473 681 1541 qui
722 1472 775 1526 in
830 1468 1204 1525 incredulitate
1232 1468 1612 1538 permansuri:
1664 1467 1759 1522 sed
1809 1465 1899 1521 illo
1928 1474 2078 1532 nato,

494 1563 792 1617 multorum
825 1561 1070 1616 cordium
1101 1559 1459 1629 cogitationes
1491 1558 1742 1613 revelatae
1768 1566 1916 1621 sunt,
1952 1558 2080 1630 quia

493 1661 741 1724 pastores
771 1651 839 1706 ab
884 1650 1088 1722 angelis
1119 1649 1459 1714 commoniti,
1493 1650 1561 1703 ad
1591 1664 1715 1703 eum
1745 1650 2078 1704 adorandum

494 1747 915 1801 festinaverunt:
945 1755 1001 1799 at
1019 1759 1147 1798 vero
1162 1743 1421 1806 Herodes,
1439 1742 1620 1797 audita
1638 1742 1756 1812 ejus
1774 1742 2079 1809 nativitate,

2180 540 2510 611 perhiberet.
2540 538 2623 595 Ad
2651 539 2887 595 ollicium
2936 541 3134 612 quippe
3180 540 3432 610 pertinet,
3473 541 3618 611 quod
3653 543 3739 597 ait
3765 561 3785 595 :

2134 686 2135 691 η
2186 652 2205 685 ι
2245 633 2309 688 Et
2339 641 2457 688 erat
2485 633 2637 689 Anna
2664 634 3027 706 prephetissa.
3065 654 3084 688 ο
3118 634 3200 689 Ad
3228 635 3617 707 genealogiam,
3646 652 3787 693 cum

2181 724 2525 794 adjungitur:
2584 744 2603 776 ι
2655 724 2790 779 Filia
2835 725 3098 791 Phanuel,
3146 726 3214 781 de
3255 726 3399 782 tribu
3444 726 3603 783 Aser.
3641 747 3662 780 ι
3689 728 3789 783 Ad

2180 824 2421 883 aztatem,
2452 816 2596 886 quod
2626 815 2937 886 subjungit:

2256 931 2276 965 ι
2310 912 2435 967 Haec
2453 917 2793 981 processerat
2819 910 2873 964 in
2897 910 3087 966 diebus
3105 909 3314 977 multis,
3335 918 3392 967 et
3410 911 3623 969 vixerat
3648 928 3783 970 cum

2186 1117 2206 1151 ‹
2242 1098 2405 1153 vidua
2432 1104 2571 1163 erat,
2586 1111 2756 1167 usque
2777 1096 2843 1150 ad
2870 1109 3041 1151 annos
3060 1095 3333 1165 octoginta
3361 1104 3615 1165 quatuor.
3641 1115 3660 1147 ι
3691 1096 3787 1152 Ad

2181 1206 2390 1246 morum
2420 1190 2631 1246 scilicet
2664 1189 3007 1244 sanctitatem
3035 1188 3301 1258 pertinet,
3327 1187 3470 1257 quod
3497 1186 3786 1243 subinfer-

2184 1292 2316 1339 tur:
2352 1303 2370 1334 ι
2399 1282 2531 1349 Qum
2574 1297 2681 1336 non
2723 1279 3036 1337 discedebat
3074 1279 3142 1334 de
3185 1278 3423 1349 templo,
3455 1279 3679 1349 jejuniis
3721 1287 3788 1335 et

2188 1393 2207 1426 ‹
2240 1373 2576 1428 orationibus
2610 1360 2856 1427 serviens
2895 1370 3125 1426 Domino
3170 1378 3330 1425 nocte
3376 1384 3442 1425 ac
3488 1370 3597 1425 die.
3642 1389 3662 1423 ι
3715 1370 3784 1425 ln

2182 1468 2379 1537 quibus
2402 1466 2586 1521 verbis
2626 1473 2810 1521 nostra
2840 1463 3094 1534 tepiditas
3120 1462 3556 1533 reprehenditur,
3585 1472 3782 1519 nostra

2181 1561 2411 1633 segnitia
2438 1560 2802 1632 redarguitur,
2836 1559 2927 1628 qui
2956 1559 3024 1613 ad
3060 1558 3362 1614 orationem
3394 1558 3545 1614 tarde
3570 1573 3780 1615 conve-

2181 1653 2382 1717 nimus,
2413 1652 2574 1707 citius
2598 1666 2760 1722 quam
2793 1665 3019 1707 necesse
3068 1657 3149 1706 est
3188 1650 3522 1716 recedimus,
3570 1659 3629 1707 et
3677 1667 3782 1707 noc-

2184 1752 2311 1798 strse
2338 1744 2462 1798 vitae
2488 1751 2700 1813 tempus
2728 1743 2782 1797 in
2806 1740 3068 1797 conviviis
3093 1749 3150 1796 et
3172 1739 3455 1811 superﬂuis
3482 1739 3780 1797 locutioni-

492 1836 743 1890 turbatus
779 1843 883 1899 est,
921 1843 976 1888 et
1001 1834 1178 1889 o‘nmis
1200 1832 1568 1903 Hierosolyma
1592 1847 1711 1887 cum
1746 1832 1855 1887 illo.
1884 1831 2076 1888 Postea
2107 1827 2153 1887 B
2181 1836 2281 1891 bus
2307 1850 2654 1906 occupamus.
2694 1833 2766 1889 At
2793 1848 2923 1889 vero
2961 1847 3083 1888 cum
3114 1839 3261 1888 esset
3295 1832 3453 1887 Anna
3497 1848 3632 1889 sexu
3668 1833 3780 1889 {ra-

493 1942 626 1981 vero
666 1927 760 1981 illo
788 1926 1118 1996 praedicante
1146 1925 1199 1980 in
1241 1924 1481 1995 perfecta
1516 1933 1698 1989 aetate,
1729 1934 1783 1979 et
1811 1925 2076 1980 miracula

495 2016 748 2081 faciente,
798 2016 1090 2071 multorum
1143 2017 1386 2071 cordium
1432 2016 1784 2086 cogitationes
1826 2017 2077 2072 revelata:

492 2119 637 2169 sunt,
667 2110 793 2179 quia
820 2108 907 2162 alii
932 2109 999 2163 ad
1031 2108 1182 2162 illum
1207 2108 1362 2177 quasi
1390 2109 1456 2161 ad
1483 2108 1798 2178 magistrum
1827 2108 2077 2163 veritatis

493 2200 851 2265 conﬂuebant,
884 2200 974 2253 alii
1005 2201 1159 2269 quasi
1203 2216 1234 2253 a
1264 2199 1549 2255 seductore
1592 2200 1936 2255 recedebant.
1970 2198 2075 2253 Alii

496 2313 515 2344 ι
550 2294 800 2348 dicebant
850 2294 976 2363 quia
1008 2292 1181 2348 bonus
1225 2300 1330 2358 est,
1382 2292 1472 2346 alii
1519 2290 1826 2359 vero,Non;
1854 2293 1950 2348 sed
1987 2308 2075 2347 se-

491 2388 638 2442 ducit
667 2388 854 2442 turbas
882 2387 1065 2459 (Joan.
1092 2386 1208 2457 vn).
1248 2406 1267 2439 ι
1291 2386 1394 2439 Alii
1415 2385 1702 2440 dicebant:
1733 2384 1789 2439 SI
1812 2401 1918 2440 non
1934 2394 2079 2440 esset

488 2479 631 2533 hica
672 2478 806 2545 Deo,
847 2494 955 2533 non
977 2485 1187 2549 poterat
1236 2478 1414 2533 facere
1436 2477 1750 2547 quidquam.
1792 2476 1898 2531 Alii
1934 2478 2077 2533 dice-

489 2572 655 2626 bant:
686 2589 709 2623 ι
748 2572 847 2627 Hic
875 2574 1039 2626 homo
1063 2587 1169 2626 non
1198 2578 1283 2625 est
1306 2586 1337 2624 a
1369 2571 1500 2634 Deo,
1524 2570 1617 2638 qui
1658 2568 1941 2624 sabbatum
1968 2585 2077 2623 non

493 2663 732 2718 custodit
765 2663 947 2735 (Joan.
985 2661 1082 2731 ιχ).
1117 2681 1136 2713 ι
1185 2660 1293 2715 Sed
1338 2660 1429 2714 illo
1473 2662 1526 2714 in
1573 2676 1735 2715 cruce
1786 2661 2073 2730 pendente,

492 2755 788 2810 multorum
820 2755 1064 2809 cordium
1110 2752 1467 2819 cogitationes
1500 2751 1746 2806 revelata:
1774 2759 1919 2817 sunt,
1951 2752 2076 2821 quia

495 2846 584 2900 alii
614 2846 886 2910 dicebant,
944 2859 1066 2899 cum
1115 2844 1235 2898 sine
1274 2843 1432 2913 culpa
1480 2858 1603 2897 eum
1635 2843 1793 2897 morti
1828 2843 1969 2897 tradi
1998 2844 2079 2898 vi-

494 2935 725 2989 dercnl:
762 2953 781 2986 ι
818 2935 959 2989 Vere
985 2933 1078 2987 Dei
1108 2932 1400 2987 Filiuserat
1427 2932 1528 2987 istc
1582 2930 1774 3003 (Matth
1829 2932 2023 3003 xxv").
2052 2952 2072 2985 ι

501 3045 519 3074 ι
555 3026 657 3079 Alii
691 3025 978 3080 irridentes
1004 3024 1292 3078 dicebant:
1320 3023 1432 3077 Vah
1456 3023 1545 3091 qui
1571 3023 2077 3092 destruittemplum

500 3116 619 3179 Dei,
651 3124 706 3169 et
745 3115 798 3169 in
825 3115 1006 3170 triduo
1037 3114 1330 3170 reaediﬁcat
1355 3113 1507 3169 illud.
1551 3114 1608 3169 Si
1655 3114 1824 3169 Filius
1851 3114 1945 3168 Dei
1969 3123 2074 3179 est,

492 3210 789 3265 descendat
821 3210 888 3265 de
910 3223 1092 3275 cruce,
1120 3217 1177 3264 et
1201 3209 1473 3264 credimus
1499 3210 1570 3264 ei.
1595 3209 1830 3266 Conﬁdit
1860 3211 1914 3264 in
1943 3210 2075 3276 Deo,
2105 3182 2151 3245 Ο

492 3302 687 3357 liberet
735 3317 880 3357 nunc
928 3317 1076 3367 eum,
1120 3301 1165 3355 si
1190 3300 1302 3356 vult
1332 3301 1559 3375 (Ibid.).
1600 3322 1619 3354 ι
1661 3332 1732 3343 -
1770 3321 1790 3354 ι
1824 3301 1927 3356 Alii
1954 3316 2079 3372 per-

493 3393 760 3448 cutientes
795 3401 1015 3463 pectora
1039 3408 1156 3458 sua,
1194 3393 1608 3449 revertebantur
1634 3393 1785 3465 (Luc.
1833 3394 2013 3465 xxiii).
2054 3413 2073 3446 ι

488 3483 592 3538 Alii
631 3485 794 3538 etiam
821 3498 887 3539 eo
909 3486 1121 3554 sepulto
1156 3484 1398 3540 insidiari
1434 3486 1715 3553 volebant,
1747 3487 1990 3542 dicentes
2011 3487 2080 3541 ad

487 3578 816 3648 praesidem:
848 3598 867 3629 ι
922 3577 1168 3643 Domine,
1220 3577 1491 3632 recordati
1517 3593 1723 3643 sumus,
1768 3578 1894 3645 quia
1922 3577 2081 3631 sedu-

490 3676 611 3723 ctor
633 3668 722 3722 ille
751 3668 886 3722 dixit
914 3668 1092 3722 adhuc
1112 3667 1319 3733 vivens,
1346 3667 1477 3722 Post
1498 3676 1609 3721 tres
1631 3667 1746 3721 dies
1776 3680 2076 3736 resurgam.

493 3755 630 3811 Jube
666 3771 797 3827 ergo
825 3756 1082 3811 custodiri
1118 3755 1427 3824 sepulcrum
1471 3770 1642 3825 usque
1692 3757 1747 3810 in
1802 3755 1943 3811 diem
1971 3764 2080 3811 ter-

496 3848 630 3915 tium
687 3845 903 3917 (Matth.
932 3846 1126 3917 xxvii).
1158 3865 1177 3897 ι
1214 3846 1281 3902 Et
1306 3847 1410 3901 hoc
1455 3857 1540 3901 est
1592 3848 1736 3917 quod
1766 3862 1797 3901 a
1825 3846 2080 3904 Simeone

489 3941 710 4004 dicitur,
743 3957 761 3989 ι
800 3947 856 3993 et
882 3934 1030 3993 tuam
1086 3938 1254 4008 ipsius
1294 3940 1531 3993 animam
1566 3939 1919 4009 pertransibit
1964 3941 2080 4012 gla-

493 4037 640 4102 dius,
665 4044 724 4091 ut
746 4036 1054 4091 revelentur
1074 4049 1143 4089 ex
1167 4034 1350 4090 multis
1370 4034 1623 4091 cordibus
1650 4035 2026 4106 cogitationes,
2051 4055 2071 4089 ι

494 4130 548 4186 id
570 4139 672 4196 est,
701 4145 768 4185 ex
790 4129 1133 4184 irridentium
1162 4127 1546 4195 etdolentium,
1576 4128 1785 4184 scilicet
1810 4129 2077 4186 malorum

487 4235 545 4281 et
563 4228 851 4281 bonorum.

566 4338 586 4371 ‹
621 4318 690 4373 Ει
717 4327 837 4374 erat
860 4317 1013 4373 Anna
1043 4318 1407 4390 prophetissa,
1441 4336 1461 4372 ι
1490 4326 1596 4375 etc.
1640 4318 1770 4376 Post
1801 4318 2075 4379 Simeonis

485 4410 826 4480 prophetiam
856 4409 1010 4464 Anna
1050 4409 1211 4464 vidua
1252 4409 1628 4476 introducitur,
1661 4411 1785 4481 quia
1813 4414 1947 4467 ordo
1989 4430 2095 4469 raw

490 4504 655 4558 tinnis
680 4501 942 4572 poscebat
982 4508 1039 4557 ut
1082 4501 1318 4571 primum
1341 4517 1370 4555 a
1397 4502 1547 4567 viris,
1579 4502 1774 4559 deinde
1801 4518 1831 4558 a
1855 4503 2072 4561 feminis

488 4595 701 4648 Domini
725 4594 982 4649 nativitas
1013 4593 1381 4648 testimonium
1426 4594 1713 4665 acciperet.
1761 4594 1897 4662 Quia
1923 4598 2070 4653 enim

487 4702 705 4741 onmem
752 4702 941 4742 sexum
985 4693 1042 4742 et
1099 4700 1317 4740 omnem
1363 4694 1578 4741 :etatem
1631 4687 1887 4742 Dominus
1930 4688 2073 4744 redi-

489 4792 642 4831 mere
670 4784 909 4842 venerat,
954 4777 1174 4848 dignum
1202 4788 1342 4843 erat,
1372 4786 1433 4831 ut
1469 4778 1646 4833 omnis
1672 4787 1805 4834 aetas
1854 4779 1908 4834 in
1954 4778 2070 4847 ejus

488 4868 772 4922 nativitate
802 4866 1169 4923 testimonium
1197 4868 1528 4939 perhiberet.
1568 4867 1635 4922 Et
1665 4868 1791 4938 quia
1836 4870 2068 4940 prophe-

490 4967 701 5014 laverat
724 4959 973 5030 copulata
997 4957 1271 5031 conjugio,
1301 4959 1718 5030 prophetaverat
1741 4960 1917 5031 virgo,
1943 4975 2069 5030 pro-

486 5050 807 5120 phetaverat
841 5066 1024 5117 senex,
1073 5051 1235 5106 etiam
1284 5050 1646 5107 introducitur
1684 5050 1839 5105 Anna
1879 5051 2065 5118 vidua,

487 5149 549 5195 ut
570 5141 747 5196 nullus
775 5157 956 5207 sexus,
988 5142 1133 5197 nulla
1160 5151 1291 5198 tetas
1318 5143 1373 5198 in
1409 5142 1525 5214 ejus
1566 5141 1723 5196 laude
1752 5142 1984 5207 deesset,
2012 5149 2070 5197 et

488 5232 802 5301 impleretur
829 5234 917 5289 illa
944 5236 1248 5306 prophetia,
1291 5250 1412 5306 quae
1440 5234 1569 5290 dicit
1595 5232 1765 5303 (Psal.
1797 5233 2017 5305 chvm)
2049 5252 2063 5289 :

494 5342 513 5375 ι
545 5323 787 5380 Laudate
834 5325 1115 5381 Dominum
1164 5327 1231 5383 de
1256 5326 1429 5390 caelis,
1475 5325 1687 5378 laudate
1716 5339 1839 5378 eum
1871 5325 1925 5378 in
1974 5340 2065 5380 ex-

488 5416 671 5484 celsis,
704 5436 725 5472 ι
774 5426 880 5473 etc.
927 5418 1107 5490 Usque
1151 5419 1219 5473 ad
1254 5420 1307 5473 id
1358 5418 1499 5487 quod
1535 5418 1650 5470 ait:
1683 5436 1699 5467 ι
1732 5414 1966 5473 Juvenes
2015 5425 2071 5473 et

487 5506 745 5578 virgines,
787 5523 947 5565 senes
997 5525 1119 5565 cum
1161 5507 1469 5579 junioribus
1498 5505 1716 5560 laudent
1742 5521 1939 5561 nomen
1966 5507 2071 5563 Do-

485 5603 637 5657 mini.
670 5623 687 5655 ι
721 5604 823 5661 Ubi
853 5606 1017 5660 etiam
1074 5604 1390 5666 notandum,
1444 5602 1569 5670 quia
1600 5602 1928 5674 evangelista
1955 5606 2068 5661 An-

484 5712 570 5751 na:
608 5695 862 5764 ollicium,
911 5696 1301 5768 genealogiam,
1357 5702 1568 5748 :etatem
1618 5706 1674 5750 et
1719 5712 1918 5763 mores,
1959 5698 2083 5755 uno

484 5788 751 5857 Versiculo
777 5786 1203 5859 comprehendit,
1250 5795 1306 5841 ut
1348 5784 1487 5840 banc
1527 5801 1594 5841 ex
1621 5787 1767 5843 omni
1806 5797 1961 5860 parte
1985 5790 2066 5853 di-

2177 1926 2355 1997 gilior,
2383 1926 2478 1981 sed
2509 1932 2693 1981 mente
2716 1924 2979 1988 devotior,
3010 1942 3030 1976 ι
3064 1939 3174 1980 non
3205 1924 3517 1981 discedebat
3540 1927 3608 1982 de
3637 1933 3780 1983 tem-

2176 2017 2286 2087 plo,
2312 2015 2536 2087 jejuniis
2579 2024 2635 2071 et
2677 2015 3015 2071 orationibus
3043 2015 3288 2071 serviens
3327 2024 3487 2072 nocte
3510 2032 3578 2073 ac
3606 2018 3718 2085 die,
3748 2037 3771 2071 ι

2178 2117 2304 2161 ante
2336 2106 2653 2178 Apostolum
2695 2105 2925 2176 impleas
2967 2105 3097 2162 illud
3143 2107 3495 2173 apostolicum
3536 2130 3550 2164 :
3592 2129 3611 2161 ι
3645 2110 3777 2169 Siue

2178 2198 2578 2254 intermissione
2642 2207 2838 2264 orate,
2913 2199 2966 2254 in
3039 2200 3293 2256 omnibus
3361 2202 3563 2272 gratias
3626 2206 3773 2276 agite

2179 2288 2414 2362 (I‘Tlies.
2445 2290 2522 2361 v).
2556 2310 2575 2344 ι
2616 2290 2718 2346 Ubi
2744 2291 3194 2348 considerandum
3232 2301 3339 2360 est,
3372 2294 3518 2363 quia,
3559 2296 3659 2351 etsi
3698 2299 3768 2353 ad

2179 2392 2389 2455 tempus
2417 2384 2705 2439 recedebat
2740 2394 2960 2455 propter
2992 2384 3331 2455 corporalem
3360 2388 3767 2457 necessitatem,

2180 2482 2358 2528 tamen
2385 2473 2671 2529 devotione
2699 2474 2897 2529 mentis
2924 2487 3138 2544 semper
3166 2475 3221 2529 in
3246 2476 3493 2532 oratione
3520 2493 3771 2548 perseve-

2177 2564 2356 2630 rabat,
2384 2566 2678 2619 secundum
2707 2564 2946 2634 Apostoli
2964 2575 3289 2637 praeceptum
3310 2584 3324 2621 :
3346 2585 3366 2620 ι
3389 2568 3515 2624 Sive
3543 2572 3766 2626 mandu-

2178 2670 2331 2721 cans,
2364 2655 2479 2710 sive
2506 2656 2719 2718 bibens,
2751 2656 2865 2711 sive
2911 2657 3053 2711 aliud
3100 2658 3229 2728 quid
3274 2673 3472 2730 agens,
3497 2663 3681 2717 omnia
3717 2664 3773 2719 in

2133 2781 2156 2803 ο
2178 2748 2398 2801 nomine
2430 2746 2640 2801 Domini
2663 2750 2832 2803 nostri
2860 2748 2985 2805 Jesu
3010 2749 3210 2806 Christi
3247 2750 3300 2822 (Ι
3326 2751 3448 2809 Cor.
3473 2754 3550 2820 χ).
3574 2774 3595 2808 ι
3617 2755 3772 2811 Sicut

2179 2853 2307 2910 ergo
2333 2838 2536 2893 habent
2564 2838 2863 2910 conjngatas
2891 2841 2946 2895 in
2981 2840 3264 2896 Elizaheth
3295 2845 3437 2912 quod
3464 2845 3768 2911 imitentur,

2180 2939 2235 2985 ct
2256 2932 2494 3003 virgines
2522 2933 2575 2987 in
2612 2933 2777 2989 Maria
2814 2935 2960 3004 quod
2986 2941 3303 3005 sequantur,
3332 2945 3387 2992 et
3413 2952 3569 2993 senes
3600 2938 3656 2993 in
3684 2938 3771 2993 Si-

2180 3039 2371 3078 meone
2389 3028 2531 3093 quod
2556 3026 2972 3095 amplectantur,
2997 3028 3075 3084 sic
3096 3029 3297 3084 habent
3315 3038 3370 3084 et
3392 3031 3563 3086 viduae
3583 3047 3773 3087 exem-

2181 3114 2327 3185 plum
2356 3116 2635 3172 viduitatis
2664 3118 2718 3171 in
2743 3117 2897 3173 Anna
2924 3119 3066 3189 quod
3105 3120 3415 3187 imitentur,
3444 3130 3503 3176 ut
3528 3122 3768 3190 discant,

2184 3221 2290 3260 non
2318 3207 2549 3262 circuire
2570 3209 2781 3274 domos,
2804 3224 2903 3265 nec
2932 3210 3187 3267 deliciose
3206 3212 3408 3278 vivere,
3435 3228 3539 3269 non
3563 3212 3767 3270 fabulis

2180 3298 2370 3354 otiosis
2387 3315 2654 3371 occupare
2679 3301 2936 3371 linguam,
2974 3303 3066 3357 sed
3106 3304 3161 3358 in
3195 3304 3400 3375 jejunio
3424 3314 3481 3360 et
3517 3306 3771 3362 oratione

2180 3404 2395 3460 semper
2426 3392 2667 3446 serviant
2701 3392 2930 3447 Domino
2970 3403 3129 3449 nocte
3156 3408 3223 3449 ac
3251 3395 3369 3460 die,
3399 3395 3538 3449 utin
3576 3410 3770 3451 eorum

2179 3497 2405 3537 numero
2416 3490 2817 3552 computentur,
2840 3485 2907 3540 de
2932 3485 3127 3554 quibus
3152 3485 3228 3540 ait
3247 3485 3604 3556 Apostolusu
3636 3486 3771 3554 Quae

2180 3573 2322 3626 enim
2350 3587 2477 3627 vere
2506 3574 2668 3629 vidua
2697 3584 2781 3629 est
2802 3583 2859 3629 et
2887 3575 3149 3641 desolata,
3191 3586 3374 3647 sperat
3413 3578 3471 3633 in
3515 3579 3766 3635 Domino.

2177 3659 2249 3714 At
2285 3672 2499 3728 contra,
2533 3663 2691 3718 vidua
2716 3679 2836 3734 qua:
2873 3664 2930 3721 in
2965 3664 3173 3721 deliciis
3199 3677 3305 3733 est,
3336 3668 3525 3723 vivens
3553 3677 3769 3725 mortua

2178 3763 2264 3810 est
2285 3753 2337 3824 (Ι
2363 3753 2501 3809 Tim.
2524 3755 2602 3826 v).
2629 3776 2650 3809 ι
2673 3757 2899 3813 Discant
2921 3772 3052 3830 ergo
3078 3759 3251 3814 vidua:
3279 3761 3517 3815 secunda
3540 3768 3596 3815 et
3611 3762 3769 3816 tertia

2179 3845 2452 3902 declinare
2481 3846 2748 3919 conjugia.
2779 3848 3002 3904 Discant
3033 3848 3198 3905 etiam
3223 3857 3347 3921 post
3375 3850 3614 3905 virorum
3642 3866 3769 3905 suo-

2179 3954 2301 3994 rum
2330 3948 2559 3997 mortem
2579 3980 2595 4006 ,
2623 3941 2808 3997 carnis
2833 3942 3010 3998 vitare
3035 3941 3311 3997 lasciviam
3343 3960 3357 3996 :
3389 3942 3517 4013 quia
3543 3943 3695 3997 Anna
3734 3960 3768 3997 a

2178 4031 2489 4102 virginitate
2536 4041 2824 4102 postquam
2880 4033 3064 4088 amisit
3110 4033 3514 4105 virginitatem,
3559 4043 3768 4105 septem

2178 4124 2335 4178 annis
2360 4139 2484 4178 cum
2505 4124 2627 4178 viro
2650 4125 2858 4191 vivens,
2887 4124 3163 4195 octoginta
3193 4134 3426 4196 quatuor
3454 4125 3612 4181 vidua
3641 4141 3771 4195 per-

2177 4216 2399 4272 mansit.
2432 4216 2639 4273 Pudeat
2666 4219 2831 4289 igitur
2855 4220 2909 4275 in
2940 4227 3218 4276 senectute
3245 4220 3434 4276 viduas
3457 4221 3767 4277 castitatem

2176 4308 2401 4375 violare,
2426 4325 2588 4379 quam
2616 4310 2771 4365 Anna
2795 4311 2850 4366 in
2874 4312 3155 4382 juventute
3199 4313 3513 4369 custodivit.
3539 4314 3768 4385 Insuper

2178 4413 2310 4455 sane
2343 4399 2556 4456 devotio
2584 4399 2727 4457 illius
2752 4399 3076 4471 ostenditur,
3100 4404 3251 4474 quia,
3275 4420 3397 4459 cum
3413 4404 3634 4461 haberet
3660 4421 3765 4477 po-

2178 4497 2430 4547 testatem
2456 4492 2511 4547 in
2534 4493 2782 4548 secundis
2808 4495 3008 4564 nuptiis
3031 4511 3092 4552 se
3114 4496 3459 4552 matrimonio
3483 4497 3762 4567 copulare,

2175 4582 2347 4638 noluit
2375 4584 2479 4639 hac
2504 4592 2771 4653 potestate
2794 4585 2888 4650 uti,
2918 4588 3013 4641 sed
3028 4587 3190 4642 etiam
3204 4586 3393 4642 maluit
3412 4588 3465 4642 in
3494 4597 3766 4659 potestate

2174 4673 2287 4730 Deo
2306 4675 2534 4741 servire,
2553 4690 2715 4745 quam
2732 4676 2837 4732 viri
2861 4678 3197 4749 amplexibus
3215 4678 3442 4750 perfrui,
3460 4681 3765 4751 adimplens

2173 4767 2304 4823 illud
2350 4767 2496 4837 quod
2543 4768 2620 4822 ait
2661 4768 2951 4839 Apostolus
2998 4788 3012 4825 :
3062 4789 3080 4823 (
3119 4769 3290 4826 Nemo
3333 4772 3574 4830 militans
3627 4774 3761 4840 Deo,

2173 4858 2413 4927 implicat
2450 4873 2510 4913 se
2558 4861 2789 4930 negotiis
2824 4862 3176 4920 saecularibus
3219 4862 3307 4935 (ΙΙ
3347 4863 3482 4920 Tim.
3520 4866 3607 4937 ιι).
3635 4884 3656 4920 ι
3691 4865 3765 4921 Et

2173 4952 2370 5009 iterum
2399 4972 2414 5010 :
2451 4973 2470 5006 ι
2497 4953 2689 5011 Mulier
2717 4957 2941 5028 innupta
2976 4959 3180 5031 cogitat
3206 4973 3327 5030 qua:
3367 4966 3495 5014 sunt
3534 4957 3659 5024 Dei,
3700 4968 3763 5013 ut

2174 5045 2382 5115 placeat
2410 5048 2522 5104 Deo
2550 5067 2563 5103 :
2597 5064 2716 5119 qua:
2740 5062 2921 5106 autem
2944 5059 3109 5122 nupta
3135 5060 3235 5117 est,
3263 5052 3466 5124 cogitat
3490 5065 3610 5123 qua
3633 5060 3762 5108 sunt

2174 5142 2384 5207 mundi,
2412 5153 2473 5197 ut
2498 5143 2709 5214 placeat
2731 5144 2850 5199 viro
2879 5142 2934 5215 (Ι
2961 5144 3083 5199 Cor.
3113 5146 3239 5220 vn).
3265 5165 3285 5198 ι
3325 5145 3432 5203 Sed
3458 5148 3575 5203 haec
3605 5155 3755 5203 tanta

2174 5231 2431 5289 instantia
2478 5236 2706 5291 Domino
2744 5234 3142 5304 famulabatur,
3192 5245 3254 5293 ut
3286 5238 3481 5294 merito
3525 5238 3592 5294 de
3639 5238 3754 5308 ipsa

2175 5327 2515 5400 Evangelista
2545 5330 2746 5384 diceret
2775 5344 2790 5383 :
2824 5348 2843 5381 ι
2882 5328 3013 5397 Quae
3043 5346 3150 5387 non
3184 5331 3490 5387 discedebat
3520 5332 3588 5388 de
3615 5339 3754 5387 tem-
3782 5378 3789 5381 ς

2175 5419 2285 5491 pio,
2319 5420 2540 5491 jeiuniis
2568 5428 2624 5475 et
2647 5420 2982 5477 orationibus
3015 5422 3259 5478 serviens
3287 5431 3445 5479 nocte
3485 5438 3550 5479 ac
3580 5422 3687 5478 die.
3726 5441 3748 5475 ι

2175 5512 2327 5579 Quod
2351 5513 2495 5569 enim
2520 5511 2626 5568 tale
2651 5511 2935 5582 jejunium,
2962 5513 3084 5570 talis
3108 5513 3346 5582 atllictio,
3374 5515 3494 5569 talis
3516 5514 3749 5580 devotio,

2176 5603 2301 5659 talis
2347 5605 2522 5660 Oratio
2567 5606 2869 5662 mercedem
2919 5593 3323 5676 consequatur,
3371 5603 3755 5662 manifestatur

2172 5712 2294 5752 cum
2324 5697 2568 5753 subditur
2598 5714 2614 5756 :

2248 5806 2268 5843 ι
2322 5789 2392 5845 Et
2430 5792 2544 5847 haec
2592 5794 2707 5864 ipsa
2754 5793 2888 5848 hora
2929 5790 3348 5862 superveniens,
3388 5790 3754 5870 conﬁtebatur
