4038 6352
198 398 268 458 89
1425 376 1732 438 nonius;
1775 373 1866 430 DE
1909 372 2254 432 TEMPORE.
2856 408 2859 409 κ
3405 374 3495 462 θο,

203 533 222 566 ι
261 512 514 568 Domino.
548 528 568 563 ι
598 504 969 565 Conﬁtebatur
1004 499 1151 557 enim
1185 494 1413 555 Domino
1436 536 1451 561 ,
1496 494 1622 564 quia
1669 491 1788 546 lan-
1817 491 1866 551 Α
1893 487 2168 544 volutione
2189 487 2545 545 hebdomadis
2570 498 2794 547 octavus
2820 489 3037 558 dicitur,
3065 487 3318 561 quoniam
3344 505 3478 545 uita-~

196 604 361 659 dabat
404 600 714 657 Dominum.
763 593 1043 686 Confessio
1090 604 1324 660 namque
1379 588 1435 642 in
1484 582 1780 686 Scriptpris

196 695 492 768 aliquando
527 693 594 748 ad
622 675 905 764 peccatum
946 684 1210 758 pertinet,
1239 678 1529 750 aliquando
1559 676 1625 768 ad
1667 675 1783 768 lau-

195 764 345 842 dem.
391 783 506 839 Nisi
548 782 692 836 enim
739 780 813 841 ad
839 785 1122 850 peccatum
1164 772 1461 844 pertineret
1491 764 1778 828 confessio,

1887 594 2113 651 quaeque
2161 580 2496 636 bebdomada
2544 583 2612 637 ab
2658 599 2722 640 eo
2767 584 2822 638 in
2872 598 2979 654 quo
3024 582 3181 638 bonis
3221 579 3477 651 operibus

1883 672 2170 739 insistere,
2199 680 2253 727 et
2278 671 2516 727 futuram
2544 674 3004 730 resurrectionem
3041 685 3257 744 sperare
3283 670 3478 725 didici-

1882 778 2030 828 mus,
2056 764 2212 834 quasi
2242 763 2504 819 duodenis
2532 764 2733 823 senties
2768 764 3139 837 multiplicatis
3158 804 3174 831 ,
3200 761 3477 834 octoginta

193 876 489 933 Psalmista
515 888 621 928 non
663 873 865 928 diceret
891 883 906 923 :
943 886 963 920 ί
993 866 1148 933 Dixi,
1174 861 1471 920 conﬁtebor
1495 858 1783 914 adversum
1844 863 2115 929 ,quatuor
2139 854 2445 926 implemus.

194 984 286 1025 me
321 966 615 1037 injustitias
640 977 792 1019 meas
818 960 1068 1025 Domino,
1089 967 1145 1014 et
1171 968 1228 1012 tu
1259 953 1515 1011 remisisti
1538 950 1786 1021 impieta-

193 1069 309 1115 tem
343 1057 554 1129 peccati
594 1056 701 1111 mei
746 1052 919 1128 (Psal.
947 1051 1122 1123 xxxi).
1152 1070 1171 1104 ι
1217 1049 1286 1106 Et
1311 1048 1418 1103 nisi
1453 1046 1522 1102 ad
1568 1044 1783 1099 laudem

190 1153 513 1224 pertineret,
532 1149 661 1205 alibi
686 1164 792 1207 non
823 1147 1027 1202 diceret
1060 1163 1073 1199 :
1102 1142 1414 1200 Confitebor
1440 1139 1671 1197 Domino
1697 1136 1781 1192 ni-

191 1246 302 1302 mis
326 1246 382 1300 in
408 1259 503 1300 ore
527 1258 672 1310 meo,
697 1250 753 1298 et
779 1241 835 1296 in
863 1239 1040 1296 medio
1063 1238 1355 1293 multorum
1380 1233 1609 1303 laudabo
1634 1245 1779 1285 eum.

193 1335 356 1392 Unde
401 1335 517 1405 ipse
546 1333 855 1405 unigenitus
881 1331 977 1387 Dei
1004 1330 1192 1397 Filius,
1224 1328 1315 1399 qui
1344 1334 1626 1397 peccatum
1673 1337 1780 1377 non

190 1427 360 1494 fecit,
393 1427 447 1482 in
476 1425 765 1497 Evangelio
793 1425 869 1479 ait
895 1441 909 1477 :
949 1442 968 1475 ι
995 1421 1306 1478 Conﬁtebor
1326 1418 1446 1483 tibi,
1476 1416 1660 1481 Pater,
1674 1415 1780 1470 Do-

188 1519 345 1574 mine
391 1517 517 1574 caeli
554 1525 611 1573 et
641 1525 827 1581 terrae,
859 1513 954 1585 qui
982 1510 1313 1569 abscondisti
1350 1510 1465 1564 haec
1495 1523 1524 1562 a
1569 1505 1781 1577 sapien-

188 1611 342 1666 tibus
404 1620 463 1665 et
526 1609 920 1680 prudentibus,
976 1612 1038 1684 et
1104 1604 1353 1661 revelasti
1413 1618 1478 1684 ea
1543 1600 1783 1672 parvulis

187 1701 413 1774 (Matth.
441 1701 543 1773 xi).
564 1721 585 1753 ι
620 1700 726 1757 Sed
751 1700 876 1771 quia
901 1683 1079 1754 omnis
1106 1696 1196 1767 qui
1221 1695 1390 1750 Deum
1417 1683 1622 1759 laudat,
1644 1691 1780 1747 alios

182 1793 358 1848 etiam
388 1792 456 1847 ad
486 1791 811 1848 laudandum
842 1804 965 1845 eum
995 1796 1290 1859 provbcare
1323 1785 1502 1850 debet,
1534 1793 1683 1839 recte
1710 1782 1777 1837 de

1961 965 1980 998 ι
2012 948 2079 1002 Et
2116 955 2174 1002 ut
2217 946 2561 1019 perfecerunt
2601 947 2783 1003 omnia
2828 950 3122 1004 secundum
3161 947 3334 1020 legem
3372 945 3477 1002 Do-

1888 1056 1909 1092 l
1941 1039 2097 1106 mini,
2130 1040 2334 1096 reversi
2362 1034 2490 1095 sunt
2518 1040 2573 1095 in
2595 1039 2896 1105 Galilaeam,
2926 1039 2981 1094 in
3010 1040 3282 1095 civitatem
3321 1052 3475 1094 suam

1890 1148 1908 1182 ι
1942 1130 2236 1187 Nazareth.
2275 1151 2294 1184 ι
2347 1130 2448 1186 Hic
2497 1131 2846 1201 praetermisit
2892 1129 3069 1188 Lucas
3110 1129 3474 1202 Evangelista,

1883 1221 2026 1291 quod
2090 1237 2123 1275 a
2203 1221 2455 1277 Mattliaeo
2526 1220 2853 1277 suilicienter
2916 1220 3180 1291 scriptum
3249 1227 3479 1275 noverat

1884 1312 2098 1385 (Matth.
2124 1312 2209 1387 tt),
2247 1314 2455 1369 scilicet
2496 1314 2767 1383 quomodo
2794 1321 3018 1391 propter
3041 1308 3491 1383 persecutionem

1882 1404 2133 1473 Herodis,
2177 1406 2366 1478 angelo
2406 1414 2679 1471 monente,
2724 1405 2778 1460 in
2807 1405 3099 1476 .lEgyptum
3130 1403 3201 1459 sit
3227 1403 3476 1473 deporta-

1882 1505 2003 1565 tus,
2047 1506 2101 1553 et
2130 1505 2253 1568 post
2290 1496 2408 1567 ejus
2448 1506 2678 1553 mortem
2700 1539 2714 1564 ,
2754 1497 2953 1551 iterum
2983 1495 3172 1566 angelo
3201 1496 3487 1560 monente,
3523 1511 3529 1515 ί

1882 1590 1936 1645 in
1963 1588 2239 1645 Galilaeam
2280 1591 2336 1645 in
2369 1591 2642 1645 civitatem
2684 1605 2839 1646 suam
2882 1588 3154 1645 Nazaretb
3199 1601 3471 1642 reversus.

1889 1683 2025 1739 Usus
2070 1691 2155 1738 est
2196 1682 2341 1737 enim
2387 1683 2840 1755 evangelistarum
2888 1690 2951 1737 ut
2994 1697 3135 1737 unus
3178 1678 3473 1751 aliquando

1858 1775 2265 1845 'praetermittat
2292 1775 2434 1843 quod
2466 1775 2534 1829 ab
2568 1774 2674 1830 alio
2699 1775 2903 1829 dictum
2926 1772 3195 1828 meminit.

180 1885 349 1940 Anna
378 1885 618 1941 dicitur;
653 1902 672 1936 ε
706 1883 775 1939 Ει
801 1856 1121 1954 loquemur
1156 1880 1225 1936 de
1250 1878 1343 1935 ίιιο
1369 1878 1650 1942 omnibus,
1684 1876 1777 1946 qui
1804 1856 1854 1918 Β
1956 1887 1975 1919 ‹
2012 1867 2151 1922 Puer
2193 1876 2374 1923 autem
2415 1867 2574 1924 Jesus
2615 1868 2917 1933 crescebat,
2961 1875 3017 1921 et
3064 1864 3485 1955 confortabatur'

190 1995 212 2029 ι
251 1980 643 2049 exspectabant
680 1976 1103 2048 redemptionem
1148 1970 1468 2029 Jerusalem.
1500 1987 1520 2022 ι
1562 1966 1795 2043 ΔΝοισειιις,

180 2073 323 2128 dare
350 2079 598 2127 sanctum
624 2069 868 2135 canibus,
898 2083 999 2122 nec
1028 2066 1243 2121 mittere
1282 2062 1604 2134 margaritas
1650 2073 1777 2116 suas

178 2172 318 2218 ante
346 2178 541 2233 porcos
572 2161 785 2233 (Matth.
813 2158 937 2232 vn).
975 2156 1337 2229 Spiritualiter
1360 2170 1490 2210 vero
1513 2154 1670 2208 Anna
1696 2151 1776 2207 vi-

175 2256 321 2319 dua,
352 2266 597 2314 sanctam
625 2253 895 2327 signiﬁcat
918 2252 1235 2318 Ecclesiam,
1260 2265 1379 2321 qua:
1404 2264 1504 2319 pro
1526 2264 1591 2304 eo
1616 2246 1776 2302 vidua

175 2348 406 2414 dicitur,
435 2349 561 2418 quia
588 2348 791 2403 domini
830 2345 913 2401 sui
941 2352 1116 2400 morte
1134 2343 1375 2407 viduata,
1400 2340 1635 2394 reditum
1658 2337 1775 2407 ejus

173 2439 245 2493 ad
267 2438 544 2507 judicium
570 2444 869 2507 exspectat.
899 2436 976 2489 De
999 2450 1105 2505 qua
1132 2432 1293 2486 vidua
1317 2444 1417 2502 per
1434 2429 1775 2484 Psalmistam

176 2530 390 2586 dicitur
413 2547 427 2583 :
463 2548 483 2581 ι
516 2528 743 2583 Viduam
772 2528 890 2598 ejus
916 2524 1245 2580 benedicens
1267 2521 1583 2577 benedicam
1603 2558 1618 2584 ,
1643 2533 1776 2589 pau-

176 2635 345 2693 peres
371 2620 490 2691 ejus
518 2619 779 2674 saturabo
797 2616 1028 2686 panibus
1055 2611 1229 2687 (Psal.
1258 2614 1465 2682 cxxxr).
1493 2630 1513 2662 ι
1532 2610 1656 2664 Haec
1692 2615 1776 2663 est

180 2715 334 2769 enim
365 2712 455 2767 illa
478 2710 641 2766 vidua
667 2724 809 2779 quae,
833 2707 986 2776 juxta
1021 2704 1394 2775 Evangelium,
1417 2701 1657 2772 quotidie
1692 2700 1774 2754 in-

182 2805 432 2879 terpellat
473 2804 714 2876 judicem
733 2843 750 2869 ,
777 2809 834 2857 et
876 2800 945 2855 de
985 2813 1092 2869 qua
1118 2811 1217 2868 per
1238 2796 1528 2867 quemdam
1557 2792 1772 2863 sapien-

191 2912 293 2959 tem
342 2900 538 2956 dicitur
578 2916 592 2952 :
636 2898 826 2953 Nonne
870 2896 1123 2967 lacrymae
1160 2892 1336 2949 viduae
1381 2893 1450 2947 ad
1495 2889 1769 2973 maxillam

180 2995 304 3063 ejus
324 3035 338 3059 ,
368 3001 423 3048 et
448 2990 770 3047 exclamatio
794 2988 911 3059 ejus
941 3001 1114 3057 usque
1142 2984 1211 3039 ad
1246 2984 1597 3039 deducentem
1633 2980 1771 3036 eas?

179 3086 451 3157 Congruit
476 3091 655 3139 autem
682 3079 957 3153 mysteriis
982 3077 1258 3143 Ecclesiae,
1288 3076 1432 3147 quod
1465 3075 1620 3130 Anna
1647 3090 1769 3144 gra-

181 3179 261 3233 tia
291 3178 383 3231 Dei
414 3176 467 3230 in
494 3182 678 3229 nostra
704 3172 885 3243 lingua
911 3170 1127 3226 dicitur.
1157 3168 1227 3222 Et
1249 3166 1359 3221 lilia
1385 3164 1647 3272 Phanuel,
1675 3163 1766 3272 qui
1795 3207 1842 3272 C

182 3267 354 3339 [acies
386 3264 480 3319 Dei
509 3266 907 3334 interpretatur,
949 3272 1071 3317 esse
1102 3266 1357 3313 narratur
1385 3270 1401 3310 :
1439 3262 1496 3309 et
1530 3254 1597 3313 de
1627 3253 1768 3308 tribu

183 3359 353 3421 Aser,
374 3357 465 3425 qui
488 3356 626 3409 inter
642 3353 918 3410 duodecim
941 3350 1280 3424 patriarchas
1298 3346 1555 3404 nascendi
1580 3345 1771 3401 ordine

189 3450 432 3505 habetur
468 3456 707 3513 octavus,
733 3455 786 3502 et
822 3447 1212 3516 interpretatur
1256 3442 1467 3503 beatus,
1514 3438 1769 3507 quoniam

180 3551 248 3596 ut
282 3540 523 3595 Ecclesia
558 3537 749 3594 faciem
787 3537 995 3593 Domini
1022 3534 1209 3591 videre
1232 3540 1528 3596 mereatur,
1557 3531 1625 3586 ab
1654 3530 1770 3599 ipso

179 3635 399 3691 ardenti
426 3648 610 3688 amore
630 3632 922 3688 illuminari
950 3629 1243 3695 desiderat,
1267 3640 1470 3683 canens
1491 3639 1612 3680 cum
1636 3623 1770 3678 Pro-

179 3728 396 3799 pheta:
451 3744 470 3777 ι
500 3724 736 3781 Ostende
793 3724 971 3790 nobis,
1028 3721 1275 3786 Domine,
1337 3717 1766 3774 misericordiam

168 3802 330 3881 .tuam
351 3832 410 3879 et
437 3822 630 3879 faciem
659 3831 826 3889 tuam,
851 3832 905 3876 et
928 3819 1063 3876 salvi
1090 3818 1295 3874 erimus
1321 3813 1493 3888 (Psal.
1522 3812 1761 3884 ωιχιχ).›

187 3916 248 3972 Et
273 3918 476 3972 iterum
510 3928 525 3968 :
558 3932 579 3965 t
616 3913 899 3984 Signatum
936 3919 1021 3967 est
1057 3923 1220 3980 super
1251 3921 1351 3963 nos
1377 3905 1556 3960 lumen
1587 3904 1767 3959 vultus

187 4009 281 4073 tui,
301 4004 716 4077 Domine(Psal.
742 4005 839 4075 tv).
863 4022 882 4057 ›
914 4003 983 4058 Ει
1001 4010 1063 4057 ut
1084 4001 1151 4057 ad
1165 3997 1579 4055 resurrectionis
1596 3995 1768 4051 beati-

182 4100 425 4154 tudinem
467 4097 750 4168 pervenire
792 4095 999 4166 possit,
1034 4100 1203 4148 totum
1233 4091 1301 4146 de
1343 4088 1557 4145 Domini
1592 4086 1769 4159 gratia

181 4190 398 4261 accipit.
428 4188 534 4245 Sed
558 4204 658 4245 nec
697 4197 910 4259 tempus
940 4200 1048 4256 quo
1082 4187 1137 4241 in
1161 4183 1423 4239 viduitate
1448 4180 1763 4253 permansit,

180 4294 211 4335 a
238 4280 501 4352 mysterio
520 4279 753 4335 alienum
780 4285 883 4334 est.
920 4276 1073 4332 Sicut
1103 4275 1247 4331 enim
1274 4287 1375 4344 per
1398 4281 1604 4344 septem
1636 4279 1768 4327 tem-

177 4389 315 4444 pora
355 4389 618 4429 annorum
651 4389 760 4445 quo
783 4386 908 4429 cum
934 4371 1055 4427 viro
1096 4384 1194 4427 suo
1214 4367 1534 4440 permansit,
1559 4374 1768 4435 tempus

177 4467 312 4523 illud
346 4482 453 4536 quo
478 4467 736 4523 Dominus
765 4466 819 4521 in
868 4479 1032 4521 carne
1072 4463 1174 4518 fuit
1200 4461 1501 4532 signiﬁcat,
1534 4460 1610 4515 ita
1638 4458 1764 4515 anni

178 4558 456 4629 octoginta
477 4566 711 4629 quatuor
730 4557 925 4627 quibus
946 4556 1107 4611 vidua
1131 4553 1521 4625 perseveravit,
1553 4560 1765 4621 tempus
1789 4572 1844 4637 Ι)

178 4653 305 4707 vitae
348 4651 664 4722 praesentis,
705 4651 761 4705 in
804 4665 912 4721 quo
946 4648 1191 4704 Ecclesia
1221 4647 1562 4716 semetipsam
1606 4644 1764 4701 bonis

174 4745 436 4815 operibus
457 4752 675 4800 exercet
694 4744 981 4815 signiﬁcat.
1008 4741 1220 4812 Septies
1243 4741 1438 4810 quippe
1457 4738 1761 4804 duodecim,

174 4836 456 4907 octoginta
487 4845 719 4906 quatuor
743 4834 976 4901 faciunt,
1004 4842 1059 4890 et
1082 4843 1286 4903 septem
1309 4834 1506 4904 quippe
1531 4835 1597 4889 ad
1621 4847 1763 4903 prae-

174 4932 350 4987 sentis
378 4932 504 4986 vita:
539 4947 756 4988 cursum
784 4932 1088 5003 pertinent,
1130 4930 1222 5002 qui
1267 4945 1365 5001 per
1406 4938 1613 4999 septem
1647 4927 1763 4985 dies

173 5025 432 5081 volvitur.
467 5027 757 5082 Duodecim
788 5042 1002 5098 quoque
1044 5026 1112 5081 ad
1155 5034 1429 5081 sacratum
1478 5038 1764 5080 numerum

172 5118 463 5175 duodecim
486 5120 883 5191 apostolorum:
908 5120 1035 5191 quia
1056 5133 1157 5190 per
1171 5117 1610 5190 praedicationem
1633 5118 1767 5173 duo-

170 5212 353 5268 decim
395 5214 780 5285 apostolorum,
822 5215 1060 5271 Ecclesia
1103 5214 1157 5269 in
1196 5212 1448 5285 praesenti
1470 5212 1582 5268 vita
1609 5212 1766 5269 bonis

170 5305 435 5373 cperibus
484 5306 838 5362 insistendum
886 5307 1102 5374 didicit,
1154 5307 1258 5363 hoc
1290 5313 1403 5374 est,
1432 5306 1573 5362 bona
1601 5321 1765 5377 opera

171 5394 356 5452 facere
383 5400 682 5469 cognoscit.
710 5400 995 5471 Octoginta
1019 5416 1150 5456 vero
1172 5402 1238 5456 ad
1263 5415 1550 5472 corporum
1580 5413 1766 5457 resur-

174 5490 475 5545 rectionem
506 5494 816 5562 pertinent:
849 5507 1012 5562 porro
1047 5502 1307 5563 quatuor,
1353 5494 1420 5548 ad
1464 5494 1766 5549 doctrinam

172 5590 411 5651 quatuor
436 5583 857 5654 evangeliorum.
894 5582 1129 5641 Octavus
1164 5587 1361 5654 quippe
1404 5601 1661 5641 numerus
1698 5585 1766 5640 ad

172 5673 502 5744 mysterium
552 5672 686 5729 Novi
734 5674 1065 5733 TcStamenti
1113 5677 1390 5746 pertinet,
1437 5676 1526 5746 qui
1575 5686 1765 5732 octava

173 5764 293 5829 dic,
328 5767 383 5821 id
418 5774 504 5821 est
531 5762 824 5834 dominica,
858 5769 1239 5836 conscribitur,
1272 5770 1324 5824 in
1353 5784 1459 5840 quo
1504 5769 1765 5826 Dominus

170 5858 519 5927 resurrexit,
548 5858 703 5932 cujus
726 5860 901 5933 gratia
937 5860 1151 5917 liberati
1180 5876 1388 5918 sumus.
1419 5859 1554 5918 Nam
1589 5862 1643 5917 in
1678 5878 1765 5920 re-

1877 1957 2069 2028 plenus
2095 1956 2379 2027 sapientia.
2413 1976 2432 2010 ι
2466 1958 2524 2012 In
2568 1959 2673 2013 hoc
2704 1956 2973 2013 versiculo
2998 1956 3226 2011 duorum
3257 1956 3473 2030 lueretu-

1877 2063 2063 2105 corum
2097 2049 2347 2119 dogmata
2379 2050 2763 2117 destruuntur,
2791 2050 3207 2105 Manichaeorum
3242 2048 3470 2114 scilicet,

1875 2150 1930 2194 et
1972 2138 2497 2210 Apollinaristarum.
2554 2127 2836 2196 Manichtei
2881 2141 3138 2196 dixerunt
3183 2140 3468 2194 Dominum

1874 2247 2089 2318 verum.
2115 2248 2311 2302 corpus
2336 2248 2442 2288 non
2486 2234 2873 2304 assumpsisse;
2908 2235 3101 2289 horum
3138 2234 3332 2303 dogma
3379 2232 3472 2286 de-

1876 2324 2126 2389 struitur,
2158 2339 2281 2379 cum
2310 2325 2656 2395 Evangelista
2683 2325 2813 2380 dicit
2840 2342 2853 2379 :
2892 2343 2910 2376 ι
2938 2325 3081 2380 Puer
3107 2334 3286 2380 autem
3312 2323 3470 2380 Jesus

1876 2416 2160 2471 crescebat
2194 2425 2250 2469 et
2290 2416 2719 2471 conlortabatur.
2752 2436 2770 2469 ι
2804 2415 2918 2471 Nisi
2958 2417 3102 2472 enim
3126 2431 3310 2471 veram
3349 2430 3470 2470 car-

1876 2522 2001 2562 nem
2031 2507 2342 2573 habuisset,
2376 2521 2475 2562 nec
2506 2522 2783 2574 crescere,
2813 2522 2915 2563 nec
2940 2508 3233 2563 conl'ortari
3264 2506 3471 2577 potuis-

1876 2606 1960 2653 set
1990 2615 2004 2652 :
2035 2597 2164 2667 quia
2193 2597 2247 2650 in
2290 2606 2484 2651 natura
2512 2598 2628 2663 Dei,
2660 2613 2765 2654 nec
2791 2598 2982 2663 minui,
3010 2613 3112 2652 nec
3150 2598 3333 2667 augeri
3373 2612 3470 2666 po-

1877 2686 2411 2756 test.Apollinaristae
2433 2686 2687 2741 dixerunt
2710 2687 2858 2740 illum
2883 2687 3151 2741 veraciter
3176 2687 3467 2740 humanam

1872 2779 2110 2843 animam
2138 2796 2245 2835 non
2286 2781 2663 2850 assumpsisse.
2698 2781 2762 2835 Et
2793 2781 2987 2836 horum
3014 2781 3206 2850 dogma
3235 2779 3467 2835 destrui-

1872 2879 1980 2939 tur,
1999 2886 2120 2926 cum
2138 2871 2492 2938 subiniertur,
2521 2890 2540 2923 ι
2561 2872 2752 2943 plenus
2783 2870 3067 2942 sapientia.
3091 2891 3111 2924 ι
3139 2872 3293 2925 Sicut
3316 2870 3462 2925 enim

1872 2976 2121 3017 crescere
2150 2971 2206 3016 et
2245 2960 2539 3017 confortari
2577 2962 2646 3017 ad
2696 2977 2894 3031 corpus
2938 2960 3212 3031 pertinet,
3255 2960 3337 3014 sic
3381 2974 3466 3013 sa—

1870 3053 2073 3124 pientia
2114 3052 2313 3122 repleri
2361 3053 2425 3107 ad
2471 3054 2727 3108 animam.
2766 3054 2824 3108 ln
2851 3067 2919 3109 eo
2943 3064 3123 3108 autem
3149 3053 3290 3122 quod
3328 3067 3465 3120 puer

1872 3153 2126 3210 vocatur,
2156 3153 2212 3201 et
2249 3146 2410 3215 paulo
2438 3146 2616 3201 minus
2657 3146 2725 3200 ab
2774 3145 2980 3215 angelis
3008 3145 3460 3215 estrminoratus,

1872 3251 2117 3292 crescere
2143 3245 2197 3290 et
2225 3237 2517 3292 confortari
2547 3245 2761 3307 potest,
2790 3238 2915 3308 quia
2953 3253 3053 3308 pro
3079 3247 3264 3293 nostra
3290 3236 3465 3293 salute

1872 3344 2093 3384 carnem
2123 3330 2381 3399 suscepit.
2408 3329 2465 3383 lu
2492 3344 2558 3385 eo
2585 3345 2714 3384 vero
2740 3331 2883 3401 quod
2915 3331 3013 3396 ait,
3039 3330 3229 3399 plenus
3254 3330 3463 3401 sapien-

1873 3420 1981 3486 tia,
2009 3434 2111 3474 nec
2149 3435 2417 3483 crescere,
2460 3429 2521 3475 ut
2546 3420 2814 3485 diximus,
2856 3436 2957 3475 nec
2995 3420 3325 3486 conlortari;
3365 3421 3462 3476 sed

1871 3510 2168 3563 notandum
2187 3509 2238 3563 in
2253 3524 2319 3563 eo
2331 3508 2473 3579 quod
2490 3509 2585 3574 ait,
2611 3528 2629 3559 ι
2652 3508 2842 3580 plenus
2864 3509 3179 3581 sapientia,»
3205 3509 3460 3579 quoniam

1871 3616 1977 3655 non
2019 3600 2086 3654 ad
2117 3615 2429 3654 mensuram
2465 3600 2634 3655 veluti
2677 3602 2925 3656 homines
2964 3601 3192 3672 gratiam
3224 3598 3462 3669 Spiritus

1869 3691 2043 3747 sancti
2069 3692 2309 3761 accepit,
2337 3692 2611 3757 sed,sicut
2632 3692 2765 3748 dicit
2787 3694 3097 3764 Apostolus,
3128 3695 3181 3748 in
3211 3707 3278 3748 eo
3312 3692 3465 3748 habi-

1870 3791 1950 3837 tat
1995 3784 2172 3837 omnis
2218 3784 2493 3855 plenitudo
2541 3786 2841 3842 divinitatis
2883 3789 3260 3859 corporaliter.
3307 3787 3462 3856 Quod

1867 3891 1999 3930 vero
2027 3873 2389 3947 subjuugitur,
2427 3895 2446 3929 α
2484 3878 2549 3931 Et
2578 3878 2751 3948 gratia
2780 3879 2874 3933 Dei
2903 3890 3022 3935 erat
3046 3880 3101 3934 in
3130 3878 3243 3945 illo,
3290 3898 3309 3931 ι
3342 3880 3467 3950 ευρ-λ

1869 3969 2022 4025 cialis
2054 3970 2227 4040 gratia
2254 3985 2284 4024 a
2320 3970 2430 4024 Deo
2469 3969 2631 4026 Patre
2666 3972 2871 4028 homini
2899 3973 3025 4029 Jesu
3071 3972 3289 4029 Christo
3332 3974 3459 4029 data

1867 4068 1982 4127 est,
2007 4068 2070 4115 ut
2102 4075 2166 4114 ex
2197 4074 2305 4130 quo
2333 4060 2495 4117 homo
2535 4078 2655 4118 esse
2694 4063 2976 4134 inciperet,
3011 4063 3284 4134 perfectus
3315 4072 3462 4121 esset

1868 4151 2012 4207 Deus
2036 4158 2093 4206 et
2122 4152 2317 4218 homo,
2350 4153 2585 4208 humana
2613 4169 2917 4221 assumens,
2943 4163 2999 4210 et
3025 4155 3206 4211 divina
3231 4171 3339 4212 non
3371 4155 3461 4210 de-

1866 4260 2074 4300 serens.
2105 4244 2183 4300 De
2205 4259 2313 4315 quo
2338 4243 2574 4302 Joannes
2595 4247 2936 4317 Evangelista
2958 4248 3092 4303 dicit
3116 4265 3130 4301 :
3161 4264 3180 4299 t
3212 4247 3459 4304 Vidimus

1867 4339 2095 4411 gloriam
2137 4338 2285 4408 ejus,
2330 4339 2556 4411 gloriam
2593 4342 2748 4411 quasi
2772 4341 3038 4414 unigeniti
3072 4358 3103 4397 a
3140 4341 3324 4409 Patre,
3349 4341 3463 4412 ple-

1867 4449 1997 4489 num
2045 4431 2235 4504 gratiae
2278 4441 2332 4489 et
2371 4434 2619 4490 veritatis
2657 4435 2841 4507 (Joan.
2881 4436 2945 4508 ι).
2977 4455 2996 4489 ι
3030 4435 3129 4492 Cui
3165 4434 3458 4491 Psalmista

1868 4526 1982 4580 ait:
2014 4545 2033 4578 ι
2066 4523 2232 4580 Unxit
2258 4533 2310 4581 te
2336 4526 2479 4583 Deus
2506 4529 2648 4585 Deus
2674 4535 2801 4585 tuus
2829 4529 2949 4587 oleo
2974 4529 3176 4585 laetitiae
3196 4542 3310 4598 prae
3332 4540 3459 4582 con-

1872 4620 2113 4677 sortibus
2137 4620 2246 4677 tuis
2276 4620 2452 4693 (Ρεαι.
2480 4606 2655 4693 έιιν).
2682 4641 2702 4676 ι

2445 4733 2729 4790 HOMILIA
2766 4732 2907 4788 XIV.

2298 4843 2350 4881 IN
2383 4840 2788 4883 CIRCUMCISIONE
2825 4839 3031 4881 DOIINI.

1945 4938 2099 5009 (Luc.
2118 4937 2205 5010 ιι.)
2223 4956 2243 4991 ι
2261 4937 2321 4993 In
2350 4937 2440 4993 illo
2472 4946 2711 5008 tempore
2740 4956 2753 4993 :
2783 4936 3075 5010 Postquam
3101 4940 3458 4997 consummati

1881 5051 1900 5084 ι
1920 5042 2046 5088 sunt
2068 5034 2183 5088 dies
2203 5041 2349 5099 octo,
2366 5041 2425 5087 ut
2445 5032 2928 5087 circumcideretur
2949 5047 3109 5104 puer,
3122 5042 3177 5089 et
3191 5033 3419 5104 reliqua.
3433 5053 3451 5086 ι

1874 5126 2012 5195 Quia
2058 5126 2373 5181 mediatoris
2419 5124 2516 5180 Dei
2561 5132 2615 5180 et
2663 5124 2942 5182 hominum
2985 5126 3459 5182 circumcisionem

1876 5220 2136 5275 hodierna
2166 5220 2397 5275 lectione
2427 5217 2709 5275 recitatatn
2741 5220 3075 5287 audivimus,
3104 5218 3237 5276 libet
3261 5221 3328 5276 ad
3357 5218 3460 5274 ini-

1875 5314 1950 5369 tia
1995 5314 2238 5385 ejusdem
2284 5313 2711 5369 circumcisionis
2749 5314 2990 5368 animum
3025 5319 3371 5376 convertere,
3403 5320 3459 5366 et

1875 5421 1983 5476 quo
2037 5415 2317 5477 tempore,
2366 5405 2454 5461 vel
2501 5410 2568 5461 ex
2616 5407 2815 5476 quibus
2868 5406 3115 5477 patribus
3168 5404 3453 5461 exordium

1873 5498 2203 5568 sumpserit,
2255 5497 2777 5565 considerare,,aut
2818 5512 2980 5567 quam
3023 5496 3307 5551 utilitatem
3357 5493 3454 5546 ha-

1873 5589 2167 5653 buerit,vel
2188 5588 2257 5643 ob
2282 5605 2443 5660 quam
2471 5604 2693 5645 causam
2724 5588 2983 5643 Dominus
3004 5585 3163 5643 Iesus
3185 5583 3455 5648 Christus,

1873 5681 1964 5751 qui
1992 5682 2106 5735 sine
2142 5691 2367 5751 peccato
2396 5681 2448 5735 in
2482 5682 2680 5737 mundo
2710 5680 2892 5746 venit,
2925 5678 3094 5734 voluit
3120 5691 3238 5729 eam
3284 5672 3459 5727 susci-

1871 5788 2020 5845 pere.
2050 5773 2132 5828 Ad
2168 5789 2329 5843 quam
2372 5790 2484 5830 rem
2524 5775 2897 5829 instruendam
2929 5772 3063 5826 liber
3089 5767 3363 5824 Geneseos
3401 5767 3459 5824 iu

1871 5874 2122 5938 promptu
2167 5874 2283 5939 est,
2314 5866 2367 5922 in
2415 5879 2523 5937 quo
2558 5864 2816 5938 legimus,
2847 5861 2973 5936 quia
3019 5868 3142 5935 post
3188 5857 3453 5927 diluvium
