4038 6352
581 350 642 409 9i
1213 348 1569 407 HAYMONIS
1603 344 2085 403 HALBERSTAT.
2123 344 2156 402 Ε

2259 306 2341 401 ιιέ.
2380 344 2529 401 cer.
2566 344 2746 401 mas
2804 344 2868 401 ιι.
2908 374 2976 389 --
3011 343 3245 401 ιιοιιιιι.

3809 350 3886 411 ω

581 468 792 525 exstitit
819 477 906 523 vir
934 466 1149 538 quidam
1186 462 1254 521 de
1289 464 1497 520 semine
1525 461 1673 526 Scin,
1712 462 1805 518 filii
1833 460 1966 527 Noe,
1996 463 2172 517 nomi-
2198 464 2244 523 Α
2272 460 2374 515 ciis
2410 459 2732 529 puritlcabat
2765 458 2995 533 (llabac.
3042 460 3123 531 ιι).
3166 459 3269 513 Alii
3311 473 3438 515 vero
3479 462 3593 518 sola
3631 472 3883 524 lautum-

568 538 652 616 ἠε
687 558 896 624 ileber,
946 558 1010 612 de
1053 555 1203 626 cujus
1232 556 1394 611 domo
1438 565 1492 610 et
1542 554 1745 609 familia
1789 567 2039 625 egressus
2087 560 2172 607 est

581 646 792 719 Tbare,
835 653 926 722 qui
957 649 1142 721 genuit
1171 646 1338 703 ﬁlium
1384 649 1599 703 nomine
1628 648 1863 710 Abram,
1903 645 1989 699 cui
2034 645 2169 699 dixit

581 742 763 800 Deus:
801 760 821 795 ι
846 742 1110 813 Egredere
1149 742 1216 797 de
1241 751 1385 796 terra
1421 750 1509 795 tua
1535 750 1587 795 et
1619 740 1687 795 de
1708 739 2025 810 cognatione
2052 746 2166 801 tua,

578 847 633 892 et
661 838 727 894 de
755 836 915 891 domo
944 836 1113 906 patris
1143 836 1239 900 tui,
1271 845 1327 890 ct
1360 835 1480 889 veni
1512 837 1563 888 iu
1594 843 1793 889 terram
1819 849 1981 904 quam
2008 848 2164 886 mon-

580 941 823 987 stravere
852 928 945 983 tibi
975 926 1130 999 (Gen.
1156 927 1230 1001 v).
1254 949 1272 980 ι
1302 926 1403 995 Qui
1433 944 1553 983 cum
1580 928 1840 983 obediens
1869 935 2011 982 essrt
2034 925 2162 991 Deo,

580 1023 769 1078 exiens
797 1028 852 1076 et
884 1021 1133 1077 nesciens
1172 1034 1280 1090 quo
1315 1028 1597 1091 pergeret,
1635 1028 1691 1073 et
1736 1026 2042 1089 repntatum
2090 1016 2163 1070 illi

578 1124 723 1173 esset
747 1114 814 1170 ad
842 1113 1136 1186 justitlant,
1161 1113 1506 1182 venissetque
1549 1111 1601 1166 in
1648 1122 1850 1166 terram
1885 1109 2160 1169 Chanaan,

574 1217 629 1265 et
652 1206 846 1264 merito
865 1217 1027 1279 atque
1047 1207 1334 1262 sanctitate
1356 1212 1646 1263 cresceret,
1670 1203 1919 1273 promisit
1944 1203 1993 1258 ei
2028 1202 2167 1256 lteus

574 1303 823 1358 eannlem
867 1309 1067 1357 terram
1108 1298 1165 1353 in
1207 1298 1575 1354 haereditatem
1622 1311 1742 1352 esse
1781 1295 2065 1354 daturum,
2112 1302 2167 1347 et

574 1392 771 1448 semini
817 1390 934 1465 ejus
978 1400 1098 1461 post
1143 1389 1355 1461 ipstnn,
1401 1403 1523 1443 cum
1572 1403 1675 1441 non
1725 1388 1952 1442 haberet
1997 1385 2164 1439 tilium

576 1480 731 1553 (Cen.
757 1483 877 1552 xu).
900 1480 1143 1552 Cumque
1169 1481 1364 1535 merito
1384 1491 1434 1534 ct
1457 1480 1746 1535 sanctitate
1772 1479 1944 1548 magis
1966 1492 2029 1531 ac
2056 1492 2167 1532 ma-

576 1573 657 1649 gis
678 1571 983 1644 proficeret,
1006 1570 1260 1643 pnccepit
1283 1572 1331 1626 ei
1362 1570 1503 1624 Dens
1525 1579 1584 1624 ut
1611 1569 2025 1624 circumcideret
2045 1582 2165 1621 caro

572 1679 696 1719 nem
724 1664 968 1735 pr.eputii
991 1664 1094 1729 sui,
1123 1663 1338 1718 dii-ens:
1369 1661 1834 1718 tCll‘CUllIL‘ithllll‘
1851 1676 2014 1716 omne
2045 1675 2163 1715 ma-

574 1758 839 1813 sculinum
866 1774 916 1813 ιιι
938 1757 1111 1822 vobis,
1131 1766 1184 1811 ut
1212 1756 1279 1812 sit
1303 1766 1517 1827 pactum
1542 1754 1762 1811 finieris
1788 1774 1816 1806 ιι
1841 1755 1890 1808 ei
1921 1755 2062 1809 inter
2079 1768 2163 1809 me

2273 554 2433 608 modo
2450 556 2552 609 fide
2569 554 2937 618 salvalmntur,
2955 555 3090 610 sicut
3112 554 3369 625 scriptum
3391 565 3470 608 cst
3499 557 3549 611 in
3575 556 3879 619 “aliaeue:

2275 665 2294 699 ι
2321 647 2505 703 Justus
2535 658 2715 703 autem
2746 664 2814 703 ex
2844 647 2947 702 fido
2971 649 3122 711 vivit,
3156 642 3272 704 siin:
3295 666 3399 719 qua
3428 651 3767 719 impossibile
3793 667 3880 713 est

2266 742 2487 813 placere
2517 742 2627 795 Deo
2657 741 2888 813 (Italiae.
2928 759 2999 807 u;
3041 741 3204 797 Hebr.
3228 748 3327 804 XI).
3363 765 3381 796 ι
3428 744 3535 799 Nec
3567 748 3878 816 putandum

2267 844 2371 898 εει,
2393 835 2537 904 quod
2557 833 2734 904 aliqua
2760 834 3085 889 necessitate
3112 834 3370 890 Dominus
3392 837 3879 893 circumcisionem

2267 925 2588 997 susceperit,
2611 926 2703 996 qui
2729 926 3131 982 innnaculatant
3159 944 3380 983 carm-tit
3410 944 3476 987 ex
3508 930 3725 1002 virgine
3753 931 3878 987 sine

2266 1030 2490 1089 peccato
2535 1018 2860 1089 assumpsit,
2907 1020 3002 1075 sed
3046 1019 3166 1075 ideo
3203 1022 3520 1076 curcumciilt
3562 1022 3771 1085 voluit,
3817 1033 3878 1077 ut

2265 1110 2432 1164 etiam
2473 1125 2571 1164 suo
2614 1119 2855 1179 tempore
2895 1111 3367 1167 circium-isimiem
3406 1126 3659 1171 sanctam
3702 1116 3877 1175 fuisse

2267 1212 2323 1257 et
2348 1202 2544 1257 bonam
2569 1212 2724 1258 osten
2751 1206 2900 1259 ’eret.
2927 1203 2989 1259 Et
3026 1212 3079 1258 ut
3108 1219 3322 1259 onmem
3349 1206 3699 1261 occasionem
3730 1207 3791 1261 in
3813 1223 3875 1264 se

2269 1312 2374 1348 non
2402 1295 2750 1350 credentibus
2773 1294 2976 1351 Judecis
2995 1295 3255 1360 auferret,
3282 1297 3449 1351 noluit
3478 1298 3730 1367 patribus
3748 1315 3874 1355 esse

2268 1387 2567 1451 dissimilis,
2591 1388 2681 1457 qui
2708 1403 2815 1442 non
2849 1397 3075 1443 venerat
3109 1388 3278 1459 legem
3307 1390 3669 1467 solvere,sed
3693 1391 3870 1447 adimo

2267 1479 2415 1550 plere
2444 1480 2641 1552 {Matth
2690 1490 2767 1545 v).
2811 1480 2938 1535 Sive
2973 1490 3122 1536 certe
3158 1482 3631 1539 circumcisionom
3671 1498 3867 1554 corpo-

2268 1573 2455 1629 raliter
2475 1574 2733 1645 suscepit,
2758 1584 2816 1627 ut
2837 1573 2890 1627 in
2917 1574 3031 1643 ipso
3051 1574 3285 1629 carnalis
3306 1574 3658 1630 circumcisio
3679 1574 3867 1643 linem,

2267 1677 2322 1722 et
2351 1668 2648 1738 spiritualis
2680 1669 2903 1722 haberet
2943 1669 3246 1723 exordium.
3284 1688 3303 1721 ι
3334 1666 3484 1724 Finis
3519 1674 3670 1723 enim
3707 1668 3863 1738 legis,

2267 1771 2328 1816 ut
2357 1762 2434 1815 ait
2464 1760 2772 1830 Apostolus,
2804 1759 3085 1825 Christus;
3131 1761 3201 1816 ad
3232 1761 3500 1831 justitiam
3538 1761 3691 1817 omni
3748 1777 3866 1819 cro-

573 1860 626 1907 et
650 1865 743 1906 vos
768 1849 919 1922 (Cen.
949 1856 1136 1921 χι·ιι).ι
1160 1849 1224 1904 Et
1249 1847 1606 1904 circumcisus
1634 1857 1717 1902 est
1742 1846 2015 1900 Abraham
2042 1862 2161 1902 een-
2192 1840 2239 1904 Β
2267 1853 2419 1909 deuti
2445 1851 2618 1923 (lium.
2653 1855 2731 1913 ι).
2764 1873 2787 1905 ι
2822 1852 2887 1906 Ει
2917 1854 3053 1907 bene
3080 1862 3275 1909 octavo
3318 1853 3410 1908 die
3450 1854 3865 1910 circumciditur

574 1942 768 1999 tesinto
790 1944 966 1999 aetatis
1000 1959 1112 1999 suae
1141 1959 1307 2005 anno,
1344 1942 1490 1998 Isaac
1533 1952 1710 1997 autem
1749 1940 1890 1996 illius
1924 1940 2042 2012 ejus
2072 1955 2164 1995 oc-

574 2042 696 2089 tava
735 2034 841 2089 die.
879 2034 1049 2089 Porro
1089 2033 1279 2090 lsmacl
1325 2033 1581 2089 tredecim
1618 2048 1790 2087 annos
1830 2031 2159 2103 impleverat.

573 2120 654 2178 Ex
677 2140 742 2179 eo
766 2133 1008 2195 tempore
1037 2125 1173 2181 ritus
1193 2135 1247 2179 et
1272 2124 1458 2195 religio
1481 2124 1931 2184 circumcisionis,
1953 2140 1981 2175 a
2008 2124 2163 2177 beato

572 2217 884 2288 patriarcha
910 2216 1182 2273 Abraham
1214 2218 1445 2290 sumpsit
1474 2219 1776 2273 exordium.
1817 2216 1873 2273 Si
1918 2217 2041 2287 quis
2070 2232 2165 2290 an-

573 2316 680 2362 tem
705 2318 934 2378 quaerat,
962 2323 1133 2379 quare
1158 2308 1347 2365 eadem
1373 2309 1716 2366 circumcisio
1736 2311 1858 2365 data
1889 2310 1979 2374 sit,
2007 2309 2164 2364 intel-

570 2398 700 2473 ligat
735 2402 914 2458 varias
946 2403 1017 2457 ob
1045 2418 1239 2459 causas
1269 2417 1389 2459 esse
1429 2405 1631 2458 datam.
1662 2402 1902 2458 Primum
1942 2414 2164 2474 prepter

569 2493 821 2547 meritum
846 2492 966 2550 fidei
989 2493 1241 2558 Abrahat,
1266 2503 1322 2547 ιιι
1343 2495 1484 2550 sicut
1512 2494 1614 2549 fide
1641 2495 1875 2550 distabat
1896 2510 1925 2548 ιι
1947 2495 2161 2550 ceteris

570 2584 898 2639 nationibus.
948 2585 1027 2640 sic
1063 2587 1286 2641 distaret
1322 2588 1484 2641 etiam
1525 2587 1680 2658 signo
1710 2586 2156 2642 circumcisionis.

572 2671 699 2729 Sive
725 2685 871 2730 certe
899 2676 1110 2749 signant
1145 2678 1579 2734 eircumcisionis
1606 2679 1788 2733 datmn
1813 2689 1895 2735 est
1919 2687 1973 2732 ut
1995 2695 2161 2750 popu-

568 2765 652 2822 lus
674 2767 766 2839 qui
790 2783 855 2823 ex
878 2768 1066 2823 eadem
1086 2769 1342 2839 progenie
1364 2770 1671 2825 nasciturus
1689 2779 1803 2825 erat
1830 2784 1925 2842 per
1947 2771 2161 2842 signum

567 2858 999 2918 circumcisionis
1029 2862 1318 2933 peculiaris
1352 2879 1415 2919 ac
1447 2861 1728 2920 familiaris
1761 2865 1870 2920 Deo
1901 2880 2159 2937 agnosce-

568 2962 739 3010 retur.
773 2954 899 3011 Sive
928 2954 1086 3011 aliter
1113 2957 1323 3027 signum
1360 2956 1792 3013 circutncisionis
1830 2958 2013 3012 datum
2052 2968 2156 3024 est,

568 3054 627 3100 ut
652 3045 696 3101 si
725 3045 818 3118 qui
847 3060 912 3101 ex
944 3061 1130 3102 eorum
1162 3047 1357 3118 popqu
1395 3049 1446 3102 in
1476 3049 1661 3119 prmlio
1699 3049 2049 3111 corruissent,
2090 3051 2158 3105 ob

566 3139 778 3212 signum
808 3139 1237 3195 circumcisionis
1264 3141 1487 3211 cegniti,
1516 3157 1641 3211 qma
1674 3141 1741 3195 de
1773 3142 1941 3212 stirpe
1969 3151 2154 3197 saneta

2264 1943 2442 2009 Jesus,
2471 1945 2596 2016 quia
2626 1943 2760 2015 legis
2787 1955 3116 2012 praeceptum
3145 1954 3298 2007 erat,
3340 1942 3570 1997 Domino
3604 1944 3821 2009 dicente
3846 1963 3861 1998 ;

2271 2057 2289 2090 ι
2319 2036 2502 2091 infans
2527 2046 2654 2091 octo
2678 2035 2890 2089 dierum
2921 2035 3344 2097 circumcidetur
3367 2033 3513 2105 (Leu.
3542 2032 3667 2105 xu).
3697 2055 3716 2097 ι
3758 2033 3863 2091 Sed

2265 2132 2515 2201 quamvis
2547 2131 2647 2183 hoc
2674 2126 2989 2197 frequenter
3021 2129 3076 2180 in
3106 2125 3224 2193 lege
3253 2137 3582 2196 praeceptum
3613 2128 3722 2191 sit,
3754 2140 3861 2181 non

2264 2224 2424 2279 facile
2444 2224 2512 2278 de
2535 2223 2715 2292 aliquo
2737 2222 2789 2275 in
2815 2232 2927 2276 tota
2954 2220 3096 2276 serie
3126 2220 3335 2275 Veteris
3365 2218 3701 2279 Testamcuti
3729 2219 3862 2275 serie

2263 2324 2415 2386 ptum
2448 2313 2741 2375 invenitur,
2772 2306 2978 2381 absque
3007 2309 3124 2365 solo
3153 2312 3419 2364 duntaxat
3445 2306 3493 2362 ls
3530 2324 3595 2362 ac
3630 2308 3741 2363 filio
3774 2322 3859 2363 re—

2265 2406 2661 2478 promissionis,
2691 2404 2833 2474 quod
2865 2419 2972 2458 non
2998 2403 3117 2459 sine
3138 2403 3400 2473 mysterio
3422 2401 3700 2457 credimus
3724 2416 3859 2472 pra:—

2266 2499 2599 2556 termissum.
2623 2494 2982 2551 Circumcisio
3008 2494 3152 2549 enim
3186 2491 3360 2557 Isaac,
3387 2491 3602 2546 Domini
3626 2494 3851 2549 circum.

2263 2592 2526 2648 cisionem
2556 2588 2915 2654 signiﬁcabat.
2956 2586 3312 2642 Circumcisio
3354 2601 3482 2640 vero
3517 2583 3737 2647 Dmniui
3764 2601 3846 2641 no-

2264 2694 2434 2739 stram
2464 2682 2735 2754 geminam
2773 2678 3242 2735 circumcisionem
3280 2676 3571 2748 signiacat,
3614 2676 3847 2735 medenti

2263 2777 2469 2833 scilicet
2491 2774 2754 2844 temporis
2773 2781 2829 2828 et
2852 2771 3045 2827 futuri.
3069 2771 3527 2835 Circutucidiutttt'
3549 2786 3787 2843 namque
3802 2772 3854 2827 in

2260 2869 2541 2943 praesenti,
2568 2881 2690 2921 eum
2718 2865 2811 2936 qui
2842 2880 2939 2935 per
2963 2864 3292 2935 baptismum
3315 2881 3346 2919 a
3368 2874 3716 2934 peccatorum
3741 2879 3855 2929 sor-

2261 2961 2420 3017 dibus
2451 2958 2822 3030 puriﬁcamur,
2848 2966 2906 3012 et
2930 2956 3191 3026 quidquid
3214 2956 3283 3011 ad
3310 2964 3636 3012 vetustatem
3660 2956 3859 3023 veteris

2261 3055 2498 3111 hominis
2523 3054 2756 3123 pertinet
2789 3059 3131 3120 respuentes,
3173 3049 3446 3105 induimus
3471 3064 3672 3109 novum
3692 3088 3711 3115 ,
3757 3050 3858 3103 ima

2262 3146 2471 3216 plentes
2496 3143 2626 3199 illud
2654 3142 2797 3213 quod
2826 3143 2901 3197 ait
2922 3140 3217 3211 Apostolus
3243 3136 3441 3208 (Cales.
3463 3138 3546 3210 ut)
3572 3155 3587 3193 :
3620 3157 3638 3189 ι
3660 3138 3861 3195 Emito

567 3229 978 3300 descenderant,
1007 3232 1296 3302 sepultura:
1324 3234 1683 3288 traderentur.
1713 3231 1808 3290 γει
1836 3243 2008 3299 certe,
2030 3234 2155 3305 quia
2183 3226 2233 3293 C
2266 3248 2502 3295 veterem
2536 3237 2809 3293 hominem
2841 3250 2964 3289 tum
2993 3235 3206 3291 actibus
3230 3234 3362 3297 suis,
3396 3242 3453 3287 et
3487 3231 3696 3291 induite
3726 3247 3863 3293 eum

565 3323 620 3381 in
651 3323 743 3380 tali
771 3327 1017 3383 membro
1042 3326 1388 3383 circumcisio
1412 3327 1562 3399 jussa
1589 3338 1692 3395 est,
1737 3346 1836 3403 per
1857 3331 1998 3401 quoi
2029 3348 2153 3388 car-

563 3417 648 3483 nis
668 3419 819 3491 origo
841 3430 1251 3494 propagaretur,
1278 3421 1686 3495 significabatur
1714 3432 1838 3479 tunc
1864 3422 1951 3479 ille
1978 3438 2046 3479 ex
2070 3439 2158 3479 eo-

563 3508 685 3567 dem
708 3512 915 3570 semine
937 3528 1157 3568 carnem
1181 3511 1249 3569 de
1276 3514 1483 3585 virgine
1509 3525 1906 3584 assuinptnrus,
1932 3516 2022 3585 qui
2049 3516 2154 3569 vir-

562 3603 806 3677 ginitatis
835 3614 1066 3671 amator,
1091 3613 1145 3660 et
1177 3606 1429 3661 vitiorum
1457 3606 1702 3676 pra-putii
1733 3615 1875 3660 esset
1905 3615 2153 3677 amputa—

564 3700 669 3757 tur,
702 3692 963 3748 Dominus
989 3695 1196 3749 scilicet
1220 3693 1379 3750 Jesus
1406 3694 1674 3750 Christus.
1713 3692 1822 3750 Nec
1858 3697 2153 3765 putandum

563 3792 666 3851 est,
688 3800 911 3856 parvam
937 3786 1225 3843 utilitatem
1250 3804 1349 3842 suo
1373 3799 1515 3859 temp
1539 3804 1613 3842 tre
1637 3786 1891 3844 habuisse
1923 3787 2155 3842 circuiu-

564 3875 825 3932 cisionem
855 3920 868 3933 .
898 3879 992 3935 sed
1037 3880 1314 3935 sciendum
1355 3879 1482 3951 quia
1531 3889 1737 3935 tantum
1783 3879 1995 3938 valebat
2028 3890 2153 3936 tunc

563 3967 909 4025 circumcisio
955 3979 1147 4027 coi‘tra
1196 3971 1460 4042 originale
1516 3983 1831 4047 peccatum,
1889 3983 2153 4046 quantum

563 4075 706 4116 nunc
736 4061 878 4116 valet
899 4078 1041 4137 aqua
1068 4062 1433 4141 baptismatis,
1466 4078 1694 4138 excepto
1724 4069 1865 4138 quod
1898 4067 1984 4123 ille
2013 4084 2151 4122 non-

564 4152 690 4225 dum
716 4166 965 4224 venerat,
993 4157 1084 4228 qtti
1117 4169 1335 4230 peccata
1369 4160 1578 4217 solvere
1606 4175 1806 4233 posset,
1834 4163 1915 4218 vel
1946 4163 2038 4234 qui
2061 4161 2150 4232 ja-

564 4259 726 4300 nuam
766 4249 915 4321 regni
957 4250 1196 4313 cmlcs'tis
1236 4265 1523 4310 reserat-et.
1569 4254 1834 4324 Quoniam
1875 4258 1964 4327 qui
2010 4273 2153 4313 nunc

562 4353 661 4411 per
690 4329 1040 4431 Evangeliam
1071 4347 1202 4404 dicit
1235 4366 1247 4402 :
1286 4368 1304 4400 ι
1336 4340 1597 4420 Νἰδιιιιιίες
1636 4362 1854 4407 renatus
1895 4351 2053 4407 fuerit
2085 4368 2149 4407 ex

562 4450 701 4504 aqua
729 4445 783 4499 et
811 4433 1015 4511 Spiritu
1041 4450 1255 4515 sancto,
1281 4458 1387 4513 non
1410 4452 1585 4514 potest
1615 4444 1818 4498 intrare
1846 4442 1899 4497 in
1928 4446 2152 4517 rcgmnu'

498 4590 509 4598 ο
562 4526 657 4583 Dei
699 4524 894 4601 (Joan.
936 4524 1052 4603 ut),
1085 4550 1105 4583 ι
1156 4532 1269 4603 ipse
1315 4541 1441 4605 tunc
1490 4548 1586 4605 per
1625 4531 1798 4607 legem
1840 4530 2148 4589 clamabat:

568 4637 588 4670 ι
619 4619 885 4677 Masculus
905 4622 1063 4692 cujus
1080 4640 1209 4680 caro
1232 4626 1476 4698 pra-putii
1499 4627 1816 4682 circumcisa
1836 4642 1940 4681 non
1965 4624 2147 4692 fuerit,

561 4711 759 4781 peribit
783 4714 961 4769 attima
988 4716 1074 4770 illa
1106 4716 1172 4772 de
1203 4716 1399 4788 populo
1418 4733 1538 4781 suo,
1568 4719 1691 4788 quia
1722 4728 1936 4779 pactum
1970 4734 2146 4773 mcum

560 4804 774 4859 irritant
804 4805 932 4862 fecit
958 4806 1109 4876 (Cen.
1134 4810 1293 4876 xv").
1325 4829 1349 4862 ν
1391 4808 1506 4865 Non
1551 4813 1692 4883 quod
1736 4812 1914 4866 infans
1959 4826 2147 4867 recens

560 4905 744 4962 natus,
765 4897 890 4953 boni
914 4908 970 4952 et
991 4901 1115 4954 mali
1138 4903 1378 4973 ignarus,
1403 4915 1618 4973 pactum
1644 4903 1854 4959 Domini
1881 4920 1978 4975 per
1997 4917 2056 4959 se
2077 4904 2148 4958 ir-

562 4989 725 5045 ritum
753 4987 932 5048 facere
956 5003 1158 5064 posst,
1189 4997 1285 5053 sed
1310 5001 1437 5068 quia
1473 5000 1539 5055 de
1578 4999 1721 5054 illius
1748 4998 1929 5053 radice
1959 5012 2148 5052 omnes

559 5083 947 5150 nascebantur,
968 5088 1060 5159 qui
1090 5099 1306 5160 pactum
1340 5092 1431 5148 Dei
1464 5093 1514 5146 in
1545 5091 1798 5162 paradiso
1822 5090 2034 5144 irritum
2065 5089 2147 5144 fe.

558 5187 730 5241 cerat,
764 5188 861 5235 aut
893 5182 1331 5251 circmncisione,
1366 5197 1461 5241 aut
1498 5185 1620 5239 aliis
1657 5183 1833 5238 modis
1871 5181 2145 5252 puriticari

560 5270 905 5342 indigebant,
940 5276 1065 5347 quia
1096 5278 1313 5335 vinculo
1337 5278 1621 5351 originalis
1650 5276 1855 5347 peccati
1885 5275 2145 5331 tem-ban-

561 5372 649 5419 tur
678 5366 910 5435 astricti,
942 5370 1154 5427 dicente
1184 5373 1466 5428 Psalmista
1494 5385 1508 5424 :
1545 5389 1567 5421 ι
1596 5370 1733 5425 Ecce
1767 5370 1912 5423 enim
1949 5368 2000 5422 in
2045 5368 2146 5423 iniv

556 5457 857 5531 quitatibus
886 5475 1179 5535 conceptus
1205 5480 1357 5525 sum,
1399 5472 1454 5518 et
1490 5464 1541 5516 in
1580 5462 1791 5519 delictis
1823 5462 2025 5533 pcpotit
2061 5477 2147 5515 me

557 5565 736 5611 mater
761 5573 879 5612 mea
906 5556 1091 5630 (Psal.
1127 5560 1211 5631 ι).
1247 5578 1265 5609 ι
1309 5556 1418 5612 Nec
1449 5556 1619 5610 solum
1652 5573 1745 5628 per
1774 5555 2147 5613 circumcisio-

558 5665 708 5715 nem,
759 5653 851 5707 sed
898 5655 1060 5707 etiam
1110 5667 1207 5722 per
1253 5650 1548 5705 hostiarum
1590 5650 1917 5703 oblationem
1968 5647 2149 5719 plures

561 5738 731 5800 Deum
755 5744 968 5815 placare
988 5744 1294 5808 studebant,
1319 5744 1454 5799 sicut
1478 5744 1727 5813 exemplo
1752 5743 2024 5812 patientia:
2046 5739 2149 5794 Job

548 5837 820 5902 discimus
834 5875 853 5908 ,
890 5838 983 5911 qui
1008 5850 1069 5896 re
1093 5850 1335 5912 suosque
1358 5836 1565 5896 liberos
1583 5836 1916 5910 quotidiauis
1940 5834 2149 5893 sacriﬁ-

2262 3332 2353 3403 qui
2388 3338 2685 3386 renovatur
2709 3329 2779 3383 de
2803 3327 2894 3383 die
2924 3328 2977 3382 in
3009 3326 3175 3382 diem.
3209 3346 3230 3379 ι
3262 3325 3330 3380 Et
3355 3326 3586 3379 iterum:
3620 3343 3640 3375 ι
3672 3322 3864 3381 Reno-

2258 3427 2461 3482 vamini
2493 3425 2687 3496 spiritu
2718 3422 2919 3477 mentis
2946 3431 3160 3485 vestras,
3189 3429 3241 3477 ot
3281 3419 3487 3473 induite
3521 3431 3723 3473 novum
3750 3414 3860 3472 ho-

2259 3520 2460 3574 minem
2489 3521 2576 3588 qui
2608 3517 2904 3572 socundunt
2935 3514 3105 3570 Deum
3143 3523 3363 3569 creatus
3395 3522 3507 3576 est,
3551 3513 3605 3567 in
3639 3511 3858 3575 histilia

2258 3621 2313 3665 et
2334 3611 2622 3665 sanctitate
2646 3608 2914 3663 veritatis.
2939 3626 2956 3659 ι
2988 3605 3179 3661 Melius
3195 3615 3377 3661 autem
3399 3604 3859 3665 circutueidemut'

2259 3703 2312 3757 in
2342 3700 2547 3764 futuro,
2574 3701 2793 3771 quando
2816 3698 3118 3755 mortalitas
3151 3697 3335 3754 carnis
3376 3707 3609 3760 nostum,
3650 3695 3706 3750 in
3744 3711 3858 3765 qua

2259 3812 2403 3852 nunc
2430 3808 2739 3867 peccamus,
2783 3797 2837 3849 in
2887 3792 3298 3847 immortalitate
3340 3790 3503 3846 fuerit
3541 3777 3855 3857 immutata,

2258 3898 2313 3942 et
2350 3887 2448 3943 soli
2492 3886 2601 3940 Deo
2627 3884 3060 3947 viuharebitnus,
3108 3892 3166 3937 ut
3205 3881 3283 3936 ait
3321 3879 3654 3951 Apostolus:
3693 3898 3712 3935 ι
3743 3877 3857 3937 Nos

2257 3980 2348 4052 qui
2383 3979 2581 4033 residui
2609 3993 2820 4043 sumus,
2849 3976 2940 4046 qui
2975 3975 3350 4044 relinquimur,
3387 3970 3551 4027 simul
3578 3969 3855 4039 rapiantur

2256 4086 2380 4129 cum
2411 4070 2520 4127 illis
2550 4070 2602 4124 in
2628 4068 2861 4124 nubibus
2889 4067 3107 4123 obviam
3139 4063 3357 4121 Christo
3388 4062 3441 4117 in
3473 4076 3635 4125 aera,
3677 4069 3729 4115 et
3769 4059 3854 4124 sic

2256 4179 2475 4236 semper
2492 4178 2614 4219 eum
2643 4162 2869 4216 Domino
2888 4159 3093 4215 erimus
3115 4156 3163 4229 (I
3185 4156 3362 4215 Thess.
3382 4156 3480 4224 xv).
3505 4174 3524 4207 ι
3553 4153 3610 4209 Et
3634 4153 3854 4222 quando

2250 4260 2365 4331 jam
2412 4272 2519 4312 non
2567 4256 2675 4311 erit
2718 4252 3002 4308 (utilium
3052 4265 3177 4306 cum
3231 4262 3397 4303 caro».
3444 4257 3497 4305 ot
3546 4243 3849 4323 sanguine,

2256 4349 2474 4422 quando
2521 4361 2721 4417 corpus
2766 4343 2911 4413 quod
2961 4339 3333 4409 corrumpitur
3379 4352 3485 4391 non
3535 4348 3735 4408 aggrav
3776 4331 3855 4397 bit

2256 4445 2517 4506 animam,
2546 4454 2643 4495 nec
2669 4447 2889 4493 terrena
2917 4432 3238 4490 inltnbitatio
3263 4446 3482 4487 seusnnt
3511 4428 3676 4485 multa
3701 4428 3853 4505 cogi-

2257 4540 2464 4588 tantem
2504 4529 2809 4600 opprimet,
2856 4523 2951 4583 κά
2993 4524 3249 4593 absorpta
3292 4530 3468 4583 morte
3495 4520 3548 4577 itt
3598 4519 3849 4587 victoria,

2183 4603 2229 4663 ί)
2256 4621 2610 4694 corruptiliile
2644 4622 2749 4675 hoe
2779 4619 2965 4674 induet
2998 4614 3485 4684 incorruptionem,
3517 4609 3853 4681 ituplcbitur-

2256 4698 2365 4788 que
2401 4716 2454 4769 in
2501 4714 2627 4778 illis,
2664 4711 2757 4781 qui
2806 4710 2898 4765 illo
2938 4708 3137 4763 saeculo
3176 4706 3324 4778 digni
3368 4704 3573 4762 inventi
3622 4702 3849 4767 fuerint,

2256 4811 2399 4881 quod
2427 4805 2688 4861 Domitius
2724 4806 2802 4859 ait
2843 4803 2894 4858 in
2929 4801 3220 4873 Evangelia
3247 4841 3260 4855 .
3299 4818 3318 4851 ι
3348 4798 3404 4854 In
3448 4796 3854 4855 resurrectione

2256 4916 2435 4970 neque
2464 4899 2692 4959 nubunt,
2720 4911 2894 4966 neque
2914 4895 3207 4957 nubentur,
3235 4892 3328 4947 sed
3355 4899 3482 4948 sunt
3511 4891 3653 4947 sicut
3672 4888 3853 4960 angeli

2255 4993 2348 5048 Dei
2372 4991 2426 5046 in
2450 4989 2590 5045 coelo
2610 4987 2764 5057 (Luc.
2794 4988 2908 5057 xx).
2933 5007 2953 5039 ι
2980 4983 3243 5055 Equi-les
3265 4982 3411 5039 enim
3435 4981 3642 5053 angelis
3663 4988 3851 5046 erunt,

2249 5099 2375 5139 eum
2416 5081 2508 5137 lilii
2553 5087 2970 5136 resurrectionis
3018 5075 3240 5133 fuerint.
3292 5071 3522 5129 Pulchre
3566 5086 3700 5144 ergo
3742 5072 3853 5126 cir-

2250 5174 2579 5232 cutnciditur
2605 5187 2758 5243 puer.
2807 5167 3006 5226 Factus
3045 5176 3132 5225 est
3166 5168 3310 5225 enim
3344 5181 3501 5236 puer,
3528 5164 3619 5237 qui
3650 5179 3854 5234 pueros

2250 5270 2551 5340 quaerebat,
2579 5267 2632 5321 id
2655 5276 2735 5321 est
2769 5278 2957 5334 puros.
2988 5261 3122 5330 Quis
3145 5270 3231 5317 est
3262 5261 3363 5315 iste
3398 5274 3551 5329 puer,
3594 5257 3698 5312 nisi
3737 5255 3851 5322 ille,

2250 5379 2341 5434 qui
2386 5376 2509 5417 cum
2557 5357 2629 5414 sit
2678 5370 2904 5425 magnus
2951 5364 3005 5409 et
3049 5350 3336 5407 laudabilis
3375 5347 3557 5412 nimis,
3597 5355 3653 5402 et
3694 5350 3853 5415 cujus

2254 5452 2638 5525 magnitudinis
2679 5468 2782 5505 non
2828 5460 2911 5507 est
2959 5450 3104 5513 linis,
3154 5461 3374 5519 preptct‘
3412 5460 3512 5500 nos
3553 5456 3687 5514 puer
3727 5440 3849 5497 ﬁeri

2251 5554 2503 5620 dignatus
2521 5549 2636 5605 est?
2666 5550 2739 5604 De
2760 5564 2868 5619 quo
2891 5548 3148 5617 scriptum
3174 5553 3252 5599 est
3284 5562 3297 5598 :
3331 5562 3349 5595 ι
3374 5543 3513 5598 Ecce
3535 5555 3669 5611 puer
3691 5555 3850 5596 meus

2250 5645 2453 5699 electus
2485 5648 2643 5713 quem
2672 5641 2809 5711 elegi
2832 5683 2847 5704 ,
2891 5640 3042 5712 posui
3072 5637 3431 5708 principatum
3462 5648 3626 5706 super
3654 5634 3849 5687 hume-

2255 5757 2374 5796 rum
2396 5739 2533 5810 ejus,
2564 5747 2620 5793 et
2649 5737 2929 5791 vocabitur
2944 5748 3138 5788 nomen
3162 5731 3279 5802 ejus
3299 5728 3671 5793 Adutirabilis,
3698 5727 3847 5785 Ceno

2252 5831 2515 5898 siliarius,
2543 5829 2705 5897 Deus,
2737 5826 2940 5892 Fortis,
2964 5823 3128 5880 Pater
3141 5819 3311 5878 futuri
3336 5819 3548 5890 seculi,
3570 5818 3849 5891 Princeps
