4038 6352
1430 327 1734 393 ΒΟΜῙΕΙᾸ
1778 327 1868 387 ΒΕ
1904 325 2248 389 TEMl-‘ORE.

3409 332 3481 393 Μ

167 440 349 513 pacis
389 437 538 513 (Ira.
584 440 695 512 ix).
739 459 761 494 ι
817 439 972 509 Quod
1019 448 1199 497 autem
1246 439 1333 497 die
1357 440 1795 501 circumcisionis
1820 450 2115 514 Acentos,
2157 442 2250 512 qui
2294 442 2452 498 simul
2498 443 2672 513 juncti
2704 445 2835 505 fiunt
2884 447 3178 519 octingenti
3203 451 3484 522 octoginta

165 533 381 605 pueris
408 532 631 589 nomina
663 532 1103 602 imponebantur,
1137 548 1204 588 ex
1242 547 1307 590 eo
1346 534 1397 588 in
1438 533 1788 590 consuetudi-

169 640 319 681 nem
370 626 587 683 venisse
627 627 993 694 arbitramur,
1048 629 1191 699 quod
1235 627 1428 684 beatus
1478 629 1790 700 patriarcha

165 715 498 785 Abraham,
563 717 617 774 id
670 727 753 774 est
810 729 963 789 pater
1008 720 1303 775 multarum
1346 722 1621 792 gendum,
1664 738 1789 778 cum

167 809 475 883 signaculo
500 812 933 869 circumcisionis
974 823 1323 885 augmentum
1360 824 1415 870 et
1456 815 1789 889 immutatio-

166 916 318 961 nem
356 905 657 974 promeruit
680 907 935 968 nominis,
977 917 1037 961 ut
1074 909 1164 976 qui
1208 909 1470 963 hactenus
1506 910 1790 964 dicebatur

164 993 420 1061 Abram,
459 995 515 1051 id
569 1006 655 1053 est
693 1006 849 1066 pater
911 999 1177 1061 excelsus.
1211 999 1466 1069 deinceps
1517 1000 1790 1056 diceretur

163 1087 491 1154 Abraham,
525 1088 581 1145 id
618 1102 703 1146 est
742 1102 896 1161 pater
931 1091 1222 1147 multarum
1250 1093 1512 1160 gentium,
1559 1090 1787 1147 Domino

166 1179 408 1236 dicente
433 1199 446 1237 :
484 1198 504 1237 ι
534 1180 670 1249 Quia
700 1192 907 1251 patrem
940 1182 1225 1239 multarum
1262 1184 1502 1255 gentium
1530 1183 1786 1240 Constitui

168 1279 235 1326 te
258 1281 397 1328 ante
423 1271 618 1337 Deum,
640 1274 728 1329 cui
750 1274 1028 1328 credidisti
1054 1271 1207 1343 (Gen.
1241 1275 1397 1347 xvu).
1432 1296 1453 1328 »υ
1478 1274 1589 1332 Nec
1611 1274 1784 1330 solum

167 1364 339 1436 ipse,
386 1366 485 1424 sed
532 1367 694 1422 etiam
736 1368 1063 1423 venerabilis
1105 1384 1242 1423 uxor
1282 1368 1399 1438 ejus
1439 1376 1783 1436 augmentum

164 1455 428 1512 nominis
457 1471 583 1512 cum
613 1442 991 1512 immutatione
1024 1459 1346 1528 promeruit.
1376 1468 1435 1513 ut
1484 1474 1603 1528 qua:
1635 1458 1784 1528 prius

162 1546 471 1603 dicebatur
501 1547 679 1612 Sarai,
718 1548 769 1602 id
798 1557 883 1603 est
911 1549 1162 1619 princeps
1190 1563 1328 1613 mea,
1360 1549 1555 1604 deinde
1580 1548 1785 1603 dicere.

162 1646 270 1693 tur
316 1636 493 1704 Sara,
535 1639 588 1695 id
639 1652 726 1696 est
772 1642 1022 1712 princeps
1062 1651 1370 1697 sanctarum
1419 1640 1785 1705 feminarum,

162 1731 299 1786 sive
323 1733 581 1804 princeps
601 1734 816 1789 domus.
847 1733 998 1791 Unde
1025 1746 1212 1789 errant
1234 1736 1325 1804 qui
1358 1745 1548 1807 putant
1582 1751 1781 1790 nomen

1895 545 2019 591 octo
2051 553 2063 588 :
2096 544 2152 591 et
2191 535 2444 592 denari-.5
2483 538 2700 606 quidem
2747 555 3004 595 numerus
3050 539 3117 594 ad
3164 540 3482 614 deealogtuu

1895 625 2028 695 legis
2055 626 2304 696 pertinet,
2336 626 2460 696 quia
2491 628 2674 682 decem
2706 640 2970 702 praecepta
3000 630 3132 700 legis
3157 630 3326 704 Moysi
3354 630 3481 689 data

1892 723 2017 768 sunt
2042 732 2054 769 :
2088 727 2214 770 octo
2236 726 2440 782 autem,
2473 718 2538 770 ad
2564 721 3012 776 resurrectionem
3038 722 3330 794 pertinent,
3354 724 3481 794 quia

1891 816 2085 861 octavo
2115 807 2201 861 die
2233 807 2491 862 Dominus
2524 812 2844 877 resurrexit,
2891 823 2946 866 et
2992 812 3044 868 iu
3075 826 3266 869 octava
3295 814 3480 871 seculi

1890 907 2050 953 a-tate
2086 908 2489 956 resurrecturos
2514 919 2613 958 nos
2645 907 2985 967 monstravit,
3004 905 3157 973 juxta
3183 909 3312 965 illud
3334 909 3481 980 quod

1892 991 1945 1046 in
1978 992 2268 1048 Salomone
2293 993 2525 1066 legitur:
2559 1016 2577 1047 ι
2608 997 2681 1052 Da
2722 1006 2904 1068 partes
2933 1010 3159 1069 septem,
3190 1019 3401 1059 necnon
3426 1012 3483 1061 et

1888 1083 2205 1140 octotEccl.
2233 1086 2332 1157 ιιι).
2366 1107 2385 1139 ι
2425 1086 2780 1160 Septuaginta
2829 1105 3044 1160 quoque
3093 1094 3159 1147 ad
3207 1095 3478 1165 pwuiten-

1888 1175 2020 1230 tiam
2051 1177 2345 1248 pertinent,
2378 1180 2504 1250 quia
2546 1181 2634 1237 ille
2669 1182 2899 1253 populus
2934 1183 3025 1253 qui
3068 1184 3175 1238 l‘eo
3212 1188 3478 1256 peccavit,

1888 1281 1986 1335 per
2015 1267 2355 1340 septuaginta
2390 1286 2563 1326 annos
2595 1271 2647 1325 in
2692 1273 3007 1343 captivitate
3050 1271 3340 1345 B..bylouis
3379 1275 3476 1333 sub

1888 1361 2383 1418 Nabuchodonosor
2426 1381 2551 1436 rege
2597 1362 2716 1420 fuit.
2757 1365 2822 1420 Et
2861 1382 2983 1422 cum
3030 1368 3096 1422 de
3139 1368 3499 1427 remittendis

1886 1456 2127 1526 peccatis
2173 1454 2369 1511 Petrus
2419 1459 2736 1528 magistrum
2787 1458 3208 1530 interrogasset,
3250 1461 3474 1517 dicens:

1891 1566 1911 1601 ς
1940 1546 2162 1614 Quoties
2208 1549 2455 1617 peccabit
2509 1551 2560 1607 in
2595 1566 2681 1604 me
2715 1549 2887 1606 frater
2924 1568 3076 1608 meus
3114 1561 3169 1609 et
3206 1554 3475 1611 dimittam

1883 1641 1970 1695 ei?
2004 1658 2177 1713 usque
2210 1644 2446 1714 septies?
2476 1654 2603 1700 tunc
2632 1642 2790 1701 Iesus
2820 1648 2898 1701 ait
2927 1647 3000 1703 illi
3028 1665 3042 1702 :
3076 1646 3191 1702 Non
3223 1649 3346 1703 dico
3378 1648 3477 1705 tibi

1883 1751 2055 1806 usque
2083 1739 2303 1808 septies,
2337 1740 2430 1793 sed
2473 1754 2643 1809 usque
2682 1740 2988 1812 septuagies
3020 1743 3219 1811 septies
3250 1739 3472 1811 (Matth.

163 1821 335 1879 Sara:
377 1839 475 1895 per
515 1824 621 1879 duo
661 1842 717 1878 rr
752 1826 1119 1882 scribendum.
1171 1827 1409 1881 Primum
1449 1825 1774 1897 enimapud
1810 1825 1857 1888 Β
1881 1829 2059 1897 xvm).
2091 1849 2109 1885 ι
2146 1829 2506 1886 Genti-uarius
2548 1831 2745 1901 quippe
2789 1846 3047 1887 nmuerus
3087 1830 3474 1900 perfectionem

160 1911 442 1970 chraaos
465 1931 560 1986 per
584 1918 667 1971 sin
693 1957 709 1982 ,
741 1934 820 1971 res
841 1958 854 1980 ,
882 1927 938 1975 et
963 1918 1034 1971 iot
1057 1916 1383 1973 elementum
1414 1913 1771 1973 scribebatur.

159 2001 406 2070 Sublato
433 2022 567 2078 ergo
602 2008 674 2062 iot
712 2008 980 2065 elemento
1012 2011 1080 2066 de
1110 2009 1215 2066 fine
1235 2010 1492 2076 nominis,
1531 2009 1775 2065 additum

155 2104 254 2152 est
274 2096 454 2168 aleplt,
485 2108 542 2154 et
568 2099 773 2155 dictum
801 2112 885 2156 est
915 2100 1075 2157 Sara.

244 2208 265 2242 ι
298 2190 569 2248 Vocatum
599 2202 682 2267 est
713 2210 909 2253 nomen
945 2210 1066 2266 ejus
1098 2192 1291 2261 Jesus,
1333 2195 1476 2266 quod
1518 2203 1772 2251 vocatum

161 2302 179 2333 ι
215 2291 311 2339 est
340 2285 411 2341 ab
438 2286 655 2357 angelo,
684 2288 998 2358 priusquam
1040 2289 1094 2343 in
1134 2298 1289 2342 utero
1313 2287 1713 2358 conciperetur.
1744 2308 1765 2341 ι

158 2374 219 2430 Si
243 2377 389 2446 quis
405 2387 589 2435 autem
612 2390 840 2447 qmerat,
864 2380 1082 2449 quando
1105 2379 1224 2449 ejus
1247 2394 1444 2433 nomen
1466 2378 1535 2431 ab
1557 2377 1769 2448 angelo,

158 2478 471 2539 antequam
512 2470 566 2525 in
606 2480 764 2526 utero
796 2473 1195 2542 conciperetur,
1231 2479 1480 2525 vocatum
1508 2471 1613 2534 sit,
1647 2479 1774 2524 tunc

157 2564 287 2620 sine
311 2562 512 2627 dubio,
543 2564 766 2633 quando
801 2565 877 2618 ait
905 2562 1127 2633 angelus
1163 2563 1229 2619 ad
1268 2561 1533 2616 Mariam:
1582 2580 1601 2615 ι
1631 2560 1765 2626 Ave,

158 2656 348 2727 gratia
374 2654 557 2726 plena,
586 2655 849 2711 Dominus
873 2639 1072 2719 tecum,
1104 2655 1390 2715 benedicta
1419 2663 1474 2709 tu
1506 2654 1557 2708 iu
1584 2653 1769 2707 mulie—

163 2748 345 2813 ribus,
374 2755 432 2803 et
456 2746 777 2802 benedietus
806 2746 1018 2802 fructus
1043 2746 1251 2801 ventris
1289 2744 1385 2799 tui.
1427 2744 1580 2810 Quod
1618 2743 1765 2798 enim

167 2854 234 2895 es
278 2848 338 2894 te
382 2847 640 2896 nascetur
681 2848 956 2902 sanctum,
995 2837 1277 2893 vocabitur
1318 2835 1488 2891 Filius
1530 2834 1644 2889 Dei.
1686 2832 1765 2889 Ne

163 2931 379 2993 tineas,
423 2929 611 2992 Maria.
647 2931 726 2986 im
742 2930 903 2986 enisti
939 2929 1172 2998 gratiam
1217 2928 1358 2998 apud
1401 2928 1592 2992 Deum,
1635 2940 1761 2982 cecc

157 3023 440 3092 concipies
463 3032 519 3078 et
546 3023 731 3093 paries
754 3021 951 3087 lilium,
977 3032 1033 3078 et
1064 3020 1281 3077 vocabis
1307 3035 1502 3075 nomen
1534 3017 1649 3088 ejus
1671 3016 1761 3075 Je-

155 3106 320 3181 sumi
349 3114 437 3170 hic
463 3115 571 3171 erit
598 3130 859 3185 magnus,
904 3122 961 3169 et
1005 3113 1149 3168 filius
1172 3113 1435 3199 Altissimi
1474 3112 1758 3168 vocabitur

1878 1919 2003 1973 vita!
2028 1929 2245 1976 acterna:
2275 1921 2565 1994 signiticet,
2594 1923 2735 1978 sicut
2763 1923 2827 1975 de
2856 1923 3046 1978 eodem
3076 1922 3356 1987 Dominus,
3379 1923 3474 1994 qui

1824 2020 1829 2025 '
1874 2010 2057 2064 omnia
2088 2026 2181 2065 sua
2214 2027 2310 2079 pro
2338 2010 2458 2080 ejus
2495 2026 2682 2066 amore
2721 2011 3028 2082 reliquerat,
3064 2013 3181 2067 ait:
3218 2031 3237 2067 t
3267 2011 3470 2068 Centu-

1872 2100 2021 2170 plum
2061 2101 2312 2171 accipiet,
2353 2111 2406 2156 et
2433 2102 2596 2155 vitam
2629 2110 2890 2156 aeternam
2921 2101 3218 2171 possidebit
3253 2099 3468 2166 (Matth.

1874 2198 2011 2267 xix).
2046 2216 2063 2247 ι
2103 2193 2272 2265 Η.ι]ιιε
2301 2196 2511 2251 numeri
2544 2205 2972 2262 sacramentum,
3022 2195 3073 2249 in
3116 2195 3231 2266 ipsa
3270 2193 3470 2266 digito-
3548 2266 3557 2273 τ

1874 2310 1992 2349 rum
2036 2294 2438 2364 computatione
2474 2293 2814 2359 ostenditur,
2864 2293 3079 2363 quando
3123 2291 3468 2347 centenarius

1872 2403 2130 2443 numerus
2158 2389 2224 2443 de
2256 2388 2386 2442 laeva
2427 2388 2622 2441 transit
2663 2387 2719 2441 iu
2758 2387 3064 2450 dexteram,
3095 2393 3152 2439 et
3198 2382 3464 2439 circulum

1872 2478 2204 2547 exprimens,
2245 2476 2305 2531 fit
2337 2479 2388 2531 in
2422 2476 2639 2531 modun
2673 2490 2924 2530 coronae:
2958 2474 3045 2528 illa
3078 2489 3278 2528 corona
3308 2480 3467 2529 teter-

1873 2582 1997 2623 nam
2027 2567 2416 2621 beatitudinem
2448 2565 2741 2637 signiﬁcat,
2783 2581 2944 2635 quam
2976 2578 3075 2634 pro
3104 2565 3260 2619 bonis
3286 2565 3465 2634 operi-

1868 2655 1970 2710 bus
2012 2671 2071 2709 se
2110 2664 2459 2724 accepturum
2498 2663 2744 2715 noverat,
2780 2654 2870 2724 qui
2915 2653 3166 2707 dicebat:
3206 2671 3224 2703 ι
3255 2652 3458 2706 Bonum

1867 2755 2145 2803 certamen
2187 2746 2414 2811 certavi,
2458 2761 2673 2800 cursum
2713 2745 3116 2809 consunnnavi,
3145 2745 3303 2801 fidem
3346 2761 3460 2802 ser-

1864 2835 2018 2899 vari,
2069 2837 2136 2891 de
2176 2836 2385 2903 reliquo
2426 2835 2661 2906 reposita
2702 2845 2786 2890 est
2821 2834 2948 2890 mihi
2996 2850 3197 2891 corona
3233 2834 3459 2905 justitite

1866 2925 1917 2997 (I
1951 2924 2085 2979 Tim.
2119 2925 2214 2998 iv).
2248 2946 2266 2978 ι
2311 2925 2374 2982 Ει
2408 2941 2507 2981 nos
2544 2926 2707 3001 igitur
2749 2929 2803 2982 in
2842 2927 2946 2983 hoc
2982 2925 3328 2983 sanctissimo
3361 2943 3457 2983 uo-

1862 3021 2009 3074 mine
2039 3019 2320 3074 denarium
2356 3034 2638 3076 numerum
2672 3019 3009 3090 reperimus,
3048 3034 3173 3074 cum
3213 3018 3455 3091 decalogi

1861 3114 2113 3169 mandata
2138 3128 2459 3167 servamus:
2490 3121 2738 3170 tenemus
2755 3112 3114 3175 octonarium,
3143 3128 3265 3169 cum
3291 3111 3452 3170 fidem

155 3204 324 3277 (an.
351 3204 413 3277 ι).
442 3225 463 3259 ι
494 3204 602 3262 Nec
626 3205 800 3262 solum
831 3205 935 3262 hoc
959 3186 1361 3261 sanctissimum
1389 3218 1583 3260 nomen
1610 3212 1757 3258 ante-
1783 3186 1831 3249 ε
1862 3205 2280 3261 resurrectionis
2318 3205 2593 3260 credimus
2627 3223 2639 3259 :
2690 3206 2950 3262 habemus
2994 3215 3048 3261 et
3088 3217 3448 3276 septuagena-

152 3311 334 3366 quam
359 3297 728 3366 conciperetur
756 3297 811 3352 in
847 3307 1004 3354 utero
1041 3297 1110 3351 ab
1147 3295 1338 3368 angelo
1365 3303 1612 3351 vocatum
1649 3305 1750 3357 est,

157 3385 266 3441 sed
296 3385 463 3441 etiam
487 3386 640 3459 longe
662 3397 817 3444 antea
868 3389 1195 3459 patriarcbis
1227 3400 1283 3443 et
1318 3386 1595 3459 prophetis
1619 3401 1757 3457 prte-

154 3480 397 3547 da'etum,
436 3482 578 3552 quod
621 3482 787 3539 Filius
828 3484 923 3540 Dei
968 3486 1131 3540 homo
1168 3481 1363 3544 factus,
1403 3483 1505 3537 hoc
1538 3482 1757 3536 nomine

154 3582 456 3630 vocaretur
474 3573 726 3633 videlicet
741 3574 938 3632 Jesns:
967 3577 1093 3647 quia
1117 3575 1274 3642 tesus
1299 3574 1525 3630 Hebraea
1551 3573 1752 3645 lingua,

156 3667 212 3721 in
238 3675 430 3723 nostra
457 3667 696 3727 salvator
735 3671 852 3727 sive
889 3671 1143 3726 minuaris
1170 3671 1387 3726 dicitur.
1436 3668 1755 3739 Ubicunque

158 3757 305 3812 enim
328 3757 474 3829 apud
500 3774 600 3815 nos
626 3759 869 3817 sabttare‘
890 3761 1103 3833 legitur.
1133 3761 1187 3817 in
1217 3759 1445 3816 Hebraeo
1466 3758 1624 3815 .lcsus
1657 3761 1753 3815 ba-

163 3851 335 3917 betur,
365 3852 511 3908 sicut
538 3864 621 3909 est
657 3854 825 3910 illud:
860 3874 880 3906 ι
914 3854 1167 3909 Salutare
1216 3863 1363 3910 tuum
1402 3852 1751 3924 exspectabo,

169 3941 386 4002 Domine
407 3944 564 4020 (Gen.
592 3953 764 4015 um).
798 3969 818 4000 ι
855 3948 921 4003 Ει
948 3949 1150 4003 Isaias:
1181 3965 1202 4000 ι
1227 3946 1482 4003 Gaudens
1506 3947 1754 4018 gaudelo

165 4036 216 4092 in
242 4039 874 4107 Domino,etexsultabit
898 4042 1076 4097 anima
1105 4056 1225 4096 mea
1249 4042 1304 4096 iu
1335 4042 1444 4096 Deo
1472 4040 1599 4096 Jesu
1630 4055 1754 4097 meo

164 4128 296 4203 (Ira.
334 4132 466 4205 ιιι).
501 4153 525 4185 r
559 4134 628 4189 Et
664 4137 716 4189 in
751 4134 1020 4189 Psalmis;
1056 4154 1074 4186 ι
1111 4134 1378 4189 Memento
1419 4137 1623 4197 nostri,
1642 4134 1752 4188 Do-

164 4222 329 4290 mine,
357 4223 414 4279 in
442 4224 782 4295 beneplacito
811 4226 991 4297 populi
1024 4227 1133 4289 toi,
1174 4226 1331 4281 visita
1366 4240 1473 4281 nos.
1508 4226 1561 4281 in
1602 4225 1751 4280 satu-

166 4313 267 4368 tari
308 4322 409 4370 tuo
448 4314 622 4386 (Paul.
660 4319 849 4388 ων),
880 4338 901 4369 ι
949 4326 1006 4373 et
1056 4316 1221 4373 multa
1255 4317 1400 4371 talia.
1431 4317 1499 4373 Et
1524 4332 1631 4372 nou
1663 4332 1755 4374 so-

166 4404 269 4461 lum
305 4415 553 4463 sanetum
593 4424 711 4478 ejus
752 4425 950 4465 munem
1000 4424 1037 4466 δ
1078 4411 1358 4482 prophetis
1411 4419 1465 4465 et
1518 4411 1754 4481 patriar-

165 4500 308 4567 ehis,
342 4509 639 4572 antequam
676 4503 1075 4573 conciperetur,
1126 4504 1445 4573 praedictum
1487 4512 1605 4567 est,
1654 4505 1757 4560 sed

1859 3300 2027 3363 rium,
2068 3300 2285 3369 quando
2313 3307 2534 3369 peccata
2566 3308 2753 3354 nostra
2785 3298 2960 3355 ﬂendo
2990 3301 3262 3370 punimus.
3298 3299 3457 3358 Tune

1858 3400 2039 3445 autem
2068 3391 2136 3445 ad
2166 3390 2537 3445 centenarium
2566 3391 2921 3460 perveniunt,
2963 3405 3085 3451 cum
3114 3400 3235 3461 post
3259 3405 3448 3461 corpo-

1859 3483 2028 3537 ralem
2051 3481 2507 3537 resurrectionem
2532 3482 2598 3535 ad
2628 3496 2898 3537 summam
2922 3490 2977 3536 et
3000 3480 3295 3551 perfectam
3321 3484 3448 3538 bea-

1858 3572 2141 3628 titudinem
2183 3573 2378 3628 annuae
2424 3581 2479 3627 et
2525 3574 2772 3643 corporis
2814 3572 3158 3644 perveniunt,
3201 3574 3327 3644 quia
3370 3574 3449 3635 lbi

1856 3665 1963 3722 erit
1986 3668 2163 3721 onmis
2190 3663 2474 3735 perfectio,
2513 3665 2602 3721 ubi
2644 3664 2791 3720 nulla
2840 3663 3004 3721 fuerit
3035 3666 3330 3736 corruptio.
3370 3665 3447 3724 ibi

1855 3758 2096 3829 perfecta
2127 3759 2335 3823 laetitia,
2364 3759 2453 3813 ubi
2489 3758 2632 3813 nulla
2662 3759 2903 3824 tristitia,
2928 3760 3153 3830 quando
3172 3762 3447 3833 absterget

1856 3855 2001 3912 Deus
2020 3872 2237 3911 onmem
2267 3848 2562 3928 iacrymam
2593 3857 2661 3911 ab
2687 3856 2861 3919 oculis
2892 3867 3226 3913 sanctorum.
3267 3855 3444 3915 Etiam

1856 3963 1962 4004 non
2000 3948 2108 4004 erit
2136 3948 2334 4013 luc:us,
2372 3964 2546 4017 neque
2576 3946 2806 4011 clamor,
2846 3962 3021 4017 neque
3067 3947 3208 4004 ullus
3251 3946 3443 4004 dolor:

1854 4040 2109 4109 quoniam
2141 4039 2320 4109 priora
2352 4038 2707 4103 transierunt,
2743 4037 2957 4106 quando
2987 4039 3237 4101 gaudium
3272 4047 3329 4095 et
3352 4038 3447 4101 la:-

1856 4129 2030 4184 titiain
2057 4130 2383 4185 obtinebunt
2410 4131 2501 4200 qui
2534 4128 2795 4198 redempti
2828 4127 3029 4184 fuerint
3058 4143 3087 4184 a
3121 4128 3365 4193 Domino,
3393 4137 3450 4184 et

1854 4222 2024 4295 fugiet
2056 4224 2122 4281 ab
2150 4223 2232 4278 eis
2265 4222 2419 4277 dolor
2457 4233 2514 4278 et
2550 4224 2818 4294 gemitus,
2860 4230 2912 4277 et
2957 4221 3177 4276 venient
3217 4222 3269 4275 iu
3314 4218 3453 4277 Sion

1854 4317 2133 4381 hetautes,
2183 4326 2239 4370 et
2279 4314 2463 4371 laetitia
2496 4316 2826 4385 Sempiterna
2857 4328 3021 4384 super
3053 4314 3230 4384 capita
3257 4327 3447 4369 eorum

1856 4408 1994 4482 Usa.
2019 4419 2194 4479 nivi.
2222 4407 2375 4476 Quod
2401 4407 2656 4479 gaudium
2689 4409 2827 4463 bene
2855 4406 3128 4479 sigmticat
3152 4404 3331 4470 Isaac,
3351 4403 3448 4475 qui

1855 4501 1923 4557 de
1959 4500 2275 4556 centenario
2315 4506 2470 4570 patre
2508 4507 2690 4565 natus,
2722 4507 2919 4557 octavo
2957 4497 3044 4554 die
3067 4496 3445 4560 circumcisus,

165 4593 325 4651 etiam
351 4601 481 4648 ante
501 4595 683 4648 omnia
715 4595 911 4650 secula
952 4611 982 4650 a
1030 4596 1139 4651 Deo
1168 4595 1328 4651 Patre
1357 4596 1662 4664 pra-scitum
1691 4606 1753 4652 et
1782 4576 1994 4657 B‘rirus
2019 4597 2431 4668 interpretatur.
2456 4595 2609 4652 Illum
2634 4595 2887 4652 nimirum
2911 4592 3249 4665 spiritualem
3277 4591 3446 4649 risum

166 4684 626 4755 pnedestinatum,
658 4695 717 4741 ut
744 4687 889 4742 Deus
925 4688 1088 4743 homo
1124 4686 1304 4743 factus
1332 4687 1495 4744 Jesus
1528 4703 1750 4744 vocare-

168 4785 270 4842 tur,
297 4776 350 4832 id
376 4786 463 4833 est
483 4779 746 4842 salvator,
776 4789 833 4834 ut
858 4780 1001 4835 sicut
1027 4796 1057 4834 a
1085 4778 1308 4835 Christo
1327 4779 1621 4836 Christiani
1654 4795 1749 4835 vo-

167 4883 361 4932 camur,
388 4869 467 4925 sic
485 4870 649 4926 etiam
673 4887 715 4925 a-
731 4869 1045 4937 Salvatorer
1057 4872 1248 4927 satvati
1272 4887 1742 4944 nuncuparemur:

166 4962 286 5033 quia
310 4977 417 5020 non
446 4964 705 5019 estaliud
732 4979 929 5020 nomen
967 4967 1070 5021 sub
1110 4964 1249 5021 calo
1288 4966 1474 5019 datum
1514 4964 1747 5019 homini-

168 5052 279 5119 bus,
309 5062 371 5109 ut
394 5054 471 5109 ait
495 5054 703 5112 Petrus
715 5056 1016 5129 apostolus,
1042 5057 1094 5111 in
1117 5073 1225 5127 quo
1249 5066 1498 5128 oporteat
1522 5072 1621 5112 nos
1642 5055 1751 5112 sal-

168 5148 272 5202 vari
292 5147 435 5220 (Act.
460 5150 559 5219 ιν).
595 5148 709 5205 Nec
732 5149 908 5206 solum
937 5160 1118 5207 autem
1145 5151 1196 5206 iu
1220 5150 1549 5223 etymologia
1576 5152 1757 5206 nomi-s

170 5240 403 5312 nis'ejns
417 5250 611 5298 nostra
638 5242 793 5299 saltm
814 5244 1145 5311 continetur,
1188 5246 1293 5300 sed
1318 5245 1484 5299 etiam
1530 5246 1583 5299 in
1621 5245 1759 5315 ipsis

170 5334 350 5391 litteris
388 5336 589 5406 quibus
644 5337 747 5392 hee
787 5353 983 5392 nomen
1039 5339 1178 5408 apud
1216 5337 1433 5395 Grmcos
1467 5338 1746 5405 scribitur,

171 5442 348 5497 magna
375 5427 525 5484 salus
552 5440 735 5484 nostra
773 5429 1064 5483 invenitur.
1087 5428 1247 5484 Jesus
1265 5431 1410 5486 enim
1433 5431 1572 5501 apud
1598 5430 1749 5515 Grae-

172 5536 373 5580 cossex
407 5522 604 5579 litteris
631 5523 914 5584 scribitur,
945 5533 1169 5578 lllSOl'S.
1217 5523 1348 5591 Quae
1382 5524 1577 5580 littera:
1614 5541 1749 5580 con-

173 5615 331 5673 tinent
370 5616 427 5671 in
468 5629 531 5672 se
568 5630 823 5685 maguum
866 5629 1149 5669 numerum
1181 5624 1236 5669 et
1273 5617 1324 5669 in
1367 5616 1483 5685 ipso
1522 5632 1751 5672 numero

174 5724 411 5785 magnum
442 5722 869 5772 sacramentum,
901 5708 1088 5765 decem
1116 5707 1368 5764 videlicet
1401 5720 1459 5766 et
1493 5722 1616 5768 orto
1645 5714 1748 5768 du-

175 5813 387 5873 ecutos,
412 5803 793 5879 neptunia“,
818 5801 1281 5876 Minatium,
1313 5812 1373 5861 et
1405 5806 1602 5864 iterum
1642 5808 1751 5865 du-

1855 4689 1938 4744 vel
1959 4688 2215 4760 gaudium
2241 4688 2578 4759 significans,
2608 4687 2751 4758 quod
2783 4699 2966 4741 nosuer
2993 4684 3162 4749 Isaac,
3190 4684 3451 4741 Dominus

1853 4782 2062 4838 scilicet
2102 4778 2260 4836 Iesus
2305 4780 2584 4842 Christus,
2635 4778 2886 4848 promisit
2922 4777 3155 4833 dierns:
3196 4796 3215 4829 ι
3245 4776 3447 4833 lterum

1852 4872 2048 4927 videbo
2092 4885 2220 4934 vos;
2263 4878 2321 4923 et
2366 4870 2620 4940 gaudebit
2647 4884 2745 4924 cor
2786 4876 3049 4934 vestrum,
3088 4879 3142 4925 et
3186 4871 3442 4936 gaudium

1852 4973 2092 5020 vestrum
2123 4978 2282 5018 nemo
2306 4962 2453 5019 tollet
2483 4978 2512 5015 a
2544 4962 2695 5018 vobis
2722 4962 2907 5025 (Jean.
2934 4964 3068 5035 xvi).
3101 4984 3121 5016 ι
3158 4963 3220 5018 Et
3247 4964 3314 5019 de
3339 4979 3449 5033 quo

1862 5070 1962 5127 per
1992 5053 2210 5109 beatum
2251 5051 2355 5108 Job
2393 5053 2630 5108 dicitur:
2677 5072 2694 5105 ι
2724 5052 2799 5110 Os
2836 5056 3107 5110 veracium
3150 5055 3449 5125 replebitur

1862 5150 1973 5205 risu
2003 5146 2127 5219 (Job
2172 5150 2281 5217 vr)-
2305 5166 2327 5199 ι
2372 5146 2437 5202 Ει
2479 5147 2533 5201 iu
2572 5145 2730 5202 laude
2763 5147 3055 5203 Ecclesiaa:
3099 5166 3119 5199 ε
3150 5147 3215 5203 Ει
3250 5148 3449 5205 ridebit

1861 5242 1915 5297 in
1953 5242 2040 5296 uie
2080 5239 2369 5296 novissima
2410 5236 2591 5309 (Prov.
2621 5247 2795 5303 xxxi).
2828 5258 2852 5294 ι
2882 5240 2988 5296 Sed
3014 5239 3140 5310 quia
3168 5255 3351 5296 sermo
3379 5239 3449 5297 de

1859 5332 2270 5389 circumcisione
2289 5329 2497 5386 Domini
2521 5346 2579 5387 se
2600 5332 2797 5392 intulit.
2822 5332 2952 5388 libet
2973 5334 3168 5389 intueri
3191 5334 3321 5403 quid
3341 5340 3447 5395 est.

1857 5424 1998 5498 quod
2027 5434 2137 5478 toto
2162 5433 2400 5491 tempore
2423 5423 2649 5479 ducatus
2679 5423 2869 5496 Moysi,
2911 5425 3090 5481 nullus
3119 5440 3183 5481 ex
3220 5424 3343 5479 litis
3364 5423 3446 5478 ls-

1859 5520 1970 5575 rael
1989 5517 2347 5574 circumcisus
2368 5514 2534 5573 fuisse
2558 5517 2772 5589 legitur,
2795 5528 3023 5590 excepto
3046 5533 3154 5575 uno
3174 5518 3286 5573 ﬁlio
3306 5515 3444 5584 eius,

1852 5628 2012 5683 quem
2031 5625 2167 5664 uxor
2190 5608 2332 5662 illius
2353 5608 2406 5662 in
2433 5609 2643 5677 itinere,
2664 5627 2729 5667 ne
2749 5615 2816 5666 ab
2839 5600 3036 5682 angelo
3049 5616 3443 5683 percuteretur,

1852 5707 2162 5765 acutissima
2184 5713 2332 5775 petra
2356 5704 2722 5771 circumcidit,
2744 5708 2966 5762 dicens:
2999 5727 3018 5757 ο
3048 5705 3292 5773 Sponsus
3313 5720 3444 5759 san-

1849 5802 2071 5878 guinutu
2118 5808 2176 5854 tu
2215 5797 2352 5856 mihi
2391 5814 2473 5857 es.
2512 5818 2541 5854 ν
2595 5798 2741 5869 Quid
2781 5811 2867 5858 est
2906 5800 3055 5857 enim
3082 5798 3237 5873 quod
3275 5797 3447 5871 ἱυιώ
