  <div class='ocr_page' id='page_1' title='image "/cluster/home/n/w/nwhite01/storage/ocr_20150623/118/hvd.32044015466907/053.png"; bbox 0 0 4038 6352; ppageno 0'>
   <div class='ocr_carea' id='block_1_1' title="bbox 564 338 3881 411">
    <p class='ocr_par' dir='ltr' id='par_1_1' title="bbox 564 338 3881 411">
     <span class='ocr_line' id='line_1_1' title="bbox 564 338 3881 411; baseline 0 -1"><span class='ocrx_word' id='word_1_1' title='bbox 564 347 635 410; x_wconf 71' lang='lat' dir='ltr'><strong>9S</strong></span> <span class='ocrx_word' id='word_1_2' title='bbox 1226 346 1530 407; x_wconf 82' lang='lat' dir='ltr'><strong>HAMONlS</strong></span> <span class='ocrx_word' id='word_1_3' title='bbox 1568 340 2049 405; x_wconf 80' lang='lat' dir='ltr'><strong>HALBERSTAT.</strong></span> <span class='ocrx_word' id='word_1_4' title='bbox 2089 338 2490 411; x_wconf 26' lang='lat' dir='ltr'><strong>EPISCLOPP.</strong></span> <span class='ocrx_word' id='word_1_5' title='bbox 2530 344 2710 408; x_wconf 79' lang='lat' dir='ltr'><strong>PARS</strong></span> <span class='ocrx_word' id='word_1_6' title='bbox 2745 349 2810 408; x_wconf 87' lang='lat' dir='ltr'><strong>ll.</strong></span> <span class='ocrx_word' id='word_1_7' title='bbox 2849 381 2920 393; x_wconf 89' lang='lat'><strong><em>—</em></strong></span> <span class='ocrx_word' id='word_1_8' title='bbox 2953 345 3186 406; x_wconf 83' lang='lat' dir='ltr'><strong>HOMIL.</strong></span> <span class='ocrx_word' id='word_1_9' title='bbox 3778 340 3881 410; x_wconf 33' lang='lat'><strong>96&#39;</strong></span> 
     </span>
    </p>
   </div>
   <div class='ocr_carea' id='block_1_2' title="bbox 569 444 3857 541">
    <p class='ocr_par' dir='ltr' id='par_1_2' title="bbox 569 444 3857 541">
     <span class='ocr_line' id='line_1_2' title="bbox 569 444 3857 541; baseline 0.002 -18"><span class='ocrx_word' id='word_1_10' title='bbox 569 465 781 523; x_wconf 83' lang='lat' dir='ltr'><strong>Domini</strong></span> <span class='ocrx_word' id='word_1_11' title='bbox 818 474 872 522; x_wconf 85' lang='lat' dir='ltr'><strong>et</strong></span> <span class='ocrx_word' id='word_1_12' title='bbox 902 466 1231 522; x_wconf 72' lang='lat' dir='ltr'><strong>consuetudo</strong></span> <span class='ocrx_word' id='word_1_13' title='bbox 1270 467 1491 537; x_wconf 89' lang='lat' dir='ltr'><strong>antiqua</strong></span> <span class='ocrx_word' id='word_1_14' title='bbox 1521 466 1933 539; x_wconf 80' lang='lat' dir='ltr'><strong>quadringentis</strong></span> <span class='ocrx_word' id='word_1_15' title='bbox 1958 465 2149 521; x_wconf 87' lang='lat' dir='ltr'><strong>obser-</strong></span> <span class='ocrx_word' id='word_1_16' title='bbox 2177 465 2231 526; x_wconf 82' lang='grc' dir='ltr'><strong>Α</strong></span> <span class='ocrx_word' id='word_1_17' title='bbox 2255 479 2370 522; x_wconf 87' lang='lat' dir='ltr'><strong>rem</strong></span> <span class='ocrx_word' id='word_1_18' title='bbox 2399 469 2467 522; x_wconf 88' lang='lat' dir='ltr'><strong>ad</strong></span> <span class='ocrx_word' id='word_1_19' title='bbox 2510 469 2997 538; x_wconf 85' lang='lat' dir='ltr'><strong>concupiscendam</strong></span> <span class='ocrx_word' id='word_1_20' title='bbox 3035 444 3177 524; x_wconf 87' lang='lat' dir='ltr'><strong>eam.</strong></span> <span class='ocrx_word' id='word_1_21' title='bbox 3206 465 3361 524; x_wconf 91' lang='lat' dir='ltr'><strong>Unde</strong></span> <span class='ocrx_word' id='word_1_22' title='bbox 3379 475 3442 525; x_wconf 87' lang='lat' dir='ltr'><strong>&#39;et</strong></span> <span class='ocrx_word' id='word_1_23' title='bbox 3475 468 3589 541; x_wconf 89' lang='lat' dir='ltr'><strong>ipsa</strong></span> <span class='ocrx_word' id='word_1_24' title='bbox 3627 471 3857 530; x_wconf 75' lang='lat' dir='ltr'><strong>Veritas</strong></span> 
     </span>
    </p>
   </div>
   <div class='ocr_carea' id='block_1_3' title="bbox 567 560 2150 633">
    <p class='ocr_par' dir='ltr' id='par_1_3' title="bbox 567 560 2150 633">
     <span class='ocr_line' id='line_1_3' title="bbox 567 560 2150 633; baseline 0 -19"><span class='ocrx_word' id='word_1_25' title='bbox 567 564 693 615; x_wconf 63' lang='lat' dir='ltr'><strong>Vala</strong></span> <span class='ocrx_word' id='word_1_26' title='bbox 736 562 805 615; x_wconf 89' lang='lat' dir='ltr'><strong>sit</strong></span> <span class='ocrx_word' id='word_1_27' title='bbox 849 561 1043 625; x_wconf 88' lang='lat' dir='ltr'><strong>annis,</strong></span> <span class='ocrx_word' id='word_1_28' title='bbox 1083 570 1138 615; x_wconf 89' lang='lat' dir='ltr'><strong>et</strong></span> <span class='ocrx_word' id='word_1_29' title='bbox 1182 563 1250 616; x_wconf 89' lang='lat' dir='ltr'><strong>ab</strong></span> <span class='ocrx_word' id='word_1_30' title='bbox 1292 561 1408 631; x_wconf 90' lang='lat' dir='ltr'><strong>ipso</strong></span> <span class='ocrx_word' id='word_1_31' title='bbox 1458 561 1641 633; x_wconf 87' lang='lat' dir='ltr'><strong>Moyse</strong></span> <span class='ocrx_word' id='word_1_32' title='bbox 1676 561 1987 632; x_wconf 85' lang='lat' dir='ltr'><strong>frequenter</strong></span> <span class='ocrx_word' id='word_1_33' title='bbox 2034 560 2150 616; x_wconf 88' lang='lat' dir='ltr'><strong>ﬁeri</strong></span> 
     </span>
    </p>
   </div>
   <div class='ocr_carea' id='block_1_4' title="bbox 569 651 2154 723">
    <p class='ocr_par' dir='ltr' id='par_1_4' title="bbox 569 651 2154 723">
     <span class='ocr_line' id='line_1_4' title="bbox 569 651 2154 723; baseline 0.003 -18"><span class='ocrx_word' id='word_1_34' title='bbox 569 651 918 716; x_wconf 78' lang='lat' dir='ltr'><strong>commonita,</strong></span> <span class='ocrx_word' id='word_1_35' title='bbox 951 651 1024 705; x_wconf 92' lang='lat' dir='ltr'><strong>ita</strong></span> <span class='ocrx_word' id='word_1_36' title='bbox 1051 666 1147 721; x_wconf 90' lang='lat' dir='ltr'><strong>per</strong></span> <span class='ocrx_word' id='word_1_37' title='bbox 1177 652 1535 723; x_wconf 89' lang='lat' dir='ltr'><strong>quadraginta</strong></span> <span class='ocrx_word' id='word_1_38' title='bbox 1566 669 1740 709; x_wconf 90' lang='lat' dir='ltr'><strong>annos</strong></span> <span class='ocrx_word' id='word_1_39' title='bbox 1763 655 1863 708; x_wconf 87' lang='lat' dir='ltr'><strong>sub</strong></span> <span class='ocrx_word' id='word_1_40' title='bbox 1891 668 1990 709; x_wconf 90' lang='lat' dir='ltr'><strong>suo</strong></span> <span class='ocrx_word' id='word_1_41' title='bbox 2017 660 2154 709; x_wconf 86' lang='lat' dir='ltr'><strong>tem-</strong></span> 
     </span>
    </p>
   </div>
   <div class='ocr_carea' id='block_1_5' title="bbox 566 730 2169 812">
    <p class='ocr_par' dir='ltr' id='par_1_5' title="bbox 566 730 2169 812">
     <span class='ocr_line' id='line_1_5' title="bbox 566 730 2169 812; baseline 0.002 -16"><span class='ocrx_word' id='word_1_42' title='bbox 566 756 703 812; x_wconf 84' lang='lat' dir='ltr'><strong>pore</strong></span> <span class='ocrx_word' id='word_1_43' title='bbox 734 742 915 795; x_wconf 89' lang='lat' dir='ltr'><strong>relicta</strong></span> <span class='ocrx_word' id='word_1_44' title='bbox 943 750 1027 795; x_wconf 89' lang='lat' dir='ltr'><strong>est</strong></span> <span class='ocrx_word' id='word_1_45' title='bbox 1049 757 1188 811; x_wconf 91' lang='lat' dir='ltr'><strong>pene</strong></span> <span class='ocrx_word' id='word_1_46' title='bbox 1214 742 1370 811; x_wconf 89' lang='lat' dir='ltr'><strong>quasi</strong></span> <span class='ocrx_word' id='word_1_47' title='bbox 1401 759 1676 810; x_wconf 84' lang='lat' dir='ltr'><strong>nunquam</strong></span> <span class='ocrx_word' id='word_1_48' title='bbox 1705 744 1884 799; x_wconf 83' lang='lat' dir='ltr'><strong>esset?</strong></span> <span class='ocrx_word' id='word_1_49' title='bbox 1907 742 2021 797; x_wconf 86' lang='lat' dir='ltr'><strong>Non</strong></span> <span class='ocrx_word' id='word_1_50' title='bbox 2053 730 2169 799; x_wconf 27' lang='lat' dir='ltr'><strong>hoc.</strong></span> 
     </span>
    </p>
   </div>
   <div class='ocr_carea' id='block_1_6' title="bbox 569 836 2154 906">
    <p class='ocr_par' dir='ltr' id='par_1_6' title="bbox 569 836 2154 906">
     <span class='ocr_line' id='line_1_6' title="bbox 569 836 2154 906; baseline -0.001 -17"><span class='ocrx_word' id='word_1_51' title='bbox 569 839 687 889; x_wconf 88' lang='lat' dir='ltr'><strong>sine</strong></span> <span class='ocrx_word' id='word_1_52' title='bbox 727 850 909 901; x_wconf 87' lang='lat' dir='ltr'><strong>causa,</strong></span> <span class='ocrx_word' id='word_1_53' title='bbox 949 850 1051 890; x_wconf 91' lang='lat' dir='ltr'><strong>nec</strong></span> <span class='ocrx_word' id='word_1_54' title='bbox 1080 836 1198 890; x_wconf 87' lang='lat' dir='ltr'><strong>sine</strong></span> <span class='ocrx_word' id='word_1_55' title='bbox 1231 836 1491 906; x_wconf 88' lang='lat' dir='ltr'><strong>mysterio</strong></span> <span class='ocrx_word' id='word_1_56' title='bbox 1526 836 1817 906; x_wconf 82' lang='lat' dir='ltr'><strong>contigisse</strong></span> <span class='ocrx_word' id='word_1_57' title='bbox 1858 836 2154 906; x_wconf 84' lang='lat' dir='ltr'><strong>putandum</strong></span> 
     </span>
    </p>
   </div>
   <div class='ocr_carea' id='block_1_7' title="bbox 568 926 2154 1009">
    <p class='ocr_par' dir='ltr' id='par_1_7' title="bbox 568 926 2154 1009">
     <span class='ocr_line' id='line_1_7' title="bbox 568 926 2154 1009; baseline 0 -28"><span class='ocrx_word' id='word_1_58' title='bbox 568 937 670 1009; x_wconf 83' lang='lat' dir='ltr'><strong>est.</strong></span> <span class='ocrx_word' id='word_1_59' title='bbox 724 927 968 996; x_wconf 92' lang='lat' dir='ltr'><strong>Denique</strong></span> <span class='ocrx_word' id='word_1_60' title='bbox 1012 926 1335 996; x_wconf 68' lang='lat' dir='ltr'><strong>prmputium</strong></span> <span class='ocrx_word' id='word_1_61' title='bbox 1386 926 1529 997; x_wconf 91' lang='lat' dir='ltr'><strong>quod</strong></span> <span class='ocrx_word' id='word_1_62' title='bbox 1585 928 1685 982; x_wconf 87' lang='lat' dir='ltr'><strong>sub</strong></span> <span class='ocrx_word' id='word_1_63' title='bbox 1730 926 1913 998; x_wconf 81' lang='lat' dir='ltr'><strong>Moyse</strong></span> <span class='ocrx_word' id='word_1_64' title='bbox 1960 926 2154 992; x_wconf 87' lang='lat' dir='ltr'><strong>crevit,</strong></span> 
     </span>
    </p>
   </div>
   <div class='ocr_carea' id='block_1_8' title="bbox 566 1021 2157 1092">
    <p class='ocr_par' dir='ltr' id='par_1_8' title="bbox 566 1021 2157 1092">
     <span class='ocr_line' id='line_1_8' title="bbox 566 1021 2157 1092; baseline 0.001 -17"><span class='ocrx_word' id='word_1_65' title='bbox 566 1021 708 1076; x_wconf 88' lang='lat' dir='ltr'><strong>idem</strong></span> <span class='ocrx_word' id='word_1_66' title='bbox 752 1022 983 1092; x_wconf 89' lang='lat' dir='ltr'><strong>populus</strong></span> <span class='ocrx_word' id='word_1_67' title='bbox 1030 1022 1121 1091; x_wconf 89' lang='lat' dir='ltr'><strong>qui</strong></span> <span class='ocrx_word' id='word_1_68' title='bbox 1173 1024 1273 1077; x_wconf 87' lang='lat' dir='ltr'><strong>sub</strong></span> <span class='ocrx_word' id='word_1_69' title='bbox 1326 1038 1391 1078; x_wconf 91' lang='lat' dir='ltr'><strong>eo</strong></span> <span class='ocrx_word' id='word_1_70' title='bbox 1441 1023 1850 1079; x_wconf 89' lang='lat' dir='ltr'><strong>incircumcisus</strong></span> <span class='ocrx_word' id='word_1_71' title='bbox 1897 1023 2157 1079; x_wconf 85' lang='lat' dir='ltr'><strong>remansit</strong></span> 
     </span>
    </p>
   </div>
   <div class='ocr_carea' id='block_1_9' title="bbox 570 1098 2157 1185">
    <p class='ocr_par' dir='ltr' id='par_1_9' title="bbox 570 1098 2157 1185">
     <span class='ocr_line' id='line_1_9' title="bbox 570 1098 2157 1185; baseline 0.002 -17"><span class='ocrx_word' id='word_1_72' title='bbox 570 1098 791 1185; x_wconf 81' lang='lat' dir='ltr'><strong>propter</strong></span> <span class='ocrx_word' id='word_1_73' title='bbox 805 1116 1095 1170; x_wconf 89' lang='lat' dir='ltr'><strong>imminens</strong></span> <span class='ocrx_word' id='word_1_74' title='bbox 1116 1115 1315 1169; x_wconf 89' lang='lat' dir='ltr'><strong>bellum</strong></span> <span class='ocrx_word' id='word_1_75' title='bbox 1334 1131 1363 1170; x_wconf 90' lang='lat' dir='ltr'><strong>a</strong></span> <span class='ocrx_word' id='word_1_76' title='bbox 1380 1131 1697 1171; x_wconf 85' lang='lat' dir='ltr'><strong>successore</strong></span> <span class='ocrx_word' id='word_1_77' title='bbox 1720 1114 1836 1184; x_wconf 85' lang='lat' dir='ltr'><strong>ejus</strong></span> <span class='ocrx_word' id='word_1_78' title='bbox 1859 1114 1985 1170; x_wconf 91' lang='lat' dir='ltr'><strong>Iesu</strong></span> <span class='ocrx_word' id='word_1_79' title='bbox 2008 1114 2157 1171; x_wconf 86' lang='lat' dir='ltr'><strong>Nave</strong></span> 
     </span>
    </p>
   </div>
   <div class='ocr_carea' id='block_1_10' title="bbox 567 1205 2163 1279">
    <p class='ocr_par' dir='ltr' id='par_1_10' title="bbox 567 1205 2163 1279">
     <span class='ocr_line' id='line_1_10' title="bbox 567 1205 2163 1279; baseline -0.001 -17"><span class='ocrx_word' id='word_1_80' title='bbox 567 1212 901 1279; x_wconf 83' lang='lat' dir='ltr'><strong>amputatum</strong></span> <span class='ocrx_word' id='word_1_81' title='bbox 926 1215 1031 1272; x_wconf 87' lang='lat' dir='ltr'><strong>est,</strong></span> <span class='ocrx_word' id='word_1_82' title='bbox 1065 1214 1119 1262; x_wconf 89' lang='lat' dir='ltr'><strong>et</strong></span> <span class='ocrx_word' id='word_1_83' title='bbox 1150 1208 1251 1261; x_wconf 91' lang='lat' dir='ltr'><strong>hoc</strong></span> <span class='ocrx_word' id='word_1_84' title='bbox 1284 1206 1473 1262; x_wconf 89' lang='lat' dir='ltr'><strong>cultris</strong></span> <span class='ocrx_word' id='word_1_85' title='bbox 1507 1207 1734 1277; x_wconf 91' lang='lat' dir='ltr'><strong>petrinis</strong></span> <span class='ocrx_word' id='word_1_86' title='bbox 1777 1217 1928 1262; x_wconf 89' lang='lat' dir='ltr'><strong>trans</strong></span> <span class='ocrx_word' id='word_1_87' title='bbox 1966 1205 2163 1261; x_wconf 71' lang='lat' dir='ltr'><strong>Iorda-‘</strong></span> 
     </span>
    </p>
   </div>
   <div class='ocr_carea' id='block_1_11' title="bbox 567 1296 2154 1366">
    <p class='ocr_par' dir='ltr' id='par_1_11' title="bbox 567 1296 2154 1366">
     <span class='ocr_line' id='line_1_11' title="bbox 567 1296 2154 1366; baseline 0 -14"><span class='ocrx_word' id='word_1_88' title='bbox 567 1314 689 1353; x_wconf 89' lang='lat' dir='ltr'><strong>nem</strong></span> <span class='ocrx_word' id='word_1_89' title='bbox 726 1297 778 1351; x_wconf 93' lang='lat' dir='ltr'><strong>in</strong></span> <span class='ocrx_word' id='word_1_90' title='bbox 806 1296 1200 1366; x_wconf 86' lang='lat' dir='ltr'><strong>campestribus</strong></span> <span class='ocrx_word' id='word_1_91' title='bbox 1220 1297 1397 1363; x_wconf 83' lang='lat' dir='ltr'><strong>Moab,</strong></span> <span class='ocrx_word' id='word_1_92' title='bbox 1423 1307 1610 1353; x_wconf 89' lang='lat' dir='ltr'><strong>contra</strong></span> <span class='ocrx_word' id='word_1_93' title='bbox 1635 1297 1872 1354; x_wconf 90' lang='lat' dir='ltr'><strong>Iericho.</strong></span> <span class='ocrx_word' id='word_1_94' title='bbox 1907 1298 2154 1352; x_wconf 86' lang='lat' dir='ltr'><strong>Breviter</strong></span> 
     </span>
    </p>
   </div>
   <div class='ocr_carea' id='block_1_12' title="bbox 567 1382 2154 1461">
    <p class='ocr_par' dir='ltr' id='par_1_12' title="bbox 567 1382 2154 1461">
     <span class='ocr_line' id='line_1_12' title="bbox 567 1382 2154 1461; baseline -0.002 -15"><span class='ocrx_word' id='word_1_95' title='bbox 567 1407 697 1461; x_wconf 81' lang='lat' dir='ltr'><strong>ergo</strong></span> <span class='ocrx_word' id='word_1_96' title='bbox 734 1382 1239 1461; x_wconf 18' lang='lat' dir='ltr'><strong>lmjns’mysterium</strong></span> <span class='ocrx_word' id='word_1_97' title='bbox 1270 1390 1569 1444; x_wconf 86' lang='lat' dir='ltr'><strong>videamus.</strong></span> <span class='ocrx_word' id='word_1_98' title='bbox 1603 1389 1740 1456; x_wconf 85' lang='lat' dir='ltr'><strong>Quid</strong></span> <span class='ocrx_word' id='word_1_99' title='bbox 1772 1405 1868 1459; x_wconf 91' lang='lat' dir='ltr'><strong>per</strong></span> <span class='ocrx_word' id='word_1_100' title='bbox 1913 1389 2154 1460; x_wconf 84' lang='lat' dir='ltr'><strong>Moysen,</strong></span> 
     </span>
    </p>
   </div>
   <div class='ocr_carea' id='block_1_13' title="bbox 570 1466 2157 1552">
    <p class='ocr_par' dir='ltr' id='par_1_13' title="bbox 570 1466 2157 1552">
     <span class='ocr_line' id='line_1_13' title="bbox 570 1466 2157 1552; baseline -0.001 -17"><span class='ocrx_word' id='word_1_101' title='bbox 570 1466 675 1537; x_wconf 83' lang='lat' dir='ltr'><strong>nisi</strong></span> <span class='ocrx_word' id='word_1_102' title='bbox 716 1482 802 1536; x_wconf 89' lang='lat' dir='ltr'><strong>lex</strong></span> <span class='ocrx_word' id='word_1_103' title='bbox 832 1481 1128 1552; x_wconf 84' lang='lat' dir='ltr'><strong>ﬁguratur?</strong></span> <span class='ocrx_word' id='word_1_104' title='bbox 1156 1480 1293 1548; x_wconf 87' lang='lat' dir='ltr'><strong>Quid</strong></span> <span class='ocrx_word' id='word_1_105' title='bbox 1338 1496 1435 1550; x_wconf 89' lang='lat' dir='ltr'><strong>per</strong></span> <span class='ocrx_word' id='word_1_106' title='bbox 1464 1478 1591 1535; x_wconf 88' lang='lat' dir='ltr'><strong>Iesu</strong></span> <span class='ocrx_word' id='word_1_107' title='bbox 1622 1479 1793 1545; x_wconf 83' lang='lat' dir='ltr'><strong>Nave,</strong></span> <span class='ocrx_word' id='word_1_108' title='bbox 1840 1480 1943 1535; x_wconf 85' lang='lat' dir='ltr'><strong>nisi</strong></span> <span class='ocrx_word' id='word_1_109' title='bbox 1984 1480 2157 1549; x_wconf 87' lang='lat' dir='ltr'><strong>gratia</strong></span> 
     </span>
    </p>
   </div>
   <div class='ocr_carea' id='block_1_14' title="bbox 571 1570 2158 1642">
    <p class='ocr_par' dir='ltr' id='par_1_14' title="bbox 571 1570 2158 1642">
     <span class='ocr_line' id='line_1_14' title="bbox 571 1570 2158 1642; baseline 0.001 -17"><span class='ocrx_word' id='word_1_110' title='bbox 571 1570 704 1626; x_wconf 88' lang='lat' dir='ltr'><strong>Novi</strong></span> <span class='ocrx_word' id='word_1_111' title='bbox 752 1571 1079 1626; x_wconf 87' lang='lat' dir='ltr'><strong>Testamenti</strong></span> <span class='ocrx_word' id='word_1_112' title='bbox 1106 1612 1120 1636; x_wconf 91' lang='lat'><strong>,</strong></span> <span class='ocrx_word' id='word_1_113' title='bbox 1175 1586 1295 1641; x_wconf 71' lang='lat' dir='ltr'><strong>qum</strong></span> <span class='ocrx_word' id='word_1_114' title='bbox 1335 1570 1437 1642; x_wconf 87' lang='lat' dir='ltr'><strong>legi</strong></span> <span class='ocrx_word' id='word_1_115' title='bbox 1483 1572 1753 1638; x_wconf 91' lang='lat' dir='ltr'><strong>sucessit,</strong></span> <span class='ocrx_word' id='word_1_116' title='bbox 1799 1572 2158 1641; x_wconf 79' lang='lat' dir='ltr'><strong>exprimitur?</strong></span> 
     </span>
    </p>
   </div>
   <div class='ocr_carea' id='block_1_15' title="bbox 569 1662 2158 1735">
    <p class='ocr_par' dir='ltr' id='par_1_15' title="bbox 569 1662 2158 1735">
     <span class='ocr_line' id='line_1_15' title="bbox 569 1662 2158 1735; baseline 0 -17"><span class='ocrx_word' id='word_1_117' title='bbox 569 1664 709 1732; x_wconf 85' lang='lat' dir='ltr'><strong>Quid</strong></span> <span class='ocrx_word' id='word_1_118' title='bbox 757 1678 853 1735; x_wconf 91' lang='lat' dir='ltr'><strong>per</strong></span> <span class='ocrx_word' id='word_1_119' title='bbox 901 1664 1263 1734; x_wconf 82' lang='lat' dir='ltr'><strong>praeputium,</strong></span> <span class='ocrx_word' id='word_1_120' title='bbox 1306 1662 1411 1717; x_wconf 90' lang='lat' dir='ltr'><strong>nisi</strong></span> <span class='ocrx_word' id='word_1_121' title='bbox 1463 1662 1792 1733; x_wconf 89' lang='lat' dir='ltr'><strong>peccatum?</strong></span> <span class='ocrx_word' id='word_1_122' title='bbox 1828 1662 2158 1733; x_wconf 65' lang='lat' dir='ltr'><strong>Praeputidm</strong></span> 
     </span>
    </p>
   </div>
   <div class='ocr_carea' id='block_1_16' title="bbox 569 1748 2167 1827">
    <p class='ocr_par' dir='ltr' id='par_1_16' title="bbox 569 1748 2167 1827">
     <span class='ocr_line' id='line_1_16' title="bbox 569 1748 2167 1827; baseline -0.001 -16"><span class='ocrx_word' id='word_1_123' title='bbox 569 1766 698 1827; x_wconf 85' lang='lat' dir='ltr'><strong>ergo</strong></span> <span class='ocrx_word' id='word_1_124' title='bbox 742 1757 842 1810; x_wconf 88' lang='lat' dir='ltr'><strong>sub</strong></span> <span class='ocrx_word' id='word_1_125' title='bbox 886 1754 1067 1826; x_wconf 87' lang='lat' dir='ltr'><strong>Moyse</strong></span> <span class='ocrx_word' id='word_1_126' title='bbox 1111 1754 1304 1818; x_wconf 89' lang='lat' dir='ltr'><strong>crevit,</strong></span> <span class='ocrx_word' id='word_1_127' title='bbox 1338 1754 1464 1824; x_wconf 86' lang='lat' dir='ltr'><strong>quia</strong></span> <span class='ocrx_word' id='word_1_128' title='bbox 1513 1754 1637 1808; x_wconf 89' lang='lat' dir='ltr'><strong>data</strong></span> <span class='ocrx_word' id='word_1_129' title='bbox 1683 1754 1824 1825; x_wconf 87' lang='lat' dir='ltr'><strong>lege,</strong></span> <span class='ocrx_word' id='word_1_130' title='bbox 1872 1748 2167 1824; x_wconf 13' lang='lat' dir='ltr'><strong>peccatum.</strong></span> 
     </span>
    </p>
   </div>
   <div class='ocr_carea' id='block_1_17' title="bbox 2255 557 3855 629">
    <p class='ocr_par' dir='ltr' id='par_1_17' title="bbox 2255 557 3855 629">
     <span class='ocr_line' id='line_1_17' title="bbox 2255 557 3855 629; baseline 0.005 -18"><span class='ocrx_word' id='word_1_131' title='bbox 2255 557 2308 611; x_wconf 90' lang='lat' dir='ltr'><strong>in</strong></span> <span class='ocrx_word' id='word_1_132' title='bbox 2350 557 2641 627; x_wconf 81' lang='lat' dir='ltr'><strong>Evangelia</strong></span> <span class='ocrx_word' id='word_1_133' title='bbox 2668 558 2928 629; x_wconf 87' lang='lat' dir='ltr'><strong>loquitur,</strong></span> <span class='ocrx_word' id='word_1_134' title='bbox 2959 560 3144 615; x_wconf 89' lang='lat' dir='ltr'><strong>dicens</strong></span> <span class='ocrx_word' id='word_1_135' title='bbox 3173 578 3185 614; x_wconf 90' lang='lat'>:</span> <span class='ocrx_word' id='word_1_136' title='bbox 3223 581 3241 613; x_wconf 76' lang='grc' dir='ltr'>ι</span> <span class='ocrx_word' id='word_1_137' title='bbox 3272 559 3374 628; x_wconf 92' lang='lat' dir='ltr'><strong>Qui</strong></span> <span class='ocrx_word' id='word_1_138' title='bbox 3421 561 3619 617; x_wconf 87' lang='lat' dir='ltr'><strong>viderit</strong></span> <span class='ocrx_word' id='word_1_139' title='bbox 3646 565 3855 621; x_wconf 88' lang='lat' dir='ltr'><strong>mulie-</strong></span> 
     </span>
    </p>
   </div>
   <div class='ocr_carea' id='block_1_18' title="bbox 2256 644 3858 721">
    <p class='ocr_par' dir='ltr' id='par_1_18' title="bbox 2256 644 3858 721">
     <span class='ocr_line' id='line_1_18' title="bbox 2256 644 3858 721; baseline 0.006 -19"><span class='ocrx_word' id='word_1_140' title='bbox 2256 663 2371 703; x_wconf 86' lang='lat' dir='ltr'><strong>rem</strong></span> <span class='ocrx_word' id='word_1_141' title='bbox 2417 650 2485 705; x_wconf 88' lang='lat' dir='ltr'><strong>ad</strong></span> <span class='ocrx_word' id='word_1_142' title='bbox 2527 644 3014 720; x_wconf 78' lang='lat' dir='ltr'><strong>concupiscendum</strong></span> <span class='ocrx_word' id='word_1_143' title='bbox 3065 667 3184 707; x_wconf 88' lang='lat' dir='ltr'><strong>eam</strong></span> <span class='ocrx_word' id='word_1_144' title='bbox 3210 693 3225 718; x_wconf 94' lang='lat'><strong>,</strong></span> <span class='ocrx_word' id='word_1_145' title='bbox 3259 649 3372 721; x_wconf 86' lang='lat' dir='ltr'><strong>jam</strong></span> <span class='ocrx_word' id='word_1_146' title='bbox 3412 654 3720 710; x_wconf 59' lang='lat' dir='ltr'><strong>moechatus</strong></span> <span class='ocrx_word' id='word_1_147' title='bbox 3765 666 3858 712; x_wconf 84' lang='lat' dir='ltr'><strong>est</strong></span> 
     </span>
    </p>
   </div>
   <div class='ocr_carea' id='block_1_19' title="bbox 2257 740 3854 818">
    <p class='ocr_par' dir='ltr' id='par_1_19' title="bbox 2257 740 3854 818">
     <span class='ocr_line' id='line_1_19' title="bbox 2257 740 3854 818; baseline 0.006 -24"><span class='ocrx_word' id='word_1_148' title='bbox 2257 755 2375 794; x_wconf 84' lang='lat' dir='ltr'><strong>eam</strong></span> <span class='ocrx_word' id='word_1_149' title='bbox 2423 740 2479 795; x_wconf 90' lang='lat' dir='ltr'><strong>in</strong></span> <span class='ocrx_word' id='word_1_150' title='bbox 2523 742 2688 797; x_wconf 90' lang='lat' dir='ltr'><strong>corde</strong></span> <span class='ocrx_word' id='word_1_151' title='bbox 2737 758 2854 798; x_wconf 89' lang='lat' dir='ltr'><strong>suo.</strong></span> <span class='ocrx_word' id='word_1_152' title='bbox 2915 763 2934 796; x_wconf 73' lang='grc' dir='ltr'><strong><em>ι</em></strong></span> <span class='ocrx_word' id='word_1_153' title='bbox 2974 743 3044 799; x_wconf 92' lang='lat' dir='ltr'><strong>Ut</strong></span> <span class='ocrx_word' id='word_1_154' title='bbox 3093 744 3365 800; x_wconf 80' lang='lat' dir='ltr'><strong>veraciter</strong></span> <span class='ocrx_word' id='word_1_155' title='bbox 3402 761 3525 801; x_wconf 91' lang='lat' dir='ltr'><strong>cum</strong></span> <span class='ocrx_word' id='word_1_156' title='bbox 3570 746 3854 818; x_wconf 75' lang='lat' dir='ltr'><strong>Propheta</strong></span> 
     </span>
    </p>
   </div>
   <div class='ocr_carea' id='block_1_20' title="bbox 2255 830 3857 894">
    <p class='ocr_par' dir='ltr' id='par_1_20' title="bbox 2255 830 3857 894">
     <span class='ocr_line' id='line_1_20' title="bbox 2255 830 3857 894; baseline 0.006 -10"><span class='ocrx_word' id='word_1_157' title='bbox 2255 830 2477 885; x_wconf 88' lang='lat' dir='ltr'><strong>dicam:</strong></span> <span class='ocrx_word' id='word_1_158' title='bbox 2531 850 2550 883; x_wconf 88' lang='grc'><strong><em>‹</em></strong></span> <span class='ocrx_word' id='word_1_159' title='bbox 2600 832 2802 888; x_wconf 83' lang='lat' dir='ltr'><strong>Averte</strong></span> <span class='ocrx_word' id='word_1_160' title='bbox 2840 834 3028 890; x_wconf 91' lang='lat' dir='ltr'><strong>oculos</strong></span> <span class='ocrx_word' id='word_1_161' title='bbox 3063 849 3213 890; x_wconf 91' lang='lat' dir='ltr'><strong>meos</strong></span> <span class='ocrx_word' id='word_1_162' title='bbox 3254 850 3323 890; x_wconf 91' lang='lat' dir='ltr'><strong>ne</strong></span> <span class='ocrx_word' id='word_1_163' title='bbox 3366 835 3590 891; x_wconf 85' lang='lat' dir='ltr'><strong>videant</strong></span> <span class='ocrx_word' id='word_1_164' title='bbox 3631 840 3857 894; x_wconf 82' lang='lat' dir='ltr'><strong>vanita-</strong></span> 
     </span>
    </p>
   </div>
   <div class='ocr_carea' id='block_1_21' title="bbox 2257 922 3857 998">
    <p class='ocr_par' dir='ltr' id='par_1_21' title="bbox 2257 922 3857 998">
     <span class='ocr_line' id='line_1_21' title="bbox 2257 922 3857 998; baseline 0.007 -24"><span class='ocrx_word' id='word_1_165' title='bbox 2257 927 2387 975; x_wconf 89' lang='lat' dir='ltr'><strong>tem.</strong></span> <span class='ocrx_word' id='word_1_166' title='bbox 2418 940 2439 973; x_wconf 72' lang='grc' dir='ltr'><strong><em>ι</em></strong></span> <span class='ocrx_word' id='word_1_167' title='bbox 2491 922 2560 977; x_wconf 87' lang='grc' dir='ltr'><strong>Ει</strong></span> <span class='ocrx_word' id='word_1_168' title='bbox 2583 924 2780 978; x_wconf 88' lang='lat' dir='ltr'><strong>iterum</strong></span> <span class='ocrx_word' id='word_1_169' title='bbox 2830 940 2846 979; x_wconf 89' lang='lat'><strong>:</strong></span> <span class='ocrx_word' id='word_1_170' title='bbox 2903 944 2923 976; x_wconf 77' lang='grc' dir='ltr'>ι</span> <span class='ocrx_word' id='word_1_171' title='bbox 2959 923 3112 980; x_wconf 90' lang='lat' dir='ltr'><strong>Oculi</strong></span> <span class='ocrx_word' id='word_1_172' title='bbox 3149 927 3256 982; x_wconf 90' lang='lat' dir='ltr'><strong>mei</strong></span> <span class='ocrx_word' id='word_1_173' title='bbox 3307 942 3523 998; x_wconf 85' lang='lat' dir='ltr'><strong>semper</strong></span> <span class='ocrx_word' id='word_1_174' title='bbox 3557 929 3627 984; x_wconf 86' lang='lat' dir='ltr'><strong>ad</strong></span> <span class='ocrx_word' id='word_1_175' title='bbox 3664 931 3857 985; x_wconf 82' lang='lat' dir='ltr'><strong>Domi—</strong></span> 
     </span>
    </p>
   </div>
   <div class='ocr_carea' id='block_1_22' title="bbox 2257 1018 3853 1094">
    <p class='ocr_par' dir='ltr' id='par_1_22' title="bbox 2257 1018 3853 1094">
     <span class='ocr_line' id='line_1_22' title="bbox 2257 1018 3853 1094; baseline 0.004 -23"><span class='ocrx_word' id='word_1_176' title='bbox 2257 1032 2410 1082; x_wconf 91' lang='lat' dir='ltr'><strong>num,</strong></span> <span class='ocrx_word' id='word_1_177' title='bbox 2457 1037 2476 1069; x_wconf 73' lang='grc' dir='ltr'><strong><em>ι</em></strong></span> <span class='ocrx_word' id='word_1_178' title='bbox 2526 1026 2582 1074; x_wconf 90' lang='lat' dir='ltr'><strong>et</strong></span> <span class='ocrx_word' id='word_1_179' title='bbox 2626 1018 2851 1089; x_wconf 90' lang='lat' dir='ltr'><strong>reliqua.</strong></span> <span class='ocrx_word' id='word_1_180' title='bbox 2902 1019 2970 1074; x_wconf 90' lang='lat' dir='ltr'><strong>Et</strong></span> <span class='ocrx_word' id='word_1_181' title='bbox 3011 1036 3136 1075; x_wconf 91' lang='lat' dir='ltr'><strong>cum</strong></span> <span class='ocrx_word' id='word_1_182' title='bbox 3185 1022 3348 1076; x_wconf 89' lang='lat' dir='ltr'><strong>beato</strong></span> <span class='ocrx_word' id='word_1_183' title='bbox 3396 1018 3500 1075; x_wconf 90' lang='lat' dir='ltr'><strong>Iob</strong></span> <span class='ocrx_word' id='word_1_184' title='bbox 3546 1040 3560 1075; x_wconf 91' lang='lat'>:</span> <span class='ocrx_word' id='word_1_185' title='bbox 3610 1022 3853 1094; x_wconf 68' lang='lat' dir='ltr'><strong>«Pepigi</strong></span> 
     </span>
    </p>
   </div>
   <div class='ocr_carea' id='block_1_23' title="bbox 2257 1108 3857 1184">
    <p class='ocr_par' dir='ltr' id='par_1_23' title="bbox 2257 1108 3857 1184">
     <span class='ocr_line' id='line_1_23' title="bbox 2257 1108 3857 1184; baseline 0.002 -20"><span class='ocrx_word' id='word_1_186' title='bbox 2257 1108 2435 1165; x_wconf 85' lang='lat' dir='ltr'><strong>foedus</strong></span> <span class='ocrx_word' id='word_1_187' title='bbox 2456 1126 2579 1166; x_wconf 91' lang='lat' dir='ltr'><strong>cum</strong></span> <span class='ocrx_word' id='word_1_188' title='bbox 2609 1111 2782 1167; x_wconf 92' lang='lat' dir='ltr'><strong>oculis</strong></span> <span class='ocrx_word' id='word_1_189' title='bbox 2814 1112 2970 1179; x_wconf 86' lang='lat' dir='ltr'><strong>meis,</strong></span> <span class='ocrx_word' id='word_1_190' title='bbox 3003 1120 3064 1167; x_wconf 92' lang='lat' dir='ltr'><strong>ut</strong></span> <span class='ocrx_word' id='word_1_191' title='bbox 3093 1127 3162 1167; x_wconf 91' lang='lat' dir='ltr'><strong>ne</strong></span> <span class='ocrx_word' id='word_1_192' title='bbox 3200 1113 3495 1184; x_wconf 76' lang='lat' dir='ltr'><strong>cogitarem</strong></span> <span class='ocrx_word' id='word_1_193' title='bbox 3534 1112 3757 1181; x_wconf 86' lang='lat' dir='ltr'><strong>quidem</strong></span> <span class='ocrx_word' id='word_1_194' title='bbox 3787 1113 3857 1167; x_wconf 83' lang='lat' dir='ltr'><strong>de</strong></span> 
     </span>
    </p>
   </div>
   <div class='ocr_carea' id='block_1_24' title="bbox 2257 1206 3859 1277">
    <p class='ocr_par' dir='ltr' id='par_1_24' title="bbox 2257 1206 3859 1277">
     <span class='ocr_line' id='line_1_24' title="bbox 2257 1206 3859 1277; baseline 0.001 -15"><span class='ocrx_word' id='word_1_195' title='bbox 2257 1207 2486 1277; x_wconf 78' lang='lat' dir='ltr'><strong>virgine.</strong></span> <span class='ocrx_word' id='word_1_196' title='bbox 2536 1228 2555 1261; x_wconf 75' lang='grc' dir='ltr'><strong><em>ι</em></strong></span> <span class='ocrx_word' id='word_1_197' title='bbox 2605 1206 3066 1264; x_wconf 72' lang='lat' dir='ltr'><strong>Circumcidenda:</strong></span> <span class='ocrx_word' id='word_1_198' title='bbox 3106 1224 3267 1264; x_wconf 89' lang='lat' dir='ltr'><strong>aures</strong></span> <span class='ocrx_word' id='word_1_199' title='bbox 3322 1217 3468 1274; x_wconf 86' lang='lat' dir='ltr'><strong>sunt,</strong></span> <span class='ocrx_word' id='word_1_200' title='bbox 3502 1223 3570 1263; x_wconf 89' lang='lat' dir='ltr'><strong>ne</strong></span> <span class='ocrx_word' id='word_1_201' title='bbox 3617 1207 3859 1266; x_wconf 85' lang='lat' dir='ltr'><strong>libenter</strong></span> 
     </span>
    </p>
   </div>
   <div class='ocr_carea' id='block_1_25' title="bbox 2261 1298 3854 1369">
    <p class='ocr_par' dir='ltr' id='par_1_25' title="bbox 2261 1298 3854 1369">
     <span class='ocr_line' id='line_1_25' title="bbox 2261 1298 3854 1369; baseline 0.003 -17"><span class='ocrx_word' id='word_1_202' title='bbox 2261 1299 2481 1353; x_wconf 86' lang='lat' dir='ltr'><strong>audiant</strong></span> <span class='ocrx_word' id='word_1_203' title='bbox 2502 1298 2666 1354; x_wconf 86' lang='lat' dir='ltr'><strong>verba</strong></span> <span class='ocrx_word' id='word_1_204' title='bbox 2689 1300 3065 1364; x_wconf 85' lang='lat' dir='ltr'><strong>detractionis,</strong></span> <span class='ocrx_word' id='word_1_205' title='bbox 3084 1299 3354 1363; x_wconf 78' lang='lat' dir='ltr'><strong>falsitatis,</strong></span> <span class='ocrx_word' id='word_1_206' title='bbox 3374 1301 3854 1369; x_wconf 86' lang='lat' dir='ltr'><strong>murmurationis,</strong></span> 
     </span>
    </p>
   </div>
   <div class='ocr_carea' id='block_1_26' title="bbox 2259 1388 3855 1460">
    <p class='ocr_par' dir='ltr' id='par_1_26' title="bbox 2259 1388 3855 1460">
     <span class='ocr_line' id='line_1_26' title="bbox 2259 1388 3855 1460; baseline 0.001 -16"><span class='ocrx_word' id='word_1_207' title='bbox 2259 1396 2315 1444; x_wconf 90' lang='lat' dir='ltr'><strong>et</strong></span> <span class='ocrx_word' id='word_1_208' title='bbox 2341 1389 2426 1443; x_wconf 93' lang='lat' dir='ltr'><strong>his</strong></span> <span class='ocrx_word' id='word_1_209' title='bbox 2444 1388 2664 1455; x_wconf 88' lang='lat' dir='ltr'><strong>similia,</strong></span> <span class='ocrx_word' id='word_1_210' title='bbox 2693 1390 2789 1444; x_wconf 89' lang='lat' dir='ltr'><strong>sed</strong></span> <span class='ocrx_word' id='word_1_211' title='bbox 2808 1404 3020 1460; x_wconf 88' lang='lat' dir='ltr'><strong>semper</strong></span> <span class='ocrx_word' id='word_1_212' title='bbox 3041 1399 3244 1459; x_wconf 82' lang='lat' dir='ltr'><strong>paratae</strong></span> <span class='ocrx_word' id='word_1_213' title='bbox 3271 1391 3379 1445; x_wconf 91' lang='lat' dir='ltr'><strong>sint</strong></span> <span class='ocrx_word' id='word_1_214' title='bbox 3408 1391 3476 1445; x_wconf 90' lang='lat' dir='ltr'><strong>ad</strong></span> <span class='ocrx_word' id='word_1_215' title='bbox 3521 1390 3855 1445; x_wconf 88' lang='lat' dir='ltr'><strong>audiendum</strong></span> 
     </span>
    </p>
   </div>
   <div class='ocr_carea' id='block_1_27' title="bbox 2260 1477 3853 1550">
    <p class='ocr_par' dir='ltr' id='par_1_27' title="bbox 2260 1477 3853 1550">
     <span class='ocr_line' id='line_1_27' title="bbox 2260 1477 3853 1550; baseline 0.003 -18"><span class='ocrx_word' id='word_1_216' title='bbox 2260 1478 2486 1532; x_wconf 88' lang='lat' dir='ltr'><strong>verbum</strong></span> <span class='ocrx_word' id='word_1_217' title='bbox 2507 1477 2770 1545; x_wconf 91' lang='lat' dir='ltr'><strong>divinum,</strong></span> <span class='ocrx_word' id='word_1_218' title='bbox 2797 1480 3162 1550; x_wconf 91' lang='lat' dir='ltr'><strong>utimpleatur</strong></span> <span class='ocrx_word' id='word_1_219' title='bbox 3186 1480 3312 1535; x_wconf 89' lang='lat' dir='ltr'><strong>illud</strong></span> <span class='ocrx_word' id='word_1_220' title='bbox 3343 1481 3394 1534; x_wconf 91' lang='lat' dir='ltr'><strong>in</strong></span> <span class='ocrx_word' id='word_1_221' title='bbox 3426 1482 3584 1537; x_wconf 88' lang='lat' dir='ltr'><strong>nobis</strong></span> <span class='ocrx_word' id='word_1_222' title='bbox 3611 1500 3625 1535; x_wconf 87' lang='lat'><strong>:</strong></span> <span class='ocrx_word' id='word_1_223' title='bbox 3648 1500 3666 1532; x_wconf 74' lang='grc' dir='ltr'>ι</span> <span class='ocrx_word' id='word_1_224' title='bbox 3703 1481 3853 1536; x_wconf 83' lang='lat' dir='ltr'><strong>Beati</strong></span> 
     </span>
    </p>
   </div>
   <div class='ocr_carea' id='block_1_28' title="bbox 2260 1569 3855 1639">
    <p class='ocr_par' dir='ltr' id='par_1_28' title="bbox 2260 1569 3855 1639">
     <span class='ocr_line' id='line_1_28' title="bbox 2260 1569 3855 1639; baseline 0.004 -16"><span class='ocrx_word' id='word_1_225' title='bbox 2260 1569 2352 1639; x_wconf 89' lang='lat' dir='ltr'><strong>qui</strong></span> <span class='ocrx_word' id='word_1_226' title='bbox 2383 1570 2608 1625; x_wconf 89' lang='lat' dir='ltr'><strong>audiunt</strong></span> <span class='ocrx_word' id='word_1_227' title='bbox 2649 1571 2875 1626; x_wconf 87' lang='lat' dir='ltr'><strong>verbum</strong></span> <span class='ocrx_word' id='word_1_228' title='bbox 2921 1571 3036 1635; x_wconf 89' lang='lat' dir='ltr'><strong>Dei,</strong></span> <span class='ocrx_word' id='word_1_229' title='bbox 3069 1580 3123 1626; x_wconf 87' lang='lat' dir='ltr'><strong>et</strong></span> <span class='ocrx_word' id='word_1_230' title='bbox 3165 1572 3476 1627; x_wconf 89' lang='lat' dir='ltr'><strong>custodiunt</strong></span> <span class='ocrx_word' id='word_1_231' title='bbox 3523 1573 3677 1628; x_wconf 91' lang='lat' dir='ltr'><strong>illud.</strong></span> <span class='ocrx_word' id='word_1_232' title='bbox 3732 1592 3754 1626; x_wconf 76' lang='grc' dir='ltr'><strong><em>ι</em></strong></span> <span class='ocrx_word' id='word_1_233' title='bbox 3786 1574 3855 1629; x_wconf 82' lang='grc' dir='ltr'>Ει</span> 
     </span>
    </p>
   </div>
   <div class='ocr_carea' id='block_1_29' title="bbox 2262 1659 3854 1720">
    <p class='ocr_par' dir='ltr' id='par_1_29' title="bbox 2262 1659 3854 1720">
     <span class='ocr_line' id='line_1_29' title="bbox 2262 1659 3854 1720; baseline 0.003 -4"><span class='ocrx_word' id='word_1_234' title='bbox 2262 1675 2384 1716; x_wconf 91' lang='lat' dir='ltr'><strong>cum</strong></span> <span class='ocrx_word' id='word_1_235' title='bbox 2416 1662 2573 1717; x_wconf 90' lang='lat' dir='ltr'><strong>beato</strong></span> <span class='ocrx_word' id='word_1_236' title='bbox 2596 1659 2697 1717; x_wconf 86' lang='lat' dir='ltr'><strong>Job</strong></span> <span class='ocrx_word' id='word_1_237' title='bbox 2724 1662 2910 1718; x_wconf 90' lang='lat' dir='ltr'><strong>dicere</strong></span> <span class='ocrx_word' id='word_1_238' title='bbox 2929 1663 3208 1718; x_wconf 81' lang='lat' dir='ltr'><strong>valeamus</strong></span> <span class='ocrx_word' id='word_1_239' title='bbox 3238 1681 3251 1716; x_wconf 91' lang='lat'><strong>:</strong></span> <span class='ocrx_word' id='word_1_240' title='bbox 3286 1683 3306 1715; x_wconf 73' lang='grc' dir='ltr'>ι</span> <span class='ocrx_word' id='word_1_241' title='bbox 3345 1664 3545 1719; x_wconf 85' lang='lat' dir='ltr'><strong>Auditu</strong></span> <span class='ocrx_word' id='word_1_242' title='bbox 3574 1664 3729 1720; x_wconf 89' lang='lat' dir='ltr'><strong>auris</strong></span> <span class='ocrx_word' id='word_1_243' title='bbox 3759 1682 3854 1719; x_wconf 83' lang='lat' dir='ltr'><strong>au-</strong></span> 
     </span>
    </p>
   </div>
   <div class='ocr_carea' id='block_1_30' title="bbox 2265 1752 3857 1818">
    <p class='ocr_par' dir='ltr' id='par_1_30' title="bbox 2265 1752 3857 1818">
     <span class='ocr_line' id='line_1_30' title="bbox 2265 1752 3857 1818; baseline 0.004 -11"><span class='ocrx_word' id='word_1_244' title='bbox 2265 1752 2373 1807; x_wconf 87' lang='lat' dir='ltr'><strong>divi</strong></span> <span class='ocrx_word' id='word_1_245' title='bbox 2409 1762 2484 1818; x_wconf 91' lang='lat' dir='ltr'><strong>te,</strong></span> <span class='ocrx_word' id='word_1_246' title='bbox 2516 1753 2764 1809; x_wconf 90' lang='lat' dir='ltr'><strong>Domine.</strong></span> <span class='ocrx_word' id='word_1_247' title='bbox 2800 1772 2819 1806; x_wconf 73' lang='grc' dir='ltr'><strong><em>ι</em></strong></span> <span class='ocrx_word' id='word_1_248' title='bbox 2853 1753 2923 1808; x_wconf 87' lang='lat' dir='ltr'><strong>Et</strong></span> <span class='ocrx_word' id='word_1_249' title='bbox 2963 1769 3090 1809; x_wconf 92' lang='lat' dir='ltr'><strong>cum</strong></span> <span class='ocrx_word' id='word_1_250' title='bbox 3120 1754 3255 1809; x_wconf 87' lang='lat' dir='ltr'><strong>Isaia</strong></span> <span class='ocrx_word' id='word_1_251' title='bbox 3299 1772 3313 1808; x_wconf 92' lang='lat'><strong>:</strong></span> <span class='ocrx_word' id='word_1_252' title='bbox 3350 1772 3368 1806; x_wconf 76' lang='grc' dir='ltr'><strong><em>ι</em></strong></span> <span class='ocrx_word' id='word_1_253' title='bbox 3402 1755 3669 1812; x_wconf 89' lang='lat' dir='ltr'><strong>Dominus</strong></span> <span class='ocrx_word' id='word_1_254' title='bbox 3716 1758 3857 1813; x_wconf 86' lang='lat' dir='ltr'><strong>Deus</strong></span> 
     </span>
    </p>
   </div>
   <div class='ocr_carea' id='block_1_31' title="bbox 571 1824 3855 1917">
    <p class='ocr_par' dir='ltr' id='par_1_31' title="bbox 571 1824 3855 1917">
     <span class='ocr_line' id='line_1_31' title="bbox 571 1824 3855 1917; baseline 0.001 -16"><span class='ocrx_word' id='word_1_255' title='bbox 571 1824 803 1917; x_wconf 81' lang='lat' dir='ltr'><strong>amplius</strong></span> <span class='ocrx_word' id='word_1_256' title='bbox 828 1824 1088 1916; x_wconf 80' lang='lat' dir='ltr'><strong>apparere</strong></span> <span class='ocrx_word' id='word_1_257' title='bbox 1110 1845 1297 1915; x_wconf 84' lang='lat' dir='ltr'><strong>coepit,</strong></span> <span class='ocrx_word' id='word_1_258' title='bbox 1326 1853 1463 1900; x_wconf 86' lang='lat' dir='ltr'><strong>teste</strong></span> <span class='ocrx_word' id='word_1_259' title='bbox 1503 1824 1780 1915; x_wconf 88' lang='lat' dir='ltr'><strong>Apostolo.</strong></span> <span class='ocrx_word' id='word_1_260' title='bbox 1815 1866 1834 1897; x_wconf 86' lang='grc'><strong><em>‹</em></strong></span> <span class='ocrx_word' id='word_1_261' title='bbox 1882 1843 1994 1901; x_wconf 84' lang='lat' dir='ltr'><strong>Lex</strong></span> <span class='ocrx_word' id='word_1_262' title='bbox 2018 1846 2155 1901; x_wconf 88' lang='lat' dir='ltr'><strong>iram</strong></span> <span class='ocrx_word' id='word_1_263' title='bbox 2186 1824 2238 1888; x_wconf 77' lang='grc' dir='ltr'><strong>Β</strong></span> <span class='ocrx_word' id='word_1_264' title='bbox 2264 1844 2476 1913; x_wconf 88' lang='lat' dir='ltr'><strong>aperuit</strong></span> <span class='ocrx_word' id='word_1_265' title='bbox 2499 1844 2629 1899; x_wconf 92' lang='lat' dir='ltr'><strong>mihi</strong></span> <span class='ocrx_word' id='word_1_266' title='bbox 2657 1859 2865 1900; x_wconf 90' lang='lat' dir='ltr'><strong>aurem.</strong></span> <span class='ocrx_word' id='word_1_267' title='bbox 2904 1864 2923 1898; x_wconf 72' lang='grc' dir='ltr'><strong><em>ι</em></strong></span> <span class='ocrx_word' id='word_1_268' title='bbox 2959 1845 3171 1901; x_wconf 89' lang='lat' dir='ltr'><strong>Etcum</strong></span> <span class='ocrx_word' id='word_1_269' title='bbox 3201 1847 3529 1903; x_wconf 86' lang='lat' dir='ltr'><strong>Psalmista:</strong></span> <span class='ocrx_word' id='word_1_270' title='bbox 3564 1867 3584 1899; x_wconf 72' lang='grc' dir='ltr'><strong><em>ι</em></strong></span> <span class='ocrx_word' id='word_1_271' title='bbox 3622 1848 3855 1910; x_wconf 79' lang='lat' dir='ltr'><strong>Audiam</strong></span> 
     </span>
    </p>
   </div>
   <div class='ocr_carea' id='block_1_32' title="bbox 570 1937 2163 2009">
    <p class='ocr_par' dir='ltr' id='par_1_32' title="bbox 570 1937 2163 2009">
     <span class='ocr_line' id='line_1_32' title="bbox 570 1937 2163 2009; baseline 0.003 -18"><span class='ocrx_word' id='word_1_272' title='bbox 570 1946 826 2009; x_wconf 88' lang='lat' dir='ltr'><strong>operatur</strong></span> <span class='ocrx_word' id='word_1_273' title='bbox 870 1937 1041 2007; x_wconf 79' lang='lat' dir='ltr'><strong>(Rom.</strong></span> <span class='ocrx_word' id='word_1_274' title='bbox 1089 1938 1163 2007; x_wconf 81' lang='lat' dir='ltr'><strong>iv)</strong></span> <span class='ocrx_word' id='word_1_275' title='bbox 1189 1979 1202 2003; x_wconf 92' lang='lat'><strong>,</strong></span> <span class='ocrx_word' id='word_1_276' title='bbox 1241 1956 1259 1989; x_wconf 78' lang='grc' dir='ltr'><strong>ι</strong></span> <span class='ocrx_word' id='word_1_277' title='bbox 1306 1946 1402 1992; x_wconf 92' lang='lat' dir='ltr'><strong>et:</strong></span> <span class='ocrx_word' id='word_1_278' title='bbox 1437 1956 1456 1989; x_wconf 74' lang='grc' dir='ltr'><strong><em>ι</em></strong></span> <span class='ocrx_word' id='word_1_279' title='bbox 1514 1938 1615 1993; x_wconf 90' lang='lat' dir='ltr'><strong>Ubi</strong></span> <span class='ocrx_word' id='word_1_280' title='bbox 1657 1953 1763 1993; x_wconf 92' lang='lat' dir='ltr'><strong>non</strong></span> <span class='ocrx_word' id='word_1_281' title='bbox 1808 1948 1892 1994; x_wconf 92' lang='lat' dir='ltr'><strong>est</strong></span> <span class='ocrx_word' id='word_1_282' title='bbox 1923 1939 2031 2006; x_wconf 88' lang='lat' dir='ltr'><strong>lex,</strong></span> <span class='ocrx_word' id='word_1_283' title='bbox 2062 1955 2163 1996; x_wconf 90' lang='lat' dir='ltr'><strong>nec</strong></span> 
     </span>
    </p>
   </div>
   <div class='ocr_carea' id='block_1_33' title="bbox 572 2026 2163 2101">
    <p class='ocr_par' dir='ltr' id='par_1_33' title="bbox 572 2026 2163 2101">
     <span class='ocr_line' id='line_1_33' title="bbox 572 2026 2163 2101; baseline 0.001 -18"><span class='ocrx_word' id='word_1_284' title='bbox 572 2028 963 2101; x_wconf 77' lang='lat' dir='ltr'><strong>praevaricatio.</strong></span> <span class='ocrx_word' id='word_1_285' title='bbox 988 2026 1343 2099; x_wconf 67' lang='lat' dir='ltr'><strong>(Ibid.)i—c</strong></span> <span class='ocrx_word' id='word_1_286' title='bbox 1365 2027 1500 2083; x_wconf 86' lang='lat' dir='ltr'><strong>Nam</strong></span> <span class='ocrx_word' id='word_1_287' title='bbox 1544 2029 2035 2098; x_wconf 90' lang='lat' dir='ltr'><strong>concupiscentiam</strong></span> <span class='ocrx_word' id='word_1_288' title='bbox 2069 2046 2163 2085; x_wconf 88' lang='lat' dir='ltr'><strong>ne-</strong></span> 
     </span>
    </p>
   </div>
   <div class='ocr_carea' id='block_1_34' title="bbox 573 2126 2163 2198">
    <p class='ocr_par' dir='ltr' id='par_1_34' title="bbox 573 2126 2163 2198">
     <span class='ocr_line' id='line_1_34' title="bbox 573 2126 2163 2198; baseline 0.001 -17"><span class='ocrx_word' id='word_1_289' title='bbox 573 2127 832 2189; x_wconf 86' lang='lat' dir='ltr'><strong>sciebam,</strong></span> <span class='ocrx_word' id='word_1_290' title='bbox 874 2126 978 2180; x_wconf 86' lang='lat' dir='ltr'><strong>nisi</strong></span> <span class='ocrx_word' id='word_1_291' title='bbox 1025 2126 1108 2180; x_wconf 86' lang='lat' dir='ltr'><strong>lex</strong></span> <span class='ocrx_word' id='word_1_292' title='bbox 1134 2126 1360 2193; x_wconf 86' lang='lat' dir='ltr'><strong>diceret,</strong></span> <span class='ocrx_word' id='word_1_293' title='bbox 1404 2127 1522 2183; x_wconf 90' lang='lat' dir='ltr'><strong>Non</strong></span> <span class='ocrx_word' id='word_1_294' title='bbox 1575 2128 1946 2198; x_wconf 89' lang='lat' dir='ltr'><strong>concupisces.</strong></span> <span class='ocrx_word' id='word_1_295' title='bbox 1993 2127 2163 2183; x_wconf 89' lang='lat' dir='ltr'><strong>Occa-</strong></span> 
     </span>
    </p>
   </div>
   <div class='ocr_carea' id='block_1_35' title="bbox 574 2206 2171 2289">
    <p class='ocr_par' dir='ltr' id='par_1_35' title="bbox 574 2206 2171 2289">
     <span class='ocr_line' id='line_1_35' title="bbox 574 2206 2171 2289; baseline 0.002 -19"><span class='ocrx_word' id='word_1_296' title='bbox 574 2216 725 2271; x_wconf 90' lang='lat' dir='ltr'><strong>sione</strong></span> <span class='ocrx_word' id='word_1_297' title='bbox 754 2223 933 2269; x_wconf 87' lang='lat' dir='ltr'><strong>autem</strong></span> <span class='ocrx_word' id='word_1_298' title='bbox 964 2224 1209 2285; x_wconf 87' lang='lat' dir='ltr'><strong>accepta,</strong></span> <span class='ocrx_word' id='word_1_299' title='bbox 1240 2227 1520 2288; x_wconf 87' lang='lat' dir='ltr'><strong>peccatum</strong></span> <span class='ocrx_word' id='word_1_300' title='bbox 1552 2231 1652 2288; x_wconf 90' lang='lat' dir='ltr'><strong>per</strong></span> <span class='ocrx_word' id='word_1_301' title='bbox 1690 2219 2005 2273; x_wconf 90' lang='lat' dir='ltr'><strong>mandatum</strong></span> <span class='ocrx_word' id='word_1_302' title='bbox 2028 2206 2171 2289; x_wconf 3' lang='lat' dir='ltr'><strong>ope-ﬁ</strong></span> 
     </span>
    </p>
   </div>
   <div class='ocr_carea' id='block_1_36' title="bbox 572 2306 2164 2378">
    <p class='ocr_par' dir='ltr' id='par_1_36' title="bbox 572 2306 2164 2378">
     <span class='ocr_line' id='line_1_36' title="bbox 572 2306 2164 2378; baseline 0.002 -20"><span class='ocrx_word' id='word_1_303' title='bbox 572 2316 750 2359; x_wconf 88' lang='lat' dir='ltr'><strong>ratum</strong></span> <span class='ocrx_word' id='word_1_304' title='bbox 792 2313 876 2360; x_wconf 91' lang='lat' dir='ltr'><strong>est</strong></span> <span class='ocrx_word' id='word_1_305' title='bbox 905 2306 957 2360; x_wconf 92' lang='lat' dir='ltr'><strong>iu</strong></span> <span class='ocrx_word' id='word_1_306' title='bbox 1006 2322 1094 2361; x_wconf 90' lang='lat' dir='ltr'><strong>me</strong></span> <span class='ocrx_word' id='word_1_307' title='bbox 1136 2308 1933 2378; x_wconf 87' lang='lat' dir='ltr'><strong>omnemconcupiscentiam,</strong></span> <span class='ocrx_word' id='word_1_308' title='bbox 1981 2316 2038 2363; x_wconf 92' lang='lat' dir='ltr'><strong>et</strong></span> <span class='ocrx_word' id='word_1_309' title='bbox 2085 2308 2164 2362; x_wconf 83' lang='lat' dir='ltr'><strong>fa-</strong></span> 
     </span>
    </p>
   </div>
   <div class='ocr_carea' id='block_1_37' title="bbox 572 2400 2174 2468">
    <p class='ocr_par' dir='ltr' id='par_1_37' title="bbox 572 2400 2174 2468">
     <span class='ocr_line' id='line_1_37' title="bbox 572 2400 2174 2468; baseline 0.003 -16"><span class='ocrx_word' id='word_1_310' title='bbox 572 2407 718 2452; x_wconf 91' lang='lat' dir='ltr'><strong>ctum</strong></span> <span class='ocrx_word' id='word_1_311' title='bbox 769 2406 853 2452; x_wconf 88' lang='lat' dir='ltr'><strong>est</strong></span> <span class='ocrx_word' id='word_1_312' title='bbox 896 2400 1040 2468; x_wconf 91' lang='lat' dir='ltr'><strong>quod</strong></span> <span class='ocrx_word' id='word_1_313' title='bbox 1072 2409 1190 2454; x_wconf 90' lang='lat' dir='ltr'><strong>erat</strong></span> <span class='ocrx_word' id='word_1_314' title='bbox 1233 2404 1299 2456; x_wconf 87' lang='lat' dir='ltr'><strong>ad</strong></span> <span class='ocrx_word' id='word_1_315' title='bbox 1328 2401 1516 2465; x_wconf 87' lang='lat' dir='ltr'><strong>vitam,</strong></span> <span class='ocrx_word' id='word_1_316' title='bbox 1542 2403 1646 2456; x_wconf 92' lang='lat' dir='ltr'><strong>hoc</strong></span> <span class='ocrx_word' id='word_1_317' title='bbox 1673 2416 1794 2457; x_wconf 90' lang='lat' dir='ltr'><strong>esse</strong></span> <span class='ocrx_word' id='word_1_318' title='bbox 1824 2403 1891 2457; x_wconf 88' lang='lat' dir='ltr'><strong>ad</strong></span> <span class='ocrx_word' id='word_1_319' title='bbox 1931 2402 2174 2457; x_wconf 87' lang='lat' dir='ltr'><strong>mortem</strong></span> 
     </span>
    </p>
   </div>
   <div class='ocr_carea' id='block_1_38' title="bbox 573 2489 2164 2568">
    <p class='ocr_par' dir='ltr' id='par_1_38' title="bbox 573 2489 2164 2568">
     <span class='ocr_line' id='line_1_38' title="bbox 573 2489 2164 2568; baseline 0.006 -26"><span class='ocrx_word' id='word_1_320' title='bbox 573 2489 746 2559; x_wconf 82' lang='lat' dir='ltr'><strong>(Rom.</strong></span> <span class='ocrx_word' id='word_1_321' title='bbox 788 2490 908 2559; x_wconf 85' lang='lat' dir='ltr'><strong>vn).</strong></span> <span class='ocrx_word' id='word_1_322' title='bbox 954 2512 972 2543; x_wconf 74' lang='grc' dir='ltr'><strong><em>ι</em></strong></span> <span class='ocrx_word' id='word_1_323' title='bbox 1004 2490 1110 2548; x_wconf 88' lang='lat' dir='ltr'><strong>Sed</strong></span> <span class='ocrx_word' id='word_1_324' title='bbox 1153 2494 1278 2563; x_wconf 87' lang='lat' dir='ltr'><strong>quia</strong></span> <span class='ocrx_word' id='word_1_325' title='bbox 1306 2494 1653 2564; x_wconf 68' lang='lat' dir='ltr'><strong>praeputium,</strong></span> <span class='ocrx_word' id='word_1_326' title='bbox 1682 2495 1824 2565; x_wconf 86' lang='lat' dir='ltr'><strong>quod</strong></span> <span class='ocrx_word' id='word_1_327' title='bbox 1855 2496 1956 2552; x_wconf 90' lang='lat' dir='ltr'><strong>sub</strong></span> <span class='ocrx_word' id='word_1_328' title='bbox 1978 2495 2164 2568; x_wconf 81' lang='lat' dir='ltr'><strong>Moyse</strong></span> 
     </span>
    </p>
   </div>
   <div class='ocr_carea' id='block_1_39' title="bbox 564 2582 2165 2660">
    <p class='ocr_par' dir='ltr' id='par_1_39' title="bbox 564 2582 2165 2660">
     <span class='ocr_line' id='line_1_39' title="bbox 564 2582 2165 2660; baseline 0.006 -24"><span class='ocrx_word' id='word_1_329' title='bbox 564 2584 765 2647; x_wconf 72' lang='lat' dir='ltr'><strong>crevit,</strong></span> <span class='ocrx_word' id='word_1_330' title='bbox 794 2598 824 2636; x_wconf 91' lang='lat' dir='ltr'><strong>a</strong></span> <span class='ocrx_word' id='word_1_331' title='bbox 847 2582 1009 2639; x_wconf 84' lang='lat' dir='ltr'><strong>Iosue</strong></span> <span class='ocrx_word' id='word_1_332' title='bbox 1036 2595 1371 2659; x_wconf 88' lang='lat' dir='ltr'><strong>amputatum</strong></span> <span class='ocrx_word' id='word_1_333' title='bbox 1393 2597 1499 2653; x_wconf 87' lang='lat' dir='ltr'><strong>est,</strong></span> <span class='ocrx_word' id='word_1_334' title='bbox 1530 2588 1800 2657; x_wconf 84' lang='lat' dir='ltr'><strong>signiﬁcat</strong></span> <span class='ocrx_word' id='word_1_335' title='bbox 1826 2590 1948 2658; x_wconf 87' lang='lat' dir='ltr'><strong>quia</strong></span> <span class='ocrx_word' id='word_1_336' title='bbox 1978 2605 2165 2660; x_wconf 87' lang='lat' dir='ltr'><strong>pecca-</strong></span> 
     </span>
    </p>
   </div>
   <div class='ocr_carea' id='block_1_40' title="bbox 576 2673 2163 2744">
    <p class='ocr_par' dir='ltr' id='par_1_40' title="bbox 576 2673 2163 2744">
     <span class='ocr_line' id='line_1_40' title="bbox 576 2673 2163 2744; baseline 0.008 -20"><span class='ocrx_word' id='word_1_337' title='bbox 576 2682 687 2726; x_wconf 90' lang='lat' dir='ltr'><strong>tum</strong></span> <span class='ocrx_word' id='word_1_338' title='bbox 716 2673 857 2742; x_wconf 88' lang='lat' dir='ltr'><strong>quod</strong></span> <span class='ocrx_word' id='word_1_339' title='bbox 880 2674 965 2728; x_wconf 90' lang='lat' dir='ltr'><strong>lex</strong></span> <span class='ocrx_word' id='word_1_340' title='bbox 995 2679 1340 2744; x_wconf 82' lang='lat' dir='ltr'><strong>ostendebat,</strong></span> <span class='ocrx_word' id='word_1_341' title='bbox 1368 2681 1662 2735; x_wconf 86' lang='lat' dir='ltr'><strong>nonetiam</strong></span> <span class='ocrx_word' id='word_1_342' title='bbox 1693 2680 1974 2736; x_wconf 79' lang='lat' dir='ltr'><strong>auferebat</strong></span> <span class='ocrx_word' id='word_1_343' title='bbox 2006 2701 2020 2736; x_wconf 90' lang='lat'><strong>:</strong></span> <span class='ocrx_word' id='word_1_344' title='bbox 2053 2683 2163 2737; x_wconf 84' lang='lat' dir='ltr'><strong>Do—</strong></span> 
     </span>
    </p>
   </div>
   <div class='ocr_carea' id='block_1_41' title="bbox 575 2763 2165 2830">
    <p class='ocr_par' dir='ltr' id='par_1_41' title="bbox 575 2763 2165 2830">
     <span class='ocr_line' id='line_1_41' title="bbox 575 2763 2165 2830; baseline 0.009 -15"><span class='ocrx_word' id='word_1_345' title='bbox 575 2763 756 2818; x_wconf 89' lang='lat' dir='ltr'><strong>minus</strong></span> <span class='ocrx_word' id='word_1_346' title='bbox 795 2763 952 2820; x_wconf 90' lang='lat' dir='ltr'><strong>Iesus</strong></span> <span class='ocrx_word' id='word_1_347' title='bbox 992 2764 1241 2823; x_wconf 87' lang='lat' dir='ltr'><strong>Christus</strong></span> <span class='ocrx_word' id='word_1_348' title='bbox 1295 2770 1545 2825; x_wconf 90' lang='lat' dir='ltr'><strong>conditor</strong></span> <span class='ocrx_word' id='word_1_349' title='bbox 1592 2778 1647 2826; x_wconf 91' lang='lat' dir='ltr'><strong>et</strong></span> <span class='ocrx_word' id='word_1_350' title='bbox 1699 2773 1981 2828; x_wconf 83' lang='lat' dir='ltr'><strong>ordinatur</strong></span> <span class='ocrx_word' id='word_1_351' title='bbox 2028 2773 2165 2830; x_wconf 86' lang='lat' dir='ltr'><strong>Novi</strong></span> 
     </span>
    </p>
   </div>
   <div class='ocr_carea' id='block_1_42' title="bbox 576 2849 2163 2934">
    <p class='ocr_par' dir='ltr' id='par_1_42' title="bbox 576 2849 2163 2934">
     <span class='ocr_line' id='line_1_42' title="bbox 576 2849 2163 2934; baseline 0.01 -29"><span class='ocrx_word' id='word_1_352' title='bbox 576 2849 930 2921; x_wconf 87' lang='lat' dir='ltr'><strong>Testamenti,</strong></span> <span class='ocrx_word' id='word_1_353' title='bbox 979 2873 1140 2927; x_wconf 87' lang='lat' dir='ltr'><strong>quem</strong></span> <span class='ocrx_word' id='word_1_354' title='bbox 1184 2857 1348 2931; x_wconf 82' lang='lat' dir='ltr'><strong>Iosue</strong></span> <span class='ocrx_word' id='word_1_355' title='bbox 1393 2876 1558 2932; x_wconf 88' lang='lat' dir='ltr'><strong>opere</strong></span> <span class='ocrx_word' id='word_1_356' title='bbox 1604 2863 1935 2934; x_wconf 84' lang='lat' dir='ltr'><strong>signiﬁcavit</strong></span> <span class='ocrx_word' id='word_1_357' title='bbox 1969 2874 2025 2920; x_wconf 92' lang='lat' dir='ltr'><strong>et</strong></span> <span class='ocrx_word' id='word_1_358' title='bbox 2067 2882 2163 2922; x_wconf 92' lang='lat' dir='ltr'><strong>no-</strong></span> 
     </span>
    </p>
   </div>
   <div class='ocr_carea' id='block_1_43' title="bbox 576 2942 2163 3019">
    <p class='ocr_par' dir='ltr' id='par_1_43' title="bbox 576 2942 2163 3019">
     <span class='ocr_line' id='line_1_43' title="bbox 576 2942 2163 3019; baseline 0.01 -24"><span class='ocrx_word' id='word_1_359' title='bbox 576 2942 758 3008; x_wconf 87' lang='lat' dir='ltr'><strong>mine,</strong></span> <span class='ocrx_word' id='word_1_360' title='bbox 814 2959 913 3015; x_wconf 88' lang='lat' dir='ltr'><strong>per</strong></span> <span class='ocrx_word' id='word_1_361' title='bbox 967 2949 1199 3019; x_wconf 76' lang='lat' dir='ltr'><strong>gratiam</strong></span> <span class='ocrx_word' id='word_1_362' title='bbox 1255 2949 1389 3005; x_wconf 86' lang='lat' dir='ltr'><strong>Novi</strong></span> <span class='ocrx_word' id='word_1_363' title='bbox 1441 2951 1773 3009; x_wconf 81' lang='lat' dir='ltr'><strong>Testamenti</strong></span> <span class='ocrx_word' id='word_1_364' title='bbox 1835 2970 1942 3010; x_wconf 92' lang='lat' dir='ltr'><strong>non</strong></span> <span class='ocrx_word' id='word_1_365' title='bbox 1991 2956 2163 3011; x_wconf 90' lang='lat' dir='ltr'><strong>solum</strong></span> 
     </span>
    </p>
   </div>
   <div class='ocr_carea' id='block_1_44' title="bbox 573 3035 2161 3112">
    <p class='ocr_par' dir='ltr' id='par_1_44' title="bbox 573 3035 2161 3112">
     <span class='ocr_line' id='line_1_44' title="bbox 573 3035 2161 3112; baseline 0.008 -24"><span class='ocrx_word' id='word_1_366' title='bbox 573 3035 829 3101; x_wconf 86' lang='lat' dir='ltr'><strong>ostendit,</strong></span> <span class='ocrx_word' id='word_1_367' title='bbox 856 3038 947 3091; x_wconf 88' lang='lat' dir='ltr'><strong>sed</strong></span> <span class='ocrx_word' id='word_1_368' title='bbox 971 3040 1135 3093; x_wconf 89' lang='lat' dir='ltr'><strong>etiam</strong></span> <span class='ocrx_word' id='word_1_369' title='bbox 1166 3039 1591 3098; x_wconf 87' lang='lat' dir='ltr'><strong>misericorditer</strong></span> <span class='ocrx_word' id='word_1_370' title='bbox 1615 3044 1839 3098; x_wconf 90' lang='lat' dir='ltr'><strong>dimisit.</strong></span> <span class='ocrx_word' id='word_1_371' title='bbox 1871 3045 1980 3100; x_wconf 82' lang='lat' dir='ltr'><strong>Lex</strong></span> <span class='ocrx_word' id='word_1_372' title='bbox 1995 3047 2161 3112; x_wconf 87' lang='lat' dir='ltr'><strong>enim,</strong></span> 
     </span>
    </p>
   </div>
   <div class='ocr_carea' id='block_1_45' title="bbox 575 3128 2162 3207">
    <p class='ocr_par' dir='ltr' id='par_1_45' title="bbox 575 3128 2162 3207">
     <span class='ocr_line' id='line_1_45' title="bbox 575 3128 2162 3207; baseline 0.009 -27"><span class='ocrx_word' id='word_1_373' title='bbox 575 3128 651 3181; x_wconf 88' lang='lat' dir='ltr'><strong>ait</strong></span> <span class='ocrx_word' id='word_1_374' title='bbox 679 3131 1039 3200; x_wconf 85' lang='lat' dir='ltr'><strong>evangelista,</strong></span> <span class='ocrx_word' id='word_1_375' title='bbox 1072 3147 1167 3203; x_wconf 89' lang='lat' dir='ltr'><strong>per</strong></span> <span class='ocrx_word' id='word_1_376' title='bbox 1189 3132 1409 3206; x_wconf 85' lang='lat' dir='ltr'><strong>Moysen</strong></span> <span class='ocrx_word' id='word_1_377' title='bbox 1443 3136 1567 3191; x_wconf 89' lang='lat' dir='ltr'><strong>data</strong></span> <span class='ocrx_word' id='word_1_378' title='bbox 1599 3144 1703 3203; x_wconf 90' lang='lat' dir='ltr'><strong>est,</strong></span> <span class='ocrx_word' id='word_1_379' title='bbox 1737 3140 1911 3207; x_wconf 87' lang='lat' dir='ltr'><strong>gratia</strong></span> <span class='ocrx_word' id='word_1_380' title='bbox 1939 3148 1994 3193; x_wconf 90' lang='lat' dir='ltr'><strong>et</strong></span> <span class='ocrx_word' id='word_1_381' title='bbox 2016 3141 2162 3195; x_wconf 89' lang='lat' dir='ltr'><strong>veri-</strong></span> 
     </span>
    </p>
   </div>
   <div class='ocr_carea' id='block_1_46' title="bbox 575 3221 2163 3303">
    <p class='ocr_par' dir='ltr' id='par_1_46' title="bbox 575 3221 2163 3303">
     <span class='ocr_line' id='line_1_46' title="bbox 575 3221 2163 3303; baseline 0.009 -31"><span class='ocrx_word' id='word_1_382' title='bbox 575 3228 657 3274; x_wconf 89' lang='lat' dir='ltr'><strong>tas</strong></span> <span class='ocrx_word' id='word_1_383' title='bbox 687 3237 785 3291; x_wconf 92' lang='lat' dir='ltr'><strong>per</strong></span> <span class='ocrx_word' id='word_1_384' title='bbox 823 3221 1008 3278; x_wconf 91' lang='lat' dir='ltr'><strong>Iesum</strong></span> <span class='ocrx_word' id='word_1_385' title='bbox 1047 3224 1324 3280; x_wconf 89' lang='lat' dir='ltr'><strong>Christum</strong></span> <span class='ocrx_word' id='word_1_386' title='bbox 1372 3226 1513 3282; x_wconf 79' lang='lat' dir='ltr'><strong>facta</strong></span> <span class='ocrx_word' id='word_1_387' title='bbox 1562 3236 1646 3283; x_wconf 90' lang='lat' dir='ltr'><strong>est</strong></span> <span class='ocrx_word' id='word_1_388' title='bbox 1677 3227 1860 3300; x_wconf 82' lang='lat' dir='ltr'><strong>(Ioan.</strong></span> <span class='ocrx_word' id='word_1_389' title='bbox 1895 3229 1957 3303; x_wconf 59' lang='grc' dir='ltr'><strong>ι),</strong></span> <span class='ocrx_word' id='word_1_390' title='bbox 2007 3229 2163 3287; x_wconf 89' lang='lat' dir='ltr'><strong>Unde</strong></span> 
     </span>
    </p>
   </div>
   <div class='ocr_carea' id='block_1_47' title="bbox 577 3313 2175 3391">
    <p class='ocr_par' dir='ltr' id='par_1_47' title="bbox 577 3313 2175 3391">
     <span class='ocr_line' id='line_1_47' title="bbox 577 3313 2175 3391; baseline 0.006 -22"><span class='ocrx_word' id='word_1_391' title='bbox 577 3313 714 3369; x_wconf 85' lang='lat' dir='ltr'><strong>bene</strong></span> <span class='ocrx_word' id='word_1_392' title='bbox 744 3315 934 3372; x_wconf 86' lang='lat' dir='ltr'><strong>cultris</strong></span> <span class='ocrx_word' id='word_1_393' title='bbox 962 3318 1191 3388; x_wconf 88' lang='lat' dir='ltr'><strong>petrinis</strong></span> <span class='ocrx_word' id='word_1_394' title='bbox 1230 3319 1371 3374; x_wconf 88' lang='lat' dir='ltr'><strong>idem</strong></span> <span class='ocrx_word' id='word_1_395' title='bbox 1398 3320 1625 3391; x_wconf 93' lang='lat' dir='ltr'><strong>populus</strong></span> <span class='ocrx_word' id='word_1_396' title='bbox 1671 3337 1701 3375; x_wconf 87' lang='lat' dir='ltr'><strong>a</strong></span> <span class='ocrx_word' id='word_1_397' title='bbox 1740 3320 1905 3377; x_wconf 90' lang='lat' dir='ltr'><strong>Iosue</strong></span> <span class='ocrx_word' id='word_1_398' title='bbox 1930 3320 2175 3379; x_wconf 53' lang='lat' dir='ltr'><strong>circum?</strong></span> 
     </span>
    </p>
   </div>
   <div class='ocr_carea' id='block_1_48' title="bbox 575 3406 2177 3486">
    <p class='ocr_par' dir='ltr' id='par_1_48' title="bbox 575 3406 2177 3486">
     <span class='ocr_line' id='line_1_48' title="bbox 575 3406 2177 3486; baseline 0.007 -27"><span class='ocrx_word' id='word_1_399' title='bbox 575 3406 719 3461; x_wconf 84' lang='lat' dir='ltr'><strong>eisns</strong></span> <span class='ocrx_word' id='word_1_400' title='bbox 746 3407 961 3479; x_wconf 85' lang='lat' dir='ltr'><strong>legitur,</strong></span> <span class='ocrx_word' id='word_1_401' title='bbox 989 3412 1115 3481; x_wconf 88' lang='lat' dir='ltr'><strong>quia</strong></span> <span class='ocrx_word' id='word_1_402' title='bbox 1151 3410 1242 3467; x_wconf 90' lang='lat' dir='ltr'><strong>ille</strong></span> <span class='ocrx_word' id='word_1_403' title='bbox 1263 3412 1409 3467; x_wconf 90' lang='lat' dir='ltr'><strong>solus</strong></span> <span class='ocrx_word' id='word_1_404' title='bbox 1433 3423 1653 3484; x_wconf 89' lang='lat' dir='ltr'><strong>peccata</strong></span> <span class='ocrx_word' id='word_1_405' title='bbox 1682 3414 1930 3480; x_wconf 89' lang='lat' dir='ltr'><strong>dimittit,</strong></span> <span class='ocrx_word' id='word_1_406' title='bbox 1959 3416 2028 3469; x_wconf 90' lang='lat' dir='ltr'><strong>de</strong></span> <span class='ocrx_word' id='word_1_407' title='bbox 2050 3414 2177 3486; x_wconf 86' lang='lat' dir='ltr'><strong>quo</strong></span> 
     </span>
    </p>
   </div>
   <div class='ocr_carea' id='block_1_49' title="bbox 575 3497 2161 3578">
    <p class='ocr_par' dir='ltr' id='par_1_49' title="bbox 575 3497 2161 3578">
     <span class='ocr_line' id='line_1_49' title="bbox 575 3497 2161 3578; baseline 0.007 -26"><span class='ocrx_word' id='word_1_408' title='bbox 575 3498 652 3552; x_wconf 90' lang='lat' dir='ltr'><strong>ait</strong></span> <span class='ocrx_word' id='word_1_409' title='bbox 677 3497 968 3570; x_wconf 78' lang='lat' dir='ltr'><strong>Apostolus</strong></span> <span class='ocrx_word' id='word_1_410' title='bbox 998 3520 1010 3556; x_wconf 91' lang='lat'><strong>:</strong></span> <span class='ocrx_word' id='word_1_411' title='bbox 1047 3522 1065 3554; x_wconf 73' lang='grc' dir='ltr'>ι</span> <span class='ocrx_word' id='word_1_412' title='bbox 1119 3502 1277 3559; x_wconf 88' lang='lat' dir='ltr'><strong>Petra</strong></span> <span class='ocrx_word' id='word_1_413' title='bbox 1308 3514 1487 3559; x_wconf 88' lang='lat' dir='ltr'><strong>autem</strong></span> <span class='ocrx_word' id='word_1_414' title='bbox 1531 3514 1653 3561; x_wconf 87' lang='lat' dir='ltr'><strong>erat</strong></span> <span class='ocrx_word' id='word_1_415' title='bbox 1675 3505 1924 3562; x_wconf 90' lang='lat' dir='ltr'><strong>Christus</strong></span> <span class='ocrx_word' id='word_1_416' title='bbox 1952 3506 2005 3578; x_wconf 91' lang='grc'><strong>(1</strong></span> <span class='ocrx_word' id='word_1_417' title='bbox 2037 3507 2161 3563; x_wconf 87' lang='lat' dir='ltr'><strong>Cor.</strong></span> 
     </span>
    </p>
   </div>
   <div class='ocr_carea' id='block_1_50' title="bbox 575 3589 2162 3666">
    <p class='ocr_par' dir='ltr' id='par_1_50' title="bbox 575 3589 2162 3666">
     <span class='ocr_line' id='line_1_50' title="bbox 575 3589 2162 3666; baseline 0.006 -24"><span class='ocrx_word' id='word_1_418' title='bbox 575 3589 654 3655; x_wconf 81' lang='lat' dir='ltr'><strong>x).</strong></span> <span class='ocrx_word' id='word_1_419' title='bbox 707 3609 725 3642; x_wconf 75' lang='grc' dir='ltr'><strong>ι</strong></span> <span class='ocrx_word' id='word_1_420' title='bbox 782 3590 888 3646; x_wconf 89' lang='lat' dir='ltr'><strong>Sed</strong></span> <span class='ocrx_word' id='word_1_421' title='bbox 935 3593 1062 3663; x_wconf 86' lang='lat' dir='ltr'><strong>quia</strong></span> <span class='ocrx_word' id='word_1_422' title='bbox 1117 3593 1330 3665; x_wconf 89' lang='lat' dir='ltr'><strong>Domini</strong></span> <span class='ocrx_word' id='word_1_423' title='bbox 1393 3594 1518 3666; x_wconf 83' lang='lat' dir='ltr'><strong>Iesu</strong></span> <span class='ocrx_word' id='word_1_424' title='bbox 1578 3597 1781 3652; x_wconf 88' lang='lat' dir='ltr'><strong>Christi</strong></span> <span class='ocrx_word' id='word_1_425' title='bbox 1825 3598 2162 3666; x_wconf 90' lang='lat' dir='ltr'><strong>corporalem</strong></span> 
     </span>
    </p>
   </div>
   <div class='ocr_carea' id='block_1_51' title="bbox 572 3683 2164 3761">
    <p class='ocr_par' dir='ltr' id='par_1_51' title="bbox 572 3683 2164 3761">
     <span class='ocr_line' id='line_1_51' title="bbox 572 3683 2164 3761; baseline 0.007 -27"><span class='ocrx_word' id='word_1_426' title='bbox 572 3683 1045 3740; x_wconf 89' lang='lat' dir='ltr'><strong>circumcisionem</strong></span> <span class='ocrx_word' id='word_1_427' title='bbox 1059 3685 1421 3754; x_wconf 89' lang='lat' dir='ltr'><strong>celebramus,</strong></span> <span class='ocrx_word' id='word_1_428' title='bbox 1437 3689 1694 3743; x_wconf 86' lang='lat' dir='ltr'><strong>debemus</strong></span> <span class='ocrx_word' id='word_1_429' title='bbox 1715 3690 1782 3743; x_wconf 92' lang='lat' dir='ltr'><strong>ad</strong></span> <span class='ocrx_word' id='word_1_430' title='bbox 1799 3699 2039 3744; x_wconf 89' lang='lat' dir='ltr'><strong>nostram</strong></span> <span class='ocrx_word' id='word_1_431' title='bbox 2057 3691 2164 3761; x_wconf 82' lang='lat' dir='ltr'><strong>Spi-</strong></span> 
     </span>
    </p>
   </div>
   <div class='ocr_carea' id='block_1_52' title="bbox 574 3773 2174 3853">
    <p class='ocr_par' dir='ltr' id='par_1_52' title="bbox 574 3773 2174 3853">
     <span class='ocr_line' id='line_1_52' title="bbox 574 3773 2174 3853; baseline 0.007 -27"><span class='ocrx_word' id='word_1_432' title='bbox 574 3773 822 3828; x_wconf 87' lang='lat' dir='ltr'><strong>ritualem</strong></span> <span class='ocrx_word' id='word_1_433' title='bbox 845 3776 1313 3832; x_wconf 86' lang='lat' dir='ltr'><strong>circumcisionem</strong></span> <span class='ocrx_word' id='word_1_434' title='bbox 1338 3780 1577 3834; x_wconf 89' lang='lat' dir='ltr'><strong>animum</strong></span> <span class='ocrx_word' id='word_1_435' title='bbox 1596 3780 1871 3838; x_wconf 75' lang='lat' dir='ltr'><strong>inflectere</strong></span> <span class='ocrx_word' id='word_1_436' title='bbox 1900 3799 1915 3836; x_wconf 88' lang='lat'><strong>:</strong></span> <span class='ocrx_word' id='word_1_437' title='bbox 1941 3790 1996 3837; x_wconf 91' lang='lat' dir='ltr'><strong>et</strong></span> <span class='ocrx_word' id='word_1_438' title='bbox 2024 3775 2174 3853; x_wconf 53' lang='lat' dir='ltr'><strong>quo?</strong></span> 
     </span>
    </p>
   </div>
   <div class='ocr_carea' id='block_1_53' title="bbox 575 3865 2158 3940">
    <p class='ocr_par' dir='ltr' id='par_1_53' title="bbox 575 3865 2158 3940">
     <span class='ocr_line' id='line_1_53' title="bbox 575 3865 2158 3940; baseline 0.006 -21"><span class='ocrx_word' id='word_1_439' title='bbox 575 3865 735 3920; x_wconf 87' lang='lat' dir='ltr'><strong>modo</strong></span> <span class='ocrx_word' id='word_1_440' title='bbox 760 3881 866 3921; x_wconf 92' lang='lat' dir='ltr'><strong>non</strong></span> <span class='ocrx_word' id='word_1_441' title='bbox 903 3882 1130 3938; x_wconf 92' lang='lat' dir='ltr'><strong>corpore</strong></span> <span class='ocrx_word' id='word_1_442' title='bbox 1158 3870 1251 3925; x_wconf 91' lang='lat' dir='ltr'><strong>sed</strong></span> <span class='ocrx_word' id='word_1_443' title='bbox 1271 3871 1462 3940; x_wconf 89' lang='lat' dir='ltr'><strong>spiritu</strong></span> <span class='ocrx_word' id='word_1_444' title='bbox 1504 3872 1820 3929; x_wconf 89' lang='lat' dir='ltr'><strong>circumcidi</strong></span> <span class='ocrx_word' id='word_1_445' title='bbox 1852 3874 2158 3940; x_wconf 88' lang='lat' dir='ltr'><strong>conveniat,</strong></span> 
     </span>
    </p>
   </div>
   <div class='ocr_carea' id='block_1_54' title="bbox 579 3959 2164 4034">
    <p class='ocr_par' dir='ltr' id='par_1_54' title="bbox 579 3959 2164 4034">
     <span class='ocr_line' id='line_1_54' title="bbox 579 3959 2164 4034; baseline 0.005 -21"><span class='ocrx_word' id='word_1_446' title='bbox 579 3959 950 4015; x_wconf 87' lang='lat' dir='ltr'><strong>considerare.</strong></span> <span class='ocrx_word' id='word_1_447' title='bbox 979 3959 1104 4016; x_wconf 90' lang='lat' dir='ltr'><strong>Ideo</strong></span> <span class='ocrx_word' id='word_1_448' title='bbox 1129 3962 1275 4016; x_wconf 92' lang='lat' dir='ltr'><strong>enim</strong></span> <span class='ocrx_word' id='word_1_449' title='bbox 1302 3962 1390 4019; x_wconf 90' lang='lat' dir='ltr'><strong>ille</strong></span> <span class='ocrx_word' id='word_1_450' title='bbox 1427 3964 1781 4034; x_wconf 92' lang='lat' dir='ltr'><strong>corporaliter</strong></span> <span class='ocrx_word' id='word_1_451' title='bbox 1807 3964 2164 4022; x_wconf 85' lang='lat' dir='ltr'><strong>circumcisus</strong></span> 
     </span>
    </p>
   </div>
   <div class='ocr_carea' id='block_1_55' title="bbox 574 4042 2167 4122">
    <p class='ocr_par' dir='ltr' id='par_1_55' title="bbox 574 4042 2167 4122">
     <span class='ocr_line' id='line_1_55' title="bbox 574 4042 2167 4122; baseline 0.005 -20"><span class='ocrx_word' id='word_1_452' title='bbox 574 4056 687 4114; x_wconf 89' lang='lat' dir='ltr'><strong>est,</strong></span> <span class='ocrx_word' id='word_1_453' title='bbox 713 4057 773 4103; x_wconf 92' lang='lat' dir='ltr'><strong>nt</strong></span> <span class='ocrx_word' id='word_1_454' title='bbox 797 4065 896 4106; x_wconf 92' lang='lat' dir='ltr'><strong>nos</strong></span> <span class='ocrx_word' id='word_1_455' title='bbox 920 4051 1279 4122; x_wconf 89' lang='lat' dir='ltr'><strong>spiritualiter</strong></span> <span class='ocrx_word' id='word_1_456' title='bbox 1306 4042 1621 4110; x_wconf 84' lang='lat' dir='ltr'><strong>circumcidi</strong></span> <span class='ocrx_word' id='word_1_457' title='bbox 1654 4056 1894 4122; x_wconf 86' lang='lat' dir='ltr'><strong>doceret,</strong></span> <span class='ocrx_word' id='word_1_458' title='bbox 1925 4056 2065 4111; x_wconf 89' lang='lat' dir='ltr'><strong>sicut</strong></span> <span class='ocrx_word' id='word_1_459' title='bbox 2087 4056 2167 4110; x_wconf 90' lang='lat' dir='ltr'><strong>ait</strong></span> 
     </span>
    </p>
   </div>
   <div class='ocr_carea' id='block_1_56' title="bbox 572 4137 2173 4207">
    <p class='ocr_par' dir='ltr' id='par_1_56' title="bbox 572 4137 2173 4207">
     <span class='ocr_line' id='line_1_56' title="bbox 572 4137 2173 4207; baseline 0.007 -15"><span class='ocrx_word' id='word_1_460' title='bbox 572 4137 863 4207; x_wconf 84' lang='lat' dir='ltr'><strong>Apostolus</strong></span> <span class='ocrx_word' id='word_1_461' title='bbox 897 4158 910 4194; x_wconf 89' lang='lat'><strong>:</strong></span> <span class='ocrx_word' id='word_1_462' title='bbox 945 4159 963 4193; x_wconf 72' lang='grc' dir='ltr'>ι</span> <span class='ocrx_word' id='word_1_463' title='bbox 996 4141 1127 4197; x_wconf 93' lang='lat' dir='ltr'><strong>Dico</strong></span> <span class='ocrx_word' id='word_1_464' title='bbox 1150 4143 1294 4199; x_wconf 89' lang='lat' dir='ltr'><strong>enim</strong></span> <span class='ocrx_word' id='word_1_465' title='bbox 1340 4142 1613 4201; x_wconf 89' lang='lat' dir='ltr'><strong>Christum</strong></span> <span class='ocrx_word' id='word_1_466' title='bbox 1641 4143 1825 4201; x_wconf 89' lang='lat' dir='ltr'><strong>Iesum</strong></span> <span class='ocrx_word' id='word_1_467' title='bbox 1854 4144 2173 4203; x_wconf 88' lang='lat' dir='ltr'><strong>ministrum</strong></span> 
     </span>
    </p>
   </div>
   <div class='ocr_carea' id='block_1_57' title="bbox 574 4227 2166 4306">
    <p class='ocr_par' dir='ltr' id='par_1_57' title="bbox 574 4227 2166 4306">
     <span class='ocr_line' id='line_1_57' title="bbox 574 4227 2166 4306; baseline 0.008 -24"><span class='ocrx_word' id='word_1_468' title='bbox 574 4227 740 4285; x_wconf 77' lang='lat' dir='ltr'><strong>fuisse</strong></span> <span class='ocrx_word' id='word_1_469' title='bbox 766 4230 1198 4289; x_wconf 90' lang='lat' dir='ltr'><strong>circumcisionis</strong></span> <span class='ocrx_word' id='word_1_470' title='bbox 1224 4243 1446 4306; x_wconf 88' lang='lat' dir='ltr'><strong>propter</strong></span> <span class='ocrx_word' id='word_1_471' title='bbox 1470 4237 1753 4291; x_wconf 87' lang='lat' dir='ltr'><strong>veritatem</strong></span> <span class='ocrx_word' id='word_1_472' title='bbox 1787 4236 1904 4305; x_wconf 92' lang='lat' dir='ltr'><strong>Dei,</strong></span> <span class='ocrx_word' id='word_1_473' title='bbox 1934 4236 2002 4292; x_wconf 90' lang='lat' dir='ltr'><strong>ad</strong></span> <span class='ocrx_word' id='word_1_474' title='bbox 2034 4253 2166 4294; x_wconf 80' lang='lat' dir='ltr'><strong>con-</strong></span> 
     </span>
    </p>
   </div>
   <div class='ocr_carea' id='block_1_58' title="bbox 573 4318 2165 4398">
    <p class='ocr_par' dir='ltr' id='par_1_58' title="bbox 573 4318 2165 4398">
     <span class='ocr_line' id='line_1_58' title="bbox 573 4318 2165 4398; baseline 0.007 -26"><span class='ocrx_word' id='word_1_475' title='bbox 573 4318 868 4376; x_wconf 89' lang='lat' dir='ltr'><strong>ﬁrmandas</strong></span> <span class='ocrx_word' id='word_1_476' title='bbox 909 4324 1297 4393; x_wconf 90' lang='lat' dir='ltr'><strong>promissiones</strong></span> <span class='ocrx_word' id='word_1_477' title='bbox 1344 4334 1556 4395; x_wconf 91' lang='lat' dir='ltr'><strong>patrum</strong></span> <span class='ocrx_word' id='word_1_478' title='bbox 1598 4325 1772 4398; x_wconf 84' lang='lat' dir='ltr'><strong>(Rom.</strong></span> <span class='ocrx_word' id='word_1_479' title='bbox 1823 4329 1937 4398; x_wconf 88' lang='lat' dir='ltr'><strong>xv).</strong></span> <span class='ocrx_word' id='word_1_480' title='bbox 1973 4348 1992 4382; x_wconf 73' lang='lat' dir='ltr'><strong>i</strong></span> <span class='ocrx_word' id='word_1_481' title='bbox 2050 4328 2165 4385; x_wconf 83' lang='lat' dir='ltr'><strong>Hoc</strong></span> 
     </span>
    </p>
   </div>
   <div class='ocr_carea' id='block_1_59' title="bbox 575 4416 2164 4489">
    <p class='ocr_par' dir='ltr' id='par_1_59' title="bbox 575 4416 2164 4489">
     <span class='ocr_line' id='line_1_59' title="bbox 575 4416 2164 4489; baseline 0.008 -25"><span class='ocrx_word' id='word_1_482' title='bbox 575 4421 758 4465; x_wconf 89' lang='lat' dir='ltr'><strong>autem</strong></span> <span class='ocrx_word' id='word_1_483' title='bbox 787 4427 1129 4483; x_wconf 87' lang='lat' dir='ltr'><strong>summopere</strong></span> <span class='ocrx_word' id='word_1_484' title='bbox 1158 4416 1615 4472; x_wconf 89' lang='lat' dir='ltr'><strong>considerandum</strong></span> <span class='ocrx_word' id='word_1_485' title='bbox 1644 4427 1748 4483; x_wconf 90' lang='lat' dir='ltr'><strong>est,</strong></span> <span class='ocrx_word' id='word_1_486' title='bbox 1775 4419 1899 4489; x_wconf 87' lang='lat' dir='ltr'><strong>quia</strong></span> <span class='ocrx_word' id='word_1_487' title='bbox 1931 4420 2164 4476; x_wconf 90' lang='lat' dir='ltr'><strong>circnm-</strong></span> 
     </span>
    </p>
   </div>
   <div class='ocr_carea' id='block_1_60' title="bbox 572 4503 2156 4577">
    <p class='ocr_par' dir='ltr' id='par_1_60' title="bbox 572 4503 2156 4577">
     <span class='ocr_line' id='line_1_60' title="bbox 572 4503 2156 4577; baseline 0.009 -20"><span class='ocrx_word' id='word_1_488' title='bbox 572 4503 704 4559; x_wconf 86' lang='lat' dir='ltr'><strong>cisio</strong></span> <span class='ocrx_word' id='word_1_489' title='bbox 759 4506 1056 4576; x_wconf 89' lang='lat' dir='ltr'><strong>spiritnalis</strong></span> <span class='ocrx_word' id='word_1_490' title='bbox 1106 4524 1214 4563; x_wconf 91' lang='lat' dir='ltr'><strong>non</strong></span> <span class='ocrx_word' id='word_1_491' title='bbox 1257 4509 1415 4565; x_wconf 91' lang='lat' dir='ltr'><strong>unius</strong></span> <span class='ocrx_word' id='word_1_492' title='bbox 1461 4510 1711 4577; x_wconf 88' lang='lat' dir='ltr'><strong>membri,</strong></span> <span class='ocrx_word' id='word_1_493' title='bbox 1764 4514 1857 4568; x_wconf 88' lang='lat' dir='ltr'><strong>sed</strong></span> <span class='ocrx_word' id='word_1_494' title='bbox 1914 4512 2156 4572; x_wconf 83' lang='lat' dir='ltr'><strong>omnium</strong></span> 
     </span>
    </p>
   </div>
   <div class='ocr_carea' id='block_1_61' title="bbox 574 4598 2155 4679">
    <p class='ocr_par' dir='ltr' id='par_1_61' title="bbox 574 4598 2155 4679">
     <span class='ocr_line' id='line_1_61' title="bbox 574 4598 2155 4679; baseline 0.008 -29"><span class='ocrx_word' id='word_1_495' title='bbox 574 4598 941 4665; x_wconf 83' lang='lat' dir='ltr'><strong>membrorum</strong></span> <span class='ocrx_word' id='word_1_496' title='bbox 972 4600 1101 4655; x_wconf 83' lang='lat' dir='ltr'><strong>vitia</strong></span> <span class='ocrx_word' id='word_1_497' title='bbox 1128 4610 1411 4670; x_wconf 86' lang='lat' dir='ltr'><strong>amputare</strong></span> <span class='ocrx_word' id='word_1_498' title='bbox 1438 4602 1615 4657; x_wconf 87' lang='lat' dir='ltr'><strong>docet.</strong></span> <span class='ocrx_word' id='word_1_499' title='bbox 1649 4602 1758 4659; x_wconf 85' lang='lat' dir='ltr'><strong>Nec</strong></span> <span class='ocrx_word' id='word_1_500' title='bbox 1783 4607 2005 4675; x_wconf 88' lang='lat' dir='ltr'><strong>prodest</strong></span> <span class='ocrx_word' id='word_1_501' title='bbox 2043 4609 2155 4679; x_wconf 90' lang='lat' dir='ltr'><strong>jam</strong></span> 
     </span>
    </p>
   </div>
   <div class='ocr_carea' id='block_1_62' title="bbox 575 4687 2159 4764">
    <p class='ocr_par' dir='ltr' id='par_1_62' title="bbox 575 4687 2159 4764">
     <span class='ocr_line' id='line_1_62' title="bbox 575 4687 2159 4764; baseline 0.007 -23"><span class='ocrx_word' id='word_1_502' title='bbox 575 4687 917 4745; x_wconf 88' lang='lat' dir='ltr'><strong>circumcisio</strong></span> <span class='ocrx_word' id='word_1_503' title='bbox 945 4690 1265 4762; x_wconf 91' lang='lat' dir='ltr'><strong>corporalis,</strong></span> <span class='ocrx_word' id='word_1_504' title='bbox 1291 4691 1384 4746; x_wconf 88' lang='lat' dir='ltr'><strong>ubi</strong></span> <span class='ocrx_word' id='word_1_505' title='bbox 1404 4690 1639 4748; x_wconf 83' lang='lat' dir='ltr'><strong>defuerit</strong></span> <span class='ocrx_word' id='word_1_506' title='bbox 1661 4694 1977 4764; x_wconf 89' lang='lat' dir='ltr'><strong>spiritualis.</strong></span> <span class='ocrx_word' id='word_1_507' title='bbox 2004 4695 2159 4752; x_wconf 88' lang='lat' dir='ltr'><strong>Unde</strong></span> 
     </span>
    </p>
   </div>
   <div class='ocr_carea' id='block_1_63' title="bbox 575 4775 2159 4849">
    <p class='ocr_par' dir='ltr' id='par_1_63' title="bbox 575 4775 2159 4849">
     <span class='ocr_line' id='line_1_63' title="bbox 575 4775 2159 4849; baseline 0.008 -20"><span class='ocrx_word' id='word_1_508' title='bbox 575 4775 787 4847; x_wconf 86' lang='lat' dir='ltr'><strong>Moyses</strong></span> <span class='ocrx_word' id='word_1_509' title='bbox 832 4779 1124 4849; x_wconf 85' lang='lat' dir='ltr'><strong>legislator,</strong></span> <span class='ocrx_word' id='word_1_510' title='bbox 1167 4796 1289 4836; x_wconf 93' lang='lat' dir='ltr'><strong>cum</strong></span> <span class='ocrx_word' id='word_1_511' title='bbox 1320 4782 1676 4838; x_wconf 89' lang='lat' dir='ltr'><strong>mundissima</strong></span> <span class='ocrx_word' id='word_1_512' title='bbox 1721 4783 1816 4839; x_wconf 87' lang='lat' dir='ltr'><strong>Dei</strong></span> <span class='ocrx_word' id='word_1_513' title='bbox 1863 4786 2027 4839; x_wconf 88' lang='lat' dir='ltr'><strong>verba</strong></span> <span class='ocrx_word' id='word_1_514' title='bbox 2057 4802 2159 4841; x_wconf 89' lang='lat' dir='ltr'><strong>au-</strong></span> 
     </span>
    </p>
   </div>
   <div class='ocr_carea' id='block_1_64' title="bbox 574 4867 2159 4944">
    <p class='ocr_par' dir='ltr' id='par_1_64' title="bbox 574 4867 2159 4944">
     <span class='ocr_line' id='line_1_64' title="bbox 574 4867 2159 4944; baseline 0.009 -25"><span class='ocrx_word' id='word_1_515' title='bbox 574 4867 763 4932; x_wconf 90' lang='lat' dir='ltr'><strong>disset,</strong></span> <span class='ocrx_word' id='word_1_516' title='bbox 812 4868 1248 4925; x_wconf 87' lang='lat' dir='ltr'><strong>incircumcisum</strong></span> <span class='ocrx_word' id='word_1_517' title='bbox 1280 4886 1338 4927; x_wconf 91' lang='lat' dir='ltr'><strong>se</strong></span> <span class='ocrx_word' id='word_1_518' title='bbox 1368 4872 1525 4928; x_wconf 89' lang='lat' dir='ltr'><strong>labiis</strong></span> <span class='ocrx_word' id='word_1_519' title='bbox 1560 4882 1886 4944; x_wconf 88' lang='lat' dir='ltr'><strong>conquestus</strong></span> <span class='ocrx_word' id='word_1_520' title='bbox 1932 4886 2048 4942; x_wconf 88' lang='lat' dir='ltr'><strong>est,</strong></span> <span class='ocrx_word' id='word_1_521' title='bbox 2079 4876 2159 4933; x_wconf 86' lang='lat' dir='ltr'><strong>di-</strong></span> 
     </span>
    </p>
   </div>
   <div class='ocr_carea' id='block_1_65' title="bbox 573 4955 2153 5033">
    <p class='ocr_par' dir='ltr' id='par_1_65' title="bbox 573 4955 2153 5033">
     <span class='ocr_line' id='line_1_65' title="bbox 573 4955 2153 5033; baseline 0.006 -21"><span class='ocrx_word' id='word_1_522' title='bbox 573 4972 703 5012; x_wconf 90' lang='lat' dir='ltr'><strong>cens</strong></span> <span class='ocrx_word' id='word_1_523' title='bbox 733 4976 745 5011; x_wconf 95' lang='lat'>:</span> <span class='ocrx_word' id='word_1_524' title='bbox 774 4955 1032 5025; x_wconf 85' lang='lat' dir='ltr'><strong>Obsecro,</strong></span> <span class='ocrx_word' id='word_1_525' title='bbox 1079 4960 1323 5028; x_wconf 92' lang='lat' dir='ltr'><strong>Domine,</strong></span> <span class='ocrx_word' id='word_1_526' title='bbox 1355 4964 1511 5019; x_wconf 91' lang='lat' dir='ltr'><strong>mitte</strong></span> <span class='ocrx_word' id='word_1_527' title='bbox 1550 4979 1711 5033; x_wconf 84' lang='lat' dir='ltr'><strong>quem</strong></span> <span class='ocrx_word' id='word_1_528' title='bbox 1765 4967 2034 5023; x_wconf 90' lang='lat' dir='ltr'><strong>missurus</strong></span> <span class='ocrx_word' id='word_1_529' title='bbox 2076 4984 2153 5024; x_wconf 89' lang='lat' dir='ltr'><strong>cs.</strong></span> 
     </span>
    </p>
   </div>
   <div class='ocr_carea' id='block_1_66' title="bbox 578 5047 2154 5124">
    <p class='ocr_par' dir='ltr' id='par_1_66' title="bbox 578 5047 2154 5124">
     <span class='ocr_line' id='line_1_66' title="bbox 578 5047 2154 5124; baseline 0.008 -25"><span class='ocrx_word' id='word_1_530' title='bbox 578 5065 598 5099; x_wconf 83' lang='grc'><strong>‹</strong></span> <span class='ocrx_word' id='word_1_531' title='bbox 633 5047 749 5102; x_wconf 87' lang='lat' dir='ltr'><strong>Non</strong></span> <span class='ocrx_word' id='word_1_532' title='bbox 779 5050 920 5104; x_wconf 91' lang='lat' dir='ltr'><strong>enim</strong></span> <span class='ocrx_word' id='word_1_533' title='bbox 948 5050 1129 5105; x_wconf 87' lang='lat' dir='ltr'><strong>audiet</strong></span> <span class='ocrx_word' id='word_1_534' title='bbox 1154 5068 1241 5108; x_wconf 91' lang='lat' dir='ltr'><strong>me</strong></span> <span class='ocrx_word' id='word_1_535' title='bbox 1280 5053 1512 5119; x_wconf 86' lang='lat' dir='ltr'><strong>Pharao,</strong></span> <span class='ocrx_word' id='word_1_536' title='bbox 1542 5055 1843 5124; x_wconf 68' lang='lat' dir='ltr'><strong>praesertim</strong></span> <span class='ocrx_word' id='word_1_537' title='bbox 1885 5072 2007 5111; x_wconf 90' lang='lat' dir='ltr'><strong>cum</strong></span> <span class='ocrx_word' id='word_1_538' title='bbox 2053 5059 2154 5112; x_wconf 88' lang='lat' dir='ltr'><strong>sim</strong></span> 
     </span>
    </p>
   </div>
   <div class='ocr_carea' id='block_1_67' title="bbox 574 5137 2158 5220">
    <p class='ocr_par' dir='ltr' id='par_1_67' title="bbox 574 5137 2158 5220">
     <span class='ocr_line' id='line_1_67' title="bbox 574 5137 2158 5220; baseline 0.007 -28"><span class='ocrx_word' id='word_1_539' title='bbox 574 5137 986 5197; x_wconf 90' lang='lat' dir='ltr'><strong>incircumcisus</strong></span> <span class='ocrx_word' id='word_1_540' title='bbox 1032 5142 1207 5199; x_wconf 90' lang='lat' dir='ltr'><strong>labiis.</strong></span> <span class='ocrx_word' id='word_1_541' title='bbox 1262 5164 1281 5199; x_wconf 73' lang='grc' dir='ltr'>ι</span> <span class='ocrx_word' id='word_1_542' title='bbox 1327 5146 1392 5200; x_wconf 81' lang='lat' dir='ltr'><strong>Et</strong></span> <span class='ocrx_word' id='word_1_543' title='bbox 1440 5146 1751 5215; x_wconf 87' lang='lat' dir='ltr'><strong>Stephanus</strong></span> <span class='ocrx_word' id='word_1_544' title='bbox 1790 5155 2158 5220; x_wconf 89' lang='lat' dir='ltr'><strong>protomartyr</strong></span> 
     </span>
    </p>
   </div>
   <div class='ocr_carea' id='block_1_68' title="bbox 572 5232 2153 5308">
    <p class='ocr_par' dir='ltr' id='par_1_68' title="bbox 572 5232 2153 5308">
     <span class='ocr_line' id='line_1_68' title="bbox 572 5232 2153 5308; baseline 0.008 -23"><span class='ocrx_word' id='word_1_545' title='bbox 572 5232 835 5301; x_wconf 89' lang='lat' dir='ltr'><strong>quosdam</strong></span> <span class='ocrx_word' id='word_1_546' title='bbox 859 5235 1210 5294; x_wconf 86' lang='lat' dir='ltr'><strong>circumeisos</strong></span> <span class='ocrx_word' id='word_1_547' title='bbox 1239 5253 1484 5308; x_wconf 84' lang='lat' dir='ltr'><strong>corpore.</strong></span> <span class='ocrx_word' id='word_1_548' title='bbox 1517 5239 1930 5294; x_wconf 86' lang='lat' dir='ltr'><strong>incircumcisos</strong></span> <span class='ocrx_word' id='word_1_549' title='bbox 1972 5250 2153 5297; x_wconf 90' lang='lat' dir='ltr'><strong>autem</strong></span> 
     </span>
    </p>
   </div>
   <div class='ocr_carea' id='block_1_69' title="bbox 573 5314 2157 5397">
    <p class='ocr_par' dir='ltr' id='par_1_69' title="bbox 573 5314 2157 5397">
     <span class='ocr_line' id='line_1_69' title="bbox 573 5314 2157 5397; baseline 0.007 -19"><span class='ocrx_word' id='word_1_550' title='bbox 573 5326 738 5380; x_wconf 89' lang='lat' dir='ltr'><strong>corde</strong></span> <span class='ocrx_word' id='word_1_551' title='bbox 760 5325 1055 5397; x_wconf 90' lang='lat' dir='ltr'><strong>redarguit,</strong></span> <span class='ocrx_word' id='word_1_552' title='bbox 1080 5314 1267 5385; x_wconf 88' lang='lat' dir='ltr'><strong>dicens</strong></span> <span class='ocrx_word' id='word_1_553' title='bbox 1298 5348 1311 5384; x_wconf 88' lang='lat'><strong>:</strong></span> <span class='ocrx_word' id='word_1_554' title='bbox 1336 5348 1354 5381; x_wconf 85' lang='grc'><em>‹</em></span> <span class='ocrx_word' id='word_1_555' title='bbox 1389 5331 1495 5385; x_wconf 83' lang='lat' dir='ltr'><strong>Vos</strong></span> <span class='ocrx_word' id='word_1_556' title='bbox 1523 5330 1885 5386; x_wconf 90' lang='lat' dir='ltr'><strong>incircumcisi</strong></span> <span class='ocrx_word' id='word_1_557' title='bbox 1914 5336 2076 5388; x_wconf 91' lang='lat' dir='ltr'><strong>corde</strong></span> <span class='ocrx_word' id='word_1_558' title='bbox 2100 5344 2157 5389; x_wconf 87' lang='lat' dir='ltr'><strong>et</strong></span> 
     </span>
    </p>
   </div>
   <div class='ocr_carea' id='block_1_70' title="bbox 574 5418 2157 5497">
    <p class='ocr_par' dir='ltr' id='par_1_70' title="bbox 574 5418 2157 5497">
     <span class='ocr_line' id='line_1_70' title="bbox 574 5418 2157 5497; baseline 0.006 -26"><span class='ocrx_word' id='word_1_559' title='bbox 574 5418 815 5483; x_wconf 88' lang='lat' dir='ltr'><strong>auribus,</strong></span> <span class='ocrx_word' id='word_1_560' title='bbox 843 5434 1058 5491; x_wconf 89' lang='lat' dir='ltr'><strong>semper</strong></span> <span class='ocrx_word' id='word_1_561' title='bbox 1083 5421 1307 5491; x_wconf 90' lang='lat' dir='ltr'><strong>Spiritui</strong></span> <span class='ocrx_word' id='word_1_562' title='bbox 1338 5430 1528 5475; x_wconf 87' lang='lat' dir='ltr'><strong>sancto</strong></span> <span class='ocrx_word' id='word_1_563' title='bbox 1560 5421 1856 5489; x_wconf 88' lang='lat' dir='ltr'><strong>restitistis,</strong></span> <span class='ocrx_word' id='word_1_564' title='bbox 1879 5424 2018 5479; x_wconf 90' lang='lat' dir='ltr'><strong>sicut</strong></span> <span class='ocrx_word' id='word_1_565' title='bbox 2060 5443 2157 5497; x_wconf 90' lang='lat' dir='ltr'><strong>pa-</strong></span> 
     </span>
    </p>
   </div>
   <div class='ocr_carea' id='block_1_71' title="bbox 575 5512 2153 5587">
    <p class='ocr_par' dir='ltr' id='par_1_71' title="bbox 575 5512 2153 5587">
     <span class='ocr_line' id='line_1_71' title="bbox 575 5512 2153 5587; baseline 0.008 -24"><span class='ocrx_word' id='word_1_566' title='bbox 575 5517 686 5564; x_wconf 89' lang='lat' dir='ltr'><strong>tres</strong></span> <span class='ocrx_word' id='word_1_567' title='bbox 709 5512 896 5566; x_wconf 89' lang='lat' dir='ltr'><strong>vestri.</strong></span> <span class='ocrx_word' id='word_1_568' title='bbox 948 5533 965 5566; x_wconf 75' lang='grc' dir='ltr'><strong>ι</strong></span> <span class='ocrx_word' id='word_1_569' title='bbox 992 5513 1070 5567; x_wconf 76' lang='lat' dir='ltr'><strong>Ex</strong></span> <span class='ocrx_word' id='word_1_570' title='bbox 1116 5512 1314 5582; x_wconf 89' lang='lat' dir='ltr'><strong>quibus</strong></span> <span class='ocrx_word' id='word_1_571' title='bbox 1349 5512 1649 5583; x_wconf 81' lang='lat' dir='ltr'><strong>colligimus</strong></span> <span class='ocrx_word' id='word_1_572' title='bbox 1673 5555 1687 5579; x_wconf 90' lang='lat'><strong>,</strong></span> <span class='ocrx_word' id='word_1_573' title='bbox 1717 5515 1857 5570; x_wconf 91' lang='lat' dir='ltr'><strong>sicut</strong></span> <span class='ocrx_word' id='word_1_574' title='bbox 1900 5518 2153 5587; x_wconf 82' lang='lat' dir='ltr'><strong>diximus,</strong></span> 
     </span>
    </p>
   </div>
   <div class='ocr_carea' id='block_1_72' title="bbox 574 5603 2155 5677">
    <p class='ocr_par' dir='ltr' id='par_1_72' title="bbox 574 5603 2155 5677">
     <span class='ocr_line' id='line_1_72' title="bbox 574 5603 2155 5677; baseline 0.008 -22"><span class='ocrx_word' id='word_1_575' title='bbox 574 5603 700 5671; x_wconf 90' lang='lat' dir='ltr'><strong>quia</strong></span> <span class='ocrx_word' id='word_1_576' title='bbox 729 5605 1070 5660; x_wconf 84' lang='lat' dir='ltr'><strong>circumcisio</strong></span> <span class='ocrx_word' id='word_1_577' title='bbox 1111 5606 1369 5675; x_wconf 88' lang='lat' dir='ltr'><strong>spiritalis</strong></span> <span class='ocrx_word' id='word_1_578' title='bbox 1416 5622 1522 5661; x_wconf 90' lang='lat' dir='ltr'><strong>non</strong></span> <span class='ocrx_word' id='word_1_579' title='bbox 1562 5609 1720 5663; x_wconf 91' lang='lat' dir='ltr'><strong>unius</strong></span> <span class='ocrx_word' id='word_1_580' title='bbox 1767 5612 2029 5677; x_wconf 84' lang='lat' dir='ltr'><strong>membri,</strong></span> <span class='ocrx_word' id='word_1_581' title='bbox 2063 5614 2155 5668; x_wconf 85' lang='lat' dir='ltr'><strong>sed</strong></span> 
     </span>
    </p>
   </div>
   <div class='ocr_carea' id='block_1_73' title="bbox 573 5696 2156 5771">
    <p class='ocr_par' dir='ltr' id='par_1_73' title="bbox 573 5696 2156 5771">
     <span class='ocr_line' id='line_1_73' title="bbox 573 5696 2156 5771; baseline 0.008 -24"><span class='ocrx_word' id='word_1_582' title='bbox 573 5696 816 5750; x_wconf 90' lang='lat' dir='ltr'><strong>omnium</strong></span> <span class='ocrx_word' id='word_1_583' title='bbox 842 5697 1098 5751; x_wconf 91' lang='lat' dir='ltr'><strong>vitiorum</strong></span> <span class='ocrx_word' id='word_1_584' title='bbox 1142 5697 1302 5753; x_wconf 90' lang='lat' dir='ltr'><strong>debet</strong></span> <span class='ocrx_word' id='word_1_585' title='bbox 1345 5714 1466 5753; x_wconf 89' lang='lat' dir='ltr'><strong>esse</strong></span> <span class='ocrx_word' id='word_1_586' title='bbox 1510 5703 1828 5771; x_wconf 90' lang='lat' dir='ltr'><strong>amputatio.</strong></span> <span class='ocrx_word' id='word_1_587' title='bbox 1859 5703 2156 5760; x_wconf 88' lang='lat' dir='ltr'><strong>Circumci-</strong></span> 
     </span>
    </p>
   </div>
   <div class='ocr_carea' id='block_1_74' title="bbox 560 5783 2148 5862">
    <p class='ocr_par' dir='ltr' id='par_1_74' title="bbox 560 5783 2148 5862">
     <span class='ocr_line' id='line_1_74' title="bbox 560 5783 2148 5862; baseline 0.008 -19"><span class='ocrx_word' id='word_1_588' title='bbox 560 5783 736 5848; x_wconf 78' lang='lat' dir='ltr'><strong>.deudi</strong></span> <span class='ocrx_word' id='word_1_589' title='bbox 761 5794 890 5844; x_wconf 85' lang='lat' dir='ltr'><strong>sunt</strong></span> <span class='ocrx_word' id='word_1_590' title='bbox 927 5786 1069 5845; x_wconf 90' lang='lat' dir='ltr'><strong>oculi</strong></span> <span class='ocrx_word' id='word_1_591' title='bbox 1098 5787 1166 5845; x_wconf 89' lang='lat' dir='ltr'><strong>ab</strong></span> <span class='ocrx_word' id='word_1_592' title='bbox 1204 5788 1392 5847; x_wconf 89' lang='lat' dir='ltr'><strong>illicito</strong></span> <span class='ocrx_word' id='word_1_593' title='bbox 1415 5789 1557 5862; x_wconf 89' lang='lat' dir='ltr'><strong>visu,</strong></span> <span class='ocrx_word' id='word_1_594' title='bbox 1601 5808 1671 5850; x_wconf 90' lang='lat' dir='ltr'><strong>ne</strong></span> <span class='ocrx_word' id='word_1_595' title='bbox 1712 5795 1932 5852; x_wconf 87' lang='lat' dir='ltr'><strong>videant</strong></span> <span class='ocrx_word' id='word_1_596' title='bbox 1954 5796 2148 5855; x_wconf 88' lang='lat' dir='ltr'><strong>mulie-</strong></span> 
     </span>
    </p>
   </div>
   <div class='ocr_carea' id='block_1_75' title="bbox 2265 1933 3855 2005">
    <p class='ocr_par' dir='ltr' id='par_1_75' title="bbox 2265 1933 3855 2005">
     <span class='ocr_line' id='line_1_75' title="bbox 2265 1933 3855 2005; baseline 0.004 -19"><span class='ocrx_word' id='word_1_597' title='bbox 2265 1933 2395 2002; x_wconf 89' lang='lat' dir='ltr'><strong>quid</strong></span> <span class='ocrx_word' id='word_1_598' title='bbox 2426 1934 2683 2003; x_wconf 86' lang='lat' dir='ltr'><strong>loquatur</strong></span> <span class='ocrx_word' id='word_1_599' title='bbox 2710 1934 2764 1989; x_wconf 93' lang='lat' dir='ltr'><strong>in</strong></span> <span class='ocrx_word' id='word_1_600' title='bbox 2800 1949 2890 1990; x_wconf 88' lang='lat' dir='ltr'><strong>me</strong></span> <span class='ocrx_word' id='word_1_601' title='bbox 2921 1936 3180 1991; x_wconf 88' lang='lat' dir='ltr'><strong>Dominus</strong></span> <span class='ocrx_word' id='word_1_602' title='bbox 3207 1936 3368 1991; x_wconf 89' lang='lat' dir='ltr'><strong>Deus.</strong></span> <span class='ocrx_word' id='word_1_603' title='bbox 3409 1956 3427 1989; x_wconf 78' lang='grc' dir='ltr'><strong><em>ι</em></strong></span> <span class='ocrx_word' id='word_1_604' title='bbox 3459 1936 3701 2005; x_wconf 86' lang='lat' dir='ltr'><strong>Etjuxta</strong></span> <span class='ocrx_word' id='word_1_605' title='bbox 3728 1940 3855 1993; x_wconf 65' lang='lat' dir='ltr'><strong>illud</strong></span> 
     </span>
    </p>
   </div>
   <div class='ocr_carea' id='block_1_76' title="bbox 2264 2023 3851 2097">
    <p class='ocr_par' dir='ltr' id='par_1_76' title="bbox 2264 2023 3851 2097">
     <span class='ocr_line' id='line_1_76' title="bbox 2264 2023 3851 2097; baseline 0.005 -20"><span class='ocrx_word' id='word_1_606' title='bbox 2264 2023 2407 2093; x_wconf 92' lang='lat' dir='ltr'><strong>quod</strong></span> <span class='ocrx_word' id='word_1_607' title='bbox 2436 2026 2699 2094; x_wconf 87' lang='lat' dir='ltr'><strong>propheta</strong></span> <span class='ocrx_word' id='word_1_608' title='bbox 2730 2024 3004 2090; x_wconf 89' lang='lat' dir='ltr'><strong>admonet,</strong></span> <span class='ocrx_word' id='word_1_609' title='bbox 3040 2026 3227 2083; x_wconf 89' lang='lat' dir='ltr'><strong>dicens</strong></span> <span class='ocrx_word' id='word_1_610' title='bbox 3259 2045 3273 2082; x_wconf 90' lang='lat'><strong>:</strong></span> <span class='ocrx_word' id='word_1_611' title='bbox 3307 2045 3326 2078; x_wconf 84' lang='grc'><strong><em>‹</em></strong></span> <span class='ocrx_word' id='word_1_612' title='bbox 3366 2025 3491 2097; x_wconf 89' lang='lat' dir='ltr'><strong>Sepi</strong></span> <span class='ocrx_word' id='word_1_613' title='bbox 3533 2045 3701 2084; x_wconf 86' lang='lat' dir='ltr'><strong>aures</strong></span> <span class='ocrx_word' id='word_1_614' title='bbox 3731 2040 3851 2085; x_wconf 87' lang='lat' dir='ltr'><strong>tuas</strong></span> 
     </span>
    </p>
   </div>
   <div class='ocr_carea' id='block_1_77' title="bbox 2264 2114 3854 2183">
    <p class='ocr_par' dir='ltr' id='par_1_77' title="bbox 2264 2114 3854 2183">
     <span class='ocr_line' id='line_1_77' title="bbox 2264 2114 3854 2183; baseline 0.004 -15"><span class='ocrx_word' id='word_1_615' title='bbox 2264 2114 2456 2183; x_wconf 89' lang='lat' dir='ltr'><strong>spinis,</strong></span> <span class='ocrx_word' id='word_1_616' title='bbox 2524 2128 2592 2169; x_wconf 90' lang='lat' dir='ltr'><strong>ne</strong></span> <span class='ocrx_word' id='word_1_617' title='bbox 2648 2114 2880 2170; x_wconf 91' lang='lat' dir='ltr'><strong>libenter</strong></span> <span class='ocrx_word' id='word_1_618' title='bbox 2937 2115 3162 2171; x_wconf 87' lang='lat' dir='ltr'><strong>audiant</strong></span> <span class='ocrx_word' id='word_1_619' title='bbox 3220 2118 3387 2172; x_wconf 84' lang='lat' dir='ltr'><strong>verba</strong></span> <span class='ocrx_word' id='word_1_620' title='bbox 3451 2118 3854 2175; x_wconf 87' lang='lat' dir='ltr'><strong>detrahentium</strong></span> 
     </span>
    </p>
   </div>
   <div class='ocr_carea' id='block_1_78' title="bbox 2266 2204 3858 2276">
    <p class='ocr_par' dir='ltr' id='par_1_78' title="bbox 2266 2204 3858 2276">
     <span class='ocr_line' id='line_1_78' title="bbox 2266 2204 3858 2276; baseline 0.006 -19"><span class='ocrx_word' id='word_1_621' title='bbox 2266 2204 2458 2272; x_wconf 77' lang='lat' dir='ltr'><strong>(Ecclt&#39;.</strong></span> <span class='ocrx_word' id='word_1_622' title='bbox 2477 2206 2690 2276; x_wconf 80' lang='lat' dir='ltr'><strong>xxvm).</strong></span> <span class='ocrx_word' id='word_1_623' title='bbox 2706 2225 2725 2257; x_wconf 76' lang='grc' dir='ltr'><strong><em>ι</em></strong></span> <span class='ocrx_word' id='word_1_624' title='bbox 2750 2206 3213 2263; x_wconf 64' lang='lat' dir='ltr'><strong>Circumcidenda:</strong></span> <span class='ocrx_word' id='word_1_625' title='bbox 3230 2217 3358 2264; x_wconf 89' lang='lat' dir='ltr'><strong>sunt</strong></span> <span class='ocrx_word' id='word_1_626' title='bbox 3372 2224 3543 2269; x_wconf 80' lang='lat' dir='ltr'><strong>nares</strong></span> <span class='ocrx_word' id='word_1_627' title='bbox 3563 2210 3632 2264; x_wconf 90' lang='lat' dir='ltr'><strong>ab</strong></span> <span class='ocrx_word' id='word_1_628' title='bbox 3653 2210 3858 2268; x_wconf 80' lang='lat' dir='ltr'><strong>illicitis</strong></span> 
     </span>
    </p>
   </div>
   <div class='ocr_carea' id='block_1_79' title="bbox 2265 2296 3852 2368">
    <p class='ocr_par' dir='ltr' id='par_1_79' title="bbox 2265 2296 3852 2368">
     <span class='ocr_line' id='line_1_79' title="bbox 2265 2296 3852 2368; baseline 0.004 -18"><span class='ocrx_word' id='word_1_629' title='bbox 2265 2296 2543 2361; x_wconf 90' lang='lat' dir='ltr'><strong>odoribus,</strong></span> <span class='ocrx_word' id='word_1_630' title='bbox 2574 2311 2642 2350; x_wconf 91' lang='lat' dir='ltr'><strong>ne</strong></span> <span class='ocrx_word' id='word_1_631' title='bbox 2681 2310 2779 2366; x_wconf 90' lang='lat' dir='ltr'><strong>per</strong></span> <span class='ocrx_word' id='word_1_632' title='bbox 2827 2296 3111 2368; x_wconf 80' lang='lat' dir='ltr'><strong>illecebras</strong></span> <span class='ocrx_word' id='word_1_633' title='bbox 3148 2299 3331 2355; x_wconf 87' lang='lat' dir='ltr'><strong>odoris</strong></span> <span class='ocrx_word' id='word_1_634' title='bbox 3369 2300 3587 2355; x_wconf 89' lang='lat' dir='ltr'><strong>animus</strong></span> <span class='ocrx_word' id='word_1_635' title='bbox 3610 2301 3667 2355; x_wconf 86' lang='lat' dir='ltr'><strong>in</strong></span> <span class='ocrx_word' id='word_1_636' title='bbox 3716 2317 3852 2357; x_wconf 85' lang='lat' dir='ltr'><strong>con-</strong></span> 
     </span>
    </p>
   </div>
   <div class='ocr_carea' id='block_1_80' title="bbox 2266 2389 3853 2464">
    <p class='ocr_par' dir='ltr' id='par_1_80' title="bbox 2266 2389 3853 2464">
     <span class='ocr_line' id='line_1_80' title="bbox 2266 2389 3853 2464; baseline 0.003 -19"><span class='ocrx_word' id='word_1_637' title='bbox 2266 2405 2485 2445; x_wconf 90' lang='lat' dir='ltr'><strong>sensum</strong></span> <span class='ocrx_word' id='word_1_638' title='bbox 2517 2389 2895 2445; x_wconf 89' lang='lat' dir='ltr'><strong>delectationis</strong></span> <span class='ocrx_word' id='word_1_639' title='bbox 2920 2392 3119 2457; x_wconf 84' lang='lat' dir='ltr'><strong>cadat,</strong></span> <span class='ocrx_word' id='word_1_640' title='bbox 3149 2393 3244 2448; x_wconf 89' lang='lat' dir='ltr'><strong>sed</strong></span> <span class='ocrx_word' id='word_1_641' title='bbox 3275 2394 3571 2448; x_wconf 92' lang='lat' dir='ltr'><strong>secundum</strong></span> <span class='ocrx_word' id='word_1_642' title='bbox 3620 2394 3853 2464; x_wconf 80' lang='lat' dir='ltr'><strong>Aposto-</strong></span> 
     </span>
    </p>
   </div>
   <div class='ocr_carea' id='block_1_81' title="bbox 2264 2483 3847 2555">
    <p class='ocr_par' dir='ltr' id='par_1_81' title="bbox 2264 2483 3847 2555">
     <span class='ocr_line' id='line_1_81' title="bbox 2264 2483 3847 2555; baseline 0.004 -18"><span class='ocrx_word' id='word_1_643' title='bbox 2264 2483 2398 2549; x_wconf 93' lang='lat' dir='ltr'><strong>lum,</strong></span> <span class='ocrx_word' id='word_1_644' title='bbox 2431 2497 2647 2555; x_wconf 88' lang='lat' dir='ltr'><strong>semper</strong></span> <span class='ocrx_word' id='word_1_645' title='bbox 2673 2484 2875 2539; x_wconf 86' lang='lat' dir='ltr'><strong>Christi</strong></span> <span class='ocrx_word' id='word_1_646' title='bbox 2904 2486 3081 2541; x_wconf 91' lang='lat' dir='ltr'><strong>bonus</strong></span> <span class='ocrx_word' id='word_1_647' title='bbox 3119 2486 3255 2542; x_wconf 91' lang='lat' dir='ltr'><strong>odor</strong></span> <span class='ocrx_word' id='word_1_648' title='bbox 3271 2488 3443 2543; x_wconf 90' lang='lat' dir='ltr'><strong>sinms</strong></span> <span class='ocrx_word' id='word_1_649' title='bbox 3482 2489 3597 2544; x_wconf 91' lang='lat' dir='ltr'><strong>Deo</strong></span> <span class='ocrx_word' id='word_1_650' title='bbox 3624 2491 3681 2544; x_wconf 91' lang='lat' dir='ltr'><strong>in</strong></span> <span class='ocrx_word' id='word_1_651' title='bbox 3708 2491 3847 2546; x_wconf 87' lang='lat' dir='ltr'><strong>omni</strong></span> 
     </span>
    </p>
   </div>
   <div class='ocr_carea' id='block_1_82' title="bbox 2264 2575 3838 2647">
    <p class='ocr_par' dir='ltr' id='par_1_82' title="bbox 2264 2575 3838 2647">
     <span class='ocr_line' id='line_1_82' title="bbox 2264 2575 3838 2647; baseline 0.005 -18"><span class='ocrx_word' id='word_1_652' title='bbox 2264 2575 2404 2631; x_wconf 92' lang='lat' dir='ltr'><strong>loco.</strong></span> <span class='ocrx_word' id='word_1_653' title='bbox 2451 2576 2900 2631; x_wconf 89' lang='lat' dir='ltr'><strong>Circumcidenda</strong></span> <span class='ocrx_word' id='word_1_654' title='bbox 2942 2588 3026 2632; x_wconf 92' lang='lat' dir='ltr'><strong>est</strong></span> <span class='ocrx_word' id='word_1_655' title='bbox 3066 2576 3248 2647; x_wconf 82' lang='lat' dir='ltr'><strong>lingua</strong></span> <span class='ocrx_word' id='word_1_656' title='bbox 3278 2592 3309 2633; x_wconf 87' lang='lat' dir='ltr'><strong>a</strong></span> <span class='ocrx_word' id='word_1_657' title='bbox 3358 2579 3838 2647; x_wconf 81' lang='lat' dir='ltr'><strong>ntaledietionibus,</strong></span> 
     </span>
    </p>
   </div>
   <div class='ocr_carea' id='block_1_83' title="bbox 2263 2666 3839 2737">
    <p class='ocr_par' dir='ltr' id='par_1_83' title="bbox 2263 2666 3839 2737">
     <span class='ocr_line' id='line_1_83' title="bbox 2263 2666 3839 2737; baseline 0.003 -14"><span class='ocrx_word' id='word_1_658' title='bbox 2263 2666 2539 2737; x_wconf 87' lang='lat' dir='ltr'><strong>perjuriis,</strong></span> <span class='ocrx_word' id='word_1_659' title='bbox 2571 2666 2930 2734; x_wconf 78' lang='lat' dir='ltr'><strong>falsitatibus,</strong></span> <span class='ocrx_word' id='word_1_660' title='bbox 2972 2670 3518 2737; x_wconf 86' lang='lat' dir='ltr'><strong>murmurationibus,</strong></span> <span class='ocrx_word' id='word_1_661' title='bbox 3549 2680 3608 2727; x_wconf 90' lang='lat' dir='ltr'><strong>et</strong></span> <span class='ocrx_word' id='word_1_662' title='bbox 3640 2688 3673 2727; x_wconf 87' lang='lat' dir='ltr'><strong>a</strong></span> <span class='ocrx_word' id='word_1_663' title='bbox 3712 2687 3839 2727; x_wconf 85' lang='lat' dir='ltr'><strong>con-</strong></span> 
     </span>
    </p>
   </div>
   <div class='ocr_carea' id='block_1_84' title="bbox 2266 2756 3853 2840">
    <p class='ocr_par' dir='ltr' id='par_1_84' title="bbox 2266 2756 3853 2840">
     <span class='ocr_line' id='line_1_84' title="bbox 2266 2756 3853 2840; baseline 0.006 -25"><span class='ocrx_word' id='word_1_664' title='bbox 2266 2761 2550 2820; x_wconf 85' lang='lat' dir='ltr'><strong>suetudine</strong></span> <span class='ocrx_word' id='word_1_665' title='bbox 2584 2762 2746 2817; x_wconf 88' lang='lat' dir='ltr'><strong>otiosi</strong></span> <span class='ocrx_word' id='word_1_666' title='bbox 2779 2764 3064 2828; x_wconf 89' lang='lat' dir='ltr'><strong>sermonis,</strong></span> <span class='ocrx_word' id='word_1_667' title='bbox 3098 2756 3494 2837; x_wconf 85' lang='lat' dir='ltr'><strong>nonnunquam</strong></span> <span class='ocrx_word' id='word_1_668' title='bbox 3517 2763 3703 2824; x_wconf 70' lang='lat' dir='ltr'><strong>’etiam</strong></span> <span class='ocrx_word' id='word_1_669' title='bbox 3730 2784 3853 2840; x_wconf 85' lang='lat' dir='ltr'><strong>pro-</strong></span> 
     </span>
    </p>
   </div>
   <div class='ocr_carea' id='block_1_85' title="bbox 2265 2853 3857 2929">
    <p class='ocr_par' dir='ltr' id='par_1_85' title="bbox 2265 2853 3857 2929">
     <span class='ocr_line' id='line_1_85' title="bbox 2265 2853 3857 2929; baseline 0.004 -21"><span class='ocrx_word' id='word_1_670' title='bbox 2265 2863 2387 2924; x_wconf 86' lang='lat' dir='ltr'><strong>pter</strong></span> <span class='ocrx_word' id='word_1_671' title='bbox 2420 2853 2811 2908; x_wconf 86' lang='lat' dir='ltr'><strong>taciturnitatis</strong></span> <span class='ocrx_word' id='word_1_672' title='bbox 2837 2855 3139 2909; x_wconf 89' lang='lat' dir='ltr'><strong>custodiam</strong></span> <span class='ocrx_word' id='word_1_673' title='bbox 3173 2872 3203 2909; x_wconf 90' lang='lat' dir='ltr'><strong>a</strong></span> <span class='ocrx_word' id='word_1_674' title='bbox 3241 2857 3385 2912; x_wconf 90' lang='lat' dir='ltr'><strong>bono</strong></span> <span class='ocrx_word' id='word_1_675' title='bbox 3424 2857 3698 2929; x_wconf 90' lang='lat' dir='ltr'><strong>colloquio</strong></span> <span class='ocrx_word' id='word_1_676' title='bbox 3728 2875 3857 2914; x_wconf 88' lang='lat' dir='ltr'><strong>con-</strong></span> 
     </span>
    </p>
   </div>
   <div class='ocr_carea' id='block_1_86' title="bbox 2264 2947 3850 3021">
    <p class='ocr_par' dir='ltr' id='par_1_86' title="bbox 2264 2947 3850 3021">
     <span class='ocr_line' id='line_1_86' title="bbox 2264 2947 3850 3021; baseline 0.004 -22"><span class='ocrx_word' id='word_1_677' title='bbox 2264 2947 2413 3000; x_wconf 91' lang='lat' dir='ltr'><strong>venit</strong></span> <span class='ocrx_word' id='word_1_678' title='bbox 2435 2947 2728 3013; x_wconf 90' lang='lat' dir='ltr'><strong>abstinere,</strong></span> <span class='ocrx_word' id='word_1_679' title='bbox 2773 2954 2834 3001; x_wconf 92' lang='lat' dir='ltr'><strong>ut</strong></span> <span class='ocrx_word' id='word_1_680' title='bbox 2859 2962 2983 3002; x_wconf 92' lang='lat' dir='ltr'><strong>eum</strong></span> <span class='ocrx_word' id='word_1_681' title='bbox 3010 2947 3284 3018; x_wconf 89' lang='lat' dir='ltr'><strong>Propheta</strong></span> <span class='ocrx_word' id='word_1_682' title='bbox 3316 2950 3505 3005; x_wconf 89' lang='lat' dir='ltr'><strong>dicere</strong></span> <span class='ocrx_word' id='word_1_683' title='bbox 3531 2952 3805 3021; x_wconf 85' lang='lat' dir='ltr'><strong>possimus</strong></span> <span class='ocrx_word' id='word_1_684' title='bbox 3834 2969 3850 3006; x_wconf 92' lang='lat'>:</span> 
     </span>
    </p>
   </div>
   <div class='ocr_carea' id='block_1_87' title="bbox 2266 3036 3857 3114">
    <p class='ocr_par' dir='ltr' id='par_1_87' title="bbox 2266 3036 3857 3114">
     <span class='ocr_line' id='line_1_87' title="bbox 2266 3036 3857 3114; baseline 0.005 -23"><span class='ocrx_word' id='word_1_685' title='bbox 2266 3036 2409 3103; x_wconf 85' lang='lat' dir='ltr'><strong>Dixi,</strong></span> <span class='ocrx_word' id='word_1_686' title='bbox 2466 3036 2777 3092; x_wconf 91' lang='lat' dir='ltr'><strong>Custodiam</strong></span> <span class='ocrx_word' id='word_1_687' title='bbox 2823 3039 2943 3093; x_wconf 90' lang='lat' dir='ltr'><strong>vias</strong></span> <span class='ocrx_word' id='word_1_688' title='bbox 2993 3056 3163 3105; x_wconf 88' lang='lat' dir='ltr'><strong>meas,</strong></span> <span class='ocrx_word' id='word_1_689' title='bbox 3214 3051 3273 3095; x_wconf 90' lang='lat' dir='ltr'><strong>ut</strong></span> <span class='ocrx_word' id='word_1_690' title='bbox 3300 3043 3750 3114; x_wconf 83' lang='lat' dir='ltr'><strong>non’delinquam</strong></span> <span class='ocrx_word' id='word_1_691' title='bbox 3800 3046 3857 3099; x_wconf 87' lang='lat' dir='ltr'><strong>in</strong></span> 
     </span>
    </p>
   </div>
   <div class='ocr_carea' id='block_1_88' title="bbox 2268 3130 3864 3202">
    <p class='ocr_par' dir='ltr' id='par_1_88' title="bbox 2268 3130 3864 3202">
     <span class='ocr_line' id='line_1_88' title="bbox 2268 3130 3864 3202; baseline 0.006 -19"><span class='ocrx_word' id='word_1_692' title='bbox 2268 3130 2448 3202; x_wconf 87' lang='lat' dir='ltr'><strong>lingua</strong></span> <span class='ocrx_word' id='word_1_693' title='bbox 2497 3145 2638 3185; x_wconf 90' lang='lat' dir='ltr'><strong>mea.</strong></span> <span class='ocrx_word' id='word_1_694' title='bbox 2670 3132 2830 3187; x_wconf 90' lang='lat' dir='ltr'><strong>Posui</strong></span> <span class='ocrx_word' id='word_1_695' title='bbox 2878 3133 2963 3187; x_wconf 94' lang='lat' dir='ltr'><strong>ori</strong></span> <span class='ocrx_word' id='word_1_696' title='bbox 3010 3149 3134 3191; x_wconf 87' lang='lat' dir='ltr'><strong>meo</strong></span> <span class='ocrx_word' id='word_1_697' title='bbox 3181 3136 3498 3201; x_wconf 87' lang='lat' dir='ltr'><strong>custodiam,</strong></span> <span class='ocrx_word' id='word_1_698' title='bbox 3550 3153 3676 3191; x_wconf 93' lang='lat' dir='ltr'><strong>cum</strong></span> <span class='ocrx_word' id='word_1_699' title='bbox 3726 3152 3864 3193; x_wconf 84' lang='lat' dir='ltr'><strong>con-</strong></span> 
     </span>
    </p>
   </div>
   <div class='ocr_carea' id='block_1_89' title="bbox 2270 3223 3866 3293">
    <p class='ocr_par' dir='ltr' id='par_1_89' title="bbox 2270 3223 3866 3293">
     <span class='ocr_line' id='line_1_89' title="bbox 2270 3223 3866 3293; baseline 0.004 -17"><span class='ocrx_word' id='word_1_700' title='bbox 2270 3223 2488 3277; x_wconf 84' lang='lat' dir='ltr'><strong>sisteret</strong></span> <span class='ocrx_word' id='word_1_701' title='bbox 2529 3231 2779 3293; x_wconf 86' lang='lat' dir='ltr'><strong>peccator</strong></span> <span class='ocrx_word' id='word_1_702' title='bbox 2821 3224 3108 3281; x_wconf 88' lang='lat' dir='ltr'><strong>adversum</strong></span> <span class='ocrx_word' id='word_1_703' title='bbox 3149 3241 3255 3281; x_wconf 91' lang='lat' dir='ltr'><strong>me.</strong></span> <span class='ocrx_word' id='word_1_704' title='bbox 3283 3226 3533 3282; x_wconf 88' lang='lat' dir='ltr'><strong>Obmutui</strong></span> <span class='ocrx_word' id='word_1_705' title='bbox 3589 3235 3645 3282; x_wconf 90' lang='lat' dir='ltr'><strong>et</strong></span> <span class='ocrx_word' id='word_1_706' title='bbox 3669 3228 3866 3284; x_wconf 88' lang='lat' dir='ltr'><strong>humi-</strong></span> 
     </span>
    </p>
   </div>
   <div class='ocr_carea' id='block_1_90' title="bbox 2266 3312 3876 3387">
    <p class='ocr_par' dir='ltr' id='par_1_90' title="bbox 2266 3312 3876 3387">
     <span class='ocr_line' id='line_1_90' title="bbox 2266 3312 3876 3387; baseline 0.003 -19"><span class='ocrx_word' id='word_1_707' title='bbox 2266 3314 2428 3368; x_wconf 88' lang='lat' dir='ltr'><strong>liatus</strong></span> <span class='ocrx_word' id='word_1_708' title='bbox 2449 3329 2589 3378; x_wconf 90' lang='lat' dir='ltr'><strong>sum,</strong></span> <span class='ocrx_word' id='word_1_709' title='bbox 2621 3320 2678 3369; x_wconf 90' lang='lat' dir='ltr'><strong>et</strong></span> <span class='ocrx_word' id='word_1_710' title='bbox 2707 3312 2828 3369; x_wconf 92' lang='lat' dir='ltr'><strong>silui</strong></span> <span class='ocrx_word' id='word_1_711' title='bbox 2863 3329 2895 3368; x_wconf 88' lang='lat' dir='ltr'><strong>a</strong></span> <span class='ocrx_word' id='word_1_712' title='bbox 2927 3315 3085 3371; x_wconf 90' lang='lat' dir='ltr'><strong>bonis</strong></span> <span class='ocrx_word' id='word_1_713' title='bbox 3119 3334 3132 3370; x_wconf 93' lang='lat'>:</span> <span class='ocrx_word' id='word_1_714' title='bbox 3167 3335 3185 3368; x_wconf 73' lang='grc' dir='ltr'>ι</span> <span class='ocrx_word' id='word_1_715' title='bbox 3223 3316 3364 3373; x_wconf 85' lang='lat' dir='ltr'><strong>Mors</strong></span> <span class='ocrx_word' id='word_1_716' title='bbox 3388 3317 3534 3371; x_wconf 91' lang='lat' dir='ltr'><strong>enim</strong></span> <span class='ocrx_word' id='word_1_717' title='bbox 3561 3326 3618 3371; x_wconf 91' lang='lat' dir='ltr'><strong>et</strong></span> <span class='ocrx_word' id='word_1_718' title='bbox 3641 3318 3754 3372; x_wconf 90' lang='lat' dir='ltr'><strong>vita</strong></span> <span class='ocrx_word' id='word_1_719' title='bbox 3804 3319 3876 3387; x_wconf 44' lang='lat' dir='ltr'><strong>in,</strong></span> 
     </span>
    </p>
   </div>
   <div class='ocr_carea' id='block_1_91' title="bbox 2265 3404 3864 3478">
    <p class='ocr_par' dir='ltr' id='par_1_91' title="bbox 2265 3404 3864 3478">
     <span class='ocr_line' id='line_1_91' title="bbox 2265 3404 3864 3478; baseline 0.003 -19"><span class='ocrx_word' id='word_1_720' title='bbox 2265 3407 2516 3462; x_wconf 87' lang='lat' dir='ltr'><strong>manibus</strong></span> <span class='ocrx_word' id='word_1_721' title='bbox 2541 3405 2739 3476; x_wconf 75' lang='lat' dir='ltr'><strong>lingure</strong></span> <span class='ocrx_word' id='word_1_722' title='bbox 2770 3404 2957 3478; x_wconf 81' lang='lat' dir='ltr'><strong>(Prov.</strong></span> <span class='ocrx_word' id='word_1_723' title='bbox 2984 3410 3164 3477; x_wconf 84' lang='lat' dir='ltr'><strong>xvm).</strong></span> <span class='ocrx_word' id='word_1_724' title='bbox 3204 3428 3224 3461; x_wconf 71' lang='grc' dir='ltr'><strong><em>ι</em></strong></span> <span class='ocrx_word' id='word_1_725' title='bbox 3284 3408 3352 3462; x_wconf 89' lang='lat' dir='ltr'><strong>Et</strong></span> <span class='ocrx_word' id='word_1_726' title='bbox 3378 3409 3470 3477; x_wconf 87' lang='lat' dir='ltr'><strong>qui</strong></span> <span class='ocrx_word' id='word_1_727' title='bbox 3516 3408 3752 3465; x_wconf 87' lang='lat' dir='ltr'><strong>custodit</strong></span> <span class='ocrx_word' id='word_1_728' title='bbox 3796 3424 3864 3464; x_wconf 88' lang='lat' dir='ltr'><strong>os</strong></span> 
     </span>
    </p>
   </div>
   <div class='ocr_carea' id='block_1_92' title="bbox 2265 3498 3860 3575">
    <p class='ocr_par' dir='ltr' id='par_1_92' title="bbox 2265 3498 3860 3575">
     <span class='ocr_line' id='line_1_92' title="bbox 2265 3498 3860 3575; baseline 0.003 -21"><span class='ocrx_word' id='word_1_729' title='bbox 2265 3515 2423 3554; x_wconf 89' lang='lat' dir='ltr'><strong>suum</strong></span> <span class='ocrx_word' id='word_1_730' title='bbox 2446 3510 2500 3553; x_wconf 92' lang='lat' dir='ltr'><strong>et</strong></span> <span class='ocrx_word' id='word_1_731' title='bbox 2522 3498 2759 3569; x_wconf 84' lang='lat' dir='ltr'><strong>linguam</strong></span> <span class='ocrx_word' id='word_1_732' title='bbox 2782 3515 2960 3566; x_wconf 92' lang='lat' dir='ltr'><strong>suam,</strong></span> <span class='ocrx_word' id='word_1_733' title='bbox 2976 3502 3211 3559; x_wconf 82' lang='lat' dir='ltr'><strong>custodit</strong></span> <span class='ocrx_word' id='word_1_734' title='bbox 3233 3503 3301 3558; x_wconf 90' lang='lat' dir='ltr'><strong>ab</strong></span> <span class='ocrx_word' id='word_1_735' title='bbox 3326 3504 3593 3575; x_wconf 87' lang='lat' dir='ltr'><strong>angustiis</strong></span> <span class='ocrx_word' id='word_1_736' title='bbox 3616 3505 3860 3559; x_wconf 88' lang='lat' dir='ltr'><strong>animam</strong></span> 
     </span>
    </p>
   </div>
   <div class='ocr_carea' id='block_1_93' title="bbox 2266 3584 3865 3666">
    <p class='ocr_par' dir='ltr' id='par_1_93' title="bbox 2266 3584 3865 3666">
     <span class='ocr_line' id='line_1_93' title="bbox 2266 3584 3865 3666; baseline 0.003 -20"><span class='ocrx_word' id='word_1_737' title='bbox 2266 3607 2439 3646; x_wconf 89' lang='lat' dir='ltr'><strong>suam.</strong></span> <span class='ocrx_word' id='word_1_738' title='bbox 2468 3591 2602 3646; x_wconf 87' lang='lat' dir='ltr'><strong>Tota</strong></span> <span class='ocrx_word' id='word_1_739' title='bbox 2634 3593 2781 3646; x_wconf 91' lang='lat' dir='ltr'><strong>enim</strong></span> <span class='ocrx_word' id='word_1_740' title='bbox 2811 3584 2997 3649; x_wconf 89' lang='lat' dir='ltr'><strong>nostra</strong></span> <span class='ocrx_word' id='word_1_741' title='bbox 3040 3594 3149 3649; x_wconf 85' lang='lat' dir='ltr'><strong>vita</strong></span> <span class='ocrx_word' id='word_1_742' title='bbox 3182 3596 3581 3664; x_wconf 85' lang='lat' dir='ltr'><strong>quodammodo</strong></span> <span class='ocrx_word' id='word_1_743' title='bbox 3625 3611 3722 3666; x_wconf 87' lang='lat' dir='ltr'><strong>per</strong></span> <span class='ocrx_word' id='word_1_744' title='bbox 3752 3596 3865 3651; x_wconf 84' lang='lat' dir='ltr'><strong>lin-</strong></span> 
     </span>
    </p>
   </div>
   <div class='ocr_carea' id='block_1_94' title="bbox 2265 3685 3859 3754">
    <p class='ocr_par' dir='ltr' id='par_1_94' title="bbox 2265 3685 3859 3754">
     <span class='ocr_line' id='line_1_94' title="bbox 2265 3685 3859 3754; baseline 0.004 -17"><span class='ocrx_word' id='word_1_745' title='bbox 2265 3699 2424 3754; x_wconf 87' lang='lat' dir='ltr'><strong>guam</strong></span> <span class='ocrx_word' id='word_1_746' title='bbox 2456 3685 2898 3752; x_wconf 90' lang='lat' dir='ltr'><strong>commaculatur,</strong></span> <span class='ocrx_word' id='word_1_747' title='bbox 2932 3687 3032 3742; x_wconf 89' lang='lat' dir='ltr'><strong>nisi</strong></span> <span class='ocrx_word' id='word_1_748' title='bbox 3063 3689 3164 3743; x_wconf 91' lang='lat' dir='ltr'><strong>sub</strong></span> <span class='ocrx_word' id='word_1_749' title='bbox 3200 3689 3590 3745; x_wconf 88' lang='lat' dir='ltr'><strong>taciturnitatis</strong></span> <span class='ocrx_word' id='word_1_750' title='bbox 3611 3690 3859 3744; x_wconf 76' lang='lat' dir='ltr'><strong>cnStodia</strong></span> 
     </span>
    </p>
   </div>
   <div class='ocr_carea' id='block_1_95' title="bbox 2267 3770 3864 3848">
    <p class='ocr_par' dir='ltr' id='par_1_95' title="bbox 2267 3770 3864 3848">
     <span class='ocr_line' id='line_1_95' title="bbox 2267 3770 3864 3848; baseline 0.004 -22"><span class='ocrx_word' id='word_1_751' title='bbox 2267 3781 2539 3840; x_wconf 83' lang='lat' dir='ltr'><strong>teneatur,</strong></span> <span class='ocrx_word' id='word_1_752' title='bbox 2587 3776 2734 3843; x_wconf 87' lang='lat' dir='ltr'><strong>quia,</strong></span> <span class='ocrx_word' id='word_1_753' title='bbox 2766 3775 2907 3830; x_wconf 90' lang='lat' dir='ltr'><strong>sicut</strong></span> <span class='ocrx_word' id='word_1_754' title='bbox 2946 3776 3022 3830; x_wconf 88' lang='lat' dir='ltr'><strong>ait</strong></span> <span class='ocrx_word' id='word_1_755' title='bbox 3051 3770 3365 3846; x_wconf 86' lang='lat' dir='ltr'><strong>Apostolus,</strong></span> <span class='ocrx_word' id='word_1_756' title='bbox 3417 3796 3437 3829; x_wconf 74' lang='grc' dir='ltr'><strong>ε</strong></span> <span class='ocrx_word' id='word_1_757' title='bbox 3490 3777 3864 3848; x_wconf 90' lang='lat' dir='ltr'><strong>Corrumpunt</strong></span> 
     </span>
    </p>
   </div>
   <div class='ocr_carea' id='block_1_96' title="bbox 2265 3864 3859 3942">
    <p class='ocr_par' dir='ltr' id='par_1_96' title="bbox 2265 3864 3859 3942">
     <span class='ocr_line' id='line_1_96' title="bbox 2265 3864 3859 3942; baseline 0.003 -23"><span class='ocrx_word' id='word_1_758' title='bbox 2265 3864 2436 3920; x_wconf 90' lang='lat' dir='ltr'><strong>bonos</strong></span> <span class='ocrx_word' id='word_1_759' title='bbox 2484 3880 2666 3921; x_wconf 90' lang='lat' dir='ltr'><strong>mores</strong></span> <span class='ocrx_word' id='word_1_760' title='bbox 2704 3865 2967 3936; x_wconf 89' lang='lat' dir='ltr'><strong>colloquia</strong></span> <span class='ocrx_word' id='word_1_761' title='bbox 3008 3864 3248 3939; x_wconf 49' lang='lat' dir='ltr'><strong>mala&#39;(l</strong></span> <span class='ocrx_word' id='word_1_762' title='bbox 3291 3865 3414 3923; x_wconf 87' lang='lat' dir='ltr'><strong>Cor.</strong></span> <span class='ocrx_word' id='word_1_763' title='bbox 3461 3871 3580 3942; x_wconf 81' lang='lat' dir='ltr'><strong>xv).</strong></span> <span class='ocrx_word' id='word_1_764' title='bbox 3639 3887 3658 3920; x_wconf 73' lang='grc' dir='ltr'><strong><em>ι</em></strong></span> <span class='ocrx_word' id='word_1_765' title='bbox 3716 3868 3859 3923; x_wconf 86' lang='lat' dir='ltr'><strong>Nam</strong></span> 
     </span>
    </p>
   </div>
   <div class='ocr_carea' id='block_1_97' title="bbox 2266 3954 3860 4031">
    <p class='ocr_par' dir='ltr' id='par_1_97' title="bbox 2266 3954 3860 4031">
     <span class='ocr_line' id='line_1_97' title="bbox 2266 3954 3860 4031; baseline 0.001 -19"><span class='ocrx_word' id='word_1_766' title='bbox 2266 3956 2408 4012; x_wconf 90' lang='lat' dir='ltr'><strong>sicut</strong></span> <span class='ocrx_word' id='word_1_767' title='bbox 2435 3954 2670 4013; x_wconf 88' lang='lat' dir='ltr'><strong>Iacobus</strong></span> <span class='ocrx_word' id='word_1_768' title='bbox 2697 3958 2977 4028; x_wconf 90' lang='lat' dir='ltr'><strong>apostolus</strong></span> <span class='ocrx_word' id='word_1_769' title='bbox 3002 3959 3080 4013; x_wconf 91' lang='lat' dir='ltr'><strong>ait</strong></span> <span class='ocrx_word' id='word_1_770' title='bbox 3111 3975 3124 4012; x_wconf 91' lang='lat'><strong>:</strong></span> <span class='ocrx_word' id='word_1_771' title='bbox 3155 3957 3257 4025; x_wconf 87' lang='lat' dir='ltr'><strong>Qui</strong></span> <span class='ocrx_word' id='word_1_772' title='bbox 3279 3974 3339 4014; x_wconf 87' lang='lat' dir='ltr'><strong>se</strong></span> <span class='ocrx_word' id='word_1_773' title='bbox 3364 3967 3521 4030; x_wconf 88' lang='lat' dir='ltr'><strong>putat</strong></span> <span class='ocrx_word' id='word_1_774' title='bbox 3543 3959 3860 4031; x_wconf 86' lang='lat' dir='ltr'><strong>religiosum</strong></span> 
     </span>
    </p>
   </div>
   <div class='ocr_carea' id='block_1_98' title="bbox 2265 4046 3858 4119">
    <p class='ocr_par' dir='ltr' id='par_1_98' title="bbox 2265 4046 3858 4119">
     <span class='ocr_line' id='line_1_98' title="bbox 2265 4046 3858 4119; baseline 0 -16"><span class='ocrx_word' id='word_1_775' title='bbox 2265 4062 2407 4114; x_wconf 88' lang='lat' dir='ltr'><strong>esse,</strong></span> <span class='ocrx_word' id='word_1_776' title='bbox 2460 4062 2570 4102; x_wconf 91' lang='lat' dir='ltr'><strong>non</strong></span> <span class='ocrx_word' id='word_1_777' title='bbox 2601 4046 2903 4103; x_wconf 80' lang='lat' dir='ltr'><strong>refraenans</strong></span> <span class='ocrx_word' id='word_1_778' title='bbox 2940 4048 3176 4119; x_wconf 86' lang='lat' dir='ltr'><strong>linguam</strong></span> <span class='ocrx_word' id='word_1_779' title='bbox 3218 4063 3373 4103; x_wconf 89' lang='lat' dir='ltr'><strong>suam</strong></span> <span class='ocrx_word' id='word_1_780' title='bbox 3395 4089 3410 4116; x_wconf 98' lang='lat'><strong>,</strong></span> <span class='ocrx_word' id='word_1_781' title='bbox 3442 4050 3537 4104; x_wconf 90' lang='lat' dir='ltr'><strong>sed</strong></span> <span class='ocrx_word' id='word_1_782' title='bbox 3586 4050 3858 4105; x_wconf 85' lang='lat' dir='ltr'><strong>seducens</strong></span> 
     </span>
    </p>
   </div>
   <div class='ocr_carea' id='block_1_99' title="bbox 2265 4140 3860 4213">
    <p class='ocr_par' dir='ltr' id='par_1_99' title="bbox 2265 4140 3860 4213">
     <span class='ocr_line' id='line_1_99' title="bbox 2265 4140 3860 4213; baseline 0 -18"><span class='ocrx_word' id='word_1_783' title='bbox 2265 4155 2361 4195; x_wconf 91' lang='lat' dir='ltr'><strong>cor</strong></span> <span class='ocrx_word' id='word_1_784' title='bbox 2388 4154 2569 4205; x_wconf 88' lang='lat' dir='ltr'><strong>suum,</strong></span> <span class='ocrx_word' id='word_1_785' title='bbox 2598 4140 2758 4210; x_wconf 90' lang='lat' dir='ltr'><strong>hujus</strong></span> <span class='ocrx_word' id='word_1_786' title='bbox 2804 4155 2947 4194; x_wconf 89' lang='lat' dir='ltr'><strong>vana</strong></span> <span class='ocrx_word' id='word_1_787' title='bbox 2993 4148 3079 4195; x_wconf 89' lang='lat' dir='ltr'><strong>est</strong></span> <span class='ocrx_word' id='word_1_788' title='bbox 3125 4140 3335 4209; x_wconf 86' lang='lat' dir='ltr'><strong>religio.</strong></span> <span class='ocrx_word' id='word_1_789' title='bbox 3383 4140 3450 4195; x_wconf 85' lang='lat' dir='ltr'><strong>Et</strong></span> <span class='ocrx_word' id='word_1_790' title='bbox 3502 4141 3557 4195; x_wconf 90' lang='lat' dir='ltr'><strong>in</strong></span> <span class='ocrx_word' id='word_1_791' title='bbox 3603 4141 3722 4213; x_wconf 90' lang='lat' dir='ltr'><strong>lege</strong></span> <span class='ocrx_word' id='word_1_792' title='bbox 3762 4156 3860 4195; x_wconf 82' lang='lat' dir='ltr'><strong>vas</strong></span> 
     </span>
    </p>
   </div>
   <div class='ocr_carea' id='block_1_100' title="bbox 2267 4233 3860 4307">
    <p class='ocr_par' dir='ltr' id='par_1_100' title="bbox 2267 4233 3860 4307">
     <span class='ocr_line' id='line_1_100' title="bbox 2267 4233 3860 4307; baseline -0.003 -15"><span class='ocrx_word' id='word_1_793' title='bbox 2267 4237 2412 4306; x_wconf 91' lang='lat' dir='ltr'><strong>quod</strong></span> <span class='ocrx_word' id='word_1_794' title='bbox 2448 4236 2761 4307; x_wconf 89' lang='lat' dir='ltr'><strong>operculum</strong></span> <span class='ocrx_word' id='word_1_795' title='bbox 2811 4240 2919 4292; x_wconf 79' lang='lat' dir='ltr'><strong>nun</strong></span> <span class='ocrx_word' id='word_1_796' title='bbox 2965 4237 3149 4303; x_wconf 89' lang='lat' dir='ltr'><strong>habet,</strong></span> <span class='ocrx_word' id='word_1_797' title='bbox 3209 4237 3355 4292; x_wconf 85' lang='lat' dir='ltr'><strong>inter</strong></span> <span class='ocrx_word' id='word_1_798' title='bbox 3400 4233 3676 4290; x_wconf 87' lang='lat' dir='ltr'><strong>immunda</strong></span> <span class='ocrx_word' id='word_1_799' title='bbox 3724 4248 3860 4288; x_wconf 81' lang='lat' dir='ltr'><strong>vasa</strong></span> 
     </span>
    </p>
   </div>
   <div class='ocr_carea' id='block_1_101' title="bbox 2264 4325 3853 4398">
    <p class='ocr_par' dir='ltr' id='par_1_101' title="bbox 2264 4325 3853 4398">
     <span class='ocr_line' id='line_1_101' title="bbox 2264 4325 3853 4398; baseline -0.004 -14"><span class='ocrx_word' id='word_1_800' title='bbox 2264 4337 2629 4398; x_wconf 89' lang='lat' dir='ltr'><strong>computatur.</strong></span> <span class='ocrx_word' id='word_1_801' title='bbox 2681 4328 2749 4383; x_wconf 87' lang='lat' dir='ltr'><strong>Et</strong></span> <span class='ocrx_word' id='word_1_802' title='bbox 2792 4328 3081 4384; x_wconf 90' lang='lat' dir='ltr'><strong>Psalmista</strong></span> <span class='ocrx_word' id='word_1_803' title='bbox 3135 4342 3236 4384; x_wconf 90' lang='lat' dir='ltr'><strong>nos</strong></span> <span class='ocrx_word' id='word_1_804' title='bbox 3286 4328 3564 4392; x_wconf 89' lang='lat' dir='ltr'><strong>admouet,</strong></span> <span class='ocrx_word' id='word_1_805' title='bbox 3622 4325 3853 4380; x_wconf 87' lang='lat' dir='ltr'><strong>dicens:</strong></span> 
     </span>
    </p>
   </div>
   <div class='ocr_carea' id='block_1_102' title="bbox 2271 4416 3863 4490">
    <p class='ocr_par' dir='ltr' id='par_1_102' title="bbox 2271 4416 3863 4490">
     <span class='ocr_line' id='line_1_102' title="bbox 2271 4416 3863 4490; baseline 0 -19"><span class='ocrx_word' id='word_1_806' title='bbox 2271 4438 2290 4471; x_wconf 72' lang='grc' dir='ltr'>ι</span> <span class='ocrx_word' id='word_1_807' title='bbox 2322 4418 2557 4474; x_wconf 87' lang='lat' dir='ltr'><strong>Prohibe</strong></span> <span class='ocrx_word' id='word_1_808' title='bbox 2606 4420 2843 4490; x_wconf 85' lang='lat' dir='ltr'><strong>linguam</strong></span> <span class='ocrx_word' id='word_1_809' title='bbox 2896 4428 3044 4476; x_wconf 88' lang='lat' dir='ltr'><strong>tuam</strong></span> <span class='ocrx_word' id='word_1_810' title='bbox 3089 4434 3121 4475; x_wconf 91' lang='lat' dir='ltr'><strong>a</strong></span> <span class='ocrx_word' id='word_1_811' title='bbox 3170 4418 3334 4483; x_wconf 89' lang='lat' dir='ltr'><strong>malo,</strong></span> <span class='ocrx_word' id='word_1_812' title='bbox 3379 4426 3436 4473; x_wconf 92' lang='lat' dir='ltr'><strong>et</strong></span> <span class='ocrx_word' id='word_1_813' title='bbox 3481 4416 3624 4473; x_wconf 86' lang='lat' dir='ltr'><strong>labia</strong></span> <span class='ocrx_word' id='word_1_814' title='bbox 3668 4425 3757 4470; x_wconf 87' lang='lat' dir='ltr'><strong>tua</strong></span> <span class='ocrx_word' id='word_1_815' title='bbox 3789 4430 3863 4471; x_wconf 87' lang='lat' dir='ltr'><strong>ne</strong></span> 
     </span>
    </p>
   </div>
   <div class='ocr_carea' id='block_1_103' title="bbox 2266 4504 3861 4578">
    <p class='ocr_par' dir='ltr' id='par_1_103' title="bbox 2266 4504 3861 4578">
     <span class='ocr_line' id='line_1_103' title="bbox 2266 4504 3861 4578; baseline -0.001 -17"><span class='ocrx_word' id='word_1_816' title='bbox 2266 4507 2560 4578; x_wconf 90' lang='lat' dir='ltr'><strong>loquantur</strong></span> <span class='ocrx_word' id='word_1_817' title='bbox 2584 4509 2786 4565; x_wconf 91' lang='lat' dir='ltr'><strong>dolum.</strong></span> <span class='ocrx_word' id='word_1_818' title='bbox 2834 4530 2853 4563; x_wconf 72' lang='grc' dir='ltr'><strong><em>ι</em></strong></span> <span class='ocrx_word' id='word_1_819' title='bbox 2893 4508 3359 4565; x_wconf 87' lang='lat' dir='ltr'><strong>Circumcidamus</strong></span> <span class='ocrx_word' id='word_1_820' title='bbox 3389 4522 3581 4563; x_wconf 87' lang='lat' dir='ltr'><strong>manus</strong></span> <span class='ocrx_word' id='word_1_821' title='bbox 3620 4506 3689 4561; x_wconf 88' lang='lat' dir='ltr'><strong>ab</strong></span> <span class='ocrx_word' id='word_1_822' title='bbox 3721 4504 3861 4561; x_wconf 70' lang='grc' dir='ltr'><strong>θαα-</strong></span> 
     </span>
    </p>
   </div>
   <div class='ocr_carea' id='block_1_104' title="bbox 2264 4600 3860 4671">
    <p class='ocr_par' dir='ltr' id='par_1_104' title="bbox 2264 4600 3860 4671">
     <span class='ocr_line' id='line_1_104' title="bbox 2264 4600 3860 4671; baseline -0.001 -16"><span class='ocrx_word' id='word_1_823' title='bbox 2264 4600 2416 4655; x_wconf 91' lang='lat' dir='ltr'><strong>sioue</strong></span> <span class='ocrx_word' id='word_1_824' title='bbox 2457 4601 2734 4670; x_wconf 87' lang='lat' dir='ltr'><strong>sanguinis</strong></span> <span class='ocrx_word' id='word_1_825' title='bbox 2773 4611 2830 4655; x_wconf 90' lang='lat' dir='ltr'><strong>et</strong></span> <span class='ocrx_word' id='word_1_826' title='bbox 2858 4600 3079 4656; x_wconf 64' lang='lat' dir='ltr'><strong>laesione</strong></span> <span class='ocrx_word' id='word_1_827' title='bbox 3124 4601 3395 4671; x_wconf 87' lang='lat' dir='ltr'><strong>proximi,</strong></span> <span class='ocrx_word' id='word_1_828' title='bbox 3424 4608 3480 4654; x_wconf 89' lang='lat' dir='ltr'><strong>et</strong></span> <span class='ocrx_word' id='word_1_829' title='bbox 3519 4612 3733 4668; x_wconf 89' lang='lat' dir='ltr'><strong>semper</strong></span> <span class='ocrx_word' id='word_1_830' title='bbox 3758 4611 3860 4653; x_wconf 87' lang='lat' dir='ltr'><strong>eas</strong></span> 
     </span>
    </p>
   </div>
   <div class='ocr_carea' id='block_1_105' title="bbox 2264 4688 3856 4761">
    <p class='ocr_par' dir='ltr' id='par_1_105' title="bbox 2264 4688 3856 4761">
     <span class='ocr_line' id='line_1_105' title="bbox 2264 4688 3856 4761; baseline -0.001 -19"><span class='ocrx_word' id='word_1_831' title='bbox 2264 4698 2482 4761; x_wconf 87' lang='lat' dir='ltr'><strong>paratas</strong></span> <span class='ocrx_word' id='word_1_832' title='bbox 2509 4689 2806 4746; x_wconf 88' lang='lat' dir='ltr'><strong>habeamus</strong></span> <span class='ocrx_word' id='word_1_833' title='bbox 2848 4691 2917 4746; x_wconf 88' lang='lat' dir='ltr'><strong>ad</strong></span> <span class='ocrx_word' id='word_1_834' title='bbox 2952 4691 3289 4756; x_wconf 83' lang='lat' dir='ltr'><strong>operandam</strong></span> <span class='ocrx_word' id='word_1_835' title='bbox 3334 4688 3478 4760; x_wconf 89' lang='lat' dir='ltr'><strong>quod</strong></span> <span class='ocrx_word' id='word_1_836' title='bbox 3516 4688 3718 4744; x_wconf 90' lang='lat' dir='ltr'><strong>bonum</strong></span> <span class='ocrx_word' id='word_1_837' title='bbox 3746 4694 3856 4753; x_wconf 89' lang='lat' dir='ltr'><strong>est,</strong></span> 
     </span>
    </p>
   </div>
   <div class='ocr_carea' id='block_1_106' title="bbox 2264 4781 3858 4851">
    <p class='ocr_par' dir='ltr' id='par_1_106' title="bbox 2264 4781 3858 4851">
     <span class='ocr_line' id='line_1_106' title="bbox 2264 4781 3858 4851; baseline -0.001 -15"><span class='ocrx_word' id='word_1_838' title='bbox 2264 4790 2326 4836; x_wconf 90' lang='lat' dir='ltr'><strong>ut</strong></span> <span class='ocrx_word' id='word_1_839' title='bbox 2356 4781 2653 4838; x_wconf 89' lang='lat' dir='ltr'><strong>habeamus</strong></span> <span class='ocrx_word' id='word_1_840' title='bbox 2689 4784 2832 4839; x_wconf 90' lang='lat' dir='ltr'><strong>unde</strong></span> <span class='ocrx_word' id='word_1_841' title='bbox 2879 4783 3181 4839; x_wconf 88' lang='lat' dir='ltr'><strong>tribuamus</strong></span> <span class='ocrx_word' id='word_1_842' title='bbox 3224 4782 3607 4839; x_wconf 86' lang='lat' dir='ltr'><strong>necessitatem</strong></span> <span class='ocrx_word' id='word_1_843' title='bbox 3642 4781 3858 4851; x_wconf 88' lang='lat' dir='ltr'><strong>patien-</strong></span> 
     </span>
    </p>
   </div>
   <div class='ocr_carea' id='block_1_107' title="bbox 2267 4872 3860 4946">
    <p class='ocr_par' dir='ltr' id='par_1_107' title="bbox 2267 4872 3860 4946">
     <span class='ocr_line' id='line_1_107' title="bbox 2267 4872 3860 4946; baseline 0 -16"><span class='ocrx_word' id='word_1_844' title='bbox 2267 4874 2428 4931; x_wconf 88' lang='lat' dir='ltr'><strong>tibus.</strong></span> <span class='ocrx_word' id='word_1_845' title='bbox 2461 4874 2528 4928; x_wconf 87' lang='lat' dir='ltr'><strong>Et</strong></span> <span class='ocrx_word' id='word_1_846' title='bbox 2560 4890 2686 4929; x_wconf 91' lang='lat' dir='ltr'><strong>cum</strong></span> <span class='ocrx_word' id='word_1_847' title='bbox 2712 4874 3001 4931; x_wconf 88' lang='lat' dir='ltr'><strong>Psalmista</strong></span> <span class='ocrx_word' id='word_1_848' title='bbox 3046 4876 3228 4931; x_wconf 86' lang='lat' dir='ltr'><strong>dicere</strong></span> <span class='ocrx_word' id='word_1_849' title='bbox 3249 4889 3548 4946; x_wconf 89' lang='lat' dir='ltr'><strong>queamus:</strong></span> <span class='ocrx_word' id='word_1_850' title='bbox 3583 4894 3601 4925; x_wconf 77' lang='grc' dir='ltr'>ι</span> <span class='ocrx_word' id='word_1_851' title='bbox 3631 4872 3860 4930; x_wconf 84' lang='lat' dir='ltr'><strong>Lavabo</strong></span> 
     </span>
    </p>
   </div>
   <div class='ocr_carea' id='block_1_108' title="bbox 2265 4967 3856 5036">
    <p class='ocr_par' dir='ltr' id='par_1_108' title="bbox 2265 4967 3856 5036">
     <span class='ocr_line' id='line_1_108' title="bbox 2265 4967 3856 5036; baseline 0 -14"><span class='ocrx_word' id='word_1_852' title='bbox 2265 4968 2406 5023; x_wconf 90' lang='lat' dir='ltr'><strong>inter</strong></span> <span class='ocrx_word' id='word_1_853' title='bbox 2432 4968 2752 5023; x_wconf 89' lang='lat' dir='ltr'><strong>innocentes</strong></span> <span class='ocrx_word' id='word_1_854' title='bbox 2782 4984 2973 5025; x_wconf 90' lang='lat' dir='ltr'><strong>manus</strong></span> <span class='ocrx_word' id='word_1_855' title='bbox 3002 4984 3176 5036; x_wconf 90' lang='lat' dir='ltr'><strong>meas,</strong></span> <span class='ocrx_word' id='word_1_856' title='bbox 3210 4977 3269 5026; x_wconf 90' lang='lat' dir='ltr'><strong>et</strong></span> <span class='ocrx_word' id='word_1_857' title='bbox 3294 4968 3647 5024; x_wconf 87' lang='lat' dir='ltr'><strong>circumdabo</strong></span> <span class='ocrx_word' id='word_1_858' title='bbox 3682 4967 3856 5023; x_wconf 86' lang='lat' dir='ltr'><strong>altare</strong></span> 
     </span>
    </p>
   </div>
   <div class='ocr_carea' id='block_1_109' title="bbox 2265 5059 3853 5129">
    <p class='ocr_par' dir='ltr' id='par_1_109' title="bbox 2265 5059 3853 5129">
     <span class='ocr_line' id='line_1_109' title="bbox 2265 5059 3853 5129; baseline -0.001 -14"><span class='ocrx_word' id='word_1_859' title='bbox 2265 5067 2439 5125; x_wconf 90' lang='lat' dir='ltr'><strong>tuum,</strong></span> <span class='ocrx_word' id='word_1_860' title='bbox 2456 5060 2701 5116; x_wconf 90' lang='lat' dir='ltr'><strong>Domine.</strong></span> <span class='ocrx_word' id='word_1_861' title='bbox 2725 5080 2743 5113; x_wconf 87' lang='grc'><strong>›</strong></span> <span class='ocrx_word' id='word_1_862' title='bbox 2762 5060 2962 5117; x_wconf 87' lang='lat' dir='ltr'><strong>Etcum</strong></span> <span class='ocrx_word' id='word_1_863' title='bbox 2978 5062 3241 5129; x_wconf 83' lang='lat' dir='ltr'><strong>Ecclesia,</strong></span> <span class='ocrx_word' id='word_1_864' title='bbox 3273 5082 3292 5113; x_wconf 71' lang='grc' dir='ltr'><strong>ε</strong></span> <span class='ocrx_word' id='word_1_865' title='bbox 3313 5061 3500 5116; x_wconf 86' lang='lat' dir='ltr'><strong>Manus</strong></span> <span class='ocrx_word' id='word_1_866' title='bbox 3514 5075 3650 5116; x_wconf 70' lang='lat' dir='ltr'><strong>mea:</strong></span> <span class='ocrx_word' id='word_1_867' title='bbox 3670 5059 3853 5115; x_wconf 88' lang='lat' dir='ltr'><strong>distil-</strong></span> 
     </span>
    </p>
   </div>
   <div class='ocr_carea' id='block_1_110' title="bbox 2262 5139 3881 5225">
    <p class='ocr_par' dir='ltr' id='par_1_110' title="bbox 2262 5139 3881 5225">
     <span class='ocr_line' id='line_1_110' title="bbox 2262 5139 3881 5225; baseline 0.001 -20"><span class='ocrx_word' id='word_1_868' title='bbox 2262 5150 2510 5207; x_wconf 89' lang='lat' dir='ltr'><strong>laverunt</strong></span> <span class='ocrx_word' id='word_1_869' title='bbox 2540 5154 2842 5224; x_wconf 87' lang='lat' dir='ltr'><strong>myrrham,</strong></span> <span class='ocrx_word' id='word_1_870' title='bbox 2871 5162 2927 5209; x_wconf 91' lang='lat' dir='ltr'><strong>et</strong></span> <span class='ocrx_word' id='word_1_871' title='bbox 2954 5153 3109 5223; x_wconf 86' lang='lat' dir='ltr'><strong>digiti</strong></span> <span class='ocrx_word' id='word_1_872' title='bbox 3137 5158 3245 5210; x_wconf 91' lang='lat' dir='ltr'><strong>mei</strong></span> <span class='ocrx_word' id='word_1_873' title='bbox 3291 5153 3435 5225; x_wconf 88' lang='lat' dir='ltr'><strong>pleni</strong></span> <span class='ocrx_word' id='word_1_874' title='bbox 3473 5154 3695 5225; x_wconf 85' lang='lat' dir='ltr'><strong>myrrha</strong></span> <span class='ocrx_word' id='word_1_875' title='bbox 3722 5139 3881 5223; x_wconf 37' lang='lat' dir='ltr'><strong>pro;</strong></span> 
     </span>
    </p>
   </div>
   <div class='ocr_carea' id='block_1_111' title="bbox 2260 5242 3855 5317">
    <p class='ocr_par' dir='ltr' id='par_1_111' title="bbox 2260 5242 3855 5317">
     <span class='ocr_line' id='line_1_111' title="bbox 2260 5242 3855 5317; baseline 0 -19"><span class='ocrx_word' id='word_1_876' title='bbox 2260 5243 2538 5299; x_wconf 87' lang='lat' dir='ltr'><strong>batissima</strong></span> <span class='ocrx_word' id='word_1_877' title='bbox 2559 5243 2736 5315; x_wconf 83' lang='lat' dir='ltr'><strong>(Cant.</strong></span> <span class='ocrx_word' id='word_1_878' title='bbox 2764 5245 2840 5317; x_wconf 70' lang='grc' dir='ltr'><strong>ν).</strong></span> <span class='ocrx_word' id='word_1_879' title='bbox 2864 5264 2883 5298; x_wconf 78' lang='grc' dir='ltr'><strong><em>ι</em></strong></span> <span class='ocrx_word' id='word_1_880' title='bbox 2904 5244 3369 5302; x_wconf 86' lang='lat' dir='ltr'><strong>Circumcidamus</strong></span> <span class='ocrx_word' id='word_1_881' title='bbox 3395 5245 3580 5316; x_wconf 88' lang='lat' dir='ltr'><strong>pedes,</strong></span> <span class='ocrx_word' id='word_1_882' title='bbox 3596 5260 3667 5300; x_wconf 90' lang='lat' dir='ltr'><strong>ne</strong></span> <span class='ocrx_word' id='word_1_883' title='bbox 3695 5242 3855 5299; x_wconf 84' lang='lat' dir='ltr'><strong>festi-</strong></span> 
     </span>
    </p>
   </div>
   <div class='ocr_carea' id='block_1_112' title="bbox 2261 5336 3855 5409">
    <p class='ocr_par' dir='ltr' id='par_1_112' title="bbox 2261 5336 3855 5409">
     <span class='ocr_line' id='line_1_112' title="bbox 2261 5336 3855 5409; baseline 0.001 -18"><span class='ocrx_word' id='word_1_884' title='bbox 2261 5346 2393 5392; x_wconf 90' lang='lat' dir='ltr'><strong>nent</strong></span> <span class='ocrx_word' id='word_1_885' title='bbox 2422 5337 2489 5391; x_wconf 92' lang='lat' dir='ltr'><strong>ad</strong></span> <span class='ocrx_word' id='word_1_886' title='bbox 2518 5336 2898 5392; x_wconf 74' lang='lat' dir='ltr'><strong>effundendum</strong></span> <span class='ocrx_word' id='word_1_887' title='bbox 2921 5339 3262 5409; x_wconf 88' lang='lat' dir='ltr'><strong>sanguinem,</strong></span> <span class='ocrx_word' id='word_1_888' title='bbox 3282 5348 3339 5397; x_wconf 91' lang='lat' dir='ltr'><strong>et</strong></span> <span class='ocrx_word' id='word_1_889' title='bbox 3364 5337 3855 5395; x_wconf 74' lang='lat' dir='ltr'><strong>discordiassemi-</strong></span> 
     </span>
    </p>
   </div>
   <div class='ocr_carea' id='block_1_113' title="bbox 2264 5416 3853 5498">
    <p class='ocr_par' dir='ltr' id='par_1_113' title="bbox 2264 5416 3853 5498">
     <span class='ocr_line' id='line_1_113' title="bbox 2264 5416 3853 5498; baseline 0.002 -15"><span class='ocrx_word' id='word_1_890' title='bbox 2264 5428 2504 5493; x_wconf 89' lang='lat' dir='ltr'><strong>nandas,</strong></span> <span class='ocrx_word' id='word_1_891' title='bbox 2558 5429 2653 5483; x_wconf 90' lang='lat' dir='ltr'><strong>sed</strong></span> <span class='ocrx_word' id='word_1_892' title='bbox 2692 5430 2869 5498; x_wconf 87' lang='lat' dir='ltr'><strong>potius</strong></span> <span class='ocrx_word' id='word_1_893' title='bbox 2903 5430 2971 5485; x_wconf 89' lang='lat' dir='ltr'><strong>ad</strong></span> <span class='ocrx_word' id='word_1_894' title='bbox 3019 5416 3318 5486; x_wconf 77' lang='lat' dir='ltr'><strong>Ecclesiam</strong></span> <span class='ocrx_word' id='word_1_895' title='bbox 3367 5432 3718 5496; x_wconf 84' lang='lat' dir='ltr'><strong>conveniant,</strong></span> <span class='ocrx_word' id='word_1_896' title='bbox 3780 5431 3853 5486; x_wconf 89' lang='lat' dir='ltr'><strong>ad</strong></span> 
     </span>
    </p>
   </div>
   <div class='ocr_carea' id='block_1_114' title="bbox 2263 5521 3856 5593">
    <p class='ocr_par' dir='ltr' id='par_1_114' title="bbox 2263 5521 3856 5593">
     <span class='ocr_line' id='line_1_114' title="bbox 2263 5521 3856 5593; baseline 0.001 -16"><span class='ocrx_word' id='word_1_897' title='bbox 2263 5521 2569 5577; x_wconf 90' lang='lat' dir='ltr'><strong>orationem</strong></span> <span class='ocrx_word' id='word_1_898' title='bbox 2617 5521 2910 5577; x_wconf 90' lang='lat' dir='ltr'><strong>studiosius</strong></span> <span class='ocrx_word' id='word_1_899' title='bbox 2965 5530 3287 5593; x_wconf 84' lang='lat' dir='ltr'><strong>properent,</strong></span> <span class='ocrx_word' id='word_1_900' title='bbox 3338 5534 3389 5578; x_wconf 87' lang='lat' dir='ltr'><strong>et</strong></span> <span class='ocrx_word' id='word_1_901' title='bbox 3454 5523 3595 5577; x_wconf 89' lang='lat' dir='ltr'><strong>inter</strong></span> <span class='ocrx_word' id='word_1_902' title='bbox 3650 5521 3856 5579; x_wconf 77' lang='lat' dir='ltr'><strong>fratres</strong></span> 
     </span>
    </p>
   </div>
   <div class='ocr_carea' id='block_1_115' title="bbox 2262 5615 3856 5686">
    <p class='ocr_par' dir='ltr' id='par_1_115' title="bbox 2262 5615 3856 5686">
     <span class='ocr_line' id='line_1_115' title="bbox 2262 5615 3856 5686; baseline 0.004 -20"><span class='ocrx_word' id='word_1_903' title='bbox 2262 5628 2448 5683; x_wconf 89' lang='lat' dir='ltr'><strong>pacem</strong></span> <span class='ocrx_word' id='word_1_904' title='bbox 2477 5624 2533 5667; x_wconf 92' lang='lat' dir='ltr'><strong>et</strong></span> <span class='ocrx_word' id='word_1_905' title='bbox 2559 5615 2905 5685; x_wconf 88' lang='lat' dir='ltr'><strong>concordiam</strong></span> <span class='ocrx_word' id='word_1_906' title='bbox 2947 5624 3184 5685; x_wconf 84' lang='lat' dir='ltr'><strong>portent,</strong></span> <span class='ocrx_word' id='word_1_907' title='bbox 3219 5625 3277 5670; x_wconf 90' lang='lat' dir='ltr'><strong>ut</strong></span> <span class='ocrx_word' id='word_1_908' title='bbox 3312 5616 3672 5686; x_wconf 88' lang='lat' dir='ltr'><strong>adimpleatur</strong></span> <span class='ocrx_word' id='word_1_909' title='bbox 3718 5615 3856 5673; x_wconf 89' lang='lat' dir='ltr'><strong>illud</strong></span> 
     </span>
    </p>
   </div>
   <div class='ocr_carea' id='block_1_116' title="bbox 2264 5706 3853 5779">
    <p class='ocr_par' dir='ltr' id='par_1_116' title="bbox 2264 5706 3853 5779">
     <span class='ocr_line' id='line_1_116' title="bbox 2264 5706 3853 5779; baseline 0.003 -20"><span class='ocrx_word' id='word_1_910' title='bbox 2264 5706 2407 5775; x_wconf 92' lang='lat' dir='ltr'><strong>quod</strong></span> <span class='ocrx_word' id='word_1_911' title='bbox 2439 5706 2665 5761; x_wconf 87' lang='lat' dir='ltr'><strong>dicitur:</strong></span> <span class='ocrx_word' id='word_1_912' title='bbox 2692 5726 2709 5759; x_wconf 76' lang='grc' dir='ltr'>ι</span> <span class='ocrx_word' id='word_1_913' title='bbox 2745 5707 2895 5762; x_wconf 85' lang='lat' dir='ltr'><strong>Beati</strong></span> <span class='ocrx_word' id='word_1_914' title='bbox 2918 5708 3083 5777; x_wconf 88' lang='lat' dir='ltr'><strong>pedes</strong></span> <span class='ocrx_word' id='word_1_915' title='bbox 3114 5708 3601 5779; x_wconf 75' lang='lat' dir='ltr'><strong>evangelizantium</strong></span> <span class='ocrx_word' id='word_1_916' title='bbox 3637 5722 3853 5779; x_wconf 82' lang='lat' dir='ltr'><strong>pacem,</strong></span> 
     </span>
    </p>
   </div>
   <div class='ocr_carea' id='block_1_117' title="bbox 2262 5799 3856 5876">
    <p class='ocr_par' dir='ltr' id='par_1_117' title="bbox 2262 5799 3856 5876">
     <span class='ocr_line' id='line_1_117' title="bbox 2262 5799 3856 5876; baseline 0.001 -18"><span class='ocrx_word' id='word_1_917' title='bbox 2262 5799 2748 5872; x_wconf 83' lang='lat' dir='ltr'><strong>evangelizantium</strong></span> <span class='ocrx_word' id='word_1_918' title='bbox 2775 5803 2936 5859; x_wconf 90' lang='lat' dir='ltr'><strong>bona.</strong></span> <span class='ocrx_word' id='word_1_919' title='bbox 2977 5819 2997 5854; x_wconf 74' lang='grc' dir='ltr'><strong><em>ι</em></strong></span> <span class='ocrx_word' id='word_1_920' title='bbox 3024 5800 3180 5868; x_wconf 85' lang='lat' dir='ltr'><strong>Quod</strong></span> <span class='ocrx_word' id='word_1_921' title='bbox 3217 5810 3278 5859; x_wconf 91' lang='lat' dir='ltr'><strong>ut</strong></span> <span class='ocrx_word' id='word_1_922' title='bbox 3320 5802 3502 5861; x_wconf 79' lang='lat' dir='ltr'><strong>facere</strong></span> <span class='ocrx_word' id='word_1_923' title='bbox 3554 5803 3856 5876; x_wconf 79' lang='lat' dir='ltr'><strong>possimus,</strong></span> 
     </span>
    </p>
   </div>
  </div>
