4038 6352
171 374 231 434 9⁵1
812 371 845 391 ’⁵
958 370 992 417 ’ῗ
1042 400 1093 407 --
1167 369 1176 380 ’
1370 364 1675 425 HOMILI/E
1716 363 1750 421 Ι]

1851 364 2199 423 TEMPORE.
2437 361 2445 368 ’
2563 358 2573 363 “
2663 357 2671 364 ’
2768 355 2777 363 ’
3343 361 3411 418 98
3514 362 3517 367 ’

171 482 415 557 supplices
445 495 569 537 cum
613 479 881 552 Propheta
910 494 1161 553 rogemus
1187 496 1201 534 :
1229 498 1249 532 ι
1280 479 1413 535 Vias
1442 488 1582 544 tuas,
1615 479 1721 533 Do-
1749 484 1800 546 Α
1825 481 1987 535 etiam
2019 481 2236 552 triginta
2265 488 2321 536 et
2350 481 2522 538 tribus
2550 483 2740 540 diebus
2773 490 2896 554 post
2923 479 3040 537 hac
3064 479 3133 535 ab
3163 478 3412 549 ingressu

172 579 319 641 mine,
342 575 651 641 demonstra
675 573 831 637 mihi,
861 580 917 629 et
936 573 1159 628 semitas
1179 582 1302 629 tuas
1322 573 1457 628 doce
1490 588 1597 627 me.
1625 592 1642 623 ι
1663 571 1733 626 Ει

172 669 385 723 iterum:
415 682 434 714 ι
469 661 704 719 Gressus
725 677 876 718 meos
899 663 1073 733 dirige
1109 664 1403 719 secundum
1456 663 1731 719 clouuium

174 767 356 813 tuum.»
384 754 452 811 Et
479 770 669 810 rursus
695 771 707 807 :
743 772 761 805 ι
792 754 999 811 Perﬁce
1028 771 1246 826 gressus
1270 770 1418 812 meos
1444 756 1499 811 in
1526 755 1734 811 semitis

174 848 285 912 tuis,
312 855 368 901 ut
408 860 517 900 non
561 855 883 901 moveantur
919 848 1145 903 vestigia
1194 863 1335 904 mea.
1370 868 1391 901 ι
1428 848 1539 904 Nec
1560 848 1734 904 solum

172 936 439 1001 exteriora,
482 934 580 991 sed
613 935 780 990 etiam
806 951 928 1007 qua:
968 937 1229 992 interiora
1270 947 1416 1004 sunt,
1443 938 1733 995 circumci-

143 1031 284 1104 dere
325 1028 605 1093 debemus,
659 1027 712 1083 id
755 1038 840 1085 est
882 1045 999 1097 cor,
1027 1040 1089 1086 ut
1130 1032 1505 1089 abstineamus
1555 1049 1655 1089 nos
1702 1048 1735 1088 a

171 1121 311 1176 malis
330 1127 384 1175 et
410 1119 709 1176 immundis
729 1122 1168 1193 cogitationibus,
1195 1133 1250 1180 et
1278 1127 1464 1195 pravis
1494 1126 1735 1183 delecta-

170 1211 402 1274 tionibus,
460 1219 517 1266 et
560 1211 748 1281 iniquo
793 1226 1082 1280 consensu,
1124 1229 1194 1271 ne
1234 1231 1331 1286 per
1360 1218 1735 1273 assiduitatem

166 1302 514 1372 cogitationis,
549 1301 604 1357 in
657 1318 986 1360 consensum
1035 1305 1411 1364 delectationis
1455 1310 1736 1376 cadamus,

168 1395 301 1465 quia,
330 1403 388 1449 ut
404 1394 673 1450 Dominus
698 1397 778 1450 ait
805 1413 819 1450 :
865 1397 944 1454 De
966 1398 1131 1454 corde
1154 1409 1355 1455 exeunt
1380 1401 1738 1472 c0gitationes

168 1486 323 1539 malae.
366 1485 436 1540 Et
502 1486 645 1542 sicut
704 1485 959 1544 Salomon
1015 1504 1116 1545 nos
1171 1491 1458 1557 admouet,
1497 1492 1729 1548 dicens:

173 1598 189 1629 ι
214 1578 361 1633 Omni
390 1581 644 1637 custodia
672 1596 829 1637 serva
877 1597 976 1637 cor
1014 1589 1186 1649 tuum,
1225 1583 1480 1652 quoniam
1516 1599 1584 1640 ex
1620 1584 1739 1655 ipso

168 1671 262 1725 vita
288 1671 534 1740 procedit
557 1670 743 1743 (Prov.
776 1672 872 1745 iv).
910 1693 928 1726 ι
968 1673 1120 1729 Hanc
1143 1675 1479 1745 spiritualem
1506 1676 1740 1731 circum-

168 1763 407 1818 cisionem
458 1765 787 1833 praedicabat
813 1768 1081 1837 propheta
1111 1769 1400 1824 tenendam
1424 1784 1565 1836 esse,
1613 1785 1739 1825 cum

166 1857 400 1913 dicebat:
429 1857 819 1916 Circumcidite
844 1863 1106 1932 praeputia
1136 1864 1386 1920 cordium
1405 1874 1735 1923 vestrorum.
1767 1849 1816 1913 Β

168 1948 226 2003 Ει
250 1951 444 2007 iterum
485 1970 500 2007 :
542 1951 1006 2011 Circumcidimini
1033 1956 1264 2013 Domino
1302 1957 1414 2015 Deo
1449 1970 1648 2028 vestro,
1683 1969 1742 2016 et

169 2040 321 2096 nolite
352 2043 746 2101 circumcidere
786 2061 979 2102 carnes
1007 2049 1259 2119 praeputii
1289 2051 1480 2107 vestri.
1519 2052 1597 2107 De
1638 2053 1741 2108 hac

170 2132 270 2202 ipsa
290 2133 506 2207 Moyses
531 2136 811 2208 legislator
840 2144 917 2195 ait
956 2155 971 2193 :
1003 2140 1060 2196 ln
1091 2141 1404 2198 novissimis
1429 2143 1619 2200 diebus
1638 2145 1744 2200 cir-

167 2224 425 2281 cumcidet
468 2229 754 2284 Deus.‘cor
783 2237 930 2285 tuum
971 2238 1026 2286 et
1067 2247 1162 2287 cor
1207 2234 1432 2289 seminis
1459 2235 1557 2289 tui.
1596 2236 1662 2290 Et
1697 2236 1744 2291 si

169 2313 337 2370 taliter
378 2316 693 2375 circumcisi
741 2319 1024 2387 fuerimus,
1071 2330 1126 2375 et
1171 2322 1262 2377 hic
1312 2325 1745 2383 circumcisionis

169 2406 372 2463 Domini
423 2409 719 2479 participes
768 2410 1012 2477 erimus,
1047 2420 1104 2465 et
1152 2412 1208 2467 in
1256 2412 1440 2468 futuro
1477 2430 1659 2486 regem
1692 2416 1747 2470 in

171 2500 353 2555 decore
376 2515 478 2555 suo
504 2501 697 2557 videre
734 2503 1086 2558 merebimur.
1115 2503 1329 2570 Quanta
1361 2513 1542 2560 autem
1574 2506 1747 2577 gloria

172 2592 508 2660 pmparanda
549 2593 625 2647 sit
666 2593 742 2657 ei,
785 2593 879 2662 qui
915 2594 1273 2664 spiritualiter
1316 2596 1746 2663 circumciditur,

172 2681 324 2738 Isaias
374 2684 641 2754 propheta
673 2685 896 2749 indicat,
930 2687 1021 2755 qui
1075 2702 1200 2741 cum
1245 2688 1474 2742 dixisset
1518 2704 1533 2742 :
1565 2706 1584 2740 ‹
1614 2687 1747 2756 Quis

178 2775 361 2843 poterit
390 2775 644 2830 habitare
672 2790 740 2830 ex
782 2776 935 2831 vobis
960 2792 1083 2833 cum
1123 2778 1246 2849 igne
1284 2779 1603 2845 devorante,
1653 2787 1743 2834 aut

181 2866 282 2936 quis
295 2867 561 2923 habitabit
580 2882 650 2922 ex
664 2867 818 2923 vobis
841 2883 966 2924 cum
994 2869 1282 2926 ardoribus
1305 2870 1697 2940 sempiternis?
1720 2890 1740 2923 ι

178 2956 358 3027 adjecit
399 2960 678 3027 continuo,
709 2961 780 3016 de
803 2961 1072 3031 spirituali
1108 2963 1543 3019 circumcisione.
1595 2980 1615 3014 ι
1643 2961 1745 3030 Qui

177 3050 402 3105 ambulat
438 3052 492 3106 in
517 3048 752 3120 justitia,
791 3060 848 3107 et
896 3051 1137 3123 loquitur
1161 3055 1471 3122 veritatem,
1505 3055 1596 3125 qui
1624 3071 1747 3126 pro-

174 3136 287 3207 jicit
310 3142 592 3198 avaritiam
621 3158 690 3199 ex
717 3141 1013 3209 calumnia,
1046 3152 1102 3199 et
1144 3145 1352 3201 excutit
1378 3162 1574 3203 manus
1620 3162 1748 3202 suas

1835 574 2015 645 templi
2051 590 2109 629 se
2151 575 2441 639 abstinuit,
2471 575 2627 646 juxta
2678 578 2842 632 ritum
2888 575 3023 645 legis
3066 587 3227 627 :-non
3268 572 3414 642 quod

1831 668 1942 723 ullo
1973 669 2133 723 modo
2168 660 2760 740 puriﬁcari‘indigeret,
2809 670 2956 740 quod
3006 666 3204 722 nullius
3242 666 3414 738 origi-

1833 762 1970 818 nalis
2012 764 2218 833 peccati
2272 762 2487 818 vinculo
2537 763 2821 817 tenebatur
2870 763 3149 827 astrictus,
3206 759 3302 816 sed
3356 766 3421 814 ut

1833 857 2164 920 ostenderet,
2189 871 2312 911 cum
2342 863 2545 924 quanto
2572 854 2749 909 studio
2776 862 2833 908 et
2873 854 3230 910 sollicitudine
3247 864 3419 907 evan-

1834 948 1959 1019 gelii
2009 957 2277 1018 praecepta
2321 945 2613 1002 observare
2670 945 2961 1001 debeamus
2990 984 3005 1011 ,
3053 944 3270 1014 quando
3330 940 3420 996 illa

1837 1049 2103 1110 praecepta
2162 1038 2352 1110 legalia
2400 1052 2520 1108 qua:
2578 1052 2677 1108 per
2726 1052 2942 1093 servum
3003 1036 3245 1103 dederat,
3297 1050 3420 1090 cum

1838 1137 1987 1185 tanta
2011 1129 2287 1201 diligentia
2329 1128 2660 1184 observavit.
2701 1126 2989 1183 Decretum
3016 1142 3251 1196 namque
3286 1124 3423 1197 legis

1838 1231 1974 1287 erat,
2006 1231 2064 1277 ut
2102 1238 2238 1293 puer
2264 1237 2456 1278 recens
2501 1231 2662 1277 natus
2701 1231 2893 1278 octava
2936 1221 3023 1276 die
3069 1220 3424 1275 circumcide-

1840 1323 2009 1381 retur,
2033 1322 2086 1369 et
2113 1314 2387 1385 tricesima
2409 1314 2569 1369 tertia
2600 1314 2687 1369 die
2712 1322 2835 1385 post
2864 1315 2979 1368 haec
3001 1327 3106 1366 una
3133 1327 3254 1366 cum
3275 1309 3426 1366 obla-

1841 1406 1989 1462 tione
2031 1421 2128 1461 sua
2164 1406 2218 1460 in
2246 1405 2448 1475 templo
2477 1411 2920 1476 praesentaretur.
2961 1403 3114 1471 Quod
3149 1400 3293 1457 nulla
3325 1415 3423 1456 nc—

1841 1498 2117 1566 cessitate,
2148 1499 2244 1555 sed
2270 1498 2387 1554 sola
2432 1498 2711 1553 voluntate
2740 1498 3000 1553 Dominus
3034 1477 3205 1551 voluit
3236 1495 3424 1549 obser-

1840 1605 1992 1655 vare,
2024 1600 2084 1644 ut
2112 1590 2425 1646 ostenderet
2453 1590 2568 1646 suis
2604 1589 2938 1660 temporibus
2967 1589 3139 1660 legem
3177 1593 3423 1641 sanctam

1840 1680 2011 1736 fuisse
2039 1688 2096 1736 et
2127 1680 2350 1747 bonam,
2380 1688 2436 1735 et
2470 1680 2527 1734 in
2570 1678 2751 1749 seipso
2791 1677 3029 1750 regulam
3069 1684 3271 1732 nostra:
3298 1673 3425 1728 reli-

1844 1774 2021 1846 gionis
2052 1775 2306 1847 dignatus
2329 1781 2414 1829 est
2450 1774 2846 1829 demonstrare.
2889 1772 2948 1827 lu
2992 1787 3059 1827 eo
3085 1770 3228 1842 quod
3275 1768 3428 1841 prius

1846 1865 2107 1937 templum
2147 1864 2320 1922 noluit
2358 1865 2601 1936 ingredi,
2648 1881 2812 1935 quam
2860 1862 3338 1920 circumcideretur
3378 1866 3434 1915 et
3518 1894 3520 1896 τ

1844 1958 2251 2030 puriﬁcaretur,
2296 1957 2555 2022 ostendit,
2583 1957 2708 2028 quia
2735 1955 3036 2012 Ecclesiam
3079 1955 3283 2010 intrare
3318 1967 3427 2007 non

1844 2063 2153 2120 possumus,
2175 2062 2277 2104 nec
2307 2048 2552 2120 corporis
2580 2057 2638 2102 et
2672 2047 2953 2119 sanguinis
2987 2045 3105 2115 ejus
3137 2043 3433 2115 participes

1845 2153 1987 2207 esse,
2040 2139 2146 2195 nisi
2195 2140 2348 2211 prius
2388 2139 2457 2195 ab
2493 2138 2773 2210 originalis
2818 2138 3037 2209 peccati
3089 2135 3433 2192 immunditia

1845 2247 1947 2304 per
1973 2231 2305 2302 baptismum
2344 2231 2514 2287 simus
2554 2229 2859 2300 puriﬁcati,
2908 2229 3066 2300 juxta
3113 2226 3244 2281 illud
3291 2223 3437 2295 quod

1848 2323 1967 2394 ipse
1987 2324 2160 2379 dicit':
2189 2342 2207 2375 ‹
2244 2322 2358 2379 Nisi
2378 2323 2502 2392 quis
2522 2330 2745 2387 renatus
2774 2320 2940 2377 fuerit
2964 2336 3031 2376 ex
3059 2335 3199 2390 aqua
3222 2325 3278 2373 et
3315 2316 3439 2388 Spi—

1850 2414 1958 2469 ritu
1978 2421 2190 2480 sancto,
2211 2428 2319 2468 non
2345 2420 2520 2482 potest
2552 2412 2758 2467 intrare
2784 2411 2840 2466 in
2864 2424 3092 2480 regnum
3124 2407 3220 2462 Dei
3250 2405 3436 2478 (Joan.

1853 2505 1985 2576 rx)»
2015 2504 2207 2560 Adhuc
2228 2501 2385 2573 juxta
2414 2502 2768 2559 sacratiorem
2797 2498 3242 2571 intelligentiam,
3273 2496 3329 2551 in
3374 2510 3441 2550 eo

1850 2597 1997 2668 quod
2027 2596 2180 2666 prius
2210 2594 2470 2664 templum
2493 2592 2702 2664 ingredi
2736 2590 2927 2656 noluit,
2960 2604 3124 2658 quam
3146 2585 3435 2641 circumci-

1851 2688 2108 2753 deretur,
2140 2694 2197 2742 et
2239 2685 2357 2740 dies
2393 2681 2787 2753 puriﬁcationis
2822 2678 3108 2750 impleret,
3166 2673 3426 2738 ostendit,

1850 2778 1977 2848 quia
2022 2776 2079 2833 in
2116 2774 2316 2846 templo
2358 2782 2577 2830 aeternae
2625 2769 3016 2837 beatitudinis,
3063 2768 3208 2838 quod
3248 2773 3334 2822 est
3380 2765 3440 2821 in

1852 2870 2009 2937 cwlo,
2034 2883 2378 2940 nequaquam
2412 2866 2754 2931 intrabimus,
2804 2863 2908 2919 nisi
2939 2863 2993 2918 in
3035 2859 3291 2934 praesenti
3328 2858 3440 2912 vita

1850 2975 1949 3034 per
1977 2960 2356 3031 paenitentiam
2383 2966 2440 3013 et
2462 2958 2602 3016 bona
2635 2970 2800 3028 opera
2831 2952 3097 3009 fuerimus
3140 2947 3434 3021 puriﬁcati,

1852 3062 1993 3111 teste
2011 3052 2283 3124 Propheta
2334 3068 2348 3104 :
2385 3068 2404 3102 ‹
2430 3047 2547 3105 Non
2590 3042 3027 3113 habitabitjuxta
3076 3039 3439 3110 temalignus,

1855 3159 2030 3214 neque
2047 3142 2444 3214 permanebunt
2458 3138 2644 3210 injusti
2658 3147 2784 3194 ante
2796 3135 2979 3193 oculos
2996 3144 3118 3190 tuos
3134 3131 3307 3205 (Ρωι.
3326 3131 3402 3203 v).
3416 3150 3437 3184 ι

176 3229 242 3283 ab
286 3231 432 3286 omni
466 3248 707 3299 munere,
753 3234 846 3304 qui
898 3234 1128 3289 obdurat
1173 3250 1336 3293 aures
1374 3252 1501 3294 suas
1544 3252 1615 3293 ne
1654 3252 1751 3292 au-
1776 3208 1823 3275 ο
1853 3237 1923 3292 Ει
1957 3208 2099 3292 sicut
2124 3249 2223 3306 per
2247 3233 2480 3288 Paulum
2515 3208 2720 3287 dicitur
2745 3245 2761 3284 :
2790 3248 2809 3281 ‹
2837 3228 2978 3284 Caro
3007 3234 3063 3282 et
3087 3225 3307 3297 sanguis
3347 3237 3437 3279 re-

177 3318 676 3393 diantsanguinem,
702 3334 757 3379 et
794 3324 995 3380 claudit
1025 3324 1211 3382 oculos
1249 3341 1378 3382 suos
1416 3340 1487 3381 ne
1530 3326 1751 3382 videant

181 3411 400 3479 malum,
435 3414 535 3470 iste
566 3416 623 3471 iu
638 3418 865 3475 excelsis
902 3419 1192 3486 habitabit,
1228 3419 1561 3475 munimenta
1590 3434 1752 3475 saxo—
1797 3451 1805 3459 -

181 3516 298 3557 rum
331 3505 629 3564 sublimitas
656 3507 801 3578 ejus;
831 3510 986 3581 panis
1015 3511 1066 3566 ei
1096 3511 1256 3567 datus
1294 3519 1407 3577 est,
1445 3526 1600 3582 aquae
1634 3509 1752 3579 ejus

180 3592 358 3651 ﬁdeles
392 3607 553 3666 sunt,
593 3615 772 3672 regem
818 3603 874 3657 in
922 3603 1118 3659 decore
1166 3618 1266 3660 suo
1310 3603 1571 3659 videbunt
1608 3603 1752 3659 oculi

181 3684 287 3753 ejus
317 3687 451 3760 (Ira.
481 3694 703 3765 χχχιιι).
738 3714 758 3747 ι
787 3693 989 3751 Verum
1025 3696 1476 3753 considerandum
1519 3708 1604 3754 est
1633 3697 1753 3753 dili-

108 3783 115 3789 '
185 3780 491 3849 gentius,ue
520 3781 662 3840 forte
703 3786 1043 3856 spiritualem
1067 3788 1560 3855 circumcisionem,
1601 3788 1750 3843 inani

192 3868 336 3937 gloria
411 3876 772 3947 surripiente,
841 3888 1064 3949 propter
1128 3882 1426 3951 appetitum
1502 3882 1752 3939 humanae

194 3955 342 4017 laudis
367 3978 671 4035 servemus,
697 3969 843 4039 quod
865 3986 965 4040 pro
1001 3970 1170 4026 solius
1198 3971 1365 4026 divini
1394 3972 1596 4028 amoris
1630 3988 1753 4045 gra-

192 4050 275 4107 tias
299 4069 457 4126 agere
494 4058 774 4116 debemus.
810 4061 926 4131 Ipse
961 4063 1105 4118 enim
1157 4078 1217 4119 se
1251 4078 1440 4119 amore
1464 4064 1753 4120 circumci-

189 4142 335 4202 sionis
359 4150 569 4219 privat,
605 4153 698 4224 qui
740 4154 1078 4224 spiritualem
1121 4156 1594 4213 circumcisionem
1640 4173 1750 4214 non

188 4246 385 4306 pmpter
430 4256 681 4298 amorem
729 4245 845 4310 Dei,
877 4248 971 4317 sed
1005 4257 1226 4318 propter
1266 4249 1485 4305 inanem
1525 4249 1753 4320 gloriam

187 4340 366 4397 servat,
414 4334 472 4388 in
511 4338 761 4409 exemplo
800 4338 1247 4408 Sichimitarum,
1292 4343 1385 4413 qui
1434 4343 1752 4414 religionem

186 4420 599 4483 circumcisionis
621 4444 728 4484 non
751 4440 973 4500 propter
1000 4448 1241 4488 amorem
1270 4433 1388 4497 Dei,
1413 4434 1508 4489 sed
1529 4444 1755 4506 propter

187 4511 348 4568 carnis
370 4530 482 4572 sua:
507 4517 777 4574 desideria
813 4520 1078 4591 explenda
1106 4531 1459 4592 susceperunt
1494 4540 1508 4577 :
1549 4532 1605 4579 et
1634 4523 1754 4578 ideo

185 4614 281 4657 non
318 4606 493 4664 solum
529 4612 780 4668 mercede
822 4613 1021 4683 privati
1062 4622 1212 4679 sunt,
1259 4615 1354 4679 sed
1390 4614 1553 4670 etiam
1596 4616 1755 4671 tertia

186 4689 263 4747 die
280 4702 493 4764 quando
524 4702 880 4773 gravissimus
905 4704 1060 4759 dolor
1083 4703 1371 4760 vulnerum
1410 4706 1610 4772 inerat,
1656 4705 1760 4777 ipsi

188 4803 279 4845 una
305 4806 425 4850 cum
449 4796 612 4851 ruina
638 4813 749 4852 suae
773 4798 1010 4855 civitatis
1037 4799 1339 4869 perierunt.
1372 4819 1391 4852 ι
1418 4800 1647 4872 Dignum
1678 4806 1762 4856 est

185 4881 336 4949 enim,
366 4894 425 4940 ut
446 4886 540 4955 qui
571 4886 627 4940 in
666 4889 924 4958 praesenti
952 4889 1063 4943 vita
1090 4888 1448 4958 spiritualiter
1474 4890 1761 4945 circumci~

187 4972 389 5042 duntur,
418 4978 475 5032 in
499 4977 781 5035 meliorem
806 4981 1301 5045 circumcisionem,
1327 4981 1380 5035 id
1407 4989 1513 5046 est,
1537 4980 1761 5037 immor-

186 5063 332 5120 talem
361 5084 482 5139 quae
517 5072 721 5127 sanctis
750 5074 1076 5142 repromissa
1117 5082 1235 5138 est,
1268 5088 1483 5144 semper
1512 5073 1758 5128 animum

185 5160 410 5214 teneant.
446 5160 604 5219 Unde
627 5162 765 5218 bene
791 5165 856 5219 de
878 5164 1131 5234 Domino,
1168 5165 1261 5237 qui
1288 5175 1484 5220 octava
1522 5162 1609 5220 die
1653 5164 1760 5221 cir-

172 5248 442 5324 cumcisus
473 5268 579 5324 est,
604 5260 779 5315 adhuc
808 5262 1093 5317 subditur:

173 5320 183 5432 ί
253 5361 274 5397 t
301 5346 364 5403 Et
393 5320 681 5422 postquam
713 5353 919 5425 impleti
955 5362 1083 5410 sunt
1118 5354 1236 5411 dies
1271 5356 1611 5428 purgationis
1640 5355 1757 5425 ejus

173 5442 211 5507 Tt
253 5444 546 5499 secundum
592 5444 767 5516 legem
809 5445 1009 5517 Moysi,
1047 5446 1284 5504 tulerunt
1326 5448 1476 5504 illum
1506 5448 1560 5503 in
1604 5447 1762 5504 Jeru-

191 5546 210 5581 ι
249 5533 435 5602 salem,
462 5544 527 5591 ut
549 5539 809 5595 sisterent
830 5554 957 5595 eum
996 5539 1248 5605 Domino,
1286 5560 1305 5592 ι
1335 5539 1389 5595 id
1420 5550 1524 5605 est,
1550 5541 1760 5596 sancti-

188 5621 422 5685 ﬁcarent.
476 5630 737 5687 Dominus
781 5632 939 5689 Iesus
999 5631 1247 5687 Christus
1294 5633 1386 5703 qui
1442 5648 1550 5687 non
1615 5634 1807 5691 venit'

173 5714 348 5792 legem
369 5725 606 5793 solvere,
634 5728 729 5782 sed
770 5727 1065 5798 adimplere
1091 5725 1309 5800 (Matth.
1341 5726 1418 5797 v),
1450 5744 1559 5783 non
1584 5728 1762 5785 solum

176 5812 532 5888 (circumcisus
557 5827 644 5877 est
662 5829 853 5877 octava
882 5820 990 5891 die,
1016 5833 1275 5894 cumdnon
1303 5817 1571 5891 indigeret
1614 5838 1627 5876 :
1662 5820 1761 5879 sed

1782 4574 1836 4638 D

1854 3344 2019 3400 gnum
2047 3327 2145 3382 Dei
2181 3341 2289 3381 non
2326 3323 2697 3395 possidebunt.
2724 3321 2910 3390 Neque
2948 3319 3226 3388 corruptio
3268 3318 3446 3373 incor-

1854 3418 2126 3489 ruptelam
2153 3415 2470 3487 possidebit.
2506 3434 2525 3467 ι
2553 3414 2689 3482 Quia
2706 3415 2847 3470 sicut
2867 3412 3000 3468 dicit
3020 3410 3354 3482 Augustinus
3377 3410 3447 3465 de

1854 3524 2027 3583 agone
2052 3509 2395 3566 Christiano:
2414 3506 2649 3564 leeste
2673 3521 2870 3577 corpus
2891 3507 3015 3570 erit,
3039 3503 3130 3558 ubi
3153 3501 3299 3557 nulla
3321 3516 3443 3556 cor-

1855 3604 2062 3674 ruptio.
2093 3599 2191 3657 Vel
2219 3616 2348 3657 caro
2375 3608 2431 3656 et
2455 3600 2696 3669 sanguis,
2724 3613 2889 3668 opera
2921 3595 3106 3653 carnis
3143 3603 3198 3652 et
3225 3593 3447 3665 sangui-

1854 3695 1942 3750 nis
1962 3692 2356 3765 intelliguntur,
2384 3702 2439 3748 et
2458 3707 2554 3748 eos
2576 3691 2671 3746 Dei
2694 3705 2916 3762 regnum
2943 3706 3049 3746 non
3071 3702 3442 3759 possessuros,

1854 3786 1946 3858 qui
1969 3764 2441 3858 perseverabiliter
2458 3784 2561 3840 ista
2582 3781 2890 3839 dilexerint.
2908 3780 3064 3849 Quod
3085 3780 3140 3834 in
3155 3778 3325 3849 ipsius
3338 3764 3446 3834 ma-

1856 3877 2061 3934 terialis
2084 3876 2267 3947 templi
2289 3883 2690 3932 constructione
2711 3872 3115 3945 praefiguratum
3143 3880 3245 3937 est,
3274 3887 3449 3943 quan-

1856 3971 1925 4026 do
1957 3969 2193 4040 lapides,
2221 3983 2287 4024 ex
2317 3968 2514 4039 quibus
2544 3968 2737 4023 domus
2768 3966 2860 4022 Dei
2884 3966 3147 4022 aediﬁcata
3172 3974 3285 4032 est,
3317 3965 3447 4021 alibi

1855 4059 2008 4126 caesi,
2032 4067 2089 4115 et
2107 4059 2237 4115 alibi
2266 4059 2555 4130 deportati,
2575 4058 2631 4113 in
2650 4056 3008 4114 aediﬁcatione
3034 4057 3237 4114 inventi
3265 4056 3447 4129 legun-

1858 4163 1966 4218 tur,
1999 4151 2071 4207 ita
2104 4161 2162 4207 ut
2189 4153 2450 4223 scriptum
2470 4159 2584 4206 est:
2624 4167 2643 4202 ι
2677 4149 2795 4205 Νοιι
2823 4158 2908 4205 est
2931 4165 3035 4206 vox
3062 4148 3242 4205 mallei
3263 4148 3446 4205 audita

1858 4260 2031 4315 neque
2080 4242 2286 4299 securis
2335 4242 2390 4298 in
2438 4243 2598 4298 domo
2644 4242 2879 4307 Domini,
2927 4258 3049 4298 cum
3090 4241 3451 4297 aediﬁcaretur

1858 4337 1976 4408 (III
2009 4336 2138 4407 Reg.
2180 4334 2278 4408 vi).
2326 4355 2346 4388 ι
2405 4336 2560 4391 Sicut
2605 4336 2751 4391 enim
2793 4336 3116 4401 Jerusalem,
3158 4352 3278 4406 qua:
3322 4337 3457 4405 cisio

1855 4430 2000 4501 pacis
2031 4428 2440 4500 interpretatur,
2471 4428 2749 4484 ccelestem
2775 4427 3048 4499 signiﬁcat
3071 4427 3333 4498 patriam,
3369 4425 3449 4480 sic

1860 4524 2052 4590 domus
2080 4522 2174 4579 Dei
2199 4533 2459 4579 aeternam
2490 4521 2758 4593 signiﬁcat
2778 4538 2900 4578 cum
2922 4522 3034 4576 Deo
3059 4518 3450 4575 habitationem

1859 4624 2191 4682 sanctorum,
2218 4632 2338 4687 quae
2361 4615 2661 4671 aediﬁcatur
2686 4632 2755 4671 ex
2776 4614 3045 4684 lapidibus
3069 4611 3205 4665 vivis
3232 4618 3289 4665 et
3328 4624 3453 4680 pre-

1857 4707 2039 4773 tiosis,
2086 4706 2141 4761 id
2180 4715 2263 4763 est
2302 4707 2585 4762 animabus
2620 4712 2952 4760 sanctorum.
3001 4700 3074 4757 De
3113 4699 3312 4771 quibus
3353 4713 3452 4770 per

1854 4806 2049 4863 Isaiam
2077 4806 2396 4876 prophetam
2426 4803 2663 4858 dicitur:
2698 4818 2717 4852 ι
2744 4798 2975 4870 Lapides
3012 4797 3120 4852 vivi
3168 4796 3452 4852 volventur

1856 4913 2021 4968 super
2051 4905 2271 4952 terram.
2309 4915 2328 4949 ι
2362 4895 2433 4951 Ει
2455 4894 2691 4948 iterum:
2736 4911 2755 4944 ‹
2788 4890 2931 4946 Ecce
2954 4904 3056 4961 ego
3084 4898 3322 4944 sternam
3354 4903 3452 4957 per

1859 4991 2103 5048 ordinem
2149 4987 2353 5060 lapides
2403 4996 2565 5052 tuos,
2605 4993 2662 5039 et
2710 4983 2948 5039 fundabo
2998 4983 3132 5037 tein
3162 4980 3450 5052 sapphyris

1864 5082 1999 5156 (Isa.
2040 5080 2168 5155 LIV).
2211 5100 2230 5132 ι
2265 5080 2342 5135 De
2381 5078 2577 5134 talibus
2600 5076 2795 5133 Petrus
2819 5073 3094 5146 apostolus
3118 5072 3284 5129 dicit:
3323 5091 3342 5124 ι
3384 5072 3450 5126 Et

1862 5191 1959 5231 vos
2016 5183 2272 5245 tanquam
2296 5171 2511 5242 lapides
2555 5169 2663 5225 vivi
2710 5166 3214 5241 supermditicamini
3259 5166 3452 5222 domus

1862 5268 2161 5340 spiritualis
2190 5265 2243 5340 (Ι
2278 5266 2423 5321 Patr.
2454 5264 2541 5339 ιι).
2569 5283 2588 5317 ι
2619 5263 2847 5336 Lapides
2870 5278 3001 5335 ergo
3028 5278 3094 5319 ex
3122 5260 3320 5332 quibus
3348 5259 3448 5314 do-

1865 5375 1987 5414 mus
2012 5358 2108 5415 Dei
2149 5357 2470 5423 aediﬁcatur,
2510 5355 2638 5412 alibi
2661 5354 2972 5420 caeduntur,
2999 5360 3054 5408 et
3079 5351 3205 5408 alibi
3238 5351 3294 5406 in
3320 5350 3449 5406 tedi-

1868 5451 1992 5523 ﬁpio
2029 5460 2302 5523 ponuntur
2339 5450 2505 5521 :quia
2536 5450 2730 5505 anima:
2758 5455 3069 5504 sanctorum
3107 5446 3160 5500 in
3197 5442 3449 5515 praesenti

1866 5545 1975 5599 vita
2002 5559 2099 5613 per
2123 5543 2502 5614 pmnitentiam
2529 5551 2585 5599 et
2606 5543 2998 5613 eleemosynas,
3027 5546 3083 5594 et
3107 5537 3286 5593 cordis
3306 5548 3451 5590 com-

1865 5637 2233 5710 punctionem,
2274 5644 2438 5706 atque
2466 5635 2835 5708 proximorum
2876 5630 3324 5702 cornpassionem,
3356 5640 3453 5696 pu-
3488 5689 3501 5701 .

1867 5730 2150 5786 rilicantur
2177 5736 2233 5784 et
2258 5728 2656 5799 quodammodo
2685 5726 3119 5782 tribulationibus
3145 5719 3449 5791 poliuntur,

1867 5830 1938 5899 ut
1946 5822 2013 5899 in
2060 5822 2259 5899 templo
2283 5831 2504 5885 aeternae
2548 5818 2899 5883 beatitudinis
2939 5816 3051 5884 apti
3083 5813 3448 5883 inveniantur.

1716 5876 1755 5901 .“.
1780 5876 1951 5901 335.11..
