2019 3176
294 172 329 201 99
609 168 786 198 HAY‘IONIS
803 169 1045 200 “\LBEBSTAT.
1068 167 1175 198 EPISC.
1196 168 1270 198 OPP.
1291 170 1382 199 PARS
1399 171 1431 200 ιι.
1451 186 1486 193 —-
1503 169 1619 200 HOMIL.

1893 174 1948 202 100

296 232 323 261 lu
338 230 416 266 cujus
431 229 526 257 domus
540 228 720 256 aedificatione
733 234 825 263 aptum
840 237 870 257 se
886 230 999 257 inveniri
1013 233 1091 263 opta-
1108 230 1130 258 Α
1148 240 1156 252 ι
1181 227 1238 254 Non
1264 229 1340 256 dabis
1367 234 1489 257 sanctum
1514 236 1589 257 tuum
1619 230 1711 258 videre
1733 230 1946 266 corruptionem

296 278 342 306 bat
357 276 534 312 spiritualiter
550 275 626 309 lapis,
648 276 693 309 qui
717 276 841 303 dicebat:
861 285 870 300 ι
888 275 972 302 Unam
997 275 1058 309 petii
1075 282 1089 301 a

296 323 421 355 Dontino,
438 323 508 349 hanc
523 322 667 356 requirant.
690 327 719 349 ιιι
733 321 880 349 inhabilem
895 322 920 348 in
937 322 1015 348 domo
1039 322 1090 348 Do-

296 370 362 397 mini
382 368 507 396 ontnibus
521 368 616 395 dielms
632 368 695 395 vitae
708 376 774 395 ntezc
786 377 792 394 :
806 373 835 395 ut
846 369 951 395 videatn
966 368 1090 403 volupta-

295 421 348 444 tem
369 414 486 444 Domini.
501 419 528 440 et
542 414 645 441 visitem
664 414 789 448 templum
804 414 862 449 ejus
877 413 962 450 (Paul.
977 414 1059 448 xxvr).
1077 424 1087 441 ι

294 460 375 493 Cujus
389 459 617 494 pulchritudinem
630 460 700 487 idem
712 459 856 487 Psalntista
869 460 1018 491 adntirans,
1031 460 1068 487 ait
1081 468 1089 487 :

298 516 308 532 α
323 507 408 540 Quam
421 506 522 539 dilecta
532 507 704 534 tabernacula
716 512 769 538 tua.
780 507 907 538 Domine;
921 507 1090 541 concupiscit

292 558 320 580 et
332 552 422 580 deﬁcit
432 553 522 579 anima
537 561 593 580 utea
607 553 632 580 itt
644 553 713 580 atria
726 553 841 580 Domini.
858 563 866 578 I
882 553 981 581 Verum
994 553 1015 582 si
1028 553 1089 580 dili-

292 600 399 635 gentius
409 601 491 627 verba
507 600 573 635 legis
584 606 746 632 scrutemur,
761 601 927 628 inveniemus
939 609 991 628 nott
1003 601 1089 628 solum

291 646 435 673 Dominuut
451 645 543 673 Jesunt
559 646 695 673 Christum
711 655 725 673 a
738 645 803 681 jugo
817 647 884 682 legis
899 647 1027 678 solutum,
1042 647 1090 674 sed

294 693 378 719 etiam
394 698 516 719 sant-tam
532 692 590 726 ejus
601 693 698 728 genitri
716 701 758 720 ent
774 701 788 720 a
801 693 908 720 vinculo
930 693 1023 727 legalis
1042 693 1091 720 ob-

292 739 436 766 servantiae
456 746 516 766 esse
542 739 664 766 liberam.
693 740 739 767 Sic
759 739 831 766 enim
854 739 952 775 legitur
977 739 1095 768 Levitici.

292 785 452 813 duodeciuto
465 785 499 812 de
519 784 690 812 immunditia
705 785 825 813 mulieris
841 794 991 820 puerperae,
1009 794 1088 812 mutt-

292 831 402 858 datione
415 836 443 858 et
464 831 601 859 oblatione
623 831 691 865 ejus.
717 832 889 867 Locutusque
902 838 943 860 est
958 833 1090 860 Dominus

292 877 325 904 ad
341 876 448 912 Moysen
472 877 565 904 dicens
581 886 587 904 :
610 887 619 903 ι
636 877 761 912 Loquere
777 878 838 905 [iliis
859 878 951 910 lsrael,
973 884 1000 905 et
1016 879 1090 905 dices

291 924 325 950 ad
344 931 391 951 eos
404 932 412 951 :
427 924 522 951 Mulier
541 924 562 951 si
578 930 702 958 suscepto
721 925 824 952 semine
839 926 942 960 peperit
963 933 1087 960 puerum,
1103 912 1128 944 Β

292 970 429 998 immunda
442 971 494 998 erit
507 977 609 1006 septem
623 972 717 999 diebn~
728 992 735 1004 ,
745 971 822 1005 juxta
837 972 894 999 dies
910 972 1090 1007 separationis

291 1021 452 1048 menstruae,
471 1022 497 1044 et
513 1021 608 1044 ortava
630 1018 673 1044 die
693 1018 899 1045 circumtidctur
923 1018 1089 1051 infantulus;

291 1062 349 1097 ipsa
365 1071 429 1090 vero
443 1063 554 1098 triginta
571 1063 657 1091 tribus
669 1064 764 1091 diebus
779 1065 899 1091 manebit
911 1065 938 1091 in
950 1065 1092 1099 sanguinis

290 1107 487 1143 puriﬁcatione.
503 1108 589 1136 Omne
604 1114 728 1136 sanctum
749 1117 800 1137 non
818 1114 919 1142 tanget,
935 1117 985 1138 nec
1001 1110 1090 1144 ingre-

289 1155 378 1182 dietur
399 1155 424 1182 in
439 1156 624 1183 sanctuariqu
640 1156 735 1191 (Levii.
751 1157 811 1191 xu).
828 1167 836 1182 ι
852 1156 901 1184 Ubi
917 1158 1091 1184 consideran-

289 1201 351 1228 dum
367 1205 408 1228 est
429 1202 491 1236 quia
509 1209 561 1229 non
577 1202 631 1233 ait.
645 1203 734 1229 omnis
759 1203 855 1231 mulier
879 1211 939 1238 quae
956 1204 1091 1238 pepererit

288 1254 409 1283 puerum.
435 1248 572 1275 immnmla
598 1249 660 1280 erit,
684 1249 731 1275 sed
754 1256 814 1283 qua:
836 1255 964 1284 suscepto
986 1250 1090 1277 semine

289 1294 435 1328 pepererit,
446 1294 479 1320 ad
493 1294 696 1322 distinctionem
709 1295 780 1322 illius
795 1303 855 1329 qua:
871 1303 923 1322 non
938 1303 970 1322 ex
987 1296 1090 1323 semine

289 1339 357 1371 viri,
372 1340 419 1366 sed
438 1347 471 1367 ex
491 1340 697 1376 obumbratione
718 1341 838 1375 Spiritus
860 1342 947 1369 sancti
964 1342 1090 1376 concepit

289 1389 317 1413 et
330 1386 436 1421 peperit
454 1386 551 1413 Filium
567 1386 624 1413 Dei.
641 1386 685 1413 Illa
701 1387 772 1413 enim
787 1387 843 1414 sola
860 1388 932 1414 nulla
946 1388 1090 1414 immundi-

288 1431 326 1458 tia
350 1432 490 1459 tenebatur
503 1432 619 1459 obnoxia
635 1437 694 1467 post
708 1437 826 1467 partum,
847 1441 928 1468 quatit
945 1433 1017 1460 nulla
1035 1434 1088 1460 im-

291 1479 423 1506 munditia
448 1479 587 1513 przeeessit
601 1483 664 1506 ante
687 1485 804 1514 partutn.
826 1480 858 1507 Et
881 1480 941 1507 ideo
953 1480 1022 1507 sicut
1038 1480 1090 1507 lto-

288 1525 379 1552 minus
402 1524 481 1553 Jesus
507 1524 631 1553 Christus
658 1525 730 1553 nulla
759 1526 938 1558 necessitate,
962 1527 1008 1553 sed
1031 1527 1087 1554 sola

288 1572 427 1599 voluntate
438 1571 523 1607 legem
537 1572 703 1605 observavit,
721 1572 759 1599 sic
775 1571 833 1606 ejus
847 1577 941 1599 sancta
957 1572 1084 1606 geniti-ix,

289 1625 341 1646 nun
356 1624 460 1651 coacta,
478 1620 524 1646 sed
540 1624 689 1654 spontanea
701 1618 766 1654 jugo
782 1619 849 1655 legis
863 1627 891 1646 se
906 1619 1042 1649 subdidit.
1059 1624 1088 1646 nt

287 1667 442 1693 ostenderet
455 1666 512 1693 suis
531 1665 698 1700 temporibus
711 1665 795 1700 legem
812 1669 934 1692 sanctam
948 1669 975 1692 el
988 1665 1086 1692 bonam

288 1710 379 1738 fuisse.
396 1711 472 1745 Quod
490 1719 555 1739 vero
571 1711 727 1747 subiungit:

325 1766 335 1783 α
356 1757 432 1785 Sicut
454 1759 584 1793 scriptum
608 1759 690 1785 estin
707 1757 766 1793 lege
785 1758 903 1789 Domini,
925 1758 987 1792 quia
1007 1763 1088 1785 omne

290 1811 299 1829 ι
323 1804 503 1832 masculinum
520 1805 681 1839 adapericns
698 1805 817 1835 vulvam,
833 1809 956 1831 sanctum
974 1804 1088 1830 Domino

290 1857 299 1873 ι
323 1849 476 1879 vocabitur,
493 1857 501 1873 ι
515 1848 658 1875 Consuette
671 1849 837 1876 narrationis
847 1849 968 1875 ordinem
980 1853 1088 1877 secutus

286 1899 328 1921 est
351 1894 524 1929 evangelista.
550 1894 586 1921 Ex
603 1898 635 1922 eo
653 1895 725 1922 enim
740 1901 860 1930 tempore
876 1903 928 1929 quo
946 1895 1085 1928 Dominus,

290 1940 470 1975 primogenita
487 1940 678 1976 [Egyptian-unt
696 1943 860 1977 percutiens.
877 1942 944 1969 filios
960 1941 1040 1969 Israel
1056 1943 1088 1969 de

287 1986 414 2021 .Egyptia
439 1988 569 2014 servitute
591 1987 751 2014 ntirabiliter
773 1988 906 2020 liberavit,
928 1988 1018 2015 omnia
1034 1988 1088 2023 pri-

286 2034 421 2067 mugeuita
437 2039 530 2060 eorum
544 2034 594 2061 sibi
609 2034 699 2061 offerri
716 2036 852 2069 prter-epit,
871 2042 925 2062 tam
941 2043 973 2063 ex
998 2036 1085 2063 homi-

285 2079 366 2107 nibus
390 2081 670 2115 quantexjumentis,
697 2089 749 2108 non
777 2082 865 2109 solum
893 2082 1010 2113 muudis.
1038 2082 1086 2110 sed

286 2126 370 2154 etiam
395 2126 544 2154 immundis
560 2137 566 2154 :
584 2128 620 2154 ita
640 2129 782 2161 duntaxat,
805 2133 833 2155 ιιι
853 2130 951 2156 nntmla
973 2137 1086 2165 qumque

285 2172 401 2200 Domino
414 2172 587 2206 offerrentur,
604 2174 741 2202 immunda
757 2182 822 2202 vero
839 2181 882 2202 attt
899 2181 1087 2204 mutuarentur

286 2220 404 2250 mundis.
430 2224 474 2247 aut
490 2220 688 2248 occiderentur.
714 2220 790 2248 Unde
812 2222 837 2249 itt
860 2221 916 2257 lege
931 2223 1086 2257 pra-cipitur

286 2264 454 2300 (Exod.xrn)
466 2274 472 2292 :
483 2275 492 2291 ί
502 2265 714 2300 Primogeuitum
727 2267 793 2293 asini
807 2268 924 2295 mutabis
939 2275 998 2299 ove,
1012 2279 1019 2292 I
1035 2270 1084 2295 ho-

286 2312 366 2338 minis
380 2318 444 2339 νυ·ιο
459 2313 668 2348 primogenitum
691 2315 778 2349 pretio
793 2315 984 2341 redimebatur.
1005 2315 1087 2348 Cujus

287 2356 435 2392 redemptio
461 2365 520 2385 erat
545 2364 603 2394 post
631 2367 712 2386 unum
737 2368 856 2387 mensem
873 2361 992 2395 quinque
1014 2361 1087 2388 sirlis

288 2404 405 2436 argenti.
427 2404 472 2432 Sic
490 2406 561 2433 enim
576 2407 611 2433 ait
628 2405 757 2434 Dominus
774 2407 856 2443 Moysi
872 2416 878 2434 '_
893 2406 1011 2442 Pra-cipe
1026 2407 1087 2435 filiis

286 2448 385 2478 Israel.
402 2454 431 2476 ιιι
445 2451 537 2477 omnia
554 2452 723 2479 sanctilicunt
739 2453 804 2479 ntihi
819 2453 997 2487 primogenita
1017 2461 1085 2480 sua:

286 2502 343 2521 mea
360 2495 432 2522 enim
446 2499 508 2522 sunt
522 2497 699 2533 primogenita
716 2506 818 2528 eorum.
836 2506 884 2532 pro
899 2499 1086 2533 primogenitis

285 2540 483 2576 Egyptiorum.
512 2542 566 2571 Sed
582 2545 703 2580 nunquid
727 2545 771 2572 illa
796 2546 975 2580 primogenita
994 2546 1084 2574 omnia

286 2591 380 2614 sancta
394 2587 524 2617 fuerunt?
537 2589 664 2626 Nunquid
680 2591 774 2618 Achab
790 2595 909 2623 sanctus,
925 2595 951 2618 et
971 2591 1006 2619 illi
1024 2599 1085 2619 san-

286 2635 321 2676 cti
345 2635 463 2668 fuerunt,
485 2638 530 2673 qui
553 2637 615 2665 eum
641 2646 673 2665 ex
696 2638 884 2673 primogenitis
905 2639 960 2665 nati
981 2644 1082 2672 essent,

285 2681 391 2717 perdite
411 2681 641 2711 vixeruhHNon.
662 2682 715 2711 Sed
734 2684 824 2711 otunia
844 2684 887 2711 illa
903 2692 919 2719 p
937 2685 1082 2721 imogenita

286 2728 398 2764 figuram
418 2730 660 2764 printoaeuitornm
682 2729 773 2757 Sancti
794 2737 966 2764 sanctorum,
983 2732 1008 2759 id
1030 2736 1082 2764 est,

286 2774 390 2801 Domini
404 2776 487 2803 nostri
499 2775 562 2802 Jesu
576 2775 676 2803 Christi
700 2777 908 2812 tcnuernnt,qni
932 2777 1086 2812 unigenitus

285 2828 317 2847 cx
336 2821 423 2853 i'atre.
445 2821 639 2856 prinmgenitus
652 2827 731 2849 estex
743 2828 847 2850 matre:
863 2824 907 2858 qui
920 2824 1086 2851 mcritosan-

285 2873 345 2894 rtus
358 2869 466 2900 dicitur,
483 2868 545 2902 quia
562 2874 705 2902 peccatum
722 2878 773 2896 non
796 2869 868 2900 fecit,
887 2878 935 2898 nec
959 2870 1085 2898 inventus

285 2920 326 2942 eat
340 2915 418 2943 dolus
431 2915 458 2941 in
467 2922 516 2942 ore
527 2914 594 2949 eius.
608 2915 646 2944 De
660 2923 712 2952 quo
725 2924 772 2952 per
785 2916 956 2944 Psalmistatn
967 2917 1083 2945 dicitur:

1143 272 1227 308 (Paul.
1246 275 1301 310 xv).
1318 285 1327 301 ι
1343 275 1452 310 Mystice
1466 283 1529 302 vero
1544 276 1569 303 in
1585 276 1636 303 hoc
1648 281 1782 311 pra-cepto
1799 285 1849 304 nos
1863 285 1945 305 cout-

1142 329 1295 352 ttlotlellllll',
1312 326 1342 348 ιιι
1353 322 1443 348 onmia
1465 323 1641 357 primogenita
1658 328 1749 350 nostra
1772 322 1829 350 Deo
1844 323 1947 351 offera-

1142 374 1214 398 mus,
1237 367 1262 393 i.l
1283 372 1336 399 est,
1354 368 1485 403 quidquid
1510 368 1608 395 bonuot
1625 373 1652 395 et
1664 368 1767 402 justum
1790 369 1817 396 in
1841 370 1948 397 nostris

1141 413 1268 448 operibus
1283 413 1445 444 invenimus.
1459 414 1517 449 ejus
1532 415 1636 449 gratim,
1654 422 1705 441 non
1722 414 1822 442 ttostris
1836 415 1946 442 meritis

1144 459 1453 494 reputemus,dicentes:
1466 468 1475 484 ι
1487 459 1543 486 Non
1552 460 1639 491 nobis,
1650 459 1771 491 Domine,
1786 466 1839 486 non
1851 460 1942 491 nobis,

1141 506 1188 533 sed
1203 506 1304 532 ttontini
1332 510 1378 533 tuo
1392 506 1423 532 da
1438 505 1563 541 gloriam.
1583 516 1592 532 t
1610 506 1638 532 Si
1654 509 1744 533 autent
1770 506 1945 533 immundum

1142 552 1242 587 aliquid
1263 553 1393 587 parintus,
1411 552 1436 579 id
1448 557 1500 583 est,
1516 552 1538 580 si
1554 557 1692 587 peceatum
1708 552 1735 579 in
1750 559 1833 587 opere
1848 560 1945 588 perpe-

1143 602 1256 629 tramus,
1272 603 1319 625 aut
1331 599 1488 625 oueidamus
1501 598 1600 625 malum
1615 599 1686 633 quod
1702 598 1815 631 latebat,
1831 603 1861 625 et
1874 599 1946 625 radi-

1142 645 1214 672 citus
1238 644 1396 676 cvcll.nnus,
1419 644 1496 679 juxta
1525 645 1694 679 Apostolum.
1715 653 1726 670 ε
1744 644 1943 672 mortificanles

1142 691 1263 717 membra
1280 695 1370 717 nostra
1390 699 1450 726 qua:
1468 696 1529 718 sum
1543 698 1625 725 super
1640 695 1739 718 terrant
1754 690 1857 725 (Colat.
1871 691 1910 726 v).
1931 701 1940 717 I

1142 736 1174 763 Et
1186 736 1285 763 iterum
1300 746 1307 763 :
1323 746 1331 762 ι
1347 737 1404 764 Non
1421 742 1511 772 regnet
1527 742 1668 772 peccatum
1685 738 1711 764 iIt
1726 738 1820 764 vestro
1834 737 1941 764 mortali

1140 790 1265 817 corpore.
1280 783 1331 809 Αιιι
1343 787 1416 810 certe
1430 788 1584 809 mutuo-ntus
1595 790 1627 810 ea
1643 783 1758 815 Inutzdis,
1773 783 1941 810 declinantes

1143 836 1157 855 a
1176 828 1255 859 malo,
1281 834 1309 856 et
1333 828 1464 856 facientes
1488 829 1587 856 bonuut
1601 837 1608 855 :
1624 833 1653 855 ιιι
1675 828 1746 855 sicut
1767 828 1941 856 exhibuimus

1141 876 1264 902 membra
1286 879 1377 902 nostra
1394 875 1497 902 servire
1514 874 1689 901 ἰιιιιιιιιιιιΙὶιίιε
1710 878 1738 901 et
1754 874 1893 909 iniquitati
1909 874 1941 901 ad

1144 920 1324 954 iniquitatem,
1347 920 1384 947 ita
1406 919 1558 947 serviamus
1574 920 1712 946 munditiae
1736 920 1761 946 in
1786 919 1941 947 sanctifica-

1144 967 1216 993 tione
1228 966 1314 1001 (limit.
1329 966 1378 1000 vt).
1392 976 1401 991 ι
1420 965 1484 992 Nam
1495 970 1581 1001 potest
1597 966 1659 1000 quis
1671 965 1839 992 umrtiftcarc
1856 973 1941 992 ment-

1143 1013 1200 1043 bra,
1229 1018 1257 1040 et
1282 1020 1336 1039 non
1364 1012 1453 1040 facere
1477 1013 1587 1044 botmm,
1611 1013 1659 1039 sed
1684 1020 1746 1039 cum
1772 1012 1940 1039 mortiﬁcans

1144 1060 1265 1087 membra
1278 1060 1377 1087 bottom
1390 1060 1462 1089 facit.
1473 1065 1535 1087 tunc
1544 1065 1647 1086 nnttuat
1659 1059 1753 1086 vitium
1768 1059 1857 1087 bonis.
1867 1059 1938 1092 Sive,

1144 1110 1171 1132 ut
1187 1106 1295 1139 quidant
1310 1106 1428 1137 tradunt.
1444 1106 1506 1140 quia
1525 1105 1674 1132 masculum
1689 1110 1715 1131 et
1731 1103 1863 1132 feminam
1885 1112 1940 1131 mn-

1143 1151 1193 1179 Iier
1216 1152 1402 1187 primogenitis
1424 1152 1505 1186 parit,
1529 1151 1575 1178 sed
1591 1151 1613 1178 si
1638 1150 1788 1178 masculum
1804 1151 1940 1185 pepereri-

1143 1206 1214 1229 mus,
1231 1198 1256 1224 id
1272 1203 1324 1229 est,
1349 1198 1426 1224 fortia
1452 1198 1591 1228 virtutum,
1618 1196 1681 1227 Deo,
1708 1201 1738 1223 ut
1759 1196 1862 1224 dictum
1887 1202 1935 1229 est,

1140 1242 1298 1271 oliui-annis.
1324 1244 1352 1270 Si
1378 1249 1467 1270 autent
1492 1243 1630 1271 l‘etninam.
1656 1243 1680 1270 id
1705 1248 1745 1270 cst
1773 1243 1933 1271 immundam

1141 1290 1277 1317 actionem
1293 1290 1318 1316 itt
1335 1290 1435 1316 nostris
1450 1289 1576 1323 operibus
1590 1297 1754 1324 ln']n‘t‘tttl|l5,
1772 1294 1820 1316 aut.
1842 1294 1931 1316 tnutue-

1142 1344 1204 1363 ntus
1218 1335 1336 1367 mundis,
1353 1340 1396 1362 aut
1412 1336 1706 1369 rednoamusquinque
1717 1334 1803 1361 siclis.
1821 1333 1933 1361 llonnnis

1141 1390 1206 1416 ergo
1220 1381 1438 1417 primogenitum,
1451 1381 1514 1416 quia
1536 1381 1593 1408 sine
1616 1386 1726 1415 peccato
1740 1387 1801 1408 esse
1816 1388 1868 1407 non
1882 1388 1937 1415 pos-

1141 1436 1246 1460 smnus,
1258 1428 1377 1463 quinque
1388 1428 1461 1455 sit-lis
1478 1427 1583 1462 argenti
1600 1428 1759 1454 redinnmus
1774 1427 1882 1462 quaqu
1893 1434 1938 1462 per

1140 1478 1261 1513 quinque
1272 1485 1369 1505 sensus
1379 1477 1503 1512 corporis
1514 1478 1582 1504 botta
1596 1483 1678 1511 opera
1690 1482 1716 1503 ct
1728 1476 1825 1511 dignos
1837 1476 1938 1502 fructus

1140 1524 1306 1559 puniitentia:
1331 1524 1452 1551 iacimus.
1478 1522 1515 1549 Ex
1539 1530 1572 1549 eo
1595 1530 1660 1549 vero
1673 1522 1744 1556 quod
1769 1521 1826 1548 ait:
1848 1530 1857 1546 ι
1872 1521 1939 1554 Quia

1139 1578 1221 1597 omne
1247 1569 1425 1597 masculinum
1451 1569 1612 1602 :tdapcrtens
1635 1567 1751 1596 vulvam.
1779 1576 1789 1592 ι
1817 1566 1940 1593 ΙὶὲΙὲΓῢιῘεί

1140 1616 1309 1643 occasionem
1327 1623 1436 1643 sunterc
1452 1615 1606 1647 voluerunt,
1623 1613 1667 1649 qui
1682 1614 1765 1640 beata-
1778 1612 1869 1640 Maria:
1886 1613 1942 1640 vit-

1139 1663 1279 1698 ginitaleut
1306 1662 1438 1689 infantare
1460 1661 1616 1696 cupientes,
1643 1661 1767 1687 dixerunt
1789 1666 1851 1687 eam
1874 1664 1941 1687 ante

1140 1713 1248 1743 partum
1271 1708 1404 1743 virginem
1428 1707 1520 1738 fuisse,
1543 1711 1571 1733 et
1595 1709 1655 1741 post
1680 1709 1785 1740 partum
1807 1704 1941 1739 virginem

1140 1763 1192 1782 non
1206 1755 1397 1790 permansisse.
1413 1754 1516 1787 Quibus
1531 1759 1546 1780 c
1563 1753 1672 1780 divrrso
1699 1751 1860 1787 respondere
1873 1757 1940 1785 pos-

1139 1808 1233 1827 sumus
1254 1805 1281 1826 ct
1300 1800 1439 1831 debemus,
1455 1800 1517 1834 quia
1533 1799 1557 1825 itt
1577 1799 1695 1825 humana
1720 1797 1870 1827 nativitalc.
1887 1804 1939 1823 tton

1142 1852 1205 1873 tunc
1228 1847 1345 1881 primunt
1370 1847 1466 1873 mulier
1489 1846 1672 1880 virginitatem
1697 1844 1806 1874 amittit,
1832 1843 1941 1878 quando

1141 1893 1224 1920 lilium
1240 1893 1319 1927 parit.
1337 1894 1383 1920 sed
1400 1894 1485 1925 magis
1500 1892 1607 1927 quando
1620 1891 1751 1925 cornipit,
1774 1895 1802 1917 et
1818 1889 1877 1916 ideo
1891 1888 1938 1916 Dci

1139 1940 1254 1975 geniti-ix
1274 1939 1349 1974 virgo
1372 1938 1520 1973 permansit
1547 1943 1603 1972 post
1626 1942 1746 1971 partum,
1765 1935 1826 1970 quia
1851 1935 1940 1961 virum

1140 1995 1192 2013 non
1209 1987 1334 2013 comovit
1350 1991 1413 2012 ante
1426 1990 1544 2020 partum.
1563 1984 1600 2011 De
1613 1983 1690 2017 eujus
1706 1987 1834 2018 perpetua
1853 1981 1940 2017 virgi-

1139 2033 1223 2059 nitate
1235 2032 1358 2059 Ezechiel
1372 2031 1502 2066 propheta
1517 2031 1582 2058 dicit
1595 2040 1600 2057 :
1618 2040 1626 2055 ι
1643 2029 1769 2057 ιὶοιιγετιί
1782 2036 1824 2056 me
1832 2028 1865 2055 ad
1877 2035 1941 2063 por-

1139 2084 1194 2106 tam
1218 2080 1314 2106 domus
1339 2078 1454 2110 Domini,
1480 2086 1540 2112 qua:
1563 2078 1725 2112 respiciebat
1745 2077 1778 2103 ad
1793 2076 1938 2104 orientem.

1139 2125 1172 2153 Et
1196 2126 1263 2152 dixit
1288 2125 1417 2152 Dominus
1433 2124 1466 2151 ad
1485 2132 1545 2151 nte:
1566 2123 1645 2150 Porta
1669 2124 1725 2150 lucc
1746 2129 1827 2157 qttam
1852 2121 1939 2153 vides,

1138 2173 1230 2200 clausa
1247 2172 1310 2203 erit,
1326 2176 1353 2198 ct
1368 2171 1410 2197 vir
1432 2178 1484 2198 non
1502 2170 1616 2197 transiet
1640 2176 1688 2205 per
1708 2176 1781 2201 eam,
1807 2167 1871 2202 quia
1888 2167 1941 2194 Do-

1139 2220 1228 2246 minus
1243 2219 1314 2246 Dcus
1329 2217 1409 2245 lsracl
1425 2217 1591 2253 ingredietur
1604 2224 1651 2250 per
1661 2220 1731 2246 eam.
1745 2218 1772 2242 et
1783 2213 1835 2241 erit
1847 2213 1940 2241 clausa

1139 2266 1253 2301 principi
1274 2265 1382 2301 (I'Izcrlt.
1400 2265 1483 2300 XLIV).
1500 2271 1509 2289 ι
1527 2264 1592 2297 Quae
1604 2267 1646 2289 erit
1664 2262 1736 2289 enim
1752 2261 1803 2288 ista
1817 2266 1895 2297 porta
1915 2261 1940 2288 in

1141 2315 1221 2340 domo
1241 2313 1346 2339 Domini
1363 2312 1471 2343 clausa,
1491 2310 1541 2337 nisi
1567 2310 1648 2336 Maria
1671 2309 1746 2344 virgo
1770 2308 1892 2335 intacta?
1909 2308 1940 2334 Et

1141 2359 1206 2393 quid
1221 2362 1271 2388 est,
1294 2358 1334 2384 \‘ir
1350 2366 1401 2384 ιιοιι
1418 2357 1529 2384 transiet
1543 2363 1592 2391 per
1604 2364 1675 2387 cam.
1691 2356 1741 2382 nisi
1763 2355 1825 2389 quia
1838 2353 1941 2388 Joseph

1144 2412 1196 2431 non
1223 2404 1349 2439 cognovit
1366 2402 1449 2430 eam?
1467 2403 1498 2429 Et
1514 2403 1576 2437 quid
1592 2406 1649 2432 est,
1665 2401 1735 2435 quod
1752 2401 1881 2427 Dominus
1898 2401 1939 2427 in-

1141 2463 1250 2491 gressus
1275 2459 1315 2482 est
1342 2462 1390 2489 per
1412 2462 1484 2486 eam,
1499 2458 1527 2481 et
1550 2454 1602 2481 erit
1627 2453 1717 2480 clausa
1738 2452 1871 2488 principi,
1889 2452 1940 2479 nisi

1140 2506 1201 2541 quia
1223 2506 1350 2533 Dominus
1365 2505 1444 2533 matri
1460 2513 1514 2533 sua:
1536 2505 1575 2532 sic
1590 2504 1702 2532 contulit
1732 2502 1939 2535 fccmniitatem,

1140 2562 1171 2584 ut
1189 2557 1371 2593 virginitatem
1396 2564 1449 2583 non
1475 2555 1619 2583 auferret?
1635 2556 1749 2591 Dignum
1765 2554 1865 2589 quippe
1881 2558 1942 2581 erat

1141 2612 1170 2634 ut
1184 2615 1245 2634 cntn
1262 2607 1333 2634 Deus
1348 2607 1429 2633 homo
1447 2604 1535 2638 ﬁeret,
1550 2614 1603 2632 non
1617 2612 1650 2633 ex
1664 2605 1716 2632 alia
1732 2612 1814 2639 quam
1828 2611 1863 2632 ex
1885 2603 1942 2632 vir-

1139 2659 1200 2694 gine
1215 2661 1391 2686 nasceretur,
1407 2660 1436 2683 et
1460 2656 1536 2691 virgo
1559 2664 1620 2691 qua:
1642 2660 1763 2691 pareret,
1779 2662 1833 2682 non
1855 2653 1940 2682 alium

1140 2717 1221 2745 quant
1237 2708 1381 2735 Dominum
1397 2709 1558 2743 peperisset,
1578 2712 1605 2735 et
1618 2707 1679 2736 ideo
1693 2708 1765 2736 sicut
1777 2707 1856 2742 virgo
1874 2710 1941 2735 ante

1138 2765 1245 2795 partum
1261 2759 1323 2791 fuit,
1337 2759 1376 2786 sic
1393 2759 1468 2794 virgo
1483 2763 1543 2794 post
1557 2763 1663 2794 partqu
1678 2757 1839 2793 permansit.
1853 2756 1940 2793 Cujus

1138 2818 1206 2838 voce
1217 2811 1306 2845 sponsi
1320 2810 1345 2837 in
1358 2810 1478 2838 Canticis
1491 2809 1659 2838 canticorum
1672 2810 1771 2837 dicitur
1785 2818 1791 2836 :
1809 2813 1821 2835 4
1836 2808 1940 2836 Hortus

1139 2864 1284 2891 conclusus
1302 2868 1343 2890 est
1358 2871 1436 2890 soror
1451 2870 1509 2890 mea
1523 2871 1631 2898 sponsa,
1648 2863 1743 2890 hortus
1755 2860 1901 2889 conclusus
1912 2864 1940 2889 et

1138 2914 1198 2943 fons
1209 2915 1330 2951 signatus
1341 2914 1430 2950 (Cant.
1444 2914 1491 2950 tv).
1509 2924 1517 2941 ›
1531 2913 1569 2943 De
1582 2915 1658 2951 cujus
1668 2914 1749 2942 etiam
1761 2913 1938 2951 integerrima
