4038 6352
180 343 273 399 101

1404 339 1709 401 ΗΟΜΙῙΛ
1753 338 1839 394 DE
1879 338 2227 399 'l‘EllPORE.

3351 338 3459 397 l0!

176 466 229 517 et
256 466 517 532 perpetua
558 457 870 533 virginitate
916 459 1166 518 Sedulius
1197 459 1252 515 iu
1283 459 1524 515 carmine
1575 457 1758 528 alpin.-
1790 461 1834 519 Α
1866 456 1989 527 quia
2036 455 2303 511 incolatus
2345 470 2498 513 meus
2537 446 2888 529 prolongatus
2934 464 3034 523 est,
3062 455 3301 512 babitavi
3333 473 3458 514 cum

175 549 284 609 beti
306 549 535 623 pulchre
559 552 776 625 cecinit,
810 553 995 609 dicens
1018 572 1030 607 :

608 639 789 690 Beatus
814 655 982 693 auctor
1009 644 1199 701 saeculi,

607 703 804 766 Si'rvile
827 718 1004 766 corpus
1026 707 1199 760 inlini,

612 764 676 816 Ut
697 779 844 815 carne
867 764 1063 815 carnem
1087 766 1304 814 ltberans

603 804 680 879 ﬁl:
698 804 939 889 ἶῖἑιῖινὶἑί
954 804 1337 889 ’ἰιιὶἱὶἐίουιιάῙαιί

607 912 777 963 Clama
798 923 1016 974 parentis
1045 922 1231 962 viscera

610 976 837 1025 (Mc-stus
857 980 936 1026 iut-
952 987 978 1023 θ
1024 988 1202 1036 gvatta,

614 1037 800 1087 Venter
819 1040 995 1095 puella-
1021 1039 1200 1089 baiulat

603 1099 827 1163 Secreta,
853 1117 963 1163 quae
990 1116 1083 1150 nou
1111 1102 1328 1151 noverat.

606 1184 789 1249 [minus
813 1188 968 1245 pudici
996 1192 1208 1249 pectoris
1256 1194 1263 1199 ’

607 1247 863 1312 Τυδηψιυιιι
886 1247 1092 1309 Γριισίηὶρ
1115 1250 1166 1298 Ill
1194 1251 1283 1299 Dei
1304 1263 1320 1312 ἶ

606 1310 785 1359 Intacta
812 1325 901 1359 nes
933 1325 1039 1359 iens
1065 1327 1091 1360 ν
1113 1326 1136 1359 r
1176 1327 1241 1369 m,

597 1369 766 1420 Verbo
786 1382 1006 1427 conoemt
1037 1374 1184 1423 ﬁlium
1211 1370 1236 1404 ⁸

604 1453 759 1506 Enixa
789 1466 861 1506 est
892 1472 1158 1519 puerpera,

603 1520 759 1578 Quem
786 1524 984 1569 tiatriet
1011 1527 1329 1583 prs-ﬁxerat,

604 1587 759 1646 Quem
787 1586 957 1646 matris
975 1583 1086 1631 alvo
1108 1598 1199 1645 ges
1226 1587 1353 1646 iens,

598 1642 803 1694 Clausus
819 1643 1035 1695 Joannes
1056 1642 1296 1697 ~e‘userat.

231 1759 249 1795 ι
293 1734 360 1799 Et
387 1752 474 1811 ~ut
503 1742 696 1800 darent
738 1745 968 1801 hostiam
1020 1749 1316 1804 secundum
1366 1748 1507 1820 quod
1556 1746 1757 1805 dictum

1871 550 2238 605 hahitatnilms
2283 548 2479 612 Cedar,
2521 551 2745 605 multum
2790 550 2960 605 incola
2995 544 3094 604 fuit
3122 550 3302 605 anima
3336 564 3457 607 mea

1868 640 2038 718 (Psttl.
2064 643 2233 707 cxtx).
2276 663 2293 693 ι
2330 642 2402 696 De
2434 643 2630 712 quibus
2661 652 2796 699 neue
2823 643 3062 699 dicitur:
3097 660 3114 694 ι
3148 640 3327 701 Unum
3359 656 3457 717 pro

1865 746 2124 806 peccato,
2164 744 2217 787 et
2267 734 2496 788 alterunt
2546 734 2598 787 iu
2651 734 2987 801 holocausta,
3044 750 3063 786 ι
3108 736 3232 805 quia
3278 737 3459 794 omnis

1866 836 2120 898 poet-ator
2161 826 2310 897 prius
2354 827 2547 881 timore
2578 826 2983 899 conqmugitur,
3014 837 3065 882 et
3098 835 3220 899 post
3249 838 3453 884 amore.

1866 916 1998 974 Cum
2032 919 2172 974 enim
2202 920 2323 988 quis
2348 917 2485 973 mala
2513 930 2675 988 opera
2722 932 2821 973 sua
2859 920 2923 973 ad
2957 920 3271 974 memoriam
3305 934 3461 976 rcvoc

1867 1006 2016 1065 cans.
2048 1022 2235 1080 poenas
2261 1006 2425 1063 etiam
2454 1008 2646 1063 inferni
2678 1006 3060 1075 reminiscens,
3088 1008 3219 1065 flere
3248 1010 3455 1081 incipit,

1868 1097 2102 1152 timendo
2118 1116 2182 1153 ne.
2204 1099 2431 1155 ducatur
2452 1100 2518 1155 ad
2542 1115 2780 1171 pinnam,
2804 1101 2990 1156 dit-eus
3010 1104 3131 1155 cum
3156 1098 3419 1172 Propheta
3441 1114 3457 1158 :

1872 1206 1888 1242 t
1936 1190 2150 1246 Lmaho
2180 1207 2277 1262 per
2306 1193 2546 1264 singulas
2577 1202 2761 1248 noctes
2799 1190 2997 1248 lectum
3032 1206 3233 1257 meum,
3278 1192 3458 1267 lacry-

1866 1280 1968 1342 mis
1992 1288 2123 1342 meis
2143 1297 2371 1342 stratum
2400 1303 2575 1342 meum
2603 1286 3099 1359 rigahoU’vat),
3129 1287 3318 1353 iquasi
3347 1295 3463 1342 tur-

1867 1374 2037 1434 turem
2085 1379 2166 1435 vel
2200 1380 2393 1437 colnm'
2418 1395 2503 1434 am
2553 1396 2650 1451 pro
2691 1388 2913 1451 peceato
2953 1377 3130 1436 offert.
3165 1378 3303 1436 Cum
3332 1391 3461 1435 vero

1865 1486 1932 1526 ex
1988 1472 2143 1544 longa
2187 1473 2581 1528 consuetudine
2624 1469 2808 1538 flemii,
2859 1472 3070 1527 animus
3116 1472 3461 1526 securitatem

1865 1566 2155 1635 acceperit,
2205 1573 2257 1620 et
2305 1565 2531 1634 cmperit
2562 1566 2715 1630 flere,
2766 1578 2869 1619 non
2910 1564 3108 1618 timens
3137 1576 3203 1617 ne
3232 1562 3462 1617 ducatur

1866 1655 1931 1710 ad
1962 1670 2198 1725 poenam,
2231 1656 2325 1711 sed
2349 1656 2474 1726 quia
2516 1663 2665 1710 tanto
2708 1662 2951 1726 tempore
2976 1652 3258 1709 diﬂeratur
3292 1667 3322 1706 a
3370 1664 3459 1709 re-

1864 1762 1988 1818 gno,
2016 1756 2246 1801 cantans
2272 1758 2392 1801 cum
2423 1744 2692 1815 Propheta
2714 1787 2728 1807 ,
2756 1754 2812 1800 et
2841 1746 3029 1799 dicens
3048 1757 3069 1797 :
3099 1763 3118 1793 ς
3154 1742 3332 1813 Super
3354 1741 3457 1796 litt-

169 1854 187 1887 ε
224 1845 305 1891 est
337 1834 391 1890 in
424 1834 544 1905 lege
588 1836 818 1904 Domini,
858 1855 953 1908 par
987 1850 1255 1897 turturum
1287 1855 1379 1899 aut
1420 1844 1553 1899 duos
1584 1834 1834 1934 pullos.B
1865 1834 2007 1890 miaa
2033 1835 2342 1908 Babylonis,
2372 1835 2479 1890 illic
2502 1835 2741 1889 sedimus
2763 1843 2817 1890 et
2839 1832 3105 1895 flevimus,
3130 1833 3256 1886 dum
3281 1846 3462 1887 recora-

169 1927 602 1985 «columbarum.
634 1952 652 1982 ι
675 1931 727 1986 In
748 1932 829 1987 his
845 1934 1021 1989 verbis
1041 1937 1492 1992 considerandum
1511 1946 1612 1997 est,
1631 1938 1756 2009 quia

161 2018 420 2074 Dominus
464 2016 620 2077 Jrsus
661 2021 912 2080 Christus
964 2044 1084 2082 cttm
1134 2026 1285 2085 dives
1334 2045 1516 2095 esset,
1553 2044 1759 2102 pauper

159 2126 251 2182 pro
271 2113 433 2169 nobis
464 2115 575 2171 fieri
610 2117 863 2189 dignatus
899 2129 1000 2183 est,
1030 2129 1089 2176 ut
1112 2137 1207 2177 sua
1235 2140 1332 2179 nos
1360 2123 1536 2196 inopia
1565 2125 1757 2183 divites

160 2202 378 2291 laceret,
415 2208 503 2263 hic
526 2209 578 2265 in
615 2209 646 2264 fi
672 2212 739 2272 le,
764 2222 817 2268 et
845 2212 897 2267 in
931 2213 1112 2269 futuro
1138 2212 1342 2273 caelesti
1394 2235 1580 2291 regno.
1615 2218 1758 2276 Prm-

161 2307 374 2381 ccperat
404 2299 549 2354 enim
590 2298 851 2357 Dominus
885 2303 938 2358 in
970 2305 1084 2377 lege
1110 2306 1300 2379 Moysi,
1333 2319 1392 2363 ut
1422 2308 1508 2365 die
1536 2328 1638 2381 qua
1674 2310 1756 2367 in-

160 2378 271 2442 latis
316 2400 745 2459 praesentaretur
778 2393 827 2446 iu
862 2393 1062 2465 templo
1107 2378 1211 2450 una
1259 2413 1380 2452 cum
1415 2378 1609 2460 matre,
1652 2418 1756 2455 non

161 2487 296 2533 esset
342 2494 517 2533 vacua
564 2496 756 2534 manus
789 2485 1031 2552 pirentis
1060 2500 1090 2538 a
1122 2501 1363 2544 munere.
1397 2489 1489 2543 sed
1525 2499 1632 2544 tam
1664 2507 1759 2562 pro

142 2574 268 2632 'sua,
298 2584 471 2639 quam
506 2586 603 2639 pro
638 2571 839 2626 sobolis
877 2574 1273 2643 purificatione,
1305 2576 1526 2633 offerret
1557 2595 1757 2650 agnum

165 2658 467 2714 anniculum
498 2658 907 2716 immaculatum
936 2663 1002 2717 de
1027 2678 1206 2736 grege.
1242 2665 1395 2734 Quod
1418 2667 1461 2721 si
1488 2677 1594 2722 tam
1628 2685 1759 2738 pau-

164 2746 252 2831 per
297 2748 464 2817 esset,
523 2763 582 2807 ut
633 2770 739 2807 non
793 2754 1063 2811 sufliceret
1111 2773 1305 2813 manus
1346 2759 1465 2828 ejus
1514 2760 1756 2817 invenire

168 2840 350 2917 agnum
396 2848 464 2903 de
507 2864 694 2921 grege,
743 2847 963 2906 offerret
1007 2854 1141 2909 duos
1192 2863 1452 2921 turtures,
1492 2857 1571 2910 vel
1621 2857 1755 2913 duos

164 2928 327 3011 pullos
357 2937 755 2994 columbarum.
786 2938 973 2997 llostia
1000 2957 1131 3015 ergo
1155 2945 1267 3000 haec
1294 2961 1588 3019 pauperum
1612 2956 1746 3004 erat.

167 3024 435 3083 Imitemur
476 3042 610 3101 ergo
649 3047 749 3086 nos
796 3033 1081 3088 Dominum
1114 3045 1381 3101 nostrum,
1428 3046 1481 3093 et
1511 3055 1754 3096 amemus

167 3108 509 3189 spontaneum
543 3130 937 3193 paupertatem,
972 3133 1031 3179 ut
1061 3126 1320 3183 habentes
1359 3128 1557 3185 victum
1588 3142 1642 3186 et
1665 3147 1753 3188 ve-

1863 1928 2118 2002 daremur
2160 1928 2259 1991 tui,
2295 1926 2422 1982 Sion
2455 1924 2630 1999 (Psal.
2663 1927 2909 1995 cxxxvt),
2944 1936 2966 1978 ὴ
2999 1925 3154 1995 quasi
3188 1928 3458 1979 turturem

1864 2021 1945 2075 vel
1987 2020 2293 2076 columbam
2346 2019 2398 2073 in
2452 2019 2765 2074 holocausto
2808 2016 2989 2072 οπως.
3036 2015 3151 2070 Hoc
3187 2028 3319 2086 ergo
3357 2014 3460 2070 dif-

1862 2111 1968 2168 fert
2010 2113 2151 2168 iuter
2196 2112 2522 2168 sacrificium
2552 2120 2607 2166 et
2665 2110 3068 2172 holocaustum,
3112 2106 3240 2178 quia
3297 2118 3461 2162 mune

1842 2204 2233 2260 holocaustum
2298 2202 2627 2259 sacriﬁcium
2681 2212 2786 2267 est,
2857 2216 2965 2256 non
3020 2212 3182 2255 omne
3248 2198 3459 2255 sacriiie

1861 2298 2004 2353 cium
2074 2297 2474 2352 holocaustum.
2550 2293 2607 2349 lu
2650 2293 2923 2349 sacriﬁcio
2969 2293 3114 2348 enim
3185 2306 3310 2363 pars
3362 2298 3455 2363 per-

1863 2389 2017 2443 cndis
2063 2387 2416 2443 offerebatur.
2465 2386 2848 2442 llolocanstum
2893 2396 3045 2450 vero,
3108 2390 3319 2438 tantum
3376 2383 3463 2438 iu-

1862 2494 2085 2535 (ξριιετιιιι
2126 2485 2228 2534 est.
2278 2479 2379 2545 Qui
2427 2478 2569 2532 enim
2631 2491 2726 2531 cur
2766 2479 3062 2530 contritum
3112 2480 3167 2531 et
3204 2473 3459 2530 lmnnliae

1866 2579 1977 2623 tum
2015 2568 2126 2623 Deo
2165 2568 2415 2638 spiritum
2440 2582 2539 2638 pro
2561 2567 2798 2637 peccatis
2822 2565 3003 2630 otl'ert,
3034 2565 3187 2635 quasi
3220 2573 3460 2621 turtures

1861 2671 1911 2716 et
1947 2662 2226 2716 columbas
2259 2661 2310 2714 in
2354 2660 2623 2715 sacriﬁcio
2668 2659 2929 2715 immolat.
2965 2656 3067 2726 Qui
3094 2668 3226 2713 vero
3251 2672 3356 2714 non
3388 2658 3459 2713 ti-

1861 2768 2011 2809 more
2044 2753 2327 2825 geheunte,
2365 2755 2457 2807 sed
2487 2768 2672 2807 amore
2717 2759 2936 2809 a'ternze
2971 2753 3099 2808 vitae
3137 2747 3253 2818 ﬂet,
3298 2751 3457 2822 quasi

1862 2851 2103 2897 turtures
2144 2843 2226 2897 vel
2267 2842 2545 2898 columbas
2575 2842 2626 2897 in
2662 2842 2980 2898 holocausto'
3010 2850 3238 2908 mactat,
3270 2842 3458 2899 dicen’s

1859 2952 1980 2992 cum
2025 2936 2289 3006 Propheta
2325 2953 2336 2989 :
2376 2954 2394 2987 ι
2430 2936 2754 2993 Holocausta
2789 2936 3079 2991 medullata
3107 2934 3329 2992 offeram
3354 2936 3455 2993 tibi

1859 3026 2027 3101 (Psaf.
2059 3029 2202 3098 va).
2237 3044 2254 3081 ι
2283 3029 2456 3085 Aliter
2478 3045 2606 3086 vero
2629 3045 2727 3101 per
2753 3030 2866 3086 haec
2890 3031 2997 3085 duo
3025 3042 3221 3103 genera
3247 3028 3454 3096 avium,

1858 3123 1994 3178 duas
2041 3123 2296 3178 Ecclesiae
2333 3124 2629 3194 accipimus
2669 3125 2831 3189 vitas,
2864 3125 3094 3179 activam
3148 3122 3356 3180 scilicet
3394 3126 3453 3179 et

169 3211 369 3278 stilum,
400 3213 498 3278 his,
533 3212 688 3285 juxta
712 3215 1054 3287 Apostolum,
1085 3221 1321 3276 contenti
1358 3222 1546 3287 simus,
1577 3233 1635 3279 ut
1658 3224 1755 3279 itu-

1862 3213 2359 3284 cnntemplativam.
2396 3212 2507 3269 Hoc
2534 3214 2677 3270 enim
2703 3214 2847 3270 inter
2875 3212 3155 3269 columbas
3187 3225 3241 3269 et
3275 3222 3454 3269 turtu-

169 3302 370 3374 pleatur
416 3305 468 3360 in
499 3308 671 3372 nobis,
721 3311 866 3378 quod
899 3310 1012 3380 ipse
1062 3313 1114 3366 in
1143 3311 1435 3383 Evangelio
1465 3316 1754 3386 promittit,

174 3395 395 3451 dicens:
439 3416 456 3447 ι
491 3395 637 3451 Beati
664 3414 924 3471 pauperes
961 3403 1175 3473 spiritu,
1214 3406 1471 3475 quoniam
1511 3408 1751 3477 ipsorum

174 3496 255 3542 cst
276 3500 491 3562 regnum
527 3492 780 3548 ccelorum
827 3493 1043 3569 (Matth.
1074 3496 1151 3570 v).
1187 3519 1205 3549 ι
1242 3498 1383 3569 Ergo
1415 3509 1522 3554 tam
1562 3515 1759 3571 paupe-

170 3596 321 3651 pcres
366 3594 614 3652 parentes
662 3586 823 3658 elegit
864 3589 1144 3655 Dominus,
1192 3590 1281 3661 qui
1337 3608 1440 3646 non
1494 3593 1761 3648 haberent

175 3688 356 3742 agnum
382 3689 536 3743 queat
582 3692 682 3747 pro
704 3693 769 3732 eo
790 3677 1066 3744 offerrent,
1092 3682 1184 3736 sed
1212 3681 1523 3737 obtulerunt
1551 3694 1757 3737 tantum

174 3784 258 3839 par
290 3780 577 3838 turturum,
606 3782 699 3829 aut
729 3775 863 3831 duos
886 3776 1060 3847 pullos
1081 3776 1475 3831 columbarum.
1505 3776 1611 3831 Sed
1630 3777 1757 3847 quia

182 3861 403 3930 superius
456 3867 1034 3932 commemoravimus,
1084 3868 1356 3937 quomodo
1399 3866 1761 3936 spiritualiter

186 3942 272 4003 Deo
298 3963 479 4008 nostra
514 3956 871 4028 primogenita
898 3956 1096 4013 oilerre
1129 3959 1445 4022 debeamus,
1485 3959 1610 4015 hinc
1636 3975 1761 4014 con-

184 4041 500 4129 §itlcratttIUItt
552 4049 788 4114 videtur,
839 4052 1018 4120 qualia
1072 4067 1298 4108 munera
1352 4068 1450 4123 pro
1499 4057 1762 4108 emunda-

183 4133 303 4193 tione
340 4152 523 4198 nostra
571 4143 682 4198 Deo
714 4142 1030 4208 oileramus,
1069 4144 1223 4214 juxta
1255 4146 1589 4217 spiritualem
1633 4162 1760 4202 vero

181 4224 586 4303 intelligentiam,
633 4235 683 4289 in
731 4237 831 4291 hoc
872 4245 1143 4307 prtecepto
1184 4252 1282 4291 uos
1320 4248 1755 4304 conuuonemur,

179 4331 228 4375 ut
250 4324 289 4377 si
317 4326 378 4380 de
399 4344 567 4400 grege
589 4345 815 4399 operum
845 4337 1154 4385 nostrorum
1181 4348 1376 4401 agnum
1409 4332 1754 4394 innocentize,

180 4412 248 4465 \‘rl
277 4416 590 4489 principales
641 4419 869 4475 virtutes
920 4422 1308 4487 invenerimus,
1332 4422 1505 4491 qualis
1528 4424 1760 4478 cslcha-

179 4504 309 4568 ritas,
340 4509 640 4579 humilitas,
687 4502 1154 4586 eleemosynarmn
1208 4514 1455 4586 largitas,
1488 4527 1618 4581 etc.,
1644 4516 1756 4571 Deo

1861 3322 1950 3361 res
1977 3308 2224 3369 interest,
2255 3306 2378 3377 quia
2426 3306 2687 3362 columba:
2726 3302 2991 3378 gregatim
3026 3305 3207 3361 volant
3240 3306 3324 3361 vel
3355 3318 3453 3378 gis-

1860 3408 2033 3463 munt,
2074 3409 2252 3454 turtur
2280 3414 2406 3453 vero
2438 3401 2573 3454 adeo
2613 3400 3045 3471 singularitatem
3089 3400 3288 3471 diligit,
3320 3408 3379 3454 ut
3404 3398 3453 3455 si

1838 3509 1991 3549 casu
2043 3490 2328 3564 coniugem
2361 3492 2442 3547 vel
2486 3506 2672 3563 parem
2707 3492 2975 3559 amiserit,-
3004 3493 3070 3548 de
3100 3488 3313 3563 reliquo
3344 3490 3458 3548 sitt-

1862 3584 2067 3655 gnlaris
2097 3591 2430 3654 perseveret.
2481 3582 2633 3640 Unde
2669 3597 2768 3656 per
2808 3580 3107 3648 columbas,
3150 3580 3241 3654 qui
3273 3584 3457 3656 grega-

1858 3680 1955 3745 tim
1991 3678 2171 3732 volant
2199 3676 2285 3734 vel
2312 3686 2555 3749 gemunt,
2584 3678 2774 3735 activa:
2796 3680 2921 3733 vita!
2949 3679 3181 3734 societas
3203 3676 3456 3750 designa-

1863 3754 1967 3824 tur.
1997 3770 2071 3826 De
2107 3785 2212 3840 qua
2244 3771 2503 3841 Scriptum
2528 3780 2611 3826 est
2640 3786 2651 3824 ;
2693 3786 2711 3822 ι
2746 3766 2954 3825 Multitu
2980 3768 3100 3825 linis
3116 3768 3455 3826 credentium

1859 3873 1979 3919 erat
2031 3879 2125 3918 cor
2157 3878 2319 3918 unum
2361 3874 2415 3919 et
2434 3865 2614 3919 anima
2646 3874 2772 3919 una.
2809 3883 2826 3916 ι
2866 3858 2932 3919 Et
2980 3863 3178 3919 iterum
3211 3876 3228 3918 :
3265 3870 3283 3913 ὰ
3318 3858 3457 3919 Ecce

1861 3971 2023 4026 quam
2056 3957 2258 4009 bonum
2289 3963 2344 4010 ct
2366 3970 2528 4023 quam
2563 3952 2861 4023 jucundum
2897 3952 3142 4010 habitare
3172 3952 3370 4010 fratres
3398 3954 3453 4010 in

1862 4050 2058 4104 unum!
2092 4071 2109 4103 ι
2133 4048 2233 4104 Per
2253 4059 2517 4105 turturem
2541 4036 2660 4121 qua:
2673 4051 3102 4122 singularitatem
3122 4050 3312 4124 diligit,
3329 4066 3458 4106 con-

1864 4143 2191 4211 templativa!
2221 4144 2344 4199 vita:
2394 4144 2624 4215 dulcedo
2662 4144 3007 4215 exprimitur,
3038 4142 3181 4215 (μὲθ,
3230 4144 3456 4203 remetis

1861 4233 2115 4288 omnibus
2148 4233 2320 4296 curis,
2354 4212 2450 4288 soli
2483 4235 2819 4290 meditationi
2857 4244 2911 4291 et
2938 4234 3172 4290 orationi
3202 4236 3459 4293 insistere

1863 4323 2133 4377 desiderat
2175 4341 2188 4379 :
2229 4326 2357 4393 quia
2395 4336 2598 4396 quanto
2635 4336 2719 4382 est
2748 4327 3049 4393 sublimior,
3092 4336 3243 4384 tanto
3271 4330 3458 4401 utique

1864 4415 2058 4469 rarior.
2086 4413 2244 4472 Solus
2271 4416 2414 4472 enim
2442 4417 2608 4475 Jacob
2651 4417 2920 4476 luctamen
2956 4434 3077 4477 cum
3108 4421 3300 4494 angelo
3336 4421 3458 4477 iniit

1864 4504 2015 4580 (Cen.
2063 4511 2259 4582 xxxn),
2306 4510 2453 4567 solus
2485 4511 2725 4585 Moyses,
2754 4510 2984 4583 pavente
3019 4513 3201 4585 procul
3235 4511 3454 4583 populo,

178 4595 463 4668 Gllcraunts,
504 4604 555 4659 id
585 4615 688 4672 est,
718 4607 861 4677 quod
907 4605 1067 4679 digne
1098 4604 1351 4671 vivimus,
1402 4624 1507 4662 non
1552 4609 1754 4665 nostris
1788 4587 1838 4649 υ
1863 4617 2097 4660 montem
2127 4608 2372 4662 ascendit
2397 4607 2594 4680 (Exod.
2628 4607 2838 4679 xxmv),
2864 4609 3011 4664 solus
3038 4605 3221 4660 Daniel
3248 4605 3459 4677 fugien-

179 4692 360 4749 meritis
387 4710 722 4766 reputemus,
748 4699 842 4752 sed
871 4697 1013 4751 illius
1035 4699 1245 4764 gratim,
1273 4700 1361 4769 qui
1392 4700 1467 4754 ait
1499 4700 1551 4753 in
1588 4700 1756 4755 Evan-

176 4780 296 4847 gciio
331 4802 343 4837 :
382 4807 400 4840 ι
435 4788 568 4844 Siue
611 4806 697 4845 me
727 4790 858 4845 nihil
893 4790 1122 4861 potestis
1151 4789 1331 4846 facere
1366 4792 1548 4860 (Joan.
1578 4791 1691 4862 xv).
1729 4811 1748 4845 ι

181 4869 277 4940 ipse
306 4878 449 4934 enim
481 4881 573 4935 dat
607 4868 741 4938 velle
784 4893 839 4937 et
871 4882 1153 4952 perlicere.
1183 4882 1237 4938 Si
1270 4894 1449 4940 autem
1482 4894 1591 4940 tam
1625 4902 1755 4957 pau-

181 4977 313 5031 peres
336 4985 543 5037 sumus,
582 4981 639 5027 ut
667 4974 717 5027 in
747 4989 912 5045 opere
939 4987 1055 5030 nom
1070 4989 1127 5028 ro
1154 4975 1479 5046 principales
1522 4978 1752 5033 virtutes

181 5068 271 5111 non
299 5059 652 5133 inveniamus,
682 5064 974 5123 offeramus
1001 5067 1191 5123 saltem
1219 5067 1355 5124 duos
1380 5078 1642 5133 turtures,
1666 5069 1754 5127 vel

179 5141 297 5204 duos
341 5154 516 5222 pullos
562 5142 958 5225 columbarum,
1008 5144 1059 5214 id
1104 5146 1188 5215 est
1234 5158 1341 5215 duo
1372 5176 1569 5232 genera
1600 5178 1751 5218 com-

180 5244 485 5313 punctionis,
520 5248 730 5306 timoris
772 5246 1024 5307 videlicet
1051 5261 1105 5306 et
1130 5238 1353 5308 amoris.
1400 5252 1552 5321 Quod
1607 5253 1752 5309 enim

183 5326 419 5393 istmdna:
463 5339 686 5396 avicula:
728 5355 827 5411 pro
854 5326 1293 5413 cantu'gemitus
1342 5345 1505 5401 edere
1551 5344 1747 5414 solent,

183 5415 359 5482 luctum
407 5441 720 5487 sanctorum
749 5434 1037 5505 significat,
1083 5436 1173 5505 qui
1203 5432 1256 5491 in
1284 5437 1531 5493 convalle
1574 5436 1752 5511 lac’ry-

172 5523 370 5597 inarum
417 5537 523 5577 non
574 5520 748 5579 solum
799 5539 899 5596 pro
943 5524 1058 5581 suis
1105 5520 1437 5601 suorumque
1481 5530 1750 5588 diluendis

174 5602 415 5698 peccatis,
446 5618 542 5672 sed
573 5618 737 5673 etiam
774 5608 871 5691 pro
898 5619 1253 5691 impetrandis
1284 5620 1591 5691 virtutibus,
1620 5642 1752 5698 quo-

188 5696 296 5761 tidie
335 5700 545 5778 deflent,
590 5711 832 5767 dicentes
875 5730 996 5770 cum
1026 5708 1295 5784 Propheta
1338 5733 1350 5770 :
1384 5716 1408 5769 ἶ
1447 5716 1560 5774 lleu
1596 5696 1745 5779 mihi.

245 5854 289 5916 ⁸.·
315 5844 469 5928 Virga
493 5858 687 5914 arma
715 5854 940 5917 Filium.

1858 4696 2000 4753 tibus
2031 4698 2193 4754 sociis
2220 4698 2364 4754 inter
2401 4701 2627 4767 angelos
2663 4700 2926 4755 remansit
2976 4696 3137 4769 (Dan.
3178 4697 3262 4771 tt),
3306 4698 3456 4758 solus

1856 4788 2130 4853 Ezechiel,
2156 4791 2359 4861 apertis
2391 4792 2545 4846 cadis
2577 4796 2739 4861 super
2770 4787 2989 4844 ﬂuvium
3034 4788 3274 4857 Chohar,
3317 4806 3455 4862 qua-

1854 4884 2064 4955 drigam
2091 4885 2369 4941 cherubim
2406 4887 2539 4941 vidit
2567 4885 2784 4959 (Επειδὴ.
2824 4902 2864 4948 t.
2886 4882 2964 4959 5),
2997 4886 3145 4942 solus
3173 4885 3367 4943 Petrus
3399 4887 3454 4944 in

1859 4976 2058 5031 exstasi
2106 4985 2285 5032 tuente
2312 4988 2493 5048 raptus
2523 4975 2623 5032 fuit
2657 4976 2794 5050 (Act.
2829 4976 2907 5049 Χ),
2948 4978 3094 5034 solus
3139 4976 3340 5036 Paulus
3366 4990 3457 5036 us-

1859 5086 1965 5142 que
1991 5068 2059 5126 ad
2105 5071 2322 5127 tertium
2369 5071 2572 5129 coelum
2602 5073 2797 5131 ductus
2836 5066 2937 5130 luit
2973 5073 3060 5145 (II
3083 5070 3204 5131 Cor.
3239 5080 3359 5149 xu).
3391 5076 3457 5134 Et

1804 5232 1816 5244 _
1860 5164 1925 5218 ad
1955 5163 2414 5235 comparationem
2462 5165 2651 5221 activa:
2695 5167 2841 5233 vitae,
2875 5183 3000 5223 raro
3032 5167 3324 5234 invenitur,
3359 5169 3452 5241 qui

1861 5255 1962 5312 hac
1987 5254 2275 5312 dulcedine
2305 5254 2631 5326 perfruatur.
2662 5257 2855 5315 Activa
2879 5276 3007 5316 vero
3028 5261 3135 5314 vita
3161 5258 3320 5316 oﬂ‘ert
3342 5262 3454 5318 Deo

1860 5345 2217 5412 sacrificium,
2251 5347 2667 5419 contemplativa
2712 5350 3111 5406 holocaustum.
3142 5349 3277 5407 Cum
3306 5353 3452 5408 enim

1860 5441 1983 5512 quis
2014 5439 2149 5497 bene
2177 5443 2386 5505 vivens,
2428 5438 2495 5497 ad
2530 5444 2666 5500 bene
2694 5447 2849 5500 viven
2872 5444 2981 5499 lum
3013 5445 3153 5499 alios
3179 5445 3450 5508 hortatur,

1855 5533 2039 5589 dicens
2059 5552 2071 5587 :
2094 5556 2112 5586 ε
2146 5531 2486 5603 Magnificate
2511 5532 2794 5593 Dominum
2820 5552 3052 5598 mecum,
3083 5538 3452 5589 etexaltemus

1855 5643 2053 5683 nomen
2079 5627 2196 5700 ejus
2229 5628 2281 5682 in
2317 5628 2567 5699 idipsum.
2602 5652 2620 5682 ι
2647 5626 2713 5685 Ει
2738 5630 2965 5687 iterum:
2992 5650 3009 5681 ι
3032 5622 3225 5684 Venite
3253 5626 3450 5683 adore-

1855 5737 1978 5777 mus
2009 5731 2065 5776 ct
2094 5722 2444 5794 procidamus
2470 5733 2597 5781 ante
2623 5723 2813 5793 Deum,
2830 5723 3105 5800 ploremus
3131 5708 3316 5779 coram
3339 5718 3451 5781 DO-
