4038 6352
576 379 683 437 105

1104 422 1118 435 .
1204 366 1557 429 HAYMONIS
1594 316 2080 424 HALBEItSTA'I‘.
2122 359 2177 418 El

2280 361 2337 419 α.
2374 358 2529 419 ore.
2566 316 2748 419 rans
2784 360 2849 418 ιι.
2876 357 3219 437 -εΗοΜιιμ

3762 357 3869 413 1οι

577 494 728 552 mino
756 489 848 563 qui
871 488 997 547 fecit
1021 468 1120 544 nos
1146 483 1319 557 (Ρεαι.
1352 480 1637 553 Lxxxnv),
1672 498 1690 531 ι
1718 476 1871 549 quasi
1893 484 2159 531 turturem
2184 475 2240 537 Α
2264 473 2521 530 humilem
2585 483 2642 530 et
2712 475 2978 545 quietum,
3046 481 3102 527 et
3146 477 3468 527 trementem
3523 469 3696 526 verba
3738 485 3868 525 mea

577 587 665 643 vel
695 585 998 642 columbam
1023 582 1075 637 in
1107 577 1376 635 sacrificio
1402 574 1580 631 olI'ert.
1612 572 1749 628 Cum
1773 586 1906 626 vero
1936 569 2160 625 remotis

579 680 831 737 omnibus
872 675 1017 731 euris
1045 680 1099 729 et
1138 668 1614 734 sollicitudinibus,
1664 681 1729 721 ea
1767 681 1889 737 quae
1916 662 2162 721 etelestia

580 781 708 829 sunt
760 767 1096 825 solummodo
1152 760 1569 833 contemplatur,
1622 758 1808 814 dicens
1849 772 1975 813 cum
2025 755 2161 810 Pro-

581 868 742 938 pheta
780 880 793 917 :
830 881 848 914 ι
885 860 1161 932 Ingrediar
1193 858 1250 912 in
1271 856 1451 935 locum
1475 850 1809 908 tabernaculi
1832 846 2164 906 admirabilis

578 974 749 1030 usque
770 957 838 1012 ad
864 956 1081 1011 domum
1100 952 1218 1020 Dei,
1245 970 1263 1003 ι
1289 948 1445 1021 quasi
1470 955 1737 1002 turturem
1752 944 1838 1000 vel
1859 942 2164 999 columbam

577 1050 633 1105 in
664 1049 981 1106 holocausto
1006 1042 1184 1101 ol’l'ert.
1228 1042 1292 1097 Et
1316 1040 1442 1110 quia
1468 1047 1709 1108 utraeque
1749 1037 1865 1092 istae
1895 1034 2019 1089 vita:
2053 1033 2166 1088 Deo

579 1150 812 1212 acceptae
839 1147 985 1206 sunt,
1014 1152 1121 1193 non
1154 1144 1240 1192 est
1262 1133 1551 1191 dillinitum
1575 1139 1758 1186 utrum
1797 1144 1897 1199 pro
1936 1125 2166 1182 Domino

578 1246 840 1300 turtures,
869 1248 938 1286 an
969 1228 1232 1291 columbae
1254 1224 1603 1288 sint’oblataa,
1630 1221 1724 1277 sed
1747 1220 1827 1276 sic
1855 1215 2167 1273 inditl‘eren-

579 1340 661 1386 ter
685 1330 886 1384 dictum
907 1334 993 1380 est
1016 1341 1030 1377 :
1067 1341 1085 1374 ι
1119 1320 1442 1378 Obtulerunt
1467 1332 1565 1388 pro
1584 1331 1650 1373 eo
1679 1312 1908 1371 Domino
1924 1326 2025 1383 par
2056 1320 2167 1365 tur-

579 1433 780 1486 turum,
812 1428 907 1475 aut
927 1419 1061 1474 duos
1080 1415 1256 1488 pullos
1280 1412 1676 1469 columbarum.
1712 1427 1730 1460 ι

607 1549 614 1555 ο
654 1536 673 1568 ι
717 1515 783 1569 Et
831 1526 959 1569 ecce
987 1512 1152 1568 homo
1204 1516 1324 1564 erat
1376 1506 1430 1560 in
1475 1501 1798 1563 Jerusalem.
1828 1500 1915 1556 cui
1966 1512 2167 1553 nomen

583 1627 603 1661 ι
630 1615 746 1662 erat
772 1604 1012 1661 Simeon.
1045 1622 1065 1656 ι
1093 1600 1231 1670 Quia
1253 1596 1514 1654 Dominus
1536 1601 1723 1650 noster
1742 1589 1901 1646 Jesus
1919 1587 2169 1645 Christus

577 1714 795 1757 onmem
821 1712 1009 1753 sexum
1036 1702 1092 1750 et
1118 1705 1335 1750 omnem
1377 1697 1595 1745 aetatem
1642 1684 1883 1742 liberare
1918 1686 2167 1744 venerat,

577 1791 798 1860 dignum
819 1794 940 1843 erat
977 1792 1040 1840 ut
1066 1782 1244 1840 omnis
1281 1790 1435 1835 tetas
1460 1786 1518 1833 et
1545 1790 1711 1832 sexus
1751 1772 1870 1843 ejus
1921 1771 2171 1827 incarna-

581 1839 712 1937 tiani
741 1877 1108 1935 testimonium
1135 1873 1446 1948 perhiberet
1477 1887 1490 1923 :
1515 1878 1572 1926 et
1603 1867 1730 1938 quia
1753 1839 2171 1936 piropbetaverat
2198 1839 2245 1900 Β

578 1973 827 2044 copulata
874 1969 1148 2041 coniugio,
1195 1967 1626 2038 prophetaverat
1674 1960 1847 2030 virgo,
1898 1955 2170 2013 Simeonis

580 2064 728 2122 senis
762 2073 817 2119 et
835 2062 967 2133 justi
996 2074 1227 2132 persona
1250 2054 1633 2119 introducitur,
1656 2065 1820 2121 quem
1844 2056 1900 2103 et
1926 2047 2168 2118 longaeva

578 2167 713 2214 tetas
740 2156 990 2212 idoneum
1039 2152 1260 2215 fecerat,
1309 2158 1368 2204 ut
1392 2164 1460 2205 ex
1489 2146 1638 2203 omni
1666 2152 1820 2216 parte
1856 2142 2049 2212 dignus
2082 2155 2195 2197 es--

579 2256 664 2304 set
704 2246 1072 2303 testimonium
1110 2242 1338 2299 Domino
1388 2238 1696 2310 perhibere,
1754 2243 1809 2290 et
1854 2232 2171 2305 impleretur

579 2338 864 2411 prophetia
892 2352 1014 2408 quae
1040 2334 1175 2391 dicit
1207 2352 1220 2388 :
1259 2353 1277 2385 ι
1309 2332 1551 2411 Laudato
1574 2327 1863 2385 Dominum
1890 2326 1956 2381 de
1991 2323 2167 2390 coelis,

577 2430 796 2487 laudate
818 2444 943 2487 eum
971 2429 1026 2483 in
1050 2425 1280 2483 excelsis
1310 2445 1329 2479 ι
1364 2438 1548 2495 usque
1573 2421 1640 2477 ad
1662 2420 1717 2475 id
1752 2418 1896 2490 quod
1921 2417 1997 2472 ait
2022 2436 2041 2468 ι
2068 2415 2166 2472 Ju-

576 2539 743 2581 venes
763 2530 818 2580 et
857 2522 1116 2594 virgines,
1148 2533 1308 2577 senes
1340 2533 1463 2573 cum
1487 2512 1798 2588 junioribus
1824 2510 2047 2566 laudent
2067 2523 2167 2563 no-

578 2632 703 2672 men
732 2614 947 2671 Domini
971 2612 1145 2684 (Psal.
1175 2610 1421 2679 cxnvm).
1459 2628 1478 2660 ι
1538 2627 1556 2659 ι
1615 2607 1681 2661 Et
1733 2606 1896 2660 homo
1940 2602 2044 2660 iste
2077 2600 2168 2671 ju-

584 2726 606 2760 ί
624 2714 754 2763 stus
774 2712 830 2759 et
859 2704 1170 2759 timoratus.
1207 2720 1226 2753 ι
1251 2698 1441 2755 Justus
1469 2705 1652 2752 autem
1681 2703 1736 2750 et
1763 2694 2052 2748 timoratus
2090 2690 2171 2745 di-

580 2797 743 2862 citur,
780 2803 841 2848 ut
862 2793 931 2849 ad
960 2790 1333 2848 testimonium
1362 2787 1592 2843 Domino
1618 2782 2013 2856 perhibendum
2055 2779 2172 2834 ido-

579 2904 719 2947 neus
745 2886 1068 2947 inveniatur.
1095 2885 1239 2939 Bene
1265 2882 1584 2953 priusquam
1618 2876 1754 2931 dixit
1778 2875 1981 2944 justus,
2013 2870 2168 2927 addi-

583 2982 665 3039 dit
695 2980 1005 3042 timoratus,
1031 2977 1087 3032 id
1110 2983 1197 3031 est
1242 2973 1437 3029 timore
1462 2969 1561 3032 Dei
1598 2968 1810 3041 plenus,
1852 2966 1978 3036 quia
2004 2962 2172 3036 justi-

582 3073 660 3128 tia
684 3071 804 3128 sine
835 3070 1030 3126 timore
1052 3065 1270 3125 dilIieile
1293 3061 1617 3120 custoditur.
1651 3059 1872 3115 Illorum
1911 3056 2056 3112 enim
2083 3051 2174 3122 ju-

581 3162 755 3228 stitia,
805 3173 1037 3232 quorum
1080 3163 1292 3213 mentes
1344 3154 1508 3210 timor
1556 3150 1654 3207 Dei
1700 3148 1987 3232 illuminat,
2036 3152 2173 3200 teste

583 3228 873 3311 Psalmista
898 3252 993 3324 qui
1017 3251 1133 3307 ait:
1164 3267 1184 3302 ι
1220 3248 1420 3305 Beatus
1442 3245 1529 3301 vir
1555 3243 1648 3314 qui
1680 3228 1835 3298 timet
1860 3239 2173 3305 Dominum,

584 3346 641 3403 in
670 3345 941 3403 mandatis
967 3342 1086 3413 ejus
1110 3342 1256 3398 volet
1287 3339 1471 3396 nimis.
1502 3356 1521 3389 ι
1564 3336 1630 3392 Et
1657 3336 1857 3390 iterum
1895 3350 1909 3387 :
1941 3350 1960 3384 τι
1988 3330 2177 3386 Timor

500 3478 508 3489 ο
584 3439 799 3497 Domini
820 3446 1060 3505 sanctus,
1088 3431 1481 3507 permanensin
1507 3428 1765 3486 saeculum
1793 3425 1999 3492 saeculi,
2021 3422 2180 3493 justi-

584 3515 659 3587 ut
686 3529 904 3586 Domini
939 3543 1067 3585 vera
1086 3526 1384 3598 justitleata
1410 3524 1464 3578 in
1493 3520 1805 3592 semetipsa.
1847 3537 1866 3570 ι
1901 3518 1968 3572 Et
2001 3514 2131 3571 alibi
2158 3532 2173 3570 :

589 3639 611 3675 ί
643 3621 860 3677 Initium
889 3619 1172 3690 sapientiae
1203 3618 1365 3672 timor
1393 3613 1629 3671 Domini.
1669 3630 1690 3665 ι
1743 3610 1813 3666 Ει
1865 3607 2123 3665 Salomon
2158 3624 2173 3661 :

590 3733 609 3767 ι
648 3714 750 3781 Qui
778 3713 931 3769 timet
959 3711 1250 3769 Dominum
1277 3706 1415 3764 nihil
1433 3704 1676 3777 negligit.
1710 3723 1731 3757 ι
1763 3701 1952 3757 Justus
1980 3700 2180 3771 quippe

585 3816 725 3874 erat,
749 3806 876 3876 quia
897 3821 1004 3861 non
1037 3804 1209 3860 solum
1253 3816 1430 3867 suam,
1463 3800 1561 3856 sed
1610 3798 1776 3854 totius
1803 3795 1989 3869 populi
2036 3794 2181 3850 salu-

588 3906 697 3954 tem
718 3896 1016 3968 quaerebat.
1050 3913 1070 3946 ι
1101 3895 1438 3966 Exspectans
1457 3889 1887 3946 consolationem
1930 3885 2119 3942 Israel.
2152 3904 2173 3938 ι

586 3989 899 4047 Consolatio
948 3988 1134 4055 Israel,
1179 3987 1234 4043 id
1275 3996 1382 4052 est,
1416 3982 1727 4041 videntibus
1756 3982 1926 4037 Deum
1964 3977 2181 4035 Domini

589 4083 854 4140 adventus
898 4082 955 4138 in
995 4096 1162 4138 carne
1202 4078 1322 4135 fuit.
1373 4077 1561 4135 Sancti
1598 4075 1745 4131 enim
1788 4072 1999 4139 Patres,
2045 4087 2181 4142 quos

590 4180 768 4231 metus
815 4172 1097 4243 originalis
1126 4170 1335 4243 peccati
1391 4168 1771 4232 contristabat,
1821 4180 1920 4237 per
1967 4164 2181 4221 Domini

592 4267 1022 4323 incarnationem
1053 4264 1323 4321 consolari
1348 4262 1665 4326 credebant,
1683 4268 1738 4314 et
1763 4259 1883 4314 ideo
1907 4258 2183 4328 prophetae

592 4357 1020 4431 quotiescunque
1045 4354 1260 4412 Domini
1309 4353 1601 4409 adventum
1648 4348 2042 4431 przedicabaut,
2073 4361 2183 4400 non

592 4427 814 4525 parvam
829 4427 1256 4507 consolationem
1284 4445 1628 4504 credentibus
1657 4427 2006 4498 exhibebant.
2031 4437 2184 4494 Unde

592 4546 758 4603 Isaias
800 4560 926 4601 cum
954 4541 1169 4600 Domini
1201 4541 1491 4597 adventum
1512 4534 1851 4607 praediceret,
1892 4529 2184 4604 specialem

595 4637 1019 4703 consolationem
1056 4633 1255 4708 populo
1303 4631 1507 4695 intulit,
1553 4628 1740 4685 dicens
1792 4644 1806 4681 :
1858 4644 1878 4677 ‹
1923 4622 2185 4680 Consola-

596 4730 753 4797 mini,
785 4727 1161 4793 consolamini,
1192 4722 1387 4796 popule
1428 4735 1604 4787 meus,
1639 4718 1772 4774 dicit
1824 4717 1966 4771 Deus
2000 4720 2185 4769 vester

598 4821 738 4892 (Isa.
765 4818 878 4891 XL).
920 4839 940 4872 ι
973 4819 1040 4875 Et
1065 4820 1260 4873 iterum
1287 4835 1300 4870 :
1345 4833 1365 4865 ί
1397 4813 1569 4870 Dicite
1613 4808 1978 4883 pusillanimis
2013 4825 2026 4861 :
2057 4821 2185 4862 eon-

598 4912 878 4968 fortamini
925 4919 981 4967 et
1032 4910 1198 4965 nolite
1228 4908 1440 4963 timere.
1473 4906 1616 4962 Ecce
1645 4904 1788 4959 Deus
1826 4909 2029 4966 vester,
2071 4900 2188 4969 ipse

599 5005 781 5060 veniet
803 5012 858 5058 et
881 5001 1109 5057 salvabit
1133 5016 1247 5057 vos.
1276 5019 1295 5052 ›
1324 4998 1475 5055 Hanc
1493 4980 1916 5054 consolationem
1942 4992 2185 5057 Simeon,

600 5096 693 5168 qui
735 5094 990 5151 obediens
1036 5093 1440 5162 interpretatur,
1464 5086 1837 5158 exspectabat,
1876 5097 2037 5154 quem
2066 5098 2188 5136 ma-

603 5199 726 5245 tura
751 5197 884 5245 tetas
908 5189 973 5244 de
994 5188 1195 5243 mundo
1223 5195 1283 5241 ut
1309 5184 1486 5241 exiret
1512 5178 1889 5251 compellebat,
1913 5193 2038 5232 cum
2064 5192 2191 5246 pro-

602 5293 725 5356 pter
750 5283 1076 5340 desiderium
1097 5280 1313 5337 videndi
1342 5277 1630 5333 Dominum
1655 5274 1707 5327 in
1724 5287 1892 5326 carne
1914 5271 2189 5325 manebat.

608 5396 626 5427 ι
674 5376 742 5432 Ει
786 5373 1022 5447 Spiritus
1050 5381 1272 5428 sanctus
1311 5376 1431 5425 erat
1480 5366 1535 5420 in
1581 5378 1667 5420 eo.
1703 5382 1721 5415 ι
1748 5362 1893 5418 Bene
1948 5360 2191 5416 dicturus

605 5468 933 5540 evangelista
969 5466 1038 5522 de
1064 5464 1340 5525 Simeone,
1388 5460 1515 5529 quia
1545 5456 1780 5527 Spiritus
1822 5461 2043 5511 sanctus
2068 5462 2190 5509 erat

605 5565 766 5630 ineo,
807 5560 1069 5634 praamisit
1094 5556 1237 5628 quod
1263 5561 1383 5609 erat
1429 5569 1447 5603 ι
1493 5550 1680 5623 justus
1726 5556 1781 5605 et
1822 5548 2127 5612 timoratus,
2164 5564 2184 5599 ι

606 5628 863 5728 quoniam
906 5654 961 5707 in
1001 5650 1212 5706 illorum
1242 5643 1496 5701 cordibus
1531 5644 1676 5699 Deus
1724 5641 1954 5706 habitat,
1986 5638 2077 5709 qui
2128 5628 2196 5693 ti-

606 5758 820 5806 mentes
848 5745 1017 5799 Deum
1038 5739 1305 5811 justitiam
1336 5745 1574 5802 servent,
1602 5736 1744 5793 sicut
1784 5734 1901 5805 ipse
1948 5747 2045 5804 per
2072 5747 2198 5803 pro-

607 5848 831 5922 phetam
857 5842 1035 5903 dicit:
1062 5860 1082 5897 ι
1112 5840 1297 5912 ευριπ⁸
1320 5851 1509 5913 quem
1533 5834 1873 5908 requiescam
1897 5830 2005 5891 nisi
2030 5845 2195 5904 super

2266 565 2405 637 (Isa.
2447 568 2632 637 LXVI)?
2685 585 2702 618 ι
2741 566 2807 621 Et
2845 566 2900 620 in
2941 565 3238 635 Evangelia
3292 580 3304 616 :
3369 581 3389 612 ‹
3434 560 3491 617 Si
3520 563 3642 631 quis
3684 563 3872 634 diligit

2263 676 2372 728 me,
2397 675 2702 717 sermonem
2725 674 2903 717 meum
2931 657 3190 721 servabit,
3222 666 3279 711 et
3303 655 3468 711 Pater
3495 670 3651 723 meus
3674 655 3871 724 diliget

2265 768 2410 810 eum.
2448 773 2467 805 ι
2494 751 2606 809 Nec
2650 753 2822 809 solum
2855 752 3163 808 Simeonem
3197 750 3461 820 Spiritum
3485 758 3735 804 sanctum
3772 749 3869 803 Dei

2265 848 2518 904 habuisse
2542 846 2845 912 credimus,
2889 845 2985 902 sed
3026 845 3192 903 etiam
3220 852 3449 899 caeteros
3487 852 3734 908 sanctos,
3774 843 3870 912 qui

2265 942 2481 999 Domini
2519 941 2947 1019 incarnationem
2980 938 3369 1009 prtedixerant,
3420 934 3684 1006 Spiritum
3736 948 3872 989 san~

2266 1042 2417 1091 ctum
2450 1032 2706 1089 habuisse
2738 1047 2845 1087 non
2874 1028 3203 1092 dubitamus,
3231 1035 3370 1082 teste
3397 1024 3643 1096 apostolo
3679 1023 3869 1087 Petro,

2267 1125 2361 1197 qui
2414 1125 2528 1180 ait:
2569 1141 2588 1175 α
2628 1121 2745 1178 Non
2775 1121 2920 1177 enim
2956 1119 3234 1175 voluntate
3284 1117 3523 1171 humana
3573 1113 3740 1169 allata
3786 1126 3871 1168 est

2269 1218 2562 1289 aliquando
2592 1216 2897 1288 prophetia,
2941 1215 3036 1270 sed
3084 1213 3295 1284 Spiritu
3319 1213 3415 1267 Dei
3450 1210 3661 1282 repleti,
3700 1208 3869 1264 locuti

2266 1319 2396 1367 sunt
2436 1310 2533 1365 Dei
2580 1309 2831 1365 homiues
2880 1306 2971 1379 (II
3009 1306 3155 1360 Petr.
3182 1309 3243 1376 1).
3304 1323 3323 1356 ι
3377 1303 3516 1358 IIine
3550 1303 3722 1358 Isaias
3750 1302 3866 1355 ait:

2272 1422 2293 1456 ι
2331 1402 2567 1473 Spiritus
2594 1408 2816 1457 sanctus
2842 1397 3056 1455 Domini
3085 1411 3250 1466 super
3274 1411 3384 1459 me,
3410 1410 3477 1450 eo
3520 1393 3667 1464 quod
3696 1406 3870 1446 unxe-

2270 1494 2344 1549 rit
2376 1508 2483 1557 me,
2515 1490 2890 1565 evangelizare
2920 1488 3250 1561 pauperibus
3273 1486 3425 1541 misit
3444 1500 3550 1541 me.
3594 1503 3616 1537 ι
3656 1484 3728 1538 Et
3767 1482 3870 1537 Da-

2268 1585 2360 1641 vid
2387 1584 2480 1656 qui
2508 1584 2723 1641 dixerat
2759 1600 2772 1636 :
2808 1600 2824 1634 ι
2856 1580 3089 1636 Audiam
3123 1578 3253 1648 quid
3278 1578 3534 1648 loquatur
3555 1576 3610 1630 in
3642 1589 3736 1629 me
3760 1574 3866 1628 Do-

2270 1679 2454 1736 minus
2475 1679 2640 1743 Deus,
2671 1695 2689 1728 ι
2723 1674 2842 1746 ejus
2877 1673 3140 1744 Spiritum
3170 1671 3224 1726 in
3248 1684 3309 1726 se
3338 1668 3759 1730 credebatesse,
3792 1665 3869 1719 di-

2271 1785 2437 1826 cens:
2459 1789 2477 1822 ‹
2510 1767 2746 1839 Spiritus
2762 1766 3072 1822 tuusbonus
3091 1762 3324 1819 deducet
3349 1775 3437 1815 me
3464 1759 3519 1814 iu
3542 1765 3750 1814 terram
3785 1772 3868 1811 re-

2271 1871 2435 1919 ctam.
2469 1880 2489 1915 ι
2519 1861 2589 1916 Et
2611 1860 2754 1915 sicut
2784 1855 3075 1929 Apostolus
3101 1852 3381 1925 discipulis
3402 1852 3514 1909 suis
3536 1851 3649 1906 ait:
3681 1869 3701 1902 ι
3728 1848 3867 1904 Puto

2271 1955 2416 2028 quod
2437 1962 2493 2012 et
2522 1969 2629 2026 ego
2652 1951 2913 2024 Spiritum
2940 1950 3037 2006 Dei
3073 1948 3304 2004 habeam
3337 1945 3392 2017 (Ι
3422 1944 3548 2000 Cor.
3572 1943 3695 2014 vn).
3738 1963 3757 1995 ι

2343 2069 2361 2102 ‹
2381 2049 2784 2119 Etresponsum
2798 2051 3089 2115 acceperat
3111 2058 3142 2097 a
3166 2041 3372 2113 Spiritu
3395 2048 3610 2103 sancto,
3640 2054 3750 2093 non
3778 2037 3858 2090 vi-

2276 2160 2295 2195 ι
2333 2155 2521 2197 surum
2556 2154 2617 2194 se
2642 2145 2897 2202 mortem,
2918 2135 3024 2190 nisi
3053 2134 3205 2205 prius
3225 2132 3438 2187 videret
3458 2129 3741 2186 Christum
3765 2130 3865 2182 Do-

2277 2252 2296 2287 r
2332 2232 2486 2288 mini.
2527 2251 2545 2284 ›
2578 2231 2662 2287 Ab
2687 2230 2805 2301 ipso
2834 2227 3044 2285 scilicet
3092 2223 3317 2296 Spiritu,
3363 2223 3458 2292 qui
3496 2222 3552 2277 in
3580 2222 3699 2291 ipso
3727 2226 3862 2282 erat,

2270 2325 2615 2383 invisibiliter
2647 2324 2701 2378 in
2728 2322 2894 2378 corde
2915 2332 3237 2391 responsum
3265 2314 3496 2385 accepit,
3522 2322 3580 2368 et
3601 2309 3866 2369 intellexit

2271 2419 2413 2493 quod
2440 2433 2551 2473 non
2581 2424 2728 2473 esset
2747 2414 2991 2470 visurum
3033 2418 3290 2473 mortem,
3330 2407 3437 2462 nisi
3467 2404 3681 2461 videret
3706 2400 3862 2458 Chri-

2271 2526 2415 2573 stum
2439 2513 2655 2571 Domini
2679 2518 2892 2587 natum.
2922 2508 3004 2565 Ex
3039 2521 3146 2577 qua
3170 2498 3525 2574 responsione
3547 2500 3653 2555 hoc
3672 2495 3879 2561 intelli-_

2274 2610 2478 2682 gimus,
2517 2606 2643 2677 quia
2686 2605 2789 2661 iste
2815 2616 2980 2659 senex
3002 2599 3222 2656 Simeon
3245 2595 3454 2653 sciebat
3487 2591 3731 2648 vicinum
3748 2602 3853 2644 esse

2274 2711 2490 2771 tempus
2538 2697 2836 2754 Dominicae
2878 2689 3291 2750 incarnationis.
3336 2684 3453 2742 Hoc
3501 2683 3651 2739 enim
3703 2693 3856 2737 senex

2273 2791 2516 2865 quotidie
2536 2792 2591 2846 iu
2614 2790 2727 2846 suis
2763 2785 3103 2844 orationibus
3130 2780 3477 2855 precabatur,
3506 2785 3569 2832 ut
3607 2790 3718 2832 non
3756 2771 3865 2827 exi~

2280 2893 2365 2941 ret
2387 2884 2453 2940 de
2495 2883 2599 2938 hoc
2621 2880 2822 2938 saeculo
2847 2888 3142 2949 antequam
3177 2874 3387 2929 videret
3409 2878 3623 2935 natum,
3653 2866 3748 2939 qui
3776 2877 3867 2919 ve-

2274 2983 2434 3032 nerat
2451 2974 2722 3030 redimere
2747 2969 3024 3028 saeculum.
3051 2966 3207 3025 Unde
3228 2962 3527 3020 secundum
3552 2972 3713 3015 suum
3734 2953 3872 3011 desi-

2277 3068 2490 3124 derium
2517 3079 2838 3136 responsum
2863 3060 3094 3131 accepit,
3147 3055 3293 3128 quod
3345 3068 3455 3109 non
3485 3058 3632 3107 esset
3654 3048 3872 3103 visurus

2278 3170 2533 3227 mortem,
2565 3159 2671 3215 nisi
2702 3157 2909 3213 videret
2937 3153 3218 3211 Christum
3262 3145 3495 3204 Domini.
3544 3142 3653 3197 Nec
3698 3138 3876 3195 solum

2281 3256 2505 3314 Simeon
2531 3250 2802 3309 desiderio
2838 3246 3055 3305 videndi
3086 3245 3370 3301 Dominqu
3399 3239 3657 3308 ﬂagrasse
3688 3233 3876 3289 credi-

2278 3361 2425 3414 mus,
2453 3345 2548 3401 sed
2573 3343 2740 3399 etiam
2767 3354 2959 3397 omnes
2987 3336 3181 3403 sancti,
3214 3335 3307 3406 qui
3328 3347 3426 3405 per
3451 3327 3713 3400 Spiritum
3742 3339 3877 3379 san-

2279 3449 2429 3497 ctum
2449 3436 2567 3507 ejus
2595 3432 3025 3492 incarnationem
3054 3428 3441 3500 praeviderunt,
3473 3437 3596 3479 cum
3624 3432 3880 3491 corpora-

2278 3534 2425 3599 liter,
2479 3532 2525 3585 si
2577 3529 2692 3585 ﬁeri
2731 3533 2937 3598 posset,
2963 3523 3151 3579 videre
3180 3524 3525 3592 optaverunt,
3551 3515 3710 3586 juxta
3746 3509 3876 3566 illud

2279 3625 2423 3699 quod
2473 3622 2736 3679 Dominus
2760 3619 3035 3689 loquitur,
3060 3615 3286 3671 dicens:
3324 3629 3344 3663 ι
3377 3610 3509 3665 Dico
3546 3606 3702 3661 vobis
3736 3599 3877 3674 quod

2281 3719 2435 3777 multi
2507 3716 2785 3789 prophetae
2845 3719 2901 3769 et
2961 3723 3118 3779 reges
3174 3705 3464 3761 voluerunt
3510 3700 3697 3755 videre
3761 3707 3879 3766 qua:

2280 3825 2378 3867 vos
2427 3809 2650 3873 videtis,
2718 3813 2773 3860 et
2828 3818 2937 3859 non
2989 3800 3243 3856 viderunt
3290 3813 3304 3849 :
3354 3802 3410 3849 et
3434 3792 3623 3847 audire
3645 3802 3768 3858 qua:
3788 3800 3881 3839 au-

2282 3903 2431 3967 ditis,
2462 3910 2516 3958 et
2546 3916 2654 3956 non
2682 3898 2969 3954 audierunt
2998 3892 3149 3966 (Luc.
3182 3889 3263 3962 ι).
3292 3909 3311 3941 ι
3336 3887 3452 3943 Hoc
3480 3881 3753 3940 desiderio
3790 3878 3879 3932 lla-

2283 3997 2476 4071 grabat
2520 3987 2849 4048 venerabilis
2894 4000 3060 4041 senex
3088 3980 3278 4043 Jacob,
3310 3978 3401 4049 qui
3432 3991 3557 4032 cum
3584 3972 3880 4030 moriturus

2285 4063 2424 4145 Illius
2452 4084 2821 4145 benediceret,
2855 4077 2934 4133 ait
2974 4090 2990 4150 _:
3021 4095 3039 4128 ‹
3070 4072 3324 4130 Salutare
3349 4079 3502 4125 tuum
3527 4063 3878 4136 exspectabo,

2285 4179 2516 4237 Domine
2561 4172 2715 4247 (Gen.
2773 4169 2888 4242 ιι).
2944 4186 2962 4220 ι
3036 4165 3153 4221 Hoc
3199 4161 3363 4219 etiam
3417 4173 3605 4215 amore
3655 4153 3882 4211 ardebat

2286 4270 2476 4334 Isaias,
2515 4243 2638 4321 eum
2688 4261 2901 4317 dicebat
2930 4296 2944 4312 .
3007 4274 3026 4309 ι
3059 4256 3281 4312 Utinam
3322 4251 3689 4321 disrumperes
3716 4243 3883 4301 caelos

2287 4372 2343 4419 et
2388 4355 2747 4417 descenderes
2811 4349 2946 4423 (Isa.
3007 4344 3187 4418 LXIV)!
3254 4363 3273 4397 ι
3341 4343 3412 4398 Et
3462 4338 3632 4395 David
3690 4336 3884 4392 eodem

2290 4460 2526 4508 aestuans
2570 4457 2780 4507 amore,
2839 4439 3019 4495 aiebat
3068 4456 3081 4491 :
3120 4454 3139 4488 ι
3172 4434 3421 4499 Domine,
3464 4429 3666 4486 inclina
3715 4424 3884 4483 cmlos

2214 4565 2266 4627 υ
2294 4550 2432 4603 tuos,
2462 4546 2516 4594 et
2542 4532 2829 4591 descende.
2864 4549 2883 4582 ι
2918 4529 2987 4584 Et
3011 4542 3150 4583 unus
3173 4525 3561 4596 prophetarum
3589 4521 3693 4576 hoc
3718 4518 3885 4574 etiam

2240 4612 2261 4681 ἶ
2288 4631 2514 4692 ardebat
2525 4641 2731 4692 amore,
2753 4638 2877 4680 cum
2893 4621 3134 4679 dicebat:
3164 4638 3191 4695 ι,
3221 4615 3564 4688 Exspectabo
3597 4612 3885 4669 Dominum

2288 4724 2614 4782 salvatorem
2652 4730 2855 4776 meum,
2907 4720 2963 4766 et
3003 4708 3362 4781 praestolabor
3389 4721 3513 4762 eum
3552 4704 3681 4760 dum
3720 4710 3887 4772 prope

2289 4823 2373 4873 est
2399 4809 2585 4886 (Mich.
2612 4806 2730 4880 vn).
2745 4827 2764 4860 ι
2792 4803 3066 4874 Quaeritur
3085 4815 3258 4873 quare
3281 4800 3444 4863 dicat,
3475 4811 3583 4851 non
3598 4807 3722 4850 esse
3739 4794 3885 4849 visu-

2289 4924 2412 4967 rum
2441 4911 2695 4968 mortem,
2725 4914 2848 4954 cum
2873 4912 3021 4953 mors
3041 4895 3223 4966 potius
3248 4892 3435 4949 oculos
3455 4888 3698 4955 claudat,
3722 4899 3884 4959 quam

2292 4998 2519 5070 aperiat.
2576 4992 2682 5048 Sed
2732 4990 2800 5045 ad
2845 4989 2950 5044 hoc
2988 4985 3299 5050 dicendum,
3332 4982 3460 5052 quia
3486 4980 3672 5035 videre
3698 4978 3757 5033 in
3790 4978 3887 5032 hoc

2297 5068 2441 5158 loco,
2476 5104 2577 5160 pro
2632 5083 2840 5142 sentire
2870 5081 2955 5136 vel
2999 5078 3239 5150 experiri
3281 5076 3500 5133 dicitur.
3544 5074 3651 5129 Iste
3695 5068 3888 5127 modus

2293 5189 2348 5245 in
2374 5182 2673 5255 Seripturis
2695 5176 3084 5234 usitatissimus
3113 5180 3214 5239 est,
3247 5179 3306 5226 ut
3333 5168 3519 5225 videre
3561 5180 3663 5236 pro
3687 5163 3890 5220 sentire

2292 5280 2379 5336 vel
2391 5274 2626 5348 experiri
2650 5268 2941 5339 aliquando
2960 5274 3217 5337 ponatur,
3242 5264 3385 5320 sicut
3406 5263 3460 5318 in
3475 5258 3774 5331 Evangelia
3789 5256 3890 5311 Do-

2295 5372 2477 5429 minus
2499 5366 2659 5421 dicit:
2684 5382 2702 5415 ‹
2730 5362 2791 5417 Si
2816 5359 2940 5431 quis
2964 5358 3434 5429 diligitsermones
3462 5367 3630 5415 meos,
3659 5357 3890 5406 mortem

2292 5480 2399 5520 non
2417 5459 2617 5517 videbit
2631 5457 2685 5512 in
2700 5464 2984 5512 aeternum.
2999 5452 3095 5507 iEt
3108 5452 3231 5507 ideo
3242 5448 3386 5521 quod
3400 5440 3889 5515 dicitevangelista,

2307 5574 2326 5608 ι
2366 5571 2474 5611 non
2501 5566 2623 5608 esse
2653 5549 2897 5604 visurum
2921 5553 3179 5610 mortem,
3226 5561 3245 5596 ι
3272 5541 3380 5597 tale
3402 5548 3561 5597 estae
3585 5537 3632 5593 si
3663 5537 3890 5597 diceret,

2301 5662 2413 5704 non
2437 5660 2560 5702 esse
2611 5649 2953 5717 gustaturum
3004 5639 3058 5693 in
3110 5651 3170 5693 se
3194 5634 3279 5691 vel
3315 5646 3605 5689 sensurum
3634 5637 3888 5685 mortem.

2374 5758 2393 5794 ι
2448 5739 2516 5795 Et
2556 5738 2706 5794 venit
2738 5736 2795 5792 in
2826 5734 3019 5806 spiritu
3060 5733 3115 5788 in
3148 5729 3426 5801 templum.
3476 5747 3495 5780 ι
3528 5724 3645 5782 Νοιι
3676 5732 3893 5795 putatur

2299 5836 2358 5893 in
2379 5826 2585 5894 διειδὲί
2610 5838 2798 5906 raptus
2828 5828 3041 5887 venisse
3070 5826 3128 5885 in
3171 5822 3454 5897 templum,
3484 5820 3629 5884 sicut
3655 5816 3890 5879 Joannes
