4038 6352
195 328 287 383 105
1365 303 1667 364 HOMILIAS
1725 301 1812 356 DE
1853 296 2194 357 TEMPORE.
3304 289 3402 344 ltiti

191 444 243 509 in
266 435 573 509 Apocalypsi
597 447 656 488 se
679 431 732 487 in
779 429 915 488 calo
935 427 1102 484 fuisse
1137 432 1365 481 testatur
1397 421 1582 493 (Apoc.
1611 420 1733 488 xu),
1762 422 1812 478 Λ
1913 432 1932 466 ι
1959 411 2112 509 Nunc
2139 407 2364 509 dimittis
2389 421 2603 463 servum
2631 399 3403 509 t'uunt,'Dontinel,

194 490 369 588 sed—ab
535 526 738 596 Spiritu
787 521 1164 584 commonitus,
1214 534 1244 572 a
1284 532 1392 587 quo
1411 490 1736 584 responsum
1844 522 1861 554 ι
1898 503 2120 598 verbum
2324 499 2380 598 in
2410 512 2559 568 pace.
2599 517 2616 550 ι
2641 496 2700 551 In
2718 496 2932 598 quibus
2961 492 3140 598 verbis
3170 490 3408 598 ostendit

195 584 479 688 acceperat,
512 584 811 686 intelligens
836 613 1022 666 horam
1066 624 1185 664 esse
1214 584 1487 677 impletam
1513 617 1619 672 qua
1655 601 1738 654 vi-
1839 593 1963 664 quia
1977 607 2099 688 non
2125 589 2367 688 obaliud
2396 602 2614 642 manere
2647 587 2860 642 volebat
2888 587 2942 642 in
2973 584 3322 688 saeculonnisi
3349 593 3409 639 ut

195 675 331 766 dere;
358 675 1052 773 Dominumfcorporaliter
1102 699 1247 755 venit
1288 675 1341 752 in
1373 695 1649 766 templum,
1682 701 1742 746 ut
1841 681 2124 773 Dominum
2167 679 2376 734 νίάοΐθι
2403 687 2807 773 n_atu{n._quem
2829 691 2954 773 PO!
2999 684 3057 730 ιιι
3100 675 3253 773 νξξιίῑο
3283 688 3406 773 ῐηοξ

195 798 499 854 desiderium
520 811 674 851 suum
693 809 758 849 ex
768 793 972 848 visione
1003 789 1211 845 Domini
1237 787 1481 852 satiaret,
1506 783 1652 839 etde
1676 796 1741 836 eo

1870 782 1899 827 ll
1921 772 2184 844 portavit,
2213 779 2273 825 ut
2303 785 2397 825 ore
2432 768 2700 833 laudavit,
2730 768 2983 824 exsiliens
3011 769 3226 839 gaudio,
3254 768 3410 838 quasi

192 890 344 944 multa
365 903 545 943 coram
572 886 797 940 testibus
825 879 1347 955 prophetaret.Unde
1372 886 1428 934 et
1451 876 1697 932 subditur
1725 891 1737 927 :
1843 868 2114 922 licentiam
2140 866 2208 920 de
2229 865 2428 955 mundo
2450 860 2760 933 egrediendi
2789 861 3088 955 postulans,
3106 861 3408 955 benedixit:

259 997 277 1027 ι
302 976 504 1030 Etcum
535 951 848 1028 inducerent
869 951 1094 1041 puerum
1119 968 1303 1023 Jesum
1326 973 1578 1036 parentes
1604 963 1740 1035 ejus,
1847 975 1867 1008 ι
1900 955 2054 1012 Νυηο
2095 954 2318 1011 dimittis
2345 967 2560 1010 Servum
2601 960 2785 1015 illum:
2815 951 3071 1016 υοιηίηθ»
3120 953 3413 1008 secundum

195 1087 214 1120 ι
248 1077 301 1121 ιιι
346 1066 587 1121 facerent
635 1063 928 1119 secundum
980 1059 1424 1116 consuetudinem
1469 1057 1605 1127 legis
1645 1070 1742 1124 pro
1842 1049 2246 1108 verbumtuum
2275 1047 2331 1102 in
2377 1059 2526 1117 pace.
2561 1064 2580 1097 ι
2617 1043 2698 1098 Ac
2735 1044 2782 1099 si
2819 1043 3062 1099 diceret:
3095 1043 3228 1110 Quia
3264 1044 3417 1100 video

195 1178 211 1208 ι
243 1172 323 1220 eo,
355 1165 411 1211 et
455 1156 572 1225 ipse
619 1154 828 1224 accepit
873 1168 996 1208 eum
1027 1153 1080 1206 in
1110 1151 1264 1205 ulnas
1292 1165 1434 1206 suas.
1477 1169 1495 1200 ι
1530 1149 1596 1203 Et
1618 1162 1745 1202 ecce
1843 1155 2030 1212 pacem
2052 1180 2067 1206 ,
2095 1139 2304 1195 dimitte
2331 1152 2418 1192 me
2447 1138 2502 1191 in
2542 1150 2704 1207 pace,
2743 1136 2794 1190 in
2838 1134 2981 1189 illam
3016 1135 3222 1191 scilicet
3253 1150 3416 1206 quam

189 1244 393 1316 impleta
422 1243 712 1314 promissio
737 1250 823 1297 est
869 1240 1104 1311 Spiritus
1133 1239 1331 1304 sancti,
1367 1239 1493 1309 quia
1521 1252 1626 1292 non
1657 1253 1745 1292 so-
1845 1229 2318 1285 commendaturus
2347 1234 2466 1282 erat
2487 1225 2781 1296 ἀὶεοίρυιίεν
2799 1225 2993 1316 ρίεθηε
3025 1242 3037 1277 ε
3070 1244 3088 1316 ἐ
3125 1225 3319 1316 Ρεςθιιι
3350 1225 3420 1280 d0

189 1313 287 1388 lum
315 1313 499 1388 videre
547 1331 833 1387 Dominum
886 1329 1226 1394 meruit,‘sed
1253 1331 1417 1384 etiam
1441 1336 1656 1398 portare
1691 1327 1745 1382 in
1845 1320 2024 1387 vobis,
2060 1333 2248 1390 pacem
2294 1317 2541 1386 relinquo
2573 1315 2726 1371 vobis
2764 1314 2947 1386 (Joan.
2976 1315 3112 1384 xiv).
3153 1333 3172 1367 ι
3202 1313 3421 1372 Sciebat
3465 1353 3472 1375 .

188 1423 336 1486 ulnis,
365 1421 416 1477 id
443 1421 603 1477 estin
634 1421 888 1475 brachiis.
922 1419 989 1474 Et
1036 1419 1173 1473 mira
1218 1433 1337 1483 res,
1385 1415 1633 1487 portabat
1660 1430 1746 1471 se-
1844 1415 1990 1471 enim
2023 1429 2082 1470 se
2107 1414 2174 1470 de
2197 1413 2466 1469 laboriosa
2494 1411 2603 1467 vita
2631 1411 2698 1466 ad
2741 1411 2918 1467 locum
2957 1411 3108 1482 pacis
3134 1419 3189 1467 et
3222 1413 3422 1480 quietis

188 1529 303 1578 nex,
326 1529 356 1568 a
379 1529 487 1582 quo
513 1511 845 1582 portabatur.
889 1510 1078 1580 Magna
1127 1509 1216 1564 hic
1254 1507 1467 1564 Domini
1493 1516 1576 1563 est
1597 1515 1746 1577 pote~
1848 1506 2232 1570 transiturum,
2280 1519 2348 1558 ex
2391 1518 2500 1573 quo
2541 1510 2664 1572 post
2710 1502 2923 1558 Domini
2972 1501 3421 1558 resurrectionem

188 1611 310 1666 stas,
341 1601 434 1656 sed
467 1615 568 1655 nec
606 1599 784 1654 minor
825 1596 943 1665 ejus
976 1595 1144 1653 claret
1169 1597 1463 1663 humilitas,
1492 1596 1748 1666 quaniam
1845 1603 2202 1666 perventurus
2229 1601 2372 1648 esset
2399 1593 2467 1647 ad
2491 1591 2767 1647 caelestem
2792 1592 3085 1662 regionem.
3112 1590 3224 1647 Nec
3249 1591 3423 1646 solum

187 1705 335 1760 quem
371 1689 570 1744 caelum
595 1698 651 1743 et
673 1697 817 1743 terra
843 1701 1037 1757 capere
1059 1701 1164 1740 non
1193 1693 1435 1756 possunt,
1465 1685 1623 1740 unius
1652 1686 1750 1740 ho-
1850 1684 2070 1740 Simeon
2100 1683 2169 1738 ab
2197 1682 2301 1737 hac
2342 1682 2451 1737 vita
2489 1683 2560 1737 ad
2603 1680 2764 1736 aliam
2810 1681 3044 1738 transire
3089 1681 3423 1751 concupivit,

187 1778 337 1832 minis
366 1779 686 1849 portabatur
706 1777 760 1832 in
783 1776 945 1832 ulnis.
983 1776 1075 1831 llle
1104 1777 1356 1847 portabat
1389 1775 1664 1832 Christum
1690 1775 1746 1830 in
1776 1764 1821 1824 Β
1848 1773 1942 1828 sed
1975 1772 2138 1827 etiam
2179 1771 2362 1842 plures
2402 1778 2711 1825 sanctorum
2741 1771 2808 1826 ad
2855 1771 2997 1827 hanc
3037 1771 3426 1842 perfectionem

185 1867 533 1934 humanitate,
565 1882 592 1920 a
622 1882 730 1937 quo
766 1867 1084 1937 portabatur
1107 1881 1206 1936 per
1224 1867 1582 1932 divinitatem,
1614 1866 1753 1922 fere-
1851 1870 2232 1934 pervenerunt,
2268 1870 2329 1916 ut
2373 1861 2644 1916 sarcinam
2688 1861 2868 1916 carnis
2919 1860 3268 1932 deponerent,
3296 1877 3431 1932 qua-

185 1958 270 2012 bat
289 1973 454 2014 senex
470 1958 747 2016 Christum
773 1959 1051 2024 infantem,
1067 1959 1160 2030 qui
1181 1959 1329 2014 illum
1350 1960 1569 2030 regebat
1593 1960 1648 2014 in
1668 1974 1754 2015 sec

185 2059 393 2107 nectute
417 2053 720 2122 degentem.
763 2051 916 2108 Felix
959 2052 1176 2121 quidem
1228 2051 1468 2118 Simeon,
1516 2052 1608 2124 qui
1645 2066 1753 2107 non

185 2139 349 2194 solum
379 2139 583 2206 videre,
632 2141 727 2196 sed
772 2141 936 2196 etiam
975 2140 1248 2196 Christum
1290 2149 1508 2210 portare
1559 2140 1756 2196 meruit

184 2229 233 2283 in
258 2243 454 2296 carne;
485 2245 584 2286 nec
608 2231 785 2290 minus
807 2230 991 2285 felices
1021 2230 1212 2284 animae
1231 2245 1351 2300 quae
1378 2245 1485 2285 non
1508 2231 1758 2286 viderunt

183 2329 230 2374 et
271 2321 643 2376 crediderunt.
687 2319 843 2376 Unde
890 2319 1152 2374 Dominus
1194 2320 1408 2373 cuidam
1437 2334 1496 2373 se
1520 2318 1758 2390 palpanti

181 2409 253 2462 ait
281 2425 297 2462 :
335 2426 354 2459 ι
378 2406 518 2474 Quia
541 2408 721 2462 vidisti
743 2423 849 2472 me,
876 2407 1167 2467 credidisti,
1197 2406 1338 2460 beati
1369 2407 1461 2476 qui
1483 2423 1587 2461 non
1615 2408 1762 2463 vide-

183 2507 373 2554 runtet
398 2498 742 2554 crediderunt
758 2496 938 2566 (Joan.
955 2497 1067 2568 xx).
1100 2517 1120 2550 ι
1151 2497 1350 2568 Typice
1365 2496 1581 2552 Simeon
1597 2512 1760 2552 senex

186 2586 440 2641 mundum
457 2584 852 2656 signiﬁcat,qui
875 2599 996 2639 cum
1017 2593 1138 2654 post
1169 2586 1406 2655 quinque
1435 2585 1600 2640 millia
1621 2595 1762 2642 eteo

186 2676 410 2746 amplius
423 2690 595 2730 annos
609 2674 882 2730 Christum
900 2683 1082 2727 natum
1099 2675 1336 2744 agnovit,
1355 2675 1508 2744 quasi
1531 2676 1586 2729 in
1605 2690 1762 2731 sene-

191 2775 330 2822 ctute
341 2781 568 2838 puerum
579 2764 835 2836 portavit.
848 2762 1074 2832 Accepit
1085 2779 1208 2819 eum
1221 2763 1274 2818 in
1289 2763 1648 2834 ulnis,quibus
1661 2777 1761 2821 nos

191 2874 348 2915 onera
395 2867 612 2928 portare
649 2854 906 2920 solemus,
955 2861 1016 2908 ut
1061 2853 1335 2909 discamus
1383 2854 1573 2910 tollere
1599 2870 1761 2926 super

195 2951 486 3021 nosjugum
515 2947 715 3004 Christi
761 2946 901 3011 leve,
950 2953 1006 3001 et
1033 2961 1170 3002 onus
1213 2944 1329 3015 ejus
1353 2961 1538 3003 suave.
1573 2947 1761 3004 Portat

1853 1961 2012 2008 tenus
2050 1952 2103 2006 in
2150 1952 2268 2008 sinu
2311 1951 2545 2006 Abrahae
2566 1991 2581 2017 ,
2607 1949 2662 2027 id
2691 1959 2776 2006 est
2818 1951 2887 2006 ad
2913 1951 3154 2022 requiem
3178 1962 3432 2022 optarent

1855 2045 2107 2129 transire,
2155 2051 2212 2099 et
2261 2045 2552 2099 adventum
2599 2043 2716 2114 ejus
2759 2043 3124 2113 postularent,
3173 2045 3266 2116 qui
3313 2045 3433 2116 ejus

1846 2132 2068 2203 janunm
2100 2134 2221 2188 vitae
2247 2131 2488 2189 ccclestis
2512 2133 2768 2204 aperiret,
2805 2133 2948 2190 sicut
2979 2133 3197 2190 ldithun
3235 2136 3433 2192 transi-

1853 2223 1980 2278 litor
2010 2224 2386 2294 cupiditatum,
2416 2240 2538 2280 cum
2575 2224 2714 2280 mala
2751 2227 2937 2282 mundi
2961 2241 3208 2283 crescere
3239 2242 3431 2284 cerne—

1858 2322 1962 2378 ret,
1995 2313 2330 2369 incalescens
2370 2314 2570 2380 animo,
2603 2315 2678 2369 ait
2707 2331 2722 2370 :
2757 2333 2777 2367 ι
2805 2315 3002 2371 Νοιιιιιι
3031 2317 3119 2374 fac
3142 2318 3297 2384 mihi,
3325 2319 3434 2374 Do-

1860 2404 2035 2469 mine,
2082 2405 2242 2458 linem
2281 2420 2490 2470 meum,
2520 2413 2578 2460 et
2611 2420 2896 2460 numerum
2937 2407 3145 2462 dierum
3190 2423 3436 2465 meorum

1861 2495 1984 2566 quis
2007 2503 2162 2550 estut
2181 2495 2368 2550 sciam.
2402 2515 2420 2548 ι
2443 2495 2508 2551 Et
2522 2496 2715 2551 iterum
2740 2514 2754 2550 :
2784 2515 2803 2548 ι
2823 2496 2962 2553 Ecce
2979 2505 3190 2554 veteres
3210 2499 3438 2568 posuisti

1862 2585 1976 2639 dies
2002 2600 2171 2640 meos.
2207 2605 2224 2636 ι
2262 2586 2326 2639 Ει
2354 2585 2560 2641 David:
2598 2604 2617 2638 ι
2658 2585 2736 2642 Νε
2763 2602 2987 2643 revoces
3009 2603 3096 2643 me
3133 2588 3187 2642 in
3215 2589 3439 2645 dimidio

1860 2674 2068 2729 dierum
2084 2690 2344 2738 meorum,
2362 2675 2416 2730 in
2433 2676 2778 2746 generatione
2792 2685 2848 2730 et
2865 2677 3288 2747 generationem,
3301 2686 3436 2734 tete.

1858 2761 1979 2818 Jam
2006 2778 2136 2819 vero
2165 2763 2298 2818 Novi
2325 2764 2654 2819 Testamenti
2693 2773 2874 2834 patres
2901 2773 3053 2822 tanto
3088 2763 3332 2823 securius
3369 2768 3440 2823 ab

1861 2854 1964 2908 hac
1989 2854 2096 2908 vita
2117 2862 2339 2920 exeunt,
2359 2863 2562 2925 quanto
2583 2855 2684 2910 sibi
2708 2855 2868 2910 aliam
2894 2857 3057 2911 vitam
3078 2868 3439 2928 praeparatam

1860 2961 1981 3002 esse
2008 2947 2210 3002 certius
2237 2947 2494 3014 credunt,
2535 2949 2680 3019 quod
2722 2947 3090 3018 perfecturum
3125 2959 3210 3006 est
3255 2964 3438 3022 agere.

194 3049 366 3094 autem
384 3037 734 3109 spiritualiter
758 3035 998 3092 Ecclesia
1022 3035 1076 3090 in
1099 3035 1257 3092 bonis
1285 3037 1562 3107 operibus,
1595 3053 1758 3108 quem
1863 3038 2050 3106 Qualis
2073 3047 2192 3094 erat
2212 3038 2411 3095 Paulus
2430 3039 2726 3111 apostolus,
2757 3041 2850 3110 qui
2879 3056 2979 3111 pro
3006 3040 3164 3098 bonis
3186 3043 3443 3112 operibus

199 3128 411 3184 Simeon
445 3127 681 3200 portavit
705 3126 1058 3196 corporaliter
1084 3127 1139 3181 in
1170 3128 1419 3182 manibus
1458 3145 1472 3183 :
1503 3129 1628 3198 quia
1656 3146 1753 3200 per
1779 3123 1825 3186 C
1856 3129 2333 3185 securusdicebat:
2355 3128 3136 3200 «Cupiodissolvietessecum
3153 3131 3391 3188 Christo.
3413 3152 3434 3184 ι

199 3233 388 3272 manus
447 3226 502 3272 et
555 3215 776 3272 brachia
847 3231 1012 3287 opera
1061 3216 1452 3288 intelliguntur,
1510 3225 1762 3276 monente
1864 3220 2097 3276 Dissolvi
2125 3220 2271 3276 enim
2313 3229 2370 3275 et
2398 3235 2522 3276 cum
2547 3220 2764 3276 Christo
2792 3235 2950 3287 esse,
2985 3221 3156 3278 multo
3201 3223 3440 3279 melius:

201 3308 370 3366 Paulo
391 3310 640 3380 Apostolo
674 3326 736 3366 ac
761 3310 975 3366 dicente
1016 3329 1030 3364 :
1075 3329 1093 3361 ι
1129 3309 1439 3366 Glorificate
1475 3321 1532 3368 et
1555 3319 1765 3380 portate

207 3397 487 3454 Dominum
513 3400 568 3453 in
592 3400 749 3455 corde
769 3409 950 3456 vestro
972 3399 1023 3471 (I
1047 3399 1170 3455 Cor.
1202 3399 1297 3471 v1).
1335 3421 1354 3454 ι
1390 3399 1545 3456 Unde
1583 3401 1767 3458 ﬁdeles

209 3489 262 3544 in
307 3491 406 3545 ista
428 3491 511 3546 die
535 3491 816 3548 missarum
847 3492 1106 3548 solemnia
1137 3493 1491 3560 celebrantes,
1538 3493 1767 3549 lumina-

205 3582 280 3636 ria
307 3583 362 3636 in
386 3579 628 3640 manibus
653 3578 920 3651 deferunt,
953 3585 1083 3641 illud
1109 3586 1380 3643 ineffabile
1409 3588 1588 3658 lumen
1616 3605 1766 3646 reco-

205 3671 384 3736 lentes,
418 3690 578 3744 quem
604 3675 822 3732 Simeon
853 3677 1112 3733 hodierna
1140 3678 1226 3733 die
1253 3680 1487 3749 portavit
1507 3681 1560 3735 in
1589 3683 1767 3737 mani-

208 3762 316 3818 bus.
346 3764 600 3836 Figurate
621 3776 801 3822 autem
825 3783 949 3822 cum
974 3783 1138 3823 senex
1166 3777 1364 3839 portat,
1394 3769 1571 3826 innuit
1610 3773 1767 3830 nobis

211 3862 262 3905 ut
282 3863 516 3910 veterem
539 3856 813 3912 hominem
835 3873 958 3912 cum
981 3859 1191 3914 actibus
1206 3861 1319 3916 suis
1344 3870 1626 3928 exuentes,
1645 3878 1744 3934 por

219 3949 370 4000 temus
400 3951 454 3998 et
483 3944 768 4001 induamus
790 3962 1009 4015 novum,
1038 3949 1206 4008 ibest
1232 3951 1531 4020 Christum,
1555 3963 1615 4009 ut
1636 3969 1768 4025 quo-

214 4031 484 4092 dammodo
509 4034 576 4092 de
603 4046 878 4094 senectute
906 4039 1197 4096 damnabili
1221 4043 1289 4098 ad
1315 4043 1648 4113 spiritualem
1687 4045 1745 4101 in

215 4119 416 4179 fantiam
433 4126 614 4182 redire
624 4128 915 4196 possimus,
929 4127 1082 4196 juxta
1097 4129 1226 4186 illud
1244 4131 1516 4203 Apostoli:
1540 4154 1558 4186 (
1582 4133 1721 4200 Nox,
1745 4156 1763 4189 ι

214 4211 260 4266 id
271 4224 345 4280 est
367 4215 679 4284 infidelitas,
702 4237 721 4269 ι
742 4219 1038 4289 praecessit,
1053 4219 1169 4275 dies
1181 4230 1361 4277 autem
1378 4225 1748 4295 appropinqua

214 4303 281 4357 vit
303 4304 474 4373 (Rom.
499 4307 642 4379 xm).
679 4328 699 4362 ι
731 4309 906 4376 Quam
929 4320 1110 4367 autem
1128 4314 1550 4384 magnitudinem
1576 4332 1773 4389 cogno-

1863 3324 2184 3379 permanere
2206 3318 2388 3364 autem
2411 3310 2466 3364 in
2486 3325 2668 3373 carne,
2694 3313 3058 3366 necessarium
3080 3323 3301 3384 propter
3326 3329 3442 3380 vos,

1866 3400 1921 3455 id
1946 3407 2029 3455 est
2053 3407 2274 3470 propter
2310 3398 2620 3469 discipulos.
2649 3399 2717 3455 Et
2743 3401 2938 3456 iterum
2970 3419 2984 3455 :
3022 3420 3041 3454 ι
3075 3403 3211 3457 Dum
3257 3420 3444 3460 sumus

1867 3493 1923 3549 in
1963 3506 2221 3562 corpore,
2251 3491 2662 3563 peregrinamur
2689 3507 2720 3545 a
2759 3491 2990 3548 Domino
3025 3491 3110 3562 (II
3143 3493 3267 3549 Cor.
3301 3494 3380 3564 v).
3415 3516 3437 3546 ι

1869 3583 2047 3651 Quare
2069 3590 2251 3638 autem
2298 3582 2516 3638 Simeon
2545 3581 2740 3639 dimitti
2782 3598 2842 3639 se
2870 3594 3080 3654 optaret
3116 3585 3444 3652 manifestat,

1870 3673 2165 3746 adjungens
2191 3691 2205 3748 ς

1945 3785 1964 3818 ι
2001 3767 2138 3835 Quia
2169 3767 2422 3824 viderunt
2455 3766 2596 3823 oculi
2633 3769 2738 3824 mei
2767 3768 3005 3824 salutare
3031 3777 3198 3824 tuum.
3235 3786 3253 3819 ι
3287 3767 3446 3823 Salu-

1873 3865 1990 3914 tare
2019 3858 2113 3914 Dei
2146 3855 2274 3914 Jesu
2311 3866 2427 3924 est;
2471 3874 2594 3912 nam
2629 3859 2936 3930 ubicunque
2965 3857 3110 3928 apud
3141 3873 3240 3916 nos
3269 3857 3446 3915 salva~

1872 3955 1960 4002 tor
1988 3947 2102 4003 sive
2131 3947 2382 4002 salutaris
2411 3947 2628 4019 legitur,
2675 3948 2730 4003 in
2759 3948 2984 4005 Hebraeo
3011 3948 3170 4005 Jesus
3195 3947 3448 4006 habetur.

1873 4036 2025 4104 Quod
2050 4051 2178 4093 vero
2204 4037 2451 4093 subditur
2485 4054 2498 4091 :

1948 4147 1968 4180 ι
2006 4128 2160 4196 Quod
2192 4129 2396 4200 parasti
2420 4137 2545 4184 ante
2572 4129 2766 4186 faciem
2791 4131 3030 4186 omnium
3051 4131 3389 4204 populorum.
3428 4154 3447 4188 ι

1876 4221 2214 4277 Manifestum
2254 4234 2338 4278 est
2363 4223 2488 4292 quia
2523 4222 2762 4279 salutare
2804 4223 2932 4290 Dei,
2957 4225 3010 4279 id
3037 4235 3120 4281 est
3151 4226 3446 4292 Christum,

1875 4327 2064 4369 omnes
2101 4313 2282 4384 populi
2313 4314 2367 4369 in
2397 4329 2562 4370 carne
2605 4315 2786 4371 videre
2813 4332 2921 4371 non
2954 4328 3266 4387 potuerunt,
3323 4321 3448 4387 quia

213 4397 338 4450 verit
361 4397 583 4454 Simeon
615 4399 671 4453 in
707 4414 773 4455 eo
798 4416 958 4469 quem
985 4417 1210 4471 parvum
1239 4417 1358 4458 esse
1394 4405 1628 4470 videbat,
1658 4421 1774 4460 ma-
1805 4477 1833 4480 ᾗ
1877 4407 2250 4464 tantummodo
2287 4409 2342 4463 in
2377 4405 2561 4463 Iudam
2590 4423 2688 4478 per
2730 4409 3075 4480 semetipsum
3105 4410 3450 4480 praedicavit;

213 4485 487 4544 nifestatur
525 4506 650 4546 cum
705 4492 994 4549 subditur:
1030 4511 1048 4546 ι
1086 4494 1155 4549 Ει
1200 4495 1476 4550 benedixit
1515 4496 1702 4552 Deum.
1747 4517 1764 4550 ι
1803 4477 1969 4554 Dsed
2018 4507 2144 4554 ante
2187 4499 2379 4555 faciem
2437 4477 2678 4555 omnium
2731 4477 3046 4571 populorum
3092 4477 3452 4569 praeparatum

212 4573 485 4635 Bcnedixit
507 4589 688 4635 autem
717 4581 906 4646 Deum,
924 4597 1032 4637 non
1056 4583 1197 4652 quod
1217 4583 1450 4640 hominis
1473 4584 1774 4642 benedictio
1875 4589 2105 4655 dicitur,
2147 4589 2290 4660 quod
2337 4603 2432 4660 per
2487 4590 2922 4659 praedicationem
2970 4586 3334 4657 apostolorum
3382 4589 3451 4643 ad

213 4667 398 4740 aliquid
418 4670 537 4726 Deo
562 4670 812 4728 conferre
839 4673 1027 4742 possit,
1061 4688 1091 4726 a
1117 4688 1227 4743 quo
1259 4675 1435 4730 omnis
1472 4675 1774 4732 benedictio
1877 4680 2124 4736 notitiam
2167 4681 2414 4750 pervenit
2453 4681 2694 4736 omnium
2741 4677 3089 4748 populorum,
3131 4678 3273 4734 sicut
3319 4681 3456 4736 scri-

213 4762 1010 4832 procedit,dicenteApostolo:
1049 4783 1067 4816 ‹
1103 4763 1425 4820 Benedictus
1439 4766 1580 4822 Deus
1594 4774 1649 4823 et
1673 4767 1777 4822 Pa-
1878 4781 2028 4841 ptum
2053 4780 2137 4826 est
2159 4770 2214 4825 in
2239 4770 2531 4841 Evangelia
2562 4786 2575 4822 ε
2608 4788 2625 4820 ι
2663 4769 2740 4823 llli
2783 4777 2963 4824 autem
3001 4768 3223 4839 profecti
3254 4773 3453 4841 pradi-

217 4861 290 4908 tcr
309 4855 524 4912 Domini
551 4857 721 4912 nostri
759 4855 886 4911 Jesu
913 4855 1139 4920 Christi,
1180 4857 1272 4927 qui
1298 4857 1575 4914 benedixit
1598 4875 1697 4915 nos
1722 4859 1776 4914 in

214 4945 348 4999 omni
381 4946 758 5001 benedictione
802 4945 1064 5016 spirituali
1097 4946 1148 4999 in
1179 4945 1488 5003 cmlestibus
1536 4947 1590 5002 in
1624 4948 1781 5004 Chri-

217 5043 294 5088 sto
317 5034 533 5107 (Ephes.
567 5036 632 5108 ι),
670 5056 690 5089 ι
721 5038 814 5092 sed
847 5037 928 5092 sic
954 5038 1166 5100 dicitur,
1187 5056 1205 5088 ι
1226 5037 1501 5094 benedixit
1529 5038 1722 5106 Deum,
1756 5060 1776 5092 ι

216 5129 356 5196 quasi
386 5131 640 5185 dicatur:
666 5129 809 5185 Bene
836 5128 1071 5185 laudavit
1104 5129 1410 5195 Dominum,
1449 5130 1534 5185 vel
1559 5131 1694 5186 bene
1715 5132 1782 5187 de

215 5232 274 5273 eo
300 5221 449 5288 dixit,
484 5221 601 5276 sive
622 5221 780 5291 digne
815 5221 883 5276 de
904 5221 994 5276 illo
1021 5231 1076 5276 et
1099 5221 1234 5277 bene
1257 5221 1625 5292 prophetavit;
1655 5237 1780 5276 nam

217 5314 538 5368 consuetudo
593 5322 906 5368 sanctorum
954 5321 1039 5368 est
1085 5311 1254 5368 Deum
1304 5327 1520 5383 semper
1557 5312 1780 5368 benedi-

217 5413 349 5468 cere,
379 5404 496 5459 sive
517 5403 570 5458 in
595 5404 888 5474 prosperis,
905 5405 1017 5458 sive
1031 5405 1084 5459 in
1106 5404 1367 5470 adversis,
1396 5405 1636 5460 dicentes
1658 5420 1783 5460 cum

221 5483 492 5549 Psalmista
523 5513 535 5547 :
571 5513 588 5546 ι
616 5493 941 5550 Benedicam
966 5493 1250 5548 Dominum
1267 5494 1323 5549 in
1347 5495 1498 5550 omni
1523 5502 1782 5564 tempore,

217 5593 420 5652 semper
446 5583 565 5640 laus
599 5584 714 5654 ejus
744 5584 798 5638 in
827 5599 923 5640 ore
951 5597 1090 5638 meo.
1134 5602 1152 5633 ι
1179 5583 1523 5658 Quid_autem
1560 5585 1783 5642 benedi-

219 5687 336 5729 cens
357 5678 499 5733 dicat
538 5678 821 5734 audiamus
850 5696 864 5732 :

647 5772 896 5832 Parant.
960 5768 1237 5831 CXVIII.

1881 4867 2142 4916 caverunt
2181 4859 2381 4930 ubique
2423 4853 2617 4930 (Marc.
2672 4859 2784 4930 xv),
2823 4859 3094 4930 uimpleta
3139 4863 3454 4932 prophetia,

1885 4965 2005 5021 qua:
2035 4949 2165 5004 dicit
2202 4967 2215 5002 :
2253 4967 2272 5000 ‹
2305 4948 2362 5003 ln
2400 4965 2614 5004 omnem
2644 4958 2843 5005 terram
2885 4950 3053 5006 exivit
3079 4967 3244 5008 sonus
3267 4967 3455 5010 eorum

1885 5051 1939 5098 et
1966 5042 2020 5097 in
2052 5041 2188 5098 lines
2220 5042 2369 5097 orbis
2398 5050 2556 5096 terrae
2581 5043 2744 5098 verba
2775 5057 2960 5097 eorum
2992 5041 3162 5114 (Psal.
3191 5045 3303 5114 xv).
3336 5065 3355 5097 ι
3392 5045 3459 5100 Ει

1887 5132 2082 5190 iterum
2107 5150 2120 5186 :
2154 5151 2173 5184 ι
2202 5132 2318 5189 Νοιι
2335 5140 2462 5187 sunt
2475 5131 2702 5201 loquela:
2718 5148 2892 5204 neque
2907 5148 3206 5201 sermones,
3225 5151 3454 5205 quorum

1889 5240 1995 5280 non
2016 5225 2308 5280 audiantur
2329 5237 2489 5278 voces
2504 5236 2710 5279 eorum.
2735 5244 2754 5277 ι
2789 5222 2913 5279 Sive
2933 5224 3092 5278 aliter
3115 5233 3241 5278 ante
3263 5224 3456 5282 faciem

1888 5317 2130 5372 omnium
2169 5314 2487 5386 populorum
2535 5314 2769 5370 salutare
2816 5315 2910 5371 Dei
2956 5325 3200 5386 paratum
3234 5316 3453 5379 dicitur,

1887 5406 2012 5475 quia
2049 5406 2102 5461 in
2124 5405 2325 5478 judicio
2349 5405 2600 5460 ornnibus
2629 5406 2928 5476 apparebit,
2950 5421 3056 5460 non
3083 5405 3254 5461 solum
3273 5405 3456 5474 justis,

1887 5498 1982 5553 sed
2012 5498 2176 5554 etiam
2207 5495 2450 5565 injustis,
2497 5496 2638 5551 sicut
2675 5496 2934 5565 scriptum
2960 5504 3080 5550 est:
3116 5512 3134 5546 ι
3168 5495 3234 5548 Et
3262 5493 3462 5548 videbit

1885 5591 2062 5645 omnis
2091 5603 2218 5644 caro
2244 5587 2480 5644 salutare
2506 5587 2600 5642 Dei
2631 5587 2797 5641 nostri
2821 5584 2970 5656 (Luc.
3000 5585 3104 5656 ιιι).
3141 5602 3160 5634 ι
3196 5584 3261 5636 Et
3299 5580 3462 5636 Joan-

1891 5697 1986 5738 nes
2023 5684 2077 5738 in
2116 5681 2433 5752 Apocalypsi
2473 5699 2485 5733 :
2518 5700 2535 5729 ι
2573 5680 2635 5734 Et
2664 5678 2864 5734 videbit
2891 5693 3012 5732 cum
3048 5674 3223 5740 omnis
3249 5673 3458 5736 oculus,
