4038 6352
549 340 650 393 107

1179 330 1528 388 HAYMONIS
1563 327 2040 387 HALRERSTAT.
2086 325 2296 385 EPISC.
2338 328 2488 386 OPP.
2531 329 2711 387 PARS
2749 331 2812 387 ll.
2849 361 2918 373 -—
2955 331 3184 390 HOMIL.

3724 336 3827 393 ius

547 459 603 507 et
626 449 717 520 qui
765 464 889 505 eum
934 451 1363 520 pupugerunt,e|
1397 443 1653 515 plangent
1694 459 1754 498 se
1802 457 1965 512 super
1997 456 2122 496 eum
2153 447 2200 502 Α
2229 449 2376 495 retur
2423 443 2700 512 prophetia
2743 440 2941 508 Iacob,
2984 443 3215 498 dicentis
3254 463 3265 498 :
3303 465 3319 497 ι
3372 444 3489 500 Non
3540 444 3828 506 auferetur

549 554 738 597 omnes
787 541 958 595 tribus
1009 546 1180 592 terrm.
1225 556 1243 586 ι
1273 534 1353 589 Ad
1399 534 1527 604 quid
1571 542 1750 588 autem
1779 533 2037 588 Dominus
2073 533 2127 587 iu

548 631 727 700 primo
753 630 982 685 adventu
1008 624 1239 689 venerit,
1263 623 1571 678 declaratur
1601 638 1724 678 cum
1756 621 2089 677 subinfertur
2113 636 2126 672 :

628 741 647 775 ‹
682 722 886 776 Lumen
933 718 1000 772 ad
1049 714 1432 771 revelatiouem
1480 715 1755 783 gentium,
1804 721 1856 767 et
1907 712 2131 783 gloriam

558 832 577 866 α
612 813 783 884 plebis
829 820 934 865 tute
979 807 1165 864 Israel.
1213 824 1231 858 ι
1276 806 1525 862 Salutare
1572 806 1770 876 quippe
1817 804 1914 859 Dei
1952 803 2133 857 lumen

552 904 790 974 gentium
837 900 969 965 fuit,
997 899 1124 970 quia
1162 905 1351 968 gentes
1376 913 1497 969 quae
1522 897 1782 952 sedebant
1810 896 1864 949 in
1896 893 2136 949 tenebris

552 1002 608 1048 et
652 992 841 1047 umbra
903 990 1130 1055 mortis,
1171 1004 1272 1058 per
1316 986 1432 1056 ejus
1480 987 1769 1042 adventum
1820 984 2136 1039 illuminatae

551 1092 708 1147 sunt,
747 1081 965 1153 impleta
1008 1080 1288 1151 prophetia
1338 1077 1489 1133 lsaite
1541 1076 1771 1132 dicentis
1802 1093 1816 1130 :
1850 1095 1869 1127 ι
1904 1074 2137 1144 Populus

552 1174 790 1245 gentium
819 1175 913 1243 qui
943 1171 1257 1226 ambulabat
1280 1169 1333 1225 in
1362 1169 1623 1234 tenebris,
1649 1167 1787 1221 vidit
1819 1166 1992 1221 lucem
2023 1178 2137 1221 ma-

552 1280 712 1336 gnam
751 1262 886 1336 (ιω.
932 1261 1031 1333 Ix).
1072 1281 1091 1314 ι
1130 1259 1509 1315 Habitantibus
1543 1258 1611 1313 -in
1666 1256 1883 1329 regione
1934 1256 2139 1311 umbra:

554 1354 779 1421 mortis,
815 1353 908 1409 lux
953 1360 1071 1409 orta
1122 1358 1207 1406 est
1248 1350 1370 1405 eis:
1406 1349 1550 1405 unde
1598 1348 1712 1419 ipse
1760 1349 1815 1403 in
1850 1346 2140 1418 Evangelio

554 1447 685 1501 dicit
717 1464 732 1500 :
766 1464 785 1497 ε
820 1445 934 1516 Ego
961 1459 1079 1499 sum
1121 1442 1214 1496 lux
1240 1441 1452 1507 mundi,
1483 1441 1574 1511 qui
1604 1440 1851 1509 sequitur
1892 1454 2000 1502 me,
2031 1454 2139 1493 non

555 1537 795 1593 ambulat
821 1538 875 1591 in
898 1534 1157 1599 tenebris,
1181 1534 1275 1588 sed
1300 1532 1518 1588 habebit
1538 1531 1717 1586 lumen
1745 1530 1890 1585 vitae.
1920 1528 2140 1584 rGloria

554 1641 770 1705 quoque
816 1629 1001 1686 lsraeli
1046 1628 1284 1684 salutare
1330 1626 1424 1681 Dei
1473 1623 1722 1694 t‘uit,qui
1752 1621 1901 1687 aliis,
1936 1622 2027 1691 qui
2073 1637 2140 1676 ex

552 1723 718 1780 Israel
746 1720 969 1777 credere
997 1719 1050 1774 in
1077 1732 1200 1772 eum
1227 1716 1544 1782 voluerunt;
1580 1728 1771 1785 magna
1802 1712 1972 1783 gloria
2000 1710 2142 1765 facta

554 1822 659 1879 est,
686 1810 903 1883 quando
925 1826 991 1865 ex
1014 1823 1203 1865 eorum
1232 1807 1403 1878 stirpe
1434 1806 1527 1861 Dei
1557 1805 1725 1859 Filius
1751 1817 1968 1858 carnem
1984 1816 2142 1856 assu-

556 1923 707 1963 mere
745 1905 999 1974 diguatus
1043 1912 1157 1967 est,
1207 1900 1336 1971 quia
1382 1899 1525 1954 inter
1551 1912 1647 1953 eos
1690 1895 1905 1961 docuit,
1941 1892 2139 1948 etsuis

557 1999 833 2055 miraculis
876 2011 970 2052 eos
998 1993 1233 2051 sacravit
1262 2007 1277 2046 ε
1309 1991 1400 2048 sed
1428 1991 1555 2061 quia
1586 1990 1696 2044 rari
1720 2004 1786 2045 ex
1824 1986 2055 2050 Iudaeis,
2083 1995 2140 2040 et

558 2090 708 2145 multi
738 2105 805 2143 ex
829 2086 1082 2159 gentibus
1113 2084 1169 2138 in
1203 2097 1326 2138 eum
1356 2080 1616 2137 credituri
1645 2087 1833 2144 erant,
1868 2085 1993 2133 ante
2027 2075 2141 2144 glo-

553 2185 693 2238 riam
739 2182 937 2246 Israel,
970 2178 1354 2234 revelationem
1386 2175 1624 2245 gentium
1672 2172 1954 2244 praemisit.
1987 2169 2140 2236 Quod

555 2275 720 2327 etiam
764 2271 1054 2327 Psalmista
1102 2266 1295 2324 fecisse
1341 2265 1570 2336 legitur,
1609 2263 1701 2332 qui
1747 2278 1869 2317 cum
1927 2257 2139 2315 Domini

534 2365 848 2417 adventum
885 2360 937 2414 in
976 2372 1140 2415 carne
1189 2354 1566 2426 prophetasset
1590 2393 1605 2418 ,
1633 2351 1856 2406 dicens:
1895 2368 1913 2400 ‹
1944 2346 2139 2403 Notum

553 2458 686 2512 fecit
729 2455 988 2511 Dominus
1029 2452 1272 2507 salutare
1296 2463 1480 2513 suum,
1504 2447 1557 2501 in
1582 2452 1875 2516 conspectu
1901 2443 2140 2513 gentium

560 2546 816 2601 revelavit
839 2544 1104 2616 justitiam
1128 2557 1305 2607 suam,
1329 2559 1347 2592 ι
1379 2536 1607 2606 subjecit
1634 2538 1817 2592 dicens
1846 2554 1858 2588 :
1891 2553 1909 2586 ‹
1943 2535 2142 2588 Recor-

562 2639 719 2692 datus
756 2645 840 2691 est
881 2633 1267 2690 misericordiae
1304 2646 1416 2685 sua:
1449 2638 1504 2684 et
1529 2627 1775 2683 veritatis
1806 2640 1917 2680 sum
1961 2623 2140 2679 domui

558 2724 720 2782 Israel
747 2724 918 2798 (Paul.
952 2721 1140 2795 van).
1175 2740 1194 2772 ›

1130 2852 1411 2909 ΙΙΟΜΙΙΛΑ
1462 2852 1577 2908 XV.

1045 2982 1097 3022 IN
1135 2982 1215 3021 EPI
1225 2980 1416 3021 PHANIA
1453 2978 1660 3018 DOMINI.

630 3081 871 3154 (Mum.
904 3081 989 3150 ιι).
1028 3098 1046 3131 ι
1080 3079 1138 3134 lu
1181 3078 1273 3133 illo
1303 3085 1579 3147 tempore,
1623 3090 1745 3131 cum
1803 3083 1961 3130 natus
2001 3080 2144 3128 esset

565 3195 584 3226 ι
610 3174 769 3231 Iesus
797 3174 851 3227 in
879 3171 1190 3227 Bethlehem
1206 3167 1356 3225 Iuda:
1374 3210 1388 3235 ,
1406 3169 1460 3223 in
1476 3168 1666 3224 diebus
1686 3166 1913 3223 Herodis
1929 3167 2090 3237 regis,
2116 3185 2133 3217 ι
2168 3166 2212 3227 C

559 3274 613 3320 et
658 3265 887 3335 reliqua.
942 3264 999 3319 In
1047 3262 1280 3333 capitulo
1336 3261 1493 3332 hujus
1540 3260 1818 3328 lectionis,
1868 3260 1971 3314 tria
2017 3266 2143 3313 sunt

559 3373 679 3428 quae
706 3358 862 3412 nobis
892 3358 1082 3413 beatus
1112 3355 1396 3410 Matthzeus
1423 3353 1751 3425 evangelista
1781 3352 2142 3416 commendat,

558 3465 843 3520 personam
893 3449 1101 3505 scilicet
1147 3447 1462 3513 nascentis,
1519 3446 1697 3501 locum
1749 3444 2046 3500 nativitatis
2089 3451 2145 3498 et

561 3552 791 3613 tempus.
824 3542 1062 3598 Decebat
1098 3542 1242 3597 enim
1285 3550 1346 3594 ut
1388 3540 1444 3593 in
1487 3538 1576 3593 illa
1609 3538 1821 3593 Domini
1866 3536 2145 3591 nativitate

558 3638 692 3692 nihil
728 3637 1067 3692 auctoritatis
1097 3636 1330 3690 deesset.
1373 3634 1667 3688 Personam
1711 3647 1843 3702 ergo
1886 3630 2141 3695 ostendit,

558 3743 682 3783 cum
727 3728 847 3781 ait:
889 3745 907 3778 ι
942 3742 1064 3781 cum
1105 3736 1264 3781 natus
1306 3734 1451 3782 esset
1504 3724 1691 3790 Iesus;
1733 3744 1753 3776 ι
1782 3724 1988 3789 locum,
2020 3737 2142 3778 cum

559 3818 870 3888 subiunxit:
908 3838 926 3871 ε
986 3820 1039 3873 in
1082 3817 1397 3875 Bethlebem
1436 3817 1620 3883 Iudae;
1666 3837 1685 3868 ι
1734 3826 1975 3888 tempus,
2021 3832 2143 3872 cum

559 3909 723 3965 infert
763 3928 776 3964 :
816 3930 835 3961 ι
881 3911 932 3965 ἰη
978 3908 1167 3966 diebus
1212 3909 1439 3964 Herodis
1487 3908 1652 3977 regis.
1686 3927 1704 3959 ι
1737 3907 1881 3963 Bene
1929 3915 2140 3973 autem,

558 4009 843 4072 postquam
875 4001 1013 4057 dixit
1033 4000 1370 4065 Bethlehem,
1404 3999 1611 4054 addidit
1641 3997 1791 4054 Iudte
1810 4040 1825 4065 ,
1856 3999 1922 4054 ad
1949 3998 2141 4054 distin-

557 4094 794 4150 ctionem
825 4094 1048 4149 alterius
1074 4092 1409 4152 Bethlehem,
1440 4106 1560 4161 quae
1586 4105 1704 4147 esse
1728 4091 1781 4145 in
1809 4090 2049 4155 Galilaca,
2076 4104 2143 4144 ex

558 4182 696 4239 libro
720 4181 846 4237 Iesu
878 4181 1024 4237 Nave
1051 4181 1450 4253 comprobatur.
1481 4180 1709 4236 Pulchre
1730 4196 1861 4251 ergo
1885 4180 2145 4235 Dominus

559 4275 614 4326 in
643 4273 955 4329 Bethlehem
985 4274 1133 4329 nasci
1165 4273 1351 4328 voluit.
1383 4259 1696 4330 Bethlehem
1730 4268 1927 4345 quippe
1956 4273 2146 4328 domus

559 4365 717 4434 panis
760 4366 1177 4437 interpretatur,
1206 4380 1272 4421 eo
1308 4365 1448 4435 quod
1492 4365 1563 4419 ibi
1600 4365 1813 4435 paverit
1848 4364 2016 4421 Iacob
2050 4380 2147 4436 pa-

560 4457 795 4512 triarcha
824 4471 1019 4528 pecora
1050 4468 1177 4521 sua,
1205 4457 1487 4526 imponens
1515 4456 1564 4512 ei
1589 4471 1784 4511 nomen
1805 4454 2139 4519 Bethlehem,

528 4546 629 4601 Job
687 4545 881 4600 futurte
938 4544 1349 4615 significationis
1408 4546 1755 4617 mysterium,
1815 4559 1937 4614 quae
1992 4545 2142 4615 prius

558 4636 800 4705 Ephrata
826 4636 1140 4697 vocabatur.
1188 4634 1361 4692 Locus
1400 4652 1634 4707 namque
1662 4636 1715 4690 in
1753 4652 1860 4707 quo
1885 4637 2143 4692 Dominus

559 4726 869 4782 nasciturus
911 4733 1058 4792 erat,
1101 4735 1225 4782 ante
1271 4726 1584 4782 Bethlehem
1614 4735 1840 4782 vocatus
1885 4734 1991 4793 est,
2019 4728 2144 4796 quia

560 4818 801 4875 futurum
821 4819 1061 4889 profecto
1090 4830 1208 4875 erat
1241 4828 1299 4874 ut
1327 4835 1489 4875 verus
1525 4820 1681 4890 panis
1736 4819 1809 4875 ibi
1840 4834 1938 4893 per
1976 4828 2147 4875 mate-

560 4910 699 4973 riam
725 4910 905 4967 carnis
933 4920 1236 4982 appareret,
1264 4910 1355 4980 qui
1387 4910 1678 4965 electorum
1710 4918 1917 4965 mentes
1942 4918 2145 4965 aeterna

560 5003 813 5058 satietate
839 5003 1085 5060 reticeret
1107 5045 1121 5069 ,
1149 5003 1264 5075 ipse
1294 5002 1500 5058 scilicet
1524 5002 1614 5071 qui
1643 5000 1717 5055 ait
1739 5002 1792 5055 in
1820 5000 2137 5071 Evangelia:

567 5113 588 5147 ι
617 5093 728 5166 Ego
747 5111 862 5150 sum
884 5097 1038 5167 panis
1061 5097 1232 5159 vivus,
1256 5094 1347 5165 qui
1371 5086 1445 5149 de'
1458 5092 1596 5148 coelo
1621 5092 1906 5158 descendi;
1937 5110 1956 5143 ι
2000 5099 2055 5145 et
2075 5091 2141 5146 de

561 5199 666 5252 quo
692 5198 786 5254 per
813 5184 1153 5241 Psalmistam
1187 5184 1385 5239 dicitur
1412 5198 1426 5236 :
1462 5200 1481 5233 ε
1514 5182 1717 5237 Panem
1737 5180 1805 5235 de
1834 5181 1972 5236 ccelo
1998 5179 2146 5235 dedit

561 5279 672 5344 eis,
715 5298 734 5330 ι
765 5287 868 5333 et:
912 5298 930 5331 ‹
975 5279 1179 5333 Panem
1228 5274 1540 5344 angelorum
1585 5272 1935 5328 manducavit
1978 5272 2142 5328 homo

563 5368 731 5439 (Psal.
772 5370 997 5441 Lxxvu).
1030 5388 1049 5422 ι
1083 5369 1160 5423 De
1186 5380 1293 5436 quo
1323 5364 1487 5421 etiam
1520 5361 1745 5432 pulchre
1775 5361 2028 5420 Sedulius
2054 5379 2145 5421 ce-

561 5464 714 5529 cinit,
747 5464 932 5519 dicens
963 5479 978 5516 :

622 5594 844 5645 Christus
865 5599 968 5642 erat
997 5591 1153 5652 panis,
1173 5587 1390 5639 Christus
1412 5593 1571 5650 petra,
1586 5585 1801 5639 Christus
1817 5590 1868 5639 tu
1892 5587 2039 5638 undis

561 5722 728 5783 Recte
755 5717 917 5775 etiam
948 5716 1002 5774 in
1026 5716 1216 5774 diebus
1238 5713 1467 5771 Herodis
1488 5717 1636 5773 nasci
1665 5718 1850 5787 voluit,
1880 5729 1939 5776 ut
1959 5721 2146 5791 imple-

2170 4513 2220 4573 D

2235 542 2507 603 sceptrum
2534 535 2599 589 de
2622 532 2776 595 Juda,
2811 549 2912 589 nec
2937 536 3042 588 dux
3066 535 3133 589 de
3163 535 3459 592 femoribus
3478 537 3594 607 ejus
3610 579 3624 604 ,
3648 540 3828 598 donec

2230 626 2413 680 veniat
2434 625 2525 693 qui
2548 626 2840 679 mittendus
2861 633 2965 688 est,
2990 634 3045 680 et
3067 627 3180 696 ipse
3206 629 3310 681 erit
3336 632 3674 698 exspectatio
3697 643 3830 701 gen-

2237 716 2371 769 tium
2397 713 2550 787 (Gen.
2581 715 2750 787 xux).
2783 734 2803 766 ι
2837 715 2914 768 Ex
2947 731 3054 785 quo
3082 719 3227 770 enim
3258 718 3325 772 de
3350 717 3585 789 Egypto
3622 735 3818 775 ascen-

2232 807 2450 871 derunt,
2474 822 2584 861 sua:
2611 806 2786 877 gentis
2815 806 3109 877 principes,
3148 822 3303 875 reges
3327 818 3382 863 et
3412 809 3579 864 duces
3614 810 3828 865 habue~

2234 905 2377 950 runt.
2422 896 2542 952 Iam
2573 912 2702 952 vero
2746 897 3119 953 deficientibus
3163 899 3612 970 principibusex
3658 899 3825 969 Inda,

2233 988 2444 1058 primus
2487 1004 2554 1043 ex
2601 986 2915 1059 alienigenis
2960 987 3198 1043 Herodes
3246 1004 3469 1059 regnum
3517 988 3830 1046 Iudaeorum

2235 1078 2559 1150 arripuerat.
2590 1078 2755 1149 Cujus
2782 1077 2907 1147 quia
2939 1093 2997 1133 se
3023 1078 3226 1134 mentio
3249 1079 3461 1143 intulit,
3493 1081 3731 1149 qualiter
3758 1080 3828 1135 ad

2236 1172 2441 1229 Iudaici
2466 1173 2617 1244 regni
2645 1173 2851 1242 apicem
2878 1173 3209 1242 pervenerit,
3236 1174 3473 1229 breviter
3500 1189 3834 1230 commemo-

2239 1263 2469 1317 randum
2496 1262 2726 1318 videtur.
2754 1261 2886 1317 Cum
2909 1262 3054 1316 enim
3072 1263 3124 1317 bi
3146 1264 3236 1332 qui
3253 1264 3318 1318 de
3336 1263 3647 1319 Mathathiae
3663 1265 3833 1337 stirpe

2240 1355 2663 1420 descenderant,
2692 1370 2791 1425 per
2820 1355 3001 1424 aliqua
3051 1369 3312 1409 annorum
3361 1357 3533 1426 spatia
3570 1358 3832 1412 ducatum

2243 1444 2391 1514 regni
2413 1442 2720 1497 Iudaeorum
2744 1443 3062 1505 tenuissent,
3080 1445 3326 1514 pervenit
3352 1446 3566 1500 tandem
3591 1456 3835 1516 potestas

2242 1536 2308 1591 ad
2348 1535 2635 1605 quemdam
2672 1535 2881 1601 virum,
2913 1550 2979 1588 ex
3017 1534 3203 1589 éorum
3236 1538 3407 1606 stirpe
3435 1536 3701 1608 genitum,
3739 1554 3837 1592 no-

2245 1628 2393 1683 mine
2436 1627 2823 1682 Alexandrum.
2877 1627 2976 1695 Qui
3016 1643 3138 1683 cum
3181 1639 3304 1699 post
3350 1630 3564 1699 aliquod
3621 1639 3836 1702 tempus

2244 1718 2482 1779 obiisset,
2509 1718 2727 1788 reliquit
2750 1733 2975 1773 uxorem
3008 1735 3130 1773 cum
3173 1720 3381 1775 duobus
3417 1722 3540 1776 [iliis
3567 1722 3829 1792 parvulis,

2176 1817 2220 1857 1³
2247 1825 2476 1880 quorum
2505 1826 2641 1865 unus
2664 1810 3026 1875 Aristobolus,
3048 1811 3187 1865 alter
3210 1812 3491 1884 Hyrcanus
3514 1815 3832 1869 vocabatur.

2243 1902 2344 1970 Qui
2392 1918 2515 1958 cum
2565 1902 2730 1957 adulti
2769 1911 2984 1969 essent,
3038 1904 3302 1960 desiderio
3352 1906 3612 1977 regnandi
3654 1906 3831 1978 jurgia

2244 1996 2385 2052 inter
2410 2013 2469 2052 se
2498 1998 2700 2052 habere
2729 2005 3027 2067 coeperunt.
3057 1998 3189 2054 Erat
3218 2008 3344 2054 tunc
3364 2001 3583 2070 quidam
3615 2003 3699 2055 vir
3732 1986 3833 2057 no-

2243 2087 2386 2141 mine
2410 2086 2714 2156 Antipater,
2757 2086 2910 2142 fortis
2940 2087 3146 2143 viribus
3165 2130 3178 2154 ,
3207 2087 3469 2145 facultate
3506 2090 3830 2157 ditissimus,

2216 2218 2219 2223 .
2243 2194 2307 2233 ex
2336 2178 2548 2233 Herode
2575 2179 2806 2248 quodam
2849 2179 3061 2249 genitus
3084 2221 3099 2245 ,
3127 2180 3218 2251 qui
3258 2182 3309 2236 in
3346 2182 3544 2252 templo
3572 2182 3834 2252 Apollinis

2246 2271 2478 2326 :udituus
2510 2277 2646 2325 erat.
2685 2270 2836 2325 llunc
2860 2287 2987 2339 ergo
3015 2271 3116 2326 sibi
3148 2270 3427 2343 Hyrcanus
3451 2273 3504 2326 in
3539 2274 3833 2328 amicitiam

2238 2368 2298 2416 et
2325 2361 2639 2416 societatem
2673 2370 2862 2415 contra
2895 2360 3119 2416 fratrem
3147 2364 3379 2418 vocavit.
3422 2362 3669 2433 Cumque
3707 2378 3830 2419 eum

2243 2465 2349 2505 non
2372 2449 2542 2504 solum
2570 2449 2753 2513 armis,
2777 2442 2871 2504 sed
2894 2451 3054 2505 etiam
3080 2451 3131 2504 in
3155 2448 3505 2507 facultatibus
3526 2454 3828 2523 adjuvaret,

2243 2542 2407 2597 etiam
2434 2552 2493 2596 ut
2522 2541 2889 2596 Romanorum
2920 2542 3114 2598 ducum
3142 2543 3400 2597 auxilium
3442 2553 3677 2613 peteret,
3707 2560 3823 2616 pcr-

2247 2634 2454 2698 docuit,
2486 2650 2551 2689 eo
2581 2637 2721 2704 quod
2771 2643 2896 2690 tunc
2943 2635 3170 2690 Romani
3215 2651 3327 2706 prae
3360 2636 3575 2691 caeteris
3603 2636 3823 2691 homini-

2245 2722 2366 2789 bus,
2400 2725 2452 2779 in
2496 2725 2809 2780 ordinandis
2839 2726 2988 2795 regni
3024 2726 3286 2797 negotiis,
3329 2726 3433 2782 fide
3470 2736 3525 2783 et
3568 2728 3828 2798 sapientia

2247 2823 2409 2884 atque
2448 2815 2762 2871 fortitudine
2795 2817 3186 2887 praecellerent.
3213 2818 3281 2872 Et
3324 2819 3451 2889 quia
3492 2818 3710 2892 longum
3751 2825 3833 2875 est

2246 2907 2324 2962 ire
2347 2922 2445 2977 per
2472 2908 2706 2977 singula,
2737 2923 2858 2962 cum
2887 2907 3225 2964 Aristobolus
3263 2926 3295 2964 a
3330 2908 3590 2965 Romanis
3618 2919 3831 2981 captus,

2247 2999 2473 3054 Romam
2515 2999 2614 3053 sub
2659 2998 2906 3053 custodia
2948 2998 3258 3066 duceretur,
3306 3000 3531 3054 ducatus
3560 3000 3712 3069 regni
3736 2997 3833 3053 Iu-

2247 3090 2387 3145 daici
2418 3091 2485 3145 ad
2513 3089 2820 3161 Hyrcanum
2851 3090 3117 3158 pervenit.
3142 3089 3295 3144 Tunc
3339 3106 3545 3144 memor
3583 3088 3837 3146 beneﬁcii

2245 3180 2313 3235 ab
2329 3182 2611 3251 Antipatro
2633 3181 2734 3235 sibi
2758 3180 2962 3245 collati,
2988 3196 3109 3234 eum
3137 3181 3187 3235 in
3218 3182 3509 3237 amicitiam
3536 3190 3590 3235 et
3617 3182 3838 3236 socium

2244 3272 2443 3339 coluit,
2495 3272 2758 3326 intantum
2802 3280 2860 3326 ut
2903 3273 3331 3342 procuratione'n
3385 3272 3610 3343 alicujus
3657 3276 3844 3342 partis

2243 3361 2451 3419 Iudaici
2495 3364 2647 3435 regni
2698 3364 2747 3418 ei
2798 3364 2898 3417 sub
2949 3379 3006 3419 se
3050 3366 3429 3419 committeret.
3457 3364 3657 3418 Habuit
3702 3380 3840 3422 vero

2245 3456 2384 3510 idem
2426 3457 2713 3526 Antipater
2735 3471 2958 3511 uxorem
2989 3455 3259 3528 Cipridem
3286 3458 3521 3521 nomine,
3545 3473 3613 3512 ex
3635 3456 3840 3513 Arabia

2243 3551 2573 3614 generatam,
2619 3558 2686 3597 ex
2733 3558 2841 3612 qua
2887 3543 3115 3614 sumpsit
3165 3543 3333 3608 filios,
3375 3559 3609 3612 quarum
3664 3559 3836 3598 unum

2243 3635 2561 3700 Phasclum,
2621 3634 2849 3689 alterum
2907 3634 3173 3689 Herodem
3219 3635 3539 3690 nominavit.
3590 3633 3839 3706 Cumque

2243 3730 2403 3800 longo
2431 3727 2709 3784 confectus
2736 3728 2909 3793 senio,
2940 3729 3105 3782 vitam
3135 3726 3343 3783 ﬁnisset
3371 3734 3714 3798 praesentem,
3744 3742 3842 3797 po-

2245 3827 2495 3873 testatem
2559 3832 2719 3887 quam
2777 3817 2845 3872 ab
2886 3816 3136 3889 Hyrcano
3185 3817 3238 3872 in
3288 3816 3490 3872 Iudaeis
3520 3824 3833 3887 acceperat,

2245 3908 2440 3966 Herodi
2465 3907 2576 3975 filio
2600 3923 2697 3964 suo
2724 3908 2962 3978 reliquit.
2991 3907 3092 3976 Qui
3123 3923 3247 3963 cum
3294 3907 3518 3963 callidus
3547 3915 3601 3961 et
3641 3917 3842 3962 cautus

2244 4001 2422 4055 animo
2451 4009 2672 4055 strenue
2711 4014 2775 4055 ea
2803 3983 3020 4069 qu£ad
3047 4014 3106 4054 se
3150 4000 3496 4070 pertinebant
3524 4013 3688 4070 agere
3724 4014 3841 4055 cte-

2192 4153 2197 4165 ‘
2243 4091 2432 4162 pisset,
2463 4089 2698 4161 Hyrcani
2746 4100 2963 4160 neptem
3000 4088 3295 4144 Aristobuli
3340 4088 3506 4143 ﬁliam
3554 4089 3607 4143 in
3648 4088 3842 4159 conju-

2245 4181 2390 4253 gium
2419 4181 2678 4251 suscepit.
2707 4179 2842 4236 Cum
2869 4194 2999 4235 vero
3028 4189 3150 4251 post
3192 4179 3410 4249 aliquod
3447 4189 3659 4250 tempus
3701 4179 3844 4253 Hyro

2244 4288 2413 4327 canus
2464 4273 2527 4327 in
2563 4271 2749 4343 praelia
2805 4270 2948 4342 quod
3001 4280 3190 4327 contra
3237 4270 3446 4325 Arabas
3497 4280 3843 4340 sumpserat,

2247 4372 2437 4433 captus
2463 4370 2642 4428 esset,
2670 4362 2832 4418 etiam
2858 4361 3050 4417 exsilio
3077 4362 3326 4419 detentus
3353 4370 3455 4416 est.
3479 4361 3545 4416 Et
3576 4373 3704 4415 tunc
3733 4362 3847 4431 pri-

2249 4469 2395 4508 mum
2440 4454 2713 4519 Herodes,
2761 4453 2915 4523 quasi
2957 4453 3076 4508 vice
3122 4452 3299 4517 illius,
3328 4460 3652 4522 potestatem
3697 4450 3848 4506 illius

2247 4544 2499 4600 obtinuit.
2549 4543 2655 4600 Sed
2693 4559 2816 4599 cum
2858 4553 2981 4612 post
3027 4542 3241 4612 aliqqu
3296 4550 3507 4611 tempus
3555 4540 3848 4611 Hyrcanus

2249 4633 2540 4702 amputatis
2583 4632 2806 4688 auribus
2847 4630 3090 4687 Iudaeam
3128 4638 3519 4695 reverteretur,
3562 4631 3848 4686 simulavit

2248 4740 2306 4780 se
2342 4725 2481 4780 idem
2510 4724 2750 4780 Herodes
2775 4739 2898 4779 eum
2932 4724 2987 4779 in
3013 4738 3148 4794 pace
3174 4723 3450 4793 suscipere
3485 4740 3499 4776 :
3531 4723 3623 4778 sed
3649 4735 3844 4793 postea

2249 4833 2372 4872 cum
2399 4832 2523 4872 eum
2567 4815 2756 4872 fraude
2784 4824 3062 4879 necasset,
3096 4815 3468 4871 fraudulenter
3513 4825 3848 4884 potestatem

2247 4906 2392 4963 illius
2436 4906 2707 4973 obtinuit,
2757 4915 2812 4963 et
2866 4907 3097 4977 primum
3147 4921 3176 4963 a
3225 4904 3413 4962 Cassio
3470 4906 3849 4960 Romanorum

2248 4994 2406 5060 (luce,
2436 5002 2623 5065 postea
2651 4996 2717 5051 ab
2762 4995 2879 5067 ipso
2914 4996 3240 5066 imperatore
3285 5002 3554 5067 potestate
3595 5004 3847 5064 accepta,

2251 5101 2474 5154 regnum
2502 5086 2807 5143 Iudaeorum
2840 5087 2940 5143 sibi
2981 5087 3307 5157 subjugavit.
3347 5087 3461 5143 Hac
3493 5088 3657 5162 igitur
3700 5087 3852 5147 frau-

2250 5175 2484 5233 dulentia
2517 5179 2723 5249 primus
2752 5192 2820 5232 ex
2851 5178 3170 5248 alienigenis
3199 5177 3456 5243 Herodes,
3488 5193 3713 5247 regnum
3744 5178 3850 5233 sub

2250 5282 2347 5322 sua
2375 5277 2641 5338 potestate
2674 5266 2981 5325 Iudaaorum
3013 5270 3218 5338 accepit
3239 5312 3253 5333 ,
3297 5284 3404 5338 quo
3435 5278 3695 5341 regnante
3741 5270 3855 5324 θον

2251 5357 2432 5413 minus
2475 5357 2631 5413 Iesus
2675 5358 2921 5415 Christus
2970 5362 3265 5415 secundum
3316 5362 3608 5430 prophetas
3651 5363 3849 5430 prazdi-

2251 5457 2390 5512 ctus,
2419 5456 2578 5504 natus
2608 5449 2662 5503 in
2705 5448 3021 5505 Bethlehem
3059 5450 3255 5522 Oppido
3300 5450 3470 5505 Iudae.
3514 5449 3650 5517 Quia
3695 5449 3850 5505 enim

2252 5537 2626 5594 deficientibus
2654 5539 2991 5610 principibus
3024 5556 3091 5596 ex
3135 5539 3292 5604 Iuda,
3326 5540 3533 5595 alienus
3562 5550 3615 5594 et
3654 5547 3852 5594 extra.

2251 5642 2387 5684 nens
2414 5637 2574 5700 atque
2601 5630 2772 5686 falsus
2804 5647 3026 5704 regnum
3057 5631 3363 5686 Iudaeorum
3404 5630 3735 5700 arripuerat,
3764 5626 3853 5686 inv

2252 5717 2430 5774 stabat
2458 5729 2667 5792 tempus
2697 5737 2803 5794 quo
2830 5738 2989 5779 verus
3017 5721 3130 5777 Rex
3174 5729 3514 5786 nasceretur,
3546 5718 3708 5791 cujus
3732 5728 3855 5779 tero
