4038 6352
260 327 354 384 109

1439 302 1739 363 uentus:
1784 301 1870 357 ns
1903 283 2248 355 Teneone:

3390 297 3492 350 “0

215 469 218 476 -
259 443 327 496 tia
361 435 563 494 decima
594 433 681 490 die
725 429 1021 487 nativitatis
1047 427 1186 500 magi
1214 427 1281 481 ab
1317 425 1528 481 oriente
1555 431 1818 478 venerunt
1845 427 1890 490 Α
1919 433 2024 487 que
2055 417 2107 470 in
2139 426 2302 481 terra,
2341 414 2435 470 sed
2470 429 2565 485 per
2604 429 2729 471 aera
2771 412 3127 478 discurrebat,
3178 421 3237 468 ut
3278 411 3386 469 dux
3441 423 3497 467 et

259 528 673 598 Hierosolymam
695 566 710 588 ,

330 641 348 675 ι
385 621 635 675 Dicentes
664 631 679 670 :
710 614 809 671 Ubi
840 622 924 669 est
946 613 1036 684 qui
1063 620 1219 667 natus
1237 618 1320 665 est
1341 609 1457 663 Rex
1479 604 1820 661 Iudaeorum?

264 733 282 766 ι
314 711 554 769 Vidimus
585 707 729 762 enim
753 705 964 760 stellam
989 703 1106 774 ejus
1133 703 1185 756 in
1221 701 1458 764 oriente,
1497 705 1551 753 et
1579 696 1822 751 venimus

265 826 281 856 ι
315 804 536 858 adorare
579 813 720 853 eum.
757 815 775 847 ›
805 796 873 850 Et
902 796 1040 850 bene
1085 794 1152 848 ab
1177 792 1385 848 oriente
1412 789 1701 845 veniebant
1731 787 1822 857 qui

258 896 515 950 orientem
540 883 872 960 quaerebant,
903 887 1075 957 ipsum
1108 885 1312 940 scilicet
1336 884 1402 938 de
1428 897 1536 952 quo
1567 881 1823 949 scriptum

257 994 374 1040 est:
408 1001 428 1034 ι
459 981 603 1036 Ecce
645 980 751 1044 vir,
798 978 989 1033 Oriens
1015 991 1206 1030 nomen
1253 963 1411 1042 ejus,
1455 991 1473 1023 ι
1506 979 1560 1025 et
1586 971 1778 1026 iterum
1807 983 1821 1019 :

261 1096 278 1127 ι
314 1073 562 1128 Visitavit
589 1085 690 1126 nos
713 1069 906 1125 Oriens
933 1083 1000 1122 ex
1027 1067 1134 1122 alto
1160 1065 1312 1137 (Luc.
1345 1064 1404 1132 I).
1442 1084 1459 1115 ι
1498 1061 1610 1116 Non
1647 1071 1825 1116 autem

257 1177 377 1217 casu
397 1202 410 1223 ,
451 1160 549 1215 sed
595 1158 772 1214 divina
820 1155 1220 1226 dispensatione
1247 1162 1426 1208 actum
1456 1159 1569 1214 est,
1600 1159 1659 1204 ut
1687 1148 1827 1218 magi

257 1269 431 1326 regem
457 1261 647 1308 natum
679 1251 912 1320 primum
949 1247 1330 1317 Hierosolynne
1361 1251 1683 1314 quaererent,
1712 1253 1830 1309 quae

255 1355 334 1400 est
356 1341 674 1412 metropolis
707 1340 902 1394 civitas
933 1337 1271 1401 Iudaeorum,
1304 1346 1364 1389 ut
1392 1335 1593 1389 scilicet
1626 1332 1725 1402 ipsi
1752 1331 1832 1385 lo-

254 1449 372 1489 cum
401 1431 705 1486 nativitatis
733 1446 762 1483 a
791 1428 992 1484 Jndmis
1017 1427 1309 1491 discerent,
1331 1434 1384 1480 et
1405 1425 1573 1479 Judzei
1604 1423 1672 1477 ab
1701 1422 1832 1493 ipsis

173 1586 177 1592 _
255 1539 431 1595 regem
452 1537 611 1578 suum
635 1529 820 1576 natum
848 1519 1100 1573 audirent
1137 1533 1152 1572 :
1189 1526 1244 1572 et
1263 1517 1305 1572 si
1326 1531 1449 1570 cum
1471 1515 1601 1585 ipsis
1623 1514 1690 1569 ad
1712 1514 1834 1568 ado-

257 1615 479 1671 randum
525 1621 852 1685 pergerent,
897 1609 1238 1665 salvarentur
1277 1625 1292 1664 :
1325 1609 1370 1663 si
1403 1616 1582 1662 autem
1612 1620 1834 1676 pergere

255 1705 478 1771 nollent,
511 1701 904 1760 inexcusabiles
930 1709 1128 1755 essent.
1160 1698 1263 1754 Sed
1299 1698 1400 1768 ipsi
1427 1696 1602 1751 locum
1641 1695 1835 1750 nativi-

1920 509 2121 580 prtevia
2149 522 2424 578 magorum
2450 521 2620 575 usque
2641 507 2708 562 ad
2734 514 2916 561 natum
2939 519 3163 575 puerum
3193 511 3354 559 esset.
3392 503 3498 561 Sed

1923 613 2099 669 neque
2136 606 2292 652 antea
2329 595 2497 652 fuisse
2536 598 2791 662 creditur,
2835 612 3007 668 neque
3035 605 3216 667 postea
3245 609 3499 666 perman-

1923 699 2078 762 sisse,
2111 695 2204 750 sed
2232 710 2352 750 cum
2380 709 2550 749 novus
2576 695 2738 749 homo
2760 706 2917 749 natus
2938 701 3022 749 est
3046 695 3098 747 in
3132 692 3332 746 mundo
3351 731 3366 756 ,
3396 704 3499 746 no-

1923 804 2050 843 vum
2079 787 2226 843 sidus
2251 786 2499 856 apparuit
2534 785 2587 839 in
2627 785 2786 840 cmlo.
2837 785 3027 840 Omnia
3060 785 3205 840 enim
3232 782 3498 839 elementa

1926 879 2234 936 Creatorem
2297 895 2453 934 suum
2503 878 2558 932 in
2605 879 2804 933 mundo
2846 880 3056 933 venisse
3112 885 3496 950 cognoverunt.

1927 969 2132 1026 Caelum
2175 970 2460 1039 cognovit,
2493 969 2617 1038 quia
2645 983 2770 1023 mox
2798 984 2864 1023 eo
2899 977 3026 1025 nato
3053 970 3260 1024 stellam
3309 983 3502 1025 novam

1927 1061 2104 1124 misit;
2135 1075 2284 1115 mare
2310 1061 2580 1131 cognovit,
2623 1059 2746 1130 quia
2783 1059 2883 1113 sub
2910 1058 3108 1128 plantis
3143 1058 3260 1127 ejus
3296 1074 3356 1114 se
3395 1057 3503 1113 cal-

1929 1151 2102 1206 eabile
2143 1151 2400 1220 praebuit;
2435 1151 2513 1206 sol
2543 1151 2812 1221 cognovit,
2836 1150 2960 1219 quia
2999 1149 3053 1204 in
3076 1147 3191 1217 ejus
3221 1158 3396 1205 morte
3420 1165 3506 1204 ra-

1931 1242 2049 1297 dios
2078 1242 2160 1297 sui
2196 1241 2416 1297 luminis
2463 1241 2774 1306 abscondit;
2805 1255 2935 1295 saxa
2975 1248 3030 1294 et
3063 1239 3264 1310 lapides
3309 1254 3507 1311 cogno-

1931 1339 2143 1397 verunt,
2179 1331 2306 1400 quia
2345 1345 2412 1386 eo
2451 1331 2716 1387 moriente
2740 1330 2923 1386 scissa:
2955 1338 3110 1395 sunt;
3143 1339 3284 1384 terra
3311 1346 3507 1400 cogno-

1933 1421 2030 1486 vit,
2070 1422 2193 1490 quia
2231 1435 2296 1476 co
2335 1428 2649 1492 resurgente
2690 1422 3015 1477 contremuit
3053 1421 3270 1492 (Matth.
3314 1421 3506 1493 xxvii).

1937 1511 2042 1567 Sed
2076 1527 2238 1582 quem
2265 1512 2608 1568 irrationales
2638 1522 2900 1568 creatura:
2953 1522 3336 1584 cognoverunt,
3379 1514 3513 1568 dura

1935 1609 1990 1656 et
2037 1602 2199 1655 stulta
2235 1600 2398 1656 corda
2433 1599 2742 1656 Jndzeorum
2790 1603 2966 1658 adhuc
3010 1617 3114 1657 non
3160 1612 3512 1674 cognoscunt.

1939 1697 2045 1753 Sed
2081 1696 2210 1752 illud
2251 1697 2769 1768 prmtermittendum
2814 1711 2922 1752 non
2967 1705 3083 1762 est,
3123 1697 3249 1768 quia
3293 1697 3516 1752 fuerunt

257 1799 378 1854 tatis
394 1814 462 1853 ex
480 1796 758 1853 suislibris
776 1794 895 1849 aliis
914 1789 1394 1856 ostenderunt,sed
1413 1797 1664 1859 tanquam
1685 1786 1834 1842 stulti
1865 1793 1909 1852 Β
1938 1787 2353 1844 Priscillianisttc
2401 1787 2636 1843 haeretici
2658 1827 2674 1854 ,
2725 1788 2815 1857 qui
2865 1787 3118 1843 dixerunt
3166 1801 3519 1856 unumquem-

252 1900 304 1943 ct
325 1891 454 1945 caeci
488 1891 542 1944 in
570 1887 807 1943 tenebris
828 1893 1258 1957 permanserunt.
1290 1883 1552 1952 Factique
1582 1891 1707 1936 sunt
1729 1880 1834 1937 illis

253 1983 405 2050 quasi
466 1982 669 2051 lapides
715 1981 766 2034 in
822 1979 1074 2034 milliario
1117 1978 1208 2048 qui
1265 1975 1644 2031 itinerantibus
1690 1975 1834 2029 viam

252 2072 564 2133 ostendunt,
604 2071 696 2125 sed
727 2078 902 2123 tamen
936 2068 1017 2122 eis
1047 2066 1549 2137 pertranseuntibus
1579 2063 1756 2118 stolidi
1781 2071 1838 2118 ct

252 2162 564 2217 immobiles
593 2167 939 2231 permanent;
992 2159 1064 2211 ita
1093 2157 1309 2226 quidem
1337 2163 1392 2210 et
1423 2154 1591 2210 Judzci
1619 2155 1736 2208 aliis
1762 2153 1838 2208 lo-

253 2269 378 2305 cum
410 2251 712 2306 nativitatis
741 2249 941 2303 Christi
976 2239 1358 2312 ostenderunt,
1401 2246 1493 2301 sed
1538 2246 1592 2300 in
1633 2261 1693 2300 se
1726 2254 1841 2300 stn-

251 2341 366 2409 pidi
415 2347 811 2395 remanserunt.
861 2338 990 2404 Qua:
1036 2345 1216 2390 autem
1268 2337 1356 2390 hic
1397 2335 1465 2390 ab
1506 2334 1841 2405 Evangelista

253 2429 640 2499 Hierosolyma
678 2437 862 2482 vocata
892 2435 998 2490 est,
1038 2427 1150 2495 ipsa
1182 2433 1265 2480 est
1290 2425 1481 2479 civitas
1503 2439 1623 2493 qua:
1656 2439 1684 2477 a
1716 2423 1842 2478 Scm

252 2522 370 2576 ﬁlio
411 2521 528 2576 Noe
555 2517 842 2582 aediﬁcata,
871 2517 1101 2586 primum
1134 2517 1276 2571 dicta
1314 2523 1396 2570 est
1425 2514 1624 2578 Salem,
1659 2522 1844 2583 postea

255 2627 390 2666 vero
423 2617 650 2678 propter
692 2607 1025 2660 habitatores
1064 2604 1432 2659 Jebusacorum
1479 2602 1740 2671 appellata
1765 2609 1848 2656 est

256 2703 443 2757 Iebus.
500 2699 652 2755 Unde
686 2704 741 2750 et
784 2712 849 2751 ex
888 2697 1130 2763 utrisque
1160 2694 1517 2763 compositum
1540 2700 1623 2747 est
1653 2707 1845 2745 nomen

258 2793 378 2862 ejus
410 2789 728 2846 Jerusalem.
789 2786 1142 2855 Temporibus
1183 2800 1311 2838 vero
1349 2783 1654 2837 Salomonis
1682 2783 1842 2852 re‘gis,

260 2883 376 2951 ejus
411 2879 672 2952 sapientia
713 2885 769 2931 et
807 2877 1002 2930 decore
1048 2874 1296 2943 ampliori
1341 2875 1545 2928 honore
1588 2873 1844 2938 exaltata,

263 2978 409 3030 dicta
443 2984 525 3029 est
553 2970 948 3040 Hierosolyma,
980 2968 1130 3038 quasi
1160 2966 1646 3022 Hierosolomonia.
1696 2965 1848 3021 Unde

265 3065 484 3132 quidam
508 3061 854 3118 metricorum
894 3059 1006 3112 ait:
1049 3076 1066 3107 ι
1103 3057 1266 3112 Hiero
1293 3072 1451 3127 quem
1487 3057 1671 3125 genuit
1698 3056 1850 3110 Salo-

1939 1895 2044 1950 que
2080 1879 2350 1934 hominem
2377 1880 2476 1934 sub
2505 1877 2616 1934 fato
2641 1877 2916 1933 stellarum
2944 1877 3114 1942 nasci,
3147 1878 3250 1933 hoc
3277 1877 3328 1931 in
3359 1874 3516 1944 adju-

1937 1969 2134 2024 torium
2183 1968 2265 2022 sui
2303 1967 2506 2024 erroris
2550 1982 2828 2022 assumere
2853 1966 3114 2030 volentes,
3150 1966 3274 2035 quia
3303 1980 3428 2021 mox
3457 1972 3516 2018 ut

1938 2058 2198 2114 Dominus
2244 2066 2402 2112 natus
2439 2064 2542 2123 est,
2569 2058 2686 2127 ejus
2721 2056 2876 2112 stella
2905 2056 2959 2110 in
3005 2055 3215 2111 oriente
3245 2053 3512 2125 apparuit.

1938 2146 2144 2214 Quibus
2185 2161 2215 2200 e
2250 2145 2464 2200 diverso
2509 2161 2606 2199 nos
2640 2143 3026 2214 respondemus
3069 2144 3193 2213 quia
3234 2159 3339 2198 non
3384 2157 3518 2211 puer

1939 2239 2006 2292 ad
2037 2236 2268 2300 stellam,
2315 2237 2408 2291 sed
2450 2235 2602 2290 stella
2647 2235 2714 2290 ad
2753 2249 2978 2305 puerum
3026 2234 3213 2288 venit:
3247 2233 3290 2287 si
3337 2233 3524 2288 liceret

1942 2328 2046 2384 dici
2075 2327 2182 2382 ullo
2205 2327 2385 2391 modo,
2404 2327 2578 2397 magis
2606 2341 2740 2396 puer
2762 2325 2932 2378 fatum
2955 2323 3144 2388 stellae,
3174 2339 3336 2392 quam
3367 2321 3521 2377 stella

1942 2417 2113 2472 fatum
2151 2417 2302 2486 pueri
2349 2416 2679 2472 crederetur.
2724 2416 2986 2470 Dicebant
3028 2423 3208 2469 autem
3244 2414 3386 2484 quod
3431 2415 3524 2484 qui

1945 2508 2048 2564 sub
2076 2508 2230 2579 signo
2260 2507 2622 2561 nascebantur
2646 2504 2841 2571 Librae,
2879 2505 3174 2575 trapezitas
3216 2518 3336 2560 esse
3377 2502 3524 2558 futu-

1947 2617 2058 2668 ros,
2106 2601 2352 2672 plurimae
2397 2609 2576 2654 autem
2629 2608 2817 2668 gentes
2867 2610 3012 2665 sunt,
3063 2614 3184 2670 quae
3236 2599 3528 2668 trapezitas

1946 2709 2052 2748 non
2095 2692 2316 2757 habent,
2364 2699 2420 2746 et
2454 2701 2629 2746 tamen
2662 2693 2762 2746 sub
2799 2692 2990 2747 eodem
3040 2693 3192 2763 signo
3232 2691 3384 2746 multi
3427 2691 3528 2746 ho-

1948 2784 2138 2849 mines,
2186 2783 2328 2836 sicut
2367 2782 2420 2836 iu
2461 2781 2582 2836 aliis
2638 2781 2966 2853 regionibus,
3015 2790 3330 2836 nascuntur.
3368 2780 3524 2835 Dice-

1947 2877 2075 2931 baut
2129 2876 2436 2930 etiam-eos
2489 2876 2579 2944 qui
2625 2877 2726 2930 sub
2757 2874 2911 2944 signo
2960 2874 3182 2944 Aquarii
3230 2874 3526 2929 nasceban-

1951 2977 2036 3023 tur
2070 2969 2369 3038 piseatores
2395 2981 2514 3021 esse
2541 2965 2786 3030 futuros,
2825 2981 2946 3020 cum
2999 2966 3115 3020 sine
3165 2964 3327 3020 dubio
3377 2963 3531 3018 multi

1949 3060 2195 3115 homines
2220 3059 2320 3114 sub
2341 3058 2530 3113 eodem
2557 3058 2758 3122 sidere,
2789 3057 2928 3112 sicut
2962 3057 3016 3112 in
3053 3056 3266 3112 caeteris
3293 3054 3531 3127 regioni-

269 3155 450 3209 monia
481 3167 680 3222 regem.
715 3169 734 3203 ι
766 3149 891 3204 Suis
921 3164 1135 3217 quoque
1164 3148 1344 3202 verbis
1373 3148 1512 3216 magi
1543 3162 1663 3201 eum
1687 3161 1848 3216 quem
1879 3152 1922 3214 (ζ
1954 3152 2085 3216 bus,
2134 3158 2446 3215 nascantur,
2480 3149 2571 3218 qui
2612 3149 2910 3220 piscatores
2955 3165 3061 3204 non
3109 3155 3252 3204 sunt.
3309 3147 3442 3202 Nam
3479 3147 3533 3202 in

269 3245 611 3311 qumrebant,
655 3239 926 3295 hominem
954 3254 1134 3308 regem
1167 3239 1475 3308 pariterque
1512 3237 1682 3292 Deum
1718 3238 1850 3292 fate-

273 3334 490 3385 bantur.
541 3331 818 3384 llominem
871 3329 1068 3398 quippe
1115 3340 1358 3398 qumrere
1412 3342 1472 3382 se
1516 3328 1848 3390 ostendunt,

278 3435 400 3473 cum
456 3420 675 3473 dicunt:
715 3439 732 3470 ι
763 3418 860 3474 Ubi
906 3427 988 3473 est
1037 3418 1128 3487 qui
1179 3427 1338 3471 natus
1385 3417 1514 3473 est?
1543 3436 1562 3467 ι
1624 3430 1804 3483 regem
1834 3455 1847 3478 ,

274 3524 400 3562 cum
446 3509 798 3580 subjunguut,
850 3527 869 3558 ‹
902 3523 996 3562 rex
1047 3506 1376 3561 Iudaeorum.
1407 3525 1426 3557 ι
1485 3505 1854 3575 Eumdemque

271 3599 441 3652 Deum
491 3614 608 3654 esse
657 3597 999 3663 conﬁtentur,
1031 3613 1153 3652 cum
1180 3594 1470 3664 subjiciunt
1501 3613 1512 3648 :
1547 3614 1564 3646 ι
1601 3593 1852 3648 Vidimus

265 3690 413 3744 enim
458 3691 666 3744 stellam
719 3687 837 3756 ejus
887 3689 939 3743 in
987 3689 1226 3753 oriente,
1267 3697 1322 3740 et
1352 3687 1598 3742 venimus
1623 3685 1854 3741 adorare

265 3798 411 3838 eum.
446 3802 464 3834 ι
493 3783 597 3836 Sed
627 3782 762 3837 forte
787 3782 978 3851 quaerit
1012 3780 1207 3850 aliquis
1239 3795 1359 3851 qua:
1381 3779 1482 3834 ista
1507 3780 1578 3834 sit
1602 3778 1854 3834 ditferen-

270 3875 369 3935 tia,
429 3884 489 3928 ut
538 3875 709 3945 magis
757 3875 810 3926 iu
854 3874 1063 3928 oriente
1109 3873 1408 3926 nativitatis
1447 3871 1656 3927 Domini
1697 3871 1853 3926 index

270 3967 422 4022 stella
454 3966 728 4036 apparuit,
757 3981 878 4020 cum
903 3965 1126 4035 angelus
1155 3965 1210 4019 in
1237 3962 1419 4019 Iudaea
1445 3965 1690 4020 eamdem
1719 3964 1857 4019 nati-

271 4060 496 4114 vitatem
529 4059 840 4129 pastoribus
869 4057 1214 4112 nuntiaverit.
1247 4055 1329 4109 Ad
1355 4055 1496 4126 quod
1526 4055 1856 4125 responden-

272 4151 398 4205 dum
445 4160 557 4215 est,
597 4150 722 4220 quia
751 4151 969 4220 dignum
1005 4147 1102 4202 fuit
1133 4158 1195 4203 ut
1222 4148 1546 4219 pastoribus,
1571 4149 1660 4218 qui
1696 4147 1861 4202 lsrae-

271 4241 376 4297 lita:
416 4249 578 4297 erant
623 4250 678 4296 et
727 4243 896 4297 Deum
943 4241 1065 4296 caeli
1103 4241 1532 4310 cognoscebant,
1580 4241 1860 4294 rationalis

273 4344 550 4398 creatura,
579 4333 630 4388 id
658 4341 742 4388 est
773 4333 993 4402 angelus
1017 4339 1326 4402 appareret,
1358 4332 1448 4400 qui
1477 4347 1571 4386 eos
1606 4331 1672 4384 de
1717 4331 1859 4385 nati-

273 4426 434 4481 vitate
451 4426 667 4481 Domini
690 4427 982 4480 instrueret
1000 4441 1014 4478 :
1034 4425 1204 4494 magis
1216 4439 1363 4489 vero,
1383 4431 1636 4494 tanquam
1653 4423 1862 4494 gentili-

1949 3241 2178 3295 Francia
2224 3239 2685 3309 plurimarumque
2732 3239 2971 3308 gentium
3023 3237 3222 3307 regnis,
3276 3252 3430 3308 reges
3467 3252 3534 3292 ex

1949 3331 2158 3400 origine
2190 3330 2480 3384 succedere
2505 3328 2712 3393 solent,
2746 3337 2802 3382 et
2825 3329 3001 3382 nullus
3032 3328 3245 3395 ignorat
3283 3328 3408 3396 quia
3435 3327 3536 3381 sub

1950 3424 2138 3475 eodem
2184 3420 2339 3490 signo
2380 3427 2436 3472 et
2480 3417 2668 3472 eadem
2714 3420 2845 3472 hora
2877 3434 2980 3488 qna
3021 3419 3163 3471 (ilius
3191 3418 3334 3488 regis
3360 3419 3538 3472 nasci-

1953 3522 2057 3576 tur,
2093 3511 2246 3566 multi
2284 3527 2352 3566 ex
2382 3510 2561 3565 servili
2593 3510 2900 3565 conditione
2925 3510 2977 3563 in
3007 3508 3198 3564 eodem
3229 3522 3394 3579 regno
3439 3510 3540 3563 sub

1952 3607 2140 3661 eodem
2183 3605 2362 3660 sidere
2386 3613 2698 3668 nascuntur,
2728 3614 2785 3660 et
2817 3613 2994 3658 tamen
3028 3603 3170 3658 Illius
3213 3604 3378 3674 regis,
3412 3618 3535 3658 cum

1954 3693 2166 3748 adultus
2207 3692 2389 3759 fuerit,
2436 3694 2586 3764 regni
2626 3695 2884 3764 dignitate
2916 3693 3262 3761 sublimatur,
3296 3709 3421 3750 cum
3455 3694 3537 3749 illi

1953 3785 2045 3855 qui
2075 3801 2198 3840 cum
2234 3800 2300 3839 eo
2326 3784 2437 3838 nati
2475 3793 2598 3839 sunt
2641 3801 2812 3854 usque
2845 3785 2912 3839 ad
2939 3794 3167 3839 mortem
3198 3785 3249 3840 in
3277 3785 3540 3841 servitute

1953 3883 2326 3945 permaneant.
2365 3872 2470 3929 Sed
2509 3889 2578 3928 ne
2619 3890 2783 3944 parva
2832 3876 2946 3930 haec
2991 3875 3058 3929 ad
3104 3874 3542 3932 Priscillianista-

1956 3979 2078 4018 rum
2120 3965 2372 4019 haeresim
2417 3963 2803 4019 destruendam
2841 3966 3148 4030 videantur,
3190 3966 3356 4022 etiam
3395 3966 3536 4022 Scri-

1956 4063 2128 4125 ptura:
2187 4070 2356 4110 sacrae
2404 4057 2782 4111 auctoritatem
2846 4058 3219 4114 adhibeamus.
3290 4059 3542 4130 Legimus

1959 4148 2101 4202 enim
2125 4147 2250 4217 quia
2282 4163 2385 4201 una
2419 4149 2714 4218 eademque
2737 4151 2898 4216 hora,
2930 4165 2996 4205 ex
3033 4151 3222 4206 iisdem
3244 4151 3545 4207 visceribus

1960 4237 2204 4293 Rebecca
2235 4247 2406 4292 mater
2431 4239 2565 4293 duos
2599 4239 2738 4295 ﬁlios
2784 4241 3010 4307 habuit,
3057 4241 3197 4297 Esau
3244 4243 3450 4299 scilicet
3492 4254 3548 4297 ct

1959 4326 2143 4392 Jacob,
2173 4336 2228 4383 et
2257 4338 2434 4384 tamen
2465 4345 2602 4384 unus
2625 4331 2858 4394 electus,
2882 4332 3019 4388 alter
3047 4348 3175 4388 vero
3202 4335 3540 4404 reprobatus.

1963 4423 2176 4479 dicente
2217 4423 2486 4479 Domino:
2524 4444 2542 4476 ι
2570 4423 2737 4481 Jacob
2779 4426 2964 4492 dilexi,
3006 4426 3148 4482 Esau
3193 4436 3372 4480 autem
3421 4425 3546 4480 odio

277 4518 374 4572 bus
399 4528 457 4572 et
481 4519 693 4572 ratione
717 4517 1048 4579 carentibus,
1085 4515 1413 4570 irrationalis
1444 4522 1692 4569 creatura
1711 4515 1863 4570 stella
1892 4504 1942 4563 D
1968 4516 2131 4571 habui
2159 4515 2336 4588 (Rom.
2363 4517 2464 4588 Ix).
2499 4536 2518 4569 ι
2564 4517 2620 4572 Si
2660 4527 2839 4573 autem
2881 4519 3052 4573 fatum
3087 4525 3250 4580 esset,
3277 4524 3371 4570 aut
3401 4524 3547 4572 uter-

275 4616 586 4678 appareret,
636 4624 757 4678 qua:
790 4607 1009 4663 insolito
1042 4607 1245 4676 fulgore
1277 4621 1570 4661 coruscans
1615 4605 1666 4659 in
1706 4606 1862 4672 cado,

277 4714 457 4770 regem
499 4699 623 4754 caeli
661 4700 714 4754 in
748 4699 908 4754 terris
936 4708 1120 4752 uatum
1148 4697 1476 4762 ostenderet,
1503 4704 1556 4752 et
1600 4697 1675 4751 ita
1712 4695 1866 4752 ﬁeret

273 4798 332 4843 ut
359 4799 415 4844 et
443 4790 524 4844 illi
557 4805 655 4860 per
679 4790 928 4860 angelum
949 4829 964 4854 ,
993 4797 1048 4844 et
1077 4787 1164 4842 isti
1200 4801 1297 4856 per
1327 4787 1533 4842 stellam
1585 4786 1861 4851 admoniti,

274 4883 341 4935 ad
373 4880 694 4952 angularem
722 4881 955 4950 lapidem
993 4886 1306 4944 currerent,
1337 4887 1392 4932 et
1418 4894 1485 4932 ex
1517 4887 1744 4947 utroque
1772 4892 1866 4948 po-

271 4972 399 5052 pplo
434 4987 609 5026 unum
646 4972 912 5040 parietem
942 4970 1202 5035 facerent,
1243 4969 1312 5024 ab
1339 4969 1432 5023 illo
1467 4970 1764 5040 conjuncti,
1799 4969 1866 5023 de

275 5077 382 5131 quo
407 5063 490 5116 ait
515 5061 804 5131 Apostolus
843 5080 856 5115 :
895 5080 913 5113 ι
943 5061 1062 5131 ipse
1093 5068 1178 5116 est
1209 5074 1314 5129 pax
1352 5068 1574 5124 nostra,
1622 5061 1716 5130 qui
1741 5058 1870 5116 fecit

275 5161 515 5222 utraque
552 5167 744 5216 unum,
778 5159 836 5206 et
869 5151 1104 5206 medium
1130 5151 1397 5219 parietem
1433 5149 1728 5220 copulavit,
1759 5151 1868 5206 dis-

275 5244 498 5299 solvens
527 5243 839 5298 inimicitias
870 5242 923 5296 in
952 5257 1115 5296 carne
1143 5257 1262 5305 sua,
1302 5249 1357 5297 et
1383 5241 1606 5296 veniens
1635 5256 1867 5310 evangeo

275 5333 469 5391 lizavit
513 5351 700 5406 pacem
767 5335 850 5390 his
907 5335 998 5403 qui
1057 5334 1213 5404 longe
1265 5343 1320 5390 et
1374 5336 1464 5404 qui
1523 5350 1688 5405 prope
1740 5345 1866 5390 sunt

279 5425 504 5499 (Ephes.
533 5426 616 5496 ιι).
649 5444 667 5475 ι
697 5424 804 5480 Sed
837 5425 973 5480 forte
1005 5424 1302 5494 interrogat
1327 5425 1522 5496 aliquis
1546 5435 1725 5480 utrum
1753 5426 1866 5481 haec

277 5520 435 5576 stella
467 5520 522 5574 in
547 5509 686 5575 (εώιο
714 5519 925 5572 sidereo
949 5525 1312 5588 permaneret,
1353 5519 1494 5572 sicut
1536 5528 1591 5572 et
1635 5525 1864 5584 caeteraa,

279 5613 366 5664 vel
399 5626 499 5681 per
528 5625 710 5665 aerem
739 5627 805 5663 an
847 5625 943 5680 per
982 5617 1179 5663 terram
1206 5608 1554 5666 discurreret.
1607 5610 1688 5664 Ad
1724 5611 1867 5680 quod

281 5703 575 5758 dicendum
603 5702 725 5770 quia
765 5715 936 5770 neque
963 5701 1012 5754 in
1045 5700 1183 5754 etelo
1213 5701 1424 5756 sidereo
1462 5701 1562 5755 lixa
1591 5714 1739 5767 erat,
1771 5719 1865 5758 nc-

1967 4622 2073 4677 que
2096 4607 2320 4673 electus,
2343 4617 2435 4663 aut
2455 4617 2682 4678 uterque
2705 4619 2850 4663 esset
2871 4608 3206 4676 reprobatus.
3249 4605 3329 4660 Ex
3353 4607 3548 4678 quibus

1967 4701 2219 4757 omnibus
2259 4702 2653 4772 cognoscimus,
2701 4700 2825 4769 quia
2871 4715 2974 4752 non
3013 4696 3192 4754 fatalis
3223 4698 3546 4764 accidentia,

1969 4793 2064 4847 sed
2093 4791 2272 4846 divina
2301 4791 2637 4860 providentia
2659 4789 2934 4843 hominum
2959 4789 3127 4844 vitam
3148 4790 3366 4846 ordinat
3388 4799 3551 4860 atque

1969 4883 2237 4952 disponit;
2282 4883 2378 4938 sed
2421 4881 2597 4937 solent
2632 4881 2700 4936 ad
2748 4881 2862 4938 hmc
2899 4883 3267 4939 mathematici
3317 4881 3554 4953 obiicere

1970 4971 2096 5041 quia
2129 4971 2466 5027 constellatio
2493 4970 2671 5026 fatalis
2700 4971 2753 5026 in
2783 4971 2892 5027 ictu
2917 4973 3205 5044 pungentis
3249 4974 3362 5028 ﬁat.
3417 4972 3552 5040 Qui-

1967 5061 2072 5118 bus
2101 5077 2202 5117 nos
2230 5063 2538 5118 econtrario
2566 5061 2952 5132 respondemus
2987 5064 3114 5134 quia
3146 5063 3310 5119 homo
3347 5079 3456 5119 non
3498 5064 3550 5118 iu

1968 5140 2078 5211 ictu
2108 5155 2379 5221 nascitur,
2416 5154 2512 5209 sed
2542 5155 2798 5211 nascendi
2829 5169 3010 5210 moras
3033 5155 3163 5227 agit.
3213 5154 3276 5212 Et
3308 5155 3352 5210 si
3381 5153 3553 5210 fatum

1967 5246 2294 5301 credendum
2333 5252 2506 5308 esset,
2558 5253 2638 5300 tot
2677 5255 3000 5317 cogerentur
3057 5244 3204 5302 credi
3261 5244 3370 5300 fata
3422 5252 3556 5316 quot

1971 5351 2098 5396 sunt
2152 5339 2386 5396 hominis
2437 5339 2698 5395 membra.
2768 5339 2884 5394 Non
2928 5355 3075 5410 ergo
3127 5338 3282 5395 stella
3331 5351 3453 5407 qua:
3501 5337 3554 5390 in

1972 5433 2179 5488 oriente
2217 5429 2468 5502 apparuit
2520 5438 2702 5484 natum
2745 5445 2972 5500 puerum
3017 5428 3220 5501 aliquid
3251 5427 3425 5500 juvit,
3456 5423 3555 5480 sed

1975 5525 2229 5580 indicium
2258 5524 2528 5579 nascentis
2554 5523 2676 5589 fuit,
2712 5532 2872 5594 atque
2904 5539 3000 5579 sua
3029 5521 3404 5579 coruscatione
3439 5532 3555 5572 ma-

1977 5633 2164 5688 gorum
2207 5624 2418 5673 mentes
2461 5618 2526 5671 ad
2572 5617 2921 5687 quaerendum
2959 5631 3082 5670 eum
3111 5616 3201 5685 qui
3246 5621 3406 5666 natus
3447 5612 3561 5666 fuco

1979 5718 2061 5766 rat
2097 5709 2436 5765 illuminavit.
2490 5711 2650 5764 Forte
2677 5711 2838 5764 etiam
2875 5711 3066 5779 quaerit
3091 5708 3316 5777 aliquis,
3349 5709 3438 5778 qui
3473 5707 3562 5765 isti
