4038 6352
500 273 594 328 ill

1105 276 1459 334 HAYMONIS
1498 261 1976 333 HALBERSTAT.
2019 275 2230 332 EPISC.
2272 277 2421 334 OPP.
2464 281 2642 338 PARS
2683 283 2744 338 Il.
2779 316 2846 326 —
2885 285 3115 341 HOMIL.

3654 299 3770 352 112

499 391 642 461 magi
666 390 906 458 fuerunt,
936 391 1018 446 vel
1045 407 1108 447 ex
1137 407 1240 460 qua
1263 401 1422 463 gente
1441 401 1737 460 venerunt,
1765 391 1856 462 qui
1885 399 2070 446 natum
2099 393 2150 452 Α
2175 393 2316 461 quod
2348 394 2474 449 totis
2500 396 2644 452 votis
2667 398 3070 465 desiderabant,
3098 413 3208 468 pra:
3236 399 3401 456 nimia
3430 403 3613 462 latitia
3644 420 3771 466 tur.

495 496 722 553 puerum
752 492 858 540 tam
889 485 1111 541 sollicite
1137 485 1206 539 ad
1232 485 1565 540 adorandum
1589 485 1935 554 quaesierunt.
1979 483 2076 540 Cui

496 592 597 634 nos
634 579 968 650 diversorum
996 577 1276 646 opiniones
1307 579 1373 633 de
1403 577 1488 632 his
1523 577 1868 643 adhibemus,
1898 584 1957 631 ut
1973 576 2078 642 geli-

495 678 588 740 gat
620 670 764 740 quod
800 669 1066 724 salubrius
1089 668 1434 737 judicaverit.
1487 669 1736 724 Nonnulli
1761 669 1904 724 enim
1933 669 2078 723 dixe-

495 771 620 816 runt
657 777 750 817 eos
787 777 851 816 ex
895 761 1105 817 'l‘harso
1141 761 1227 816 vel
1263 762 1463 816 Arabia
1491 761 1791 827 advenisse,
1823 769 1879 816 et
1906 761 1959 816 in
1990 760 2075 816 his

492 850 763 921 impletam
806 850 994 905 volunt
1033 865 1156 906 esse
1202 851 1537 922 prophetiam
1573 852 1640 906 ad
1667 851 1922 916 litteram,
1953 867 2074 922 quae

490 942 618 996 dicit
647 959 662 996 :
700 961 718 993 ι
754 942 929 1011 Reges
974 943 1198 998 Tharsis
1223 952 1301 1003 ,et
1348 943 1536 999 insulae
1573 958 1795 998 munera
1823 943 2070 1010 oﬂ'erent,

489 1046 646 1102 reges
679 1031 921 1088 Arabum
952 1041 1008 1089 et
1027 1029 1182 1111 .Saba
1211 1034 1348 1088 dona
1387 1034 1684 1099 adducent;
1715 1053 1735 1085 ι
1765 1040 1822 1088 et
1840 1033 2068 1089 iterum:

493 1143 510 1173 ι
541 1123 742 1181 Omnes
767 1125 834 1181 de
860 1125 1002 1180 Saba
1025 1127 1241 1182 venient
1269 1141 1458 1179 aurum
1499 1133 1554 1179 et
1595 1126 1717 1179 thus
1743 1124 2070 1190 deterentes,

487 1223 542 1269 et
579 1214 790 1274 laudem
822 1216 1049 1271 Domino
1075 1216 1473 1271 annuntiantes.
1504 1234 1522 1266 ι
1588 1215 1690 1269 Alii
1729 1215 1980 1270 dixerunt
2003 1231 2070 1271 ex

486 1307 776 1384 Persarum
818 1309 1037 1381 regione
1075 1323 1168 1364 eos
1209 1308 1441 1373 venisse,
1473 1307 1614 1364 sicut
1637 1309 1854 1377 quidam
1889 1309 1955 1364 de
1984 1323 2070 1365 sa-

485 1402 759 1470 pientibus
796 1402 926 1457 dicit
960 1419 972 1455 :

575 1491 714 1542 Tunc
733 1492 875 1554 jubet
901 1496 957 1544 et
981 1492 1158 1543 Persas
1179 1491 1376 1544 celeres
1401 1491 1704 1554 pertendere
1724 1501 1941 1551 gressus.

481 1594 732 1666 Plerique
749 1604 926 1651 autem
942 1595 1186 1651 arbitrati
1200 1603 1324 1651 sunt
1336 1609 1428 1650 eos
1442 1593 1720 1650 Chaldaeos
1732 1592 1918 1660 fuisse,
1944 1591 2068 1662 quia

481 1684 718 1741 Chaldazi
749 1685 932 1742 stellas
960 1686 1083 1743 caeli
1108 1685 1240 1742 deos
1267 1700 1387 1758 esse
1407 1691 1753 1755 putaverunt,
1782 1692 1837 1737 et
1867 1682 1922 1736 in
1949 1690 2067 1736 arte

482 1776 838 1831 astronomica
863 1777 1180 1847 peritissimi
1225 1775 1462 1831 fuerunt.
1491 1775 1597 1829 Alii
1623 1775 1786 1830 etiam
1813 1773 2067 1828 dixerunt

482 1886 549 1926 ex
575 1871 743 1940 stirpe
768 1870 987 1924 Balaam
1017 1871 1296 1940 prophetae
1317 1885 1412 1925 eos
1440 1869 1806 1935 descendisse,
1827 1868 1916 1938 qui
1941 1884 2066 1923 mox

481 1969 540 2014 nt
577 1975 771 2016 novam
821 1959 1030 2016 stellam
1068 1951 1338 2025 viderunt,
1373 1973 1554 2030 regem
1577 1968 1765 2012 natum
1791 1956 2067 2013 intellexe-

480 2059 644 2114 runt,
699 2060 756 2107 et
799 2050 1103 2106 recolentes
1149 2050 1489 2120 prophetiam
1539 2048 1792 2114 Balaam,
1836 2049 2066 2105 dicentis

482 2138 671 2210 (Num.
713 2140 864 2211 xxiv)
897 2159 910 2195 :
950 2160 968 2194 ι
995 2140 1214 2197 Orietur
1239 2139 1390 2196 stella
1415 2155 1482 2196 ex
1501 2139 1689 2207 Iacob,
1724 2148 1780 2196 et
1813 2147 2066 2211 exsurget

476 2230 642 2286 homo
660 2231 725 2285 de
751 2230 936 2298 Israel,
961 2239 1014 2286 et
1034 2230 1401 2290 dominabitur
1413 2232 1681 2302 gentium;
1709 2251 1728 2284 ι
1754 2231 1914 2301 primi
1941 2246 2063 2286 cum

476 2319 794 2376 muneribus
840 2320 908 2375 ad
957 2320 1288 2375 adorandum
1323 2335 1447 2376 eum
1491 2320 1900 2400 festinaverunt:
1955 2319 2062 2376 Sed

474 2418 656 2465 tamen
701 2409 794 2481 qui
854 2409 1080 2481 quilibet
1129 2411 1321 2465 horum
1375 2409 1606 2476 fuerint,
1653 2411 1931 2466 sciendum
1979 2420 2063 2466 est

474 2496 616 2570 quia
646 2503 898 2573 primitiae
944 2503 1181 2575 gentium
1229 2504 1479 2568 fuerunt,
1510 2510 1567 2558 et
1600 2511 1787 2573 gentes
1821 2503 1875 2558 in
1907 2501 2063 2558 Chri-

476 2601 619 2647 stum
645 2593 950 2649 credituras
975 2595 1342 2664 signaverunt.
1393 2594 1537 2650 Bene
1573 2608 1753 2650 autem
1782 2603 1894 2650 tres
1920 2598 2060 2664 magi

474 2681 645 2738 fuisse
691 2683 963 2749 dicuntur,
1000 2684 1126 2755 quia
1157 2684 1371 2755 gentilis
1414 2686 1642 2755 populus
1673 2686 1739 2740 ad
1775 2685 1933 2741 ﬁdem
1972 2701 2063 2742 ve-

473 2772 650 2838 niens,
687 2772 1016 2827 individuam
1045 2774 1337 2828 trinitatem
1363 2773 1531 2829 Deum
1566 2774 1812 2830 conﬁteri
1849 2776 2057 2832 didicit.

475 2862 603 2919 Sive
629 2871 742 2918 tres
771 2862 1010 2929 fuerunt,
1037 2865 1162 2934 quia
1188 2864 1279 2935 qui
1305 2865 1473 2919 Deum
1498 2864 1744 2931 adorant,
1779 2875 1891 2920 tres
1914 2867 2059 2936 prin-

471 2955 675 3025 cipales
702 2955 930 3010 virtutes
959 2955 1158 3011 habere
1186 2956 1403 3022 debent,
1445 2955 1603 3011 ﬁdem
1625 2997 1640 3021 ,
1671 2970 1822 3026 spem
1839 2995 1856 3023 ,
1884 2957 2058 3012 chari-

470 3053 672 3111 tatem;
727 3045 842 3100 sive
890 3053 1039 3101 certe
1080 3053 1192 3100 tres
1230 3043 1469 3107 fuerunt,
1498 3046 1622 3114 quia
1655 3048 1744 3116 qui
1773 3046 1940 3102 Deum
1976 3047 2055 3102 vi-

471 3138 600 3193 dere
634 3136 983 3202 desiderant,
1022 3135 1422 3205 cogitationem,
1470 3135 1795 3192 locutionem
1837 3147 1893 3194 et
1927 3153 2056 3210 ope-

470 3230 734 3284 rationem
785 3243 939 3285 snam
982 3229 1275 3284 observare
1317 3228 1513 3284 debent
1541 3243 1572 3282 a
1608 3228 1793 3296 malis,
1839 3237 1895 3285 et
1937 3245 2055 3284 me-

467 3322 696 3384 moriam
715 3361 731 3387 ,
760 3321 1086 3377 intellectum
1113 3328 1168 3376 et
1196 3320 1524 3376 voluntatem
1557 3334 1824 3391 occupare
1862 3321 1916 3376 in
1953 3321 2054 3376 bo-

466 3413 572 3468 nis.
629 3411 725 3468 Vel
775 3419 923 3468 certe
982 3419 1095 3466 tres
1155 3410 1298 3481 magi
1349 3425 1470 3465 cum
1525 3411 1696 3466 tribus
1743 3410 2056 3466 muneribus

466 3509 757 3568 venerunt,
795 3502 922 3571 quia
959 3500 1176 3571 gentilis
1216 3499 1444 3571 pepulus
1492 3500 1561 3554 ad
1605 3499 1766 3556 ﬁdem
1807 3501 2051 3567 veniens,

471 3603 581 3650 tres
608 3593 886 3649 naturales
919 3594 1150 3648 virtutes
1176 3607 1357 3648 secum
1389 3592 1598 3658 detulit,
1638 3594 1920 3665 physicam
1949 3595 2055 3650 sci-

467 3683 611 3745 licet,
661 3683 898 3738 ethicam
944 3691 1000 3738 et
1041 3681 1295 3753 logicam,
1325 3681 1380 3737 id
1405 3690 1488 3738 est
1512 3683 1845 3752 naturalem,
1875 3699 2055 3740 mora-

468 3773 576 3826 lem
619 3780 673 3825 et
716 3771 1052 3826 rationalem.
1643 3843 1650 3848 _

543 3882 564 3911 ι
595 3862 834 3917 A-udiens
886 3871 1065 3918 autem
1115 3862 1355 3919 Herodes
1411 3880 1526 3932 rex,
1583 3867 1832 3922 turbatus
1875 3875 1959 3922 est
1997 3874 2054 3921 et

476 3972 492 4002 ι
519 3951 702 4007 omnis
749 3951 1119 4024 Hierosolyma
1157 3968 1278 4008 cum
1318 3953 1428 4009 illo.
1458 3974 1477 4006 ι
1520 3955 1761 4012 Herodes
1800 3955 1881 4026 (ut
1914 3956 2053 4010 dixi-

468 4043 647 4114 mus),
688 4045 777 4114 qui
801 4043 1178 4102 fraudulenter
1207 4055 1262 4102 et
1301 4047 1491 4102 callide
1521 4064 1742 4119 regnum
1772 4048 2050 4102 obtinebat

470 4131 802 4199 Iudaeorum,
851 4149 977 4190 mox
1025 4146 1084 4190 ut
1133 4151 1312 4207 regem
1354 4135 1667 4193 Judaeo'rum
1713 4138 1921 4192 audivit
1958 4152 2052 4192 na-

465 4232 603 4289 tum,
636 4234 882 4280 metuens
906 4241 1274 4284 successorem
1295 4270 1315 4293 ,
1341 4230 1693 4284 conturbatus
1720 4239 1803 4285 est
1830 4230 2010 4284 animo
2033 4270 2049 4296 ,

467 4312 665 4367 timens
691 4323 752 4369 ut
780 4315 924 4385 quod
949 4315 1148 4384 injuste
1179 4321 1410 4380 tenebat,
1441 4317 1587 4386 juste
1605 4321 1909 4386 amitteret,
1944 4336 2049 4375 non

463 4399 770 4473 intelligens
803 4405 928 4474 quia
958 4405 1046 4461 ille
1075 4423 1180 4463 non
1207 4419 1428 4463 venerat
1467 4416 1525 4462 ut
1571 4409 1780 4464 tolleret
1824 4426 2048 4480 regnum

465 4501 762 4561 terrenum,
813 4496 908 4552 sed
952 4505 1012 4551 ut
1053 4499 1397 4553 credentibus
1444 4496 1716 4552 conferret
1759 4507 2044 4555 aeternum.

465 4586 571 4641 Sed
610 4589 734 4658 quia
764 4605 871 4645 non
902 4591 1076 4646 solum
1107 4590 1365 4652 Herodes,
1402 4589 1494 4644 sed
1532 4590 1694 4644 etiam
1720 4592 1897 4648 omnis
1925 4593 2048 4649 Hie-

463 4677 734 4750 rosolyma
773 4695 895 4736 cum
941 4681 1032 4737 illo
1079 4681 1297 4735 turbata
1343 4694 1463 4734 esse
1500 4680 1695 4734 dicitur
1723 4701 1736 4736 :
1767 4683 2046 4739 sciendum

461 4779 548 4827 est
583 4772 708 4842 quia
747 4788 812 4829 ex
851 4789 955 4829 una
994 4789 1274 4845 magorum
1318 4773 1740 4844 interrogatione
1790 4792 1896 4832 non
1923 4793 2044 4832 om-

461 4877 560 4917 nes
587 4878 694 4919 uno
718 4865 874 4926 modo
897 4865 1092 4922 turbati
1109 4865 1388 4921 dicuntur:
1410 4863 1501 4920 alii
1523 4867 1666 4921 enim
1693 4869 2048 4923 turbabantur

460 4961 681 5024 propter
704 4953 986 5020 invidiam,
1013 4954 1152 5009 sicut
1181 4951 1454 5021 Herodes;
1498 4955 1590 5011 alii
1618 4965 1839 5025 propter
1882 4958 2046 5012 timo-

467 5057 606 5108 rem,
636 5055 693 5098 ut
721 5045 913 5112 Judaei,
946 5045 1036 5116 qui
1065 5045 1360 5117 audientes,
1385 5061 1567 5120 regem
1613 5049 1782 5119 quaeri
1833 5048 2046 5103 Judteo-

464 5149 604 5199 rum,
655 5137 996 5194 occasionem
1049 5137 1150 5191 sibi
1203 5136 1438 5206 aliquam
1473 5139 1801 5193 nascendam
1845 5147 2051 5194 metue-

460 5224 628 5289 bant,
664 5235 771 5282 tam
809 5243 875 5283 ex
918 5236 1073 5296 parte
1118 5226 1345 5284 Herodis
1378 5243 1540 5298 quam
1569 5230 1734 5285 etiam
1763 5246 1831 5284 ex
1853 5229 2051 5285 Roma-

460 5331 688 5386 norum;
729 5319 819 5375 alii
855 5334 984 5375 vero
1025 5335 1124 5375 nec
1158 5334 1377 5391 prapter
1402 5323 1678 5389 invidiam,
1707 5339 1807 5380 nec
1834 5335 2051 5397 propter

461 5407 745 5474 timorem,
774 5409 868 5464 sed
893 5424 994 5482 pro
1026 5410 1142 5465 solo
1191 5412 1388 5481 gaudio
1434 5413 1811 5470 turbabantur.
1865 5415 2051 5484 Qualis

459 5509 585 5556 erat
612 5499 828 5555 Simeon
873 5516 1060 5568 senex,
1093 5513 1146 5559 et
1188 5504 1344 5558 Anna
1375 5504 1558 5570 vidua,
1586 5516 1640 5562 et
1677 5510 1859 5564 caeteri
1892 5509 2045 5577 tales,

462 5592 578 5660 qui,
603 5590 806 5659 Spiritu
829 5603 1016 5651 sancto
1040 5598 1331 5664 revelante,
1349 5599 1647 5656 didicerant
1670 5601 1906 5658 vicinam
1928 5618 2048 5660 esse

462 5681 667 5738 Christi
717 5684 1067 5742 nativitatem.
1131 5689 1237 5747 Sed
1289 5706 1409 5747 cum
1464 5693 1740 5748 audissent
1793 5693 1993 5747 factum
2029 5735 2043 5758 ,

2181 483 2466 540 babantur.
2515 486 2666 553 Quod
2709 489 2852 543 enim
2901 505 3011 559 pra:
3050 505 3243 560 magno
3293 493 3488 562 gaudio
3521 496 3766 554 humana

2178 591 2329 631 mens
2357 577 2526 632 soleat
2551 580 2884 646 conturbari,
2911 583 3157 652 exemplo
3184 581 3328 638 Petri
3349 586 3630 654 discimus,
3662 593 3766 660 qui

2177 683 2300 722 cum
2347 669 2570 725 vidisset
2609 671 2894 726 Dominum
2927 675 2980 728 in
3008 683 3189 729 monte
3215 675 3590 746 clariﬁcatum,
3625 699 3768 739 con-

2177 759 2422 815 turbatus
2444 770 2547 826 est,
2575 761 2824 817 nesciens
2849 764 2977 832 quid
2999 763 3222 820 diceret.

2251 867 2270 900 ‹
2297 849 2365 904 Et
2409 865 2712 907 convocans
2757 867 2947 908 omnes
2993 855 3267 925 principes
3315 860 3657 916 sacerdotum
3702 872 3766 918 et

2179 957 2198 989 ε
2228 939 2434 994 scribas
2462 934 2664 1011 populi,
2698 943 3081 998 sciscitabatur
3129 947 3198 1001 ab
3241 947 3320 1002 cis
3362 949 3452 1002 ubi
3503 949 3763 1007 Christus

2179 1048 2196 1080 ι
2228 1041 2559 1086 nasceretur.
2598 1052 2616 1084 ι
2658 1034 2716 1086 ln
2759 1049 2826 1088 eo
2881 1044 3063 1090 autem
3108 1037 3253 1106 quod
3301 1037 3570 1106 Herodes,
3627 1045 3759 1097 novi

2173 1121 2315 1190 regis
2357 1123 2638 1176 nativitate
2683 1125 2882 1188 audita,
2926 1126 3239 1182 sacerdotes
3262 1137 3312 1182 et
3341 1127 3759 1200 Scripturarum

2172 1212 2463 1282 magistros
2503 1214 2886 1284 interrogavit,
2939 1217 3200 1272 imitabile
3247 1219 3402 1273 nobis
3447 1222 3759 1290 exemplum

2172 1307 2410 1376 reliquit,
2441 1317 2498 1362 ut
2521 1311 2732 1379 quoties
2755 1311 2955 1382 aliquid
2983 1327 3180 1366 novum
3207 1313 3260 1367 in
3289 1313 3528 1369 Ecclesia
3555 1318 3759 1380 oritur,

2170 1412 2382 1468 semper
2422 1399 2488 1452 ad
2528 1403 2903 1456 auctoritatem
2948 1401 3347 1473 Scripturarum
3387 1419 3758 1473 recurramus,

2171 1497 2390 1558 propter
2414 1489 2543 1545 illud
2573 1493 2713 1562 quod
2737 1494 2994 1562 scriptum
3024 1502 3106 1549 est
3133 1512 3148 1549 :
3183 1513 3203 1547 ι
3236 1494 3428 1551 Omnia
3467 1513 3593 1553 cum
3631 1515 3763 1554 con-

2172 1579 2292 1634 silio
2325 1579 2430 1646 fac,
2471 1601 2490 1633 ι
2526 1590 2580 1637 et
2609 1598 2672 1637 ea
2703 1585 3126 1654 respondeamus
3169 1601 3288 1656 qua:
3327 1598 3513 1658 patres
3539 1600 3763 1647 nostros

2173 1672 2515 1741 respondisse
2543 1674 2624 1728 vel
2654 1677 2890 1730 tenuisse
2929 1678 3370 1747 cognoverimus,
3398 1688 3453 1733 et
3474 1679 3630 1749 juxta
3662 1697 3762 1737 vo-

2170 1778 2286 1819 cem
2308 1764 2611 1821 Salomonis
2636 1786 2648 1820 :
2670 1787 2688 1818 ι
2716 1767 2832 1821 Non
2857 1769 3314 1839 transgrediamur
3337 1773 3596 1826 terminos
3619 1773 3760 1826 anti-

2169 1869 2322 1923 quos,
2353 1874 2372 1905 i
2398 1870 2532 1924 quos
2555 1865 2848 1925 posuerunt
2873 1865 3054 1926 patres
3078 1859 3282 1923 nostri,
3313 1860 3407 1914 sed
3435 1861 3760 1932 impleamus

2168 1945 2298 2001 illud
2323 1947 2464 2016 quod
2497 1961 2593 2015 per
2617 1947 2907 2002 Jeremiam
2936 1950 3253 2019 prophetam
3275 1950 3513 2006 dicitur:
3547 1972 3565 2004 ι
3602 1952 3758 2010 State

2167 2052 2329 2108 super
2361 2038 2498 2102 vias,
2532 2047 2586 2093 et
2609 2039 2937 2110 interrogate
2983 2039 3050 2093 de
3098 2039 3304 2095 semitis
3343 2042 3602 2111 antiquis,
3631 2059 3757 2114 qua:

2167 2129 2234 2183 sit
2264 2128 2402 2182 bona
2427 2128 2533 2194 via,
2557 2137 2611 2182 et
2637 2129 2906 2184 ambulate
2934 2130 2988 2183 in
3017 2144 3080 2184 ea
3104 2129 3318 2200 (Jerem.
3347 2130 3444 2203 vi).
3483 2153 3503 2185 ι
3541 2133 3756 2190 sedsa—

2166 2221 2414 2274 cerdotes
2441 2227 2495 2273 et
2521 2220 2711 2274 scribae
2741 2220 2987 2289 requisiti
3017 2221 3084 2275 ab
3119 2220 3330 2276 Herode
3362 2223 3455 2278 ubi
3499 2223 3751 2282 Christus

2165 2320 2502 2376 nasceretur,
2551 2311 2694 2380 quod
2742 2311 2982 2383 legerant
3017 2322 3072 2367 et
3109 2311 3408 2368 didicerant
3450 2317 3747 2384 responde-

2167 2411 2313 2467 runt,
2337 2402 2581 2466 dicentes
2614 2420 2628 2456 :
3395 2445 3397 2447 .

2205 2500 2257 2544 ἰ
2286 2493 2342 2547 In
2371 2492 2684 2549 Bethlehem
2714 2492 2885 2560 Judm,
2916 2514 2935 2547 ι
2962 2494 3346 2551 continuantes
3373 2497 3475 2552 hoc
3512 2499 3744 2554 auctori-

2164 2592 2276 2638 tate
2299 2585 2632 2654 prophetica,
2658 2583 2929 2640 dicentes:

2237 2693 2255 2726 ι
2280 2673 2348 2728 Ει
2375 2682 2431 2727 ιιι
2459 2674 2768 2729 Bethlehem
2794 2681 2938 2729 terra
2965 2673 3120 2741 Juda,
3156 2689 3496 2746 nequaquam
3523 2678 3744 2732 minima

2167 2785 2186 2818 ι
2215 2782 2275 2822 es
2307 2767 2360 2821 in
2401 2767 2734 2836 principibus
2771 2767 2927 2822 Iuda.
2961 2786 2980 2820 ο
3037 2767 3153 2822 Non
3197 2769 3370 2823 solum
3427 2770 3573 2824 enim
3624 2772 3748 2841 quia

2147 2858 2408 2924 ,Christus
2438 2867 2753 2914 nasceretur
2784 2867 3062 2922 noverant,
3106 2860 3198 2914 sed
3245 2861 3410 2915 etiam
3459 2861 3550 2916 ubi
3598 2862 3752 2916 Chri-

2161 2958 2276 3006 stus
2321 2957 2652 3005 nasceretur.
2707 2949 2969 3018 Quoniam
2996 2950 3232 3020 Spiritus
3270 2961 3522 3018 sanctus,
3549 2963 3609 3007 ut
3637 2969 3755 3008 om-

2162 3057 2282 3096 nem
2324 3043 2662 3097 occasionem
2700 3057 2807 3097 non
2837 3043 3090 3098 credendi
3131 3042 3401 3109 auferret,
3433 3059 3538 3099 non
3570 3045 3751 3099 solum

2159 3130 2432 3186 Christum
2478 3145 2578 3200 per
2630 3132 2921 3204 prephetas
2969 3131 3301 3186 nasciturum
3339 3135 3605 3202 praedixit,
3645 3137 3750 3188 sed

2160 3221 2326 3275 etiam
2365 3221 2545 3276 locum
2587 3220 2679 3276 ubi
2721 3223 3029 3277 nasciturus
3059 3229 3178 3276 erat
3202 3221 3514 3294 designavit,
3549 3222 3747 3278 dicens

2158 3329 2256 3384 per
2305 3313 2582 3369 Michaaam
2615 3331 2630 3369 :
2664 3333 2681 3366 ι
2712 3314 2779 3369 Et
2822 3323 2877 3368 tu
2923 3313 3238 3369 Bethlehem
3278 3324 3415 3370 terra
3454 3313 3608 3379 Iuda,
3649 3329 3754 3368 ne-

2158 3419 2426 3475 quaquam
2456 3405 2678 3460 minima
2728 3421 2806 3471 es,
2841 3426 2858 3457 ι
2891 3414 3023 3471 etc.,
3043 3422 3129 3461 -ac
3155 3407 3200 3462 si
3229 3407 3434 3462 diceret
3466 3424 3479 3461 :
3509 3409 3552 3462 υ
3581 3405 3751 3462 Beth-

2157 3494 2332 3550 lehem
2376 3511 2495 3565 quae
2530 3511 2590 3551 es
2619 3497 2674 3550 in
2704 3504 2848 3551 terra
2897 3495 3054 3562 Juda,
3091 3498 3290 3552 videris
3319 3499 3374 3552 in
3405 3498 3750 3553 multitudine

2156 3589 2333 3659 populi
2378 3591 2571 3655 minor,
2615 3590 2669 3644 in
2716 3591 3067 3660 amplitudine
3113 3607 3393 3646 murorum
3439 3589 3746 3661 angustior,

2157 3679 2440 3735 altitudine
2469 3680 2697 3735 turrium
2727 3681 3005 3756 humilior,
3035 3682 3128 3735 sed
3158 3696 3498 3752 nequaquam
3520 3681 3747 3735 minima

2155 3771 2282 3825 eris.
2321 3770 2544 3838 Quare?
2576 3771 2703 3841 quia
2747 3789 2766 3822 ι
2795 3787 2858 3826 ex
2901 3780 2953 3826 te
2985 3772 3130 3826 exiet
3155 3771 3285 3837 dux,
3319 3773 3412 3842 qui
3451 3779 3604 3842 regat
3642 3785 3746 3840 po-

2162 3876 2181 3910 σ
2208 3859 2391 3929 pulum
2426 3875 2604 3915 meum
2643 3861 2826 3916 Israel.
2865 3881 2882 3914 ι
2948 3860 3098 3916 Unus
3135 3861 3247 3931 jam
3290 3877 3358 3916 ex
3402 3868 3454 3916 te
3490 3876 3744 3932 egressus

2154 3960 2238 4005 est
2261 3991 2275 4015 ,
2321 3951 2416 4006 sed
2451 3951 2588 4005 alter
2626 3951 2952 4022 egredietur.
2995 3951 3258 4021 Egressus
3284 3960 3371 4006 est
3401 3952 3569 4006 David
3599 3950 3744 4006 illius

2153 4040 2326 4106 Jesse,
2377 4043 2745 4112 temporaliter
2781 4057 3048 4107 nascens,
3095 4053 3149 4097 et
3196 4043 3569 4114 temporaliter
3622 4057 3741 4098 mo-

2155 4132 2302 4186 riens
2330 4149 2344 4185 :
2379 4132 2687 4202 egredietur
2710 4133 2878 4188 Filius
2906 4131 2998 4188 Dei
3031 4147 3095 4186 ex
3124 4132 3306 4188 Maria:
3333 4134 3557 4204 virginis
3589 4142 3747 4188 utero

2155 4223 2526 4294 temporaliter
2573 4239 2822 4290 nascens,
2865 4225 2959 4280 sed
3004 4221 3331 4279 aeternaliter
3372 4239 3695 4295 permanens
3723 4243 3740 4278 :

2154 4327 2404 4382 egressus
2441 4320 2524 4366 est
2563 4313 2729 4367 David
2764 4313 2992 4368 decorus
3019 4323 3073 4366 et
3102 4313 3359 4384 pulcher,
3389 4313 3482 4367 sed
3526 4312 3742 4383 egredi-

2072 4435 2127 4494 υ
2159 4415 2247 4459 tur
2287 4405 2564 4475 speciosus
2605 4405 2776 4460 forma
2819 4421 2933 4475 pra:
2965 4405 3089 4460 [iliis
3133 4405 3412 4461 hominum
3444 4420 3461 4459 :
3489 4419 3745 4476 egressus

2154 4507 2236 4554 est
2265 4497 2450 4565 David,
2477 4514 2698 4570 regnum
2727 4498 2886 4553 Israel
2913 4497 3304 4553 rationabiliter
3326 4498 3394 4551 ad
3419 4507 3628 4566 tempus
3648 4512 3742 4567 gu-

2154 4592 2388 4649 bernans
2413 4611 2426 4648 :
2451 4601 2508 4649 et
2528 4593 2836 4665 egredietur
2857 4591 3024 4646 Filius
3047 4590 3162 4657 Dei,
3181 4591 3272 4660 qui
3289 4590 3454 4647 Israel
3470 4590 3742 4644 videntem

2155 4686 2344 4752 Deum,
2379 4696 2434 4742 et
2457 4689 2549 4742 hic
2586 4687 2654 4741 ab
2692 4686 3000 4741 incursione
3034 4684 3337 4740 daemonum
3369 4682 3744 4753 spiritualihus

2155 4780 2323 4834 armis
2353 4779 2622 4842 defendet,
2659 4778 2798 4832 etin
2830 4775 3012 4831 futuro
3056 4776 3123 4830 ad
3168 4775 3406 4830 ctelestis
3454 4775 3603 4844 regni
3653 4789 3746 4844 pa-

2153 4883 2280 4924 scua
2329 4869 2604 4939 perducet.

2233 4981 2253 5014 ι
2301 4960 2452 5014 'l‘unc
2500 4958 2738 5014 Herodes
2787 4957 2927 5013 clam
2969 4957 3176 5013 vocatis
3223 4956 3426 5026 magis,
3455 4955 3744 5024 diligenter

2159 5069 2181 5103 ‹
2228 5050 2415 5106 didicit
2436 5051 2504 5104 ab
2541 5049 2622 5104 eis
2657 5057 2868 5118 tempus
2897 5048 3064 5103 stet-lae
3107 5062 3228 5118 qua:
3271 5046 3521 5116 apparuit
3569 5045 3671 5099 eis.
3715 5063 3736 5094 ι

2156 5140 2448 5210 Postquam
2479 5139 2718 5196 Herodes
2742 5140 2918 5194 locum
2945 5139 3245 5194 nativitatis
3274 5137 3478 5193 Christi
3505 5137 3744 5192 auctori-

2160 5239 2271 5286 tate
2301 5230 2595 5301 Scripturae
2629 5231 2838 5296 didicit,
2881 5230 2948 5284 ad
2984 5229 3208 5284 callidas
3243 5228 3468 5284 insidias
3497 5227 3740 5282 animum

2159 5319 2448 5384 convertit,
2478 5327 2716 5373 tractans
2761 5319 3030 5388 quomodo
3075 5317 3285 5374 occulte
3331 5333 3478 5372 eum‘
3509 5316 3742 5386 perdere

2153 5418 2354 5481 posset,
2385 5423 2549 5478 quem
2580 5407 2758 5478 palam
2799 5409 3048 5464 audierat
3089 5422 3358 5480 quaerere.
3410 5407 3738 5476 Vocatisque

2151 5501 2290 5557 clam
2319 5501 2513 5572 magis,
2540 5499 2594 5555 id
2631 5508 2718 5556 est
2753 5499 3310 5570 occulte,'diligenter
3345 5499 3534 5555 didicit
3562 5499 3632 5553 ab
3657 5498 3738 5552 eis

2149 5605 2361 5667 tempus
2399 5594 2564 5653 stellae
2601 5609 2723 5666 quae
2753 5595 3001 5666 apparuit
3034 5595 3134 5649 eis.
3165 5593 3318 5660 Quod
3358 5591 3567 5647 scilicet
3615 5589 3734 5644 ideo

2150 5692 2298 5756 fecit,
2327 5702 2386 5745 ut
2410 5693 2457 5746 si
2483 5691 2623 5761 magi
2653 5691 2718 5745 ad
2764 5706 2886 5744 eum
2921 5705 3026 5742 non
3057 5688 3315 5751 redirent,
3347 5684 3492 5755 quod
3543 5692 3730 5754 postea
