4038 6352
301 387 398 442 “3

1491 371 1793 433 “OMILL‘E
1839 371 1924 426 DE
1965 369 2306 426 TEMPORE.

3448 372 3546 426 ιιι

296 502 630 572 coiitigit,ab
656 500 745 554 illo
771 508 1009 568 tempore
1029 511 1334 568 quoregem
1356 494 1660 550 Judaeorum
1687 498 1870 545 natum
1900 489 1951 548 A
1975 488 2305 556 ostenderat,
2335 495 2542 545 eertum
2569 492 2781 562 signum
2804 500 2858 547 et
2878 491 3133 548 indicium
3163 490 3354 548 stando
3387 489 3547 562 supra

1943 574 2188 634 'domum
2221 579 2313 642 ubi
2335 587 2454 634 erat
2478 595 2630 650 puer,
2659 583 2898 649 dederit,
2922 583 3127 639 scilicet
3152 590 3213 636 ut
3235 583 3405 651 ipsum
3435 582 3551 636 sine

295 596 572 659 audierat,
601 606 790 647 omnes
837 605 1033 660 pueros
1077 589 1131 644 in
1159 587 1477 643 Bethlehem
1508 583 1861 647 interﬁciens,

296 703 422 742 eum
453 701 612 754 quem
639 684 910 738 metuebat
937 679 1239 736 interﬁcere
1260 687 1442 748 posset
1467 718 1481 742 ,
1513 692 1619 732 non
1664 673 1862 729 intelli-

298 791 431 846 gens
466 773 661 829 stultus
703 773 826 841 quia
852 787 962 826 non
989 780 1074 824 est
1101 769 1506 838 sapientia,non
1536 774 1621 821 est
1639 765 1869 834 pruden-

300 867 398 929 tia,
422 872 636 920 nonest
672 861 956 917 consilium
992 868 1178 915 contra
1210 859 1516 922 Dominum.
1695 853 1698 855 Α

376 973 394 1004 ι
434 953 502 1008 Ει
529 953 749 1007 mittens
781 951 902 1005 illos
939 950 992 1005 in
1021 949 1357 1013 Bethlehem,
1387 947 1524 1001 dixit
1554 964 1568 1000 :
1599 945 1676 1001 lte
1708 952 1764 999 et
1792 945 1872 998 in-

303 1065 324 1097 c
374 1051 643 1114 terrogate
664 1042 950 1110 diligenter
978 1040 1054 1096 de
1069 1053 1262 1109 puero,
1289 1045 1344 1093 et
1373 1051 1495 1091 cum
1534 1033 1866 1098 inveneritis,

303 1158 324 1188 ‹
377 1135 683 1192 renuntiate
712 1133 863 1196 mihi,
890 1140 949 1187 ut
972 1139 1028 1187 et
1048 1147 1149 1202 ego
1177 1129 1400 1185 veniens
1425 1128 1645 1183 adorem
1671 1140 1815 1182 eum.
1847 1142 1865 1175 ο

299 1228 356 1282 In
383 1209 570 1282 eadem
603 1223 898 1280 calliditate
939 1237 1045 1291 qua
1088 1219 1328 1276 Herodes
1370 1215 1737 1272 fraudulenter
1781 1228 1870 1268 re-

301 1331 465 1388 gnum
492 1314 796 1370 Iudaeorum
830 1312 1156 1380 arripuerat,
1187 1309 1351 1364 etiam
1389 1309 1440 1363 in
1491 1305 1700 1361 Domini
1743 1319 1874 1360 nece

299 1407 703 1479 perseveravit,
740 1405 1059 1476 promittens
1107 1418 1164 1457 se
1205 1400 1460 1466 adorare,
1490 1413 1650 1468 quem
1691 1397 1872 1466 dispo-

301 1499 464 1553 nebat
482 1497 750 1553 occidere.
778 1495 944 1564 Cuius
968 1492 1272 1564 exemplum
1301 1490 1673 1556 simulatores,
1699 1489 1753 1543 id
1791 1496 1875 1544 est

299 1588 598 1658 hypocrita:
627 1587 787 1641 modo
813 1592 1133 1654 sequuntur,
1173 1583 1266 1652 qui
1314 1582 1438 1638 dum
1469 1576 1707 1650 speciem
1740 1593 1876 1636 ,san-

299 1680 504 1734 ctitatis
527 1678 818 1734 ostendunt
856 1676 1094 1731 exterius
1132 1689 1294 1744 quam
1342 1688 1448 1728 non
1495 1673 1696 1728 habent
1731 1664 1876 1726 inte-4

303 1769 436 1834 rius,
463 1769 652 1834 Deum,
675 1781 834 1838 quem
865 1765 992 1820 ﬁcto
1020 1765 1182 1820 corde
1217 1773 1466 1834 quaerunt
1493 1779 1616 1820 eum
1641 1762 1872 1828 Herode,

1970 670 2131 726 dubio
2152 685 2272 726 esse
2299 681 2674 742 agnoscerent,
2690 689 2848 742 quem
2872 674 2925 729 in
2947 674 3157 730 oriente
3176 672 3336 743 positi
3362 680 3550 728 natum

1971 760 2026 816 in
2051 760 2235 816 Judaea
2261 761 2580 817 didicerant.
2614 761 2747 816 Nam
2796 779 2958 833 quam
3013 780 3268 835 magnum
3325 779 3448 819 cum
3497 763 3552 818 in

1970 854 2136 909 corde
2167 853 2460 920 tenuerint,
2489 867 2650 924 quem
2677 854 2934 911 videbant
2962 871 3083 912 esse
3109 872 3354 928 parvum,
3387 856 3557 910 mani-

1972 942 2203 999 festatur
2235 959 2358 1000 cum
2386 942 2758 1014 subjungitur:
2798 964 2817 998 ί
2863 946 2932 1001 Et
2975 949 3316 1016 procidenles
3359 949 3555 1003 adora-

1979 1052 1998 1086 ι
2042 1043 2237 1090 verunt
2281 1051 2427 1091 eum.
2460 1055 2480 1089 ι
2524 1035 2694 1104 Quem
2745 1037 2891 1092 enim
2951 1035 3201 1095 demissis
3248 1039 3301 1093 in
3346 1047 3554 1093 terram

1971 1115 2209 1180 vultibus
2228 1126 2621 1193 adoraverunt,
2645 1125 2760 1182 sine
2791 1127 2954 1183 dubio
2993 1142 3116 1183 eum
3166 1127 3334 1183 Deum
3381 1127 3556 1183 credi-

1973 1217 2185 1273 derunt.
2217 1217 2284 1271 Et
2321 1217 2448 1287 quia
2497 1232 2620 1273 cum
2675 1231 2774 1286 pro
2814 1217 2970 1273 nobis
3030 1217 3303 1272 hominem
3353 1217 3554 1272 factum

1972 1305 2257 1362 mortalem
2317 1306 2718 1373 intellexerunt,
2757 1307 3001 1380 mysticis
3047 1307 3363 1362 muneribus
3413 1307 3558 1361 hunc

1975 1397 2183 1462 Deum,
2230 1412 2410 1468 regem
2436 1438 2449 1462 ,
2492 1399 2804 1469 pariterque
2853 1398 3126 1454 hominem
3173 1384 3551 1468 prazdieabant.

1981 1487 2131 1544 Unde
2155 1494 2210 1542 et
2234 1487 2482 1543 subditur
2514 1503 2530 1542 :
2567 1507 2589 1539 ι
2632 1488 2700 1543 Et
2722 1487 2924 1559 apertis
2950 1489 3219 1544 thesauris
3243 1488 3377 1551 suis,
3399 1488 3560 1542 obtu~

1980 1597 1999 1630 ί
2042 1577 2224 1632 lerunt
2249 1577 2301 1633 ei
2327 1593 2572 1645 munera,
2598 1593 2809 1646 aurum,
2834 1579 2959 1634 thus
2981 1586 3036 1634 et
3069 1577 3368 1649 myrrham.
3404 1595 3424 1629 ι
3453 1576 3560 1629 Au-

1977 1683 2097 1723 rum
2123 1669 2236 1740 regi
2279 1670 2550 1735 convenit,
2598 1671 2724 1726 thus
2749 1671 2802 1724 in
2850 1670 2945 1726 Dei
2999 1669 3266 1725 sacriﬁcio
3315 1666 3556 1730 offertur.

1979 1763 2204 1834 myrrha
2230 1771 2568 1818 mortuorum
2593 1778 2818 1834 corpora
2846 1751 3188 1819 condiuntur.
3205 1761 3395 1818 Omnia
3416 1760 3560 1814 enim

299 1860 542 1922 invenire
566 1875 670 1913 non
699 1864 974 1912 merentur
1006 1855 1178 1926 :Aquia
1211 1855 1353 1909 sicut
1376 1869 1544 1924 prope
1574 1862 1662 1908 est
1694 1853 1874 1908 Domi-
1901 1849 1950 1908 Β
1978 1853 2094 1909 hare
2119 1863 2304 1910 sancta
2335 1855 2468 1910 ﬁdes
2489 1856 2756 1912 veraciter
2775 1855 2993 1912 Christo
3021 1854 3216 1912 oli‘erre
3261 1870 3366 1911 nou
3420 1855 3564 1910 desi-

298 1966 404 2006 nus
431 1951 680 2005 omnibus
729 1948 1102 2004 invocantibus
1146 1962 1205 2003 se
1245 1947 1300 2002 in
1337 1947 1587 2011 veritate,
1617 1947 1690 2001 ita
1718 1947 1878 2017 longe

294 2049 384 2095 est
420 2056 451 2094 a
494 2039 866 2108 peccatoribus
904 2038 1068 2094 salus.
1101 2037 1255 2092 Unde
1293 2038 1432 2092 bene
1462 2037 1605 2092 idem
1638 2035 1878 2093 Herodes

292 2129 540 2200 pollicens
588 2129 702 2184 sive
745 2128 896 2198 pellis
941 2128 1111 2198 gloria
1151 2128 1558 2196 interpretatur,
1592 2127 1716 2196 quia
1753 2123 1878 2183 cum

295 2221 596 2292 hypocrita:
650 2220 888 2275 exterius
933 2219 1086 2289 quasi
1136 2219 1202 2274 de
1251 2219 1396 2274 bono
1445 2233 1609 2288 opere
1659 2217 1877 2288 gloriari

289 2321 578 2382 appetunt,
631 2311 872 2365 interiori
928 2309 1169 2364 versutia
1220 2309 1348 2364 τω(ιί
1400 2311 1606 2380 pariter
1649 2318 1708 2364 et
1751 2308 1877 2364 saevi

288 2400 615 2469 sunt,juxta
653 2401 778 2454 illud
801 2399 942 2470 quod
974 2400 1051 2453 ait
1078 2399 1338 2453 Dominus
1382 2416 1395 2452 :
1444 2416 1463 2449 ε
1514 2398 1793 2453 Attendite
1849 2412 1880 2450 a

289 2489 449 2544 falsis
499 2488 925 2559 prophetis,qui
979 2487 1199 2543 veniunt
1235 2488 1303 2542 ad
1349 2502 1446 2543 vos
1491 2488 1546 2542 in
1590 2488 1882 2542 vestimen-

294 2580 372 2633 tis
435 2579 654 2642 ovium,
717 2578 1040 2632 intrinsecus
1095 2585 1275 2632 autem
1330 2587 1457 2632 sunt
1507 2577 1618 2648 lupi
1661 2591 1882 2648 rapaces

288 2669 514 2740 (Matth.
537 2667 657 2739 vn).
707 2688 727 2720 ι

374 2779 390 2810 ι
439 2758 539 2826 Qui
568 2775 690 2813 cum
719 2759 994 2813 audissent
1023 2772 1224 2828 regem,
1255 2757 1522 2812 abierunt.
1557 2776 1575 2809 ι
1611 2755 1727 2811 Νοη
1749 2769 1877 2812 casu

287 2851 542 2922 contigit,
581 2851 673 2906 sed
705 2851 964 2912 nutuDei
993 2859 1172 2905 actum
1203 2858 1393 2915 est,'ut
1419 2848 1572 2904 Stella
1601 2863 1720 2918 quae
1758 2863 1877 2903 ma-

294 2960 490 3014 gorum
511 2944 708 3022 praevia
743 2944 934 3007 fuerat,
967 2943 1459 3013 appropinquantes
1488 2955 1583 2995 eos
1615 2941 1681 2996 ad
1707 2938 1891 2995 Hero--

296 3037 430 3090 dem
455 3036 807 3105 relinqueret,
834 3042 1101 3104 quatenus
1125 3035 1222 3103 ipsi
1252 3033 1450 3089 Judazis
1478 3033 1750 3089 Christum
1779 3047 1876 3086 na-

301 3129 766 3193 tumnuntiarent,
796 3137 852 3182 et
877 3127 944 3182 ab
967 3127 1050 3182 eis
1091 3127 1268 3182 locum
1313 3126 1613 3181 nativitatis
1638 3126 1876 3180 auctori-

299 3226 416 3273 tate
442 3217 730 3287 Scriptune
752 3217 1041 3272 discerent.
1080 3216 1186 3271 Sed
1213 3232 1335 3271 cum
1362 3216 1430 3274 ab
1455 3215 1665 3270 Herode
1699 3231 1878 3271 reces-

305 3307 537 3372 sissent,
578 3323 600 3358 ι
659 3323 784 3362 ecce
837 3308 986 3364 stella
1034 3323 1197 3378 quam
1244 3308 1493 3362 viderant
1537 3308 1590 3362 in
1634 3307 1878 3376 oriente,

311 3395 660 3450 antecedebat
705 3411 795 3450 eos
834 3398 975 3451 sicut
1022 3396 1191 3467 prius,
1244 3410 1416 3464 usque
1470 3395 1596 3450 dum
1658 3397 1882 3452 veniens

305 3494 480 3541 staret
503 3501 661 3556 supra
687 3487 772 3542 ubi
794 3497 911 3542 erat
932 3503 1086 3558 puer.
1125 3507 1142 3538 ι
1174 3487 1444 3542 Discimus
1466 3502 1596 3558 ergo
1627 3502 1722 3556 per
1742 3487 1882 3542 hanc

301 3574 514 3631 stellam
538 3576 765 3646 gratiam
793 3577 1005 3632 Domini
1034 3592 1140 3633 non
1188 3577 1482 3648 incongrue
1531 3576 1785 3647 ﬁgurari,
1828 3586 1883 3631 et

298 3682 400 3738 per
430 3667 690 3723 Herodem
731 3669 1024 3726 diabolum.
1070 3671 1497 3740 lngredientibus
1534 3683 1664 3740 ergo
1711 3670 1882 3740 magis

302 3760 376 3816 ad
407 3761 696 3828 Herodem,
721 3762 872 3818 stella
897 3778 990 3818 eos
1012 3763 1231 3833 reliquit
1256 3782 1268 3816 :
1292 3763 1422 3834 quia
1450 3777 1558 3818 eos.
1576 3762 1668 3832 qui
1717 3762 1884 3816 servi-

303 3852 381 3907 tio
407 3852 606 3908 diaboli
637 3869 695 3909 se
721 3855 976 3921 subdunt,
998 3855 1180 3909 divina
1206 3856 1384 3926 gratia
1416 3855 1636 3911 deserit.
1681 3854 1785 3910 Sed
1837 3855 1880 3909 si

301 3941 371 3996 ab
396 3941 611 3998 Herode
627 3945 838 4014 egressi
865 3944 1090 4010 fuerint,
1112 3945 1155 4000 si
1179 3959 1273 4016 per
1293 3946 1668 4015 paenitentiam
1691 3945 1880 4016 jugum

1978 1947 2081 2013 nit,
2120 1947 2247 2002 dum
2286 1963 2450 2002 unum
2504 1948 2860 2018 eamdemque
2901 1963 3089 2003 verum
3130 1947 3322 2013 Deum,
3373 1961 3561 2001 verum

1979 2051 2184 2108 regem,
2206 2053 2501 2108 verumque
2528 2038 2803 2093 hominem
2825 2038 3019 2106 credit,
3049 2046 3105 2094 et
3141 2054 3268 2094 vere
3287 2053 3385 2108 pro
3409 2037 3564 2092 nobis

1979 2135 2253 2184 mortuum
2301 2127 2571 2205 veraciter
2631 2129 2990 2200 recognoscit.
3049 2128 3184 2186 Cum
3243 2143 3374 2200 ergo
3419 2127 3559 2198 magi

1979 2234 2146 2273 unum
2194 2219 2553 2290 eumdemque
2593 2236 2820 2292 puerum
2848 2222 3017 2276 Deum
3041 2235 3223 2292 regem
3249 2220 3563 2290 pariterque

1979 2306 2252 2360 hominem
2284 2306 2601 2372 credebant,
2628 2307 2786 2361 simul
2828 2307 2877 2362 ei
2916 2323 3132 2372 aurum,
3174 2307 3298 2362 Ibus
3336 2317 3390 2362 et
3418 2322 3563 2377 myr-

1931 2439 1934 2442 .
1981 2395 2469 2454 rham'oﬁ‘erebant.
2489 2395 2733 2450 Fuerunt
2753 2403 2930 2450 autem
2947 2395 3187 2452 nonnulli
3207 2396 3445 2451 lmretici
3469 2395 3562 2466 qui

1915 3189 1952 3226 Η

1920 3228 1953 3254 »Α

303 4029 502 4085 diaboli
529 4045 561 4084 a
587 4031 892 4087 cervicibus
923 4033 1036 4088 suis
1063 4029 1415 4100 excutientes,
1443 4034 1612 4090 Deum
1642 4049 1887 4105 quaerere
1917 4090 1920 4092 γ

302 4121 601 4190 cmperint,
619 4123 814 4178 iterum
837 4124 1016 4180 divina
1039 4125 1210 4195 gratia
1240 4125 1319 4180 eis
1347 4126 1662 4195 apparebit,
1687 4126 1908 4180 iterum

303 4227 400 4268 eos
431 4211 778 4280 illuminabit,
816 4215 1012 4271 iterum
1053 4216 1195 4270 viam
1217 4232 1322 4287 qua
1353 4217 1613 4272 Dominus
1639 4217 1915 4272 inveniar

304 4313 416 4369 tur,
449 4305 858 4367 demonstrabit.
909 4307 977 4364 Et
1023 4307 1160 4362 solet
1205 4307 1538 4379 contingere,
1586 4318 1644 4363 ut
1693 4308 1885 4376 majori

302 4394 492 4451 latitia
506 4398 741 4453 exsultet
761 4399 962 4463 anima,
980 4403 1104 4454 eum
1123 4400 1463 4469 gratiam-Dei
1486 4400 1751 4469 receperit
1767 4409 1888 4470 post
1907 4423 1911 4428 ι

303 4498 611 4560 peccatum,
642 4507 807 4561 quam
834 4492 1091 4562 gauderet
1116 4492 1168 4546 in
1213 4491 1330 4559 ejus
1361 4491 1704 4562 perceptione
1759 4501 1884 4548 ante

305 4588 610 4647 peccatum,
633 4582 774 4637 sicut
811 4581 1070 4636 Dominus
1105 4581 1158 4635 in
1183 4579 1474 4652 Evangelio
1512 4583 1577 4636 de
1617 4597 1716 4637 ove
1763 4597 1884 4652 per-

304 4670 422 4724 dita
443 4679 500 4726 et
523 4672 739 4728 inventa
772 4672 1180 4729 similitudinem
1222 4686 1518 4742 exponens,
1555 4674 1669 4728 ait:
1705 4693 1722 4725 ‹
1756 4676 1888 4731 Dico

304 4762 483 4826 vobis,
515 4764 766 4834 gaudium
803 4764 909 4818 erit
953 4764 1007 4818 in
1060 4761 1196 4818 cmlo
1247 4777 1409 4832 super
1450 4779 1557 4819 uno
1603 4774 1889 4834 peccatore

303 4857 688 4926 panitentiam
731 4866 922 4930 agente
959 4872 1120 4927 quam
1160 4871 1320 4926 supra
1368 4858 1658 4928 nonaginta
1694 4875 1886 4914 novem

297 4947 490 5018 jnstis,
519 4949 610 5018 qui
653 4946 758 5004 non
805 4949 1042 5019 indigent
1081 4945 1581 5017 pmnitentiafLum
1612 4949 1732 5018 xv)t
1772 4969 1790 5000 ι
1823 4950 1891 5005 Et

305 5039 379 5092 de
404 5039 715 5094 reversione
744 5038 954 5110 prodigi
995 5037 1127 5102 ﬁlii,
1155 5049 1276 5091 cum
1318 5036 1493 5105 major
1517 5038 1655 5093 ﬁlius
1691 5041 1892 5094 contri-

304 5134 487 5181 status
507 5139 681 5195 esset,
706 5143 838 5183 voce
866 5128 1036 5198 patris
1075 5126 1281 5186 audivit
1309 5145 1324 5181 :
1358 5146 1377 5178 ε
1428 5127 1654 5196 Οροηθι
1690 5137 1764 5194 ie;
1792 5129 1890 5196 ﬁli.

307 5213 573 5287 gaudere,
589 5220 714 5290 quia
733 5217 911 5274 frater
936 5227 1059 5274 tuus
1091 5229 1334 5274 mortuus
1358 5217 1552 5281 fuerat,
1581 5225 1636 5272 et
1657 5219 1850 5273 revixit
1877 5239 1889 5274 :

306 5307 552 5376 perierat
577 5317 632 5364 et
658 5309 908 5364 inventus
931 5318 1014 5364 est
1036 5308 1188 5380 (Luc.
1221 5306 1332 5376 xv).
1366 5327 1384 5360 ι
1417 5306 1568 5363 Unde
1589 5307 1727 5363 bene
1751 5323 1894 5366 nunc

309 5395 383 5452 de
404 5400 578 5470 magis
604 5401 800 5457 dicitur
830 5416 845 5455 :

390 5506 411 5538 ε
465 5491 718 5548 Videntes
747 5502 926 5548 autem
957 5491 1185 5556 stellam,
1214 5491 1382 5561 gavisi
1410 5499 1537 5546 sinit
1558 5493 1751 5563 gaudio
1774 5510 1891 5550 ma-

309 5600 334 5636 ι
385 5595 492 5651 gno
511 5581 795 5638 valdez-et
821 5583 1084 5637 intrantes
1108 5582 1348 5645 domum,
1398 5582 1717 5637 invenerunt
1767 5603 1895 5656 pue-

309 5691 335 5725 ι
389 5688 508 5726 rum
531 5688 656 5728 cum
690 5673 856 5728 Maria
903 5681 1076 5728 matre
1117 5669 1250 5738 ejus.
1301 5690 1318 5722 ι
1370 5669 1509 5725 Nulli
1549 5671 1770 5731 dubium
1813 5688 1894 5733 est

309 5763 460 5836 quod
484 5764 638 5820 stella
666 5765 722 5820 in
742 5765 948 5822 oriente
981 5763 1151 5834 magis
1179 5776 1358 5832 regem
1382 5759 1684 5821 Juzlveorum
1713 5776 1892 5824 natum

1851 6022 1918 6053 ΓΙ

1913 4541 1962 4599 D

1981 2485 2030 2540 ei
2056 2500 2249 2540 aurum
2272 2493 2330 2540 et
2369 2485 2494 2540 thus
2534 2484 3004 2551 obtulerunt,'sed
3039 2485 3318 2556 myrrham
3365 2483 3562 2540 offerre

1981 2577 2288 2641 noluerunt,
2303 2577 2428 2645 quia
2453 2577 2620 2631 Deum
2639 2577 2836 2645 ubique
2859 2586 3170 2645 regnantem
3192 2575 3562 2639 crediderunt,

1981 2665 2076 2720 sed
2126 2665 2400 2720 hominem
2451 2664 2650 2720 factum
2693 2665 2916 2721 credere
2954 2666 3334 2736 despexerunt.
3363 2666 3560 2722 lterum
3622 2652 3628 2660 λ

1979 2749 2198 2812 fuerunt
2237 2756 2348 2820 alii,
2416 2756 2507 2826 qui
2552 2757 2601 2811 ei
2654 2756 2992 2814 solummodo
3034 2760 3311 2831 myrrham
3357 2759 3565 2815 obtule-

1980 2856 2127 2912 runt,
2168 2863 2359 2902 aurum
2389 2856 2448 2904 et
2491 2848 2616 2904 thus
2657 2847 2850 2904 oﬂ'erre
2878 2849 3184 2916 no‘luerunt,
3211 2851 3336 2920 quia
3365 2867 3561 2922 purum

1983 2942 2254 2997 hominem
2285 2929 2493 2998 tantum
2522 2943 2898 3011 crediderunt,
2932 2935 3026 3001 sed
3054 2946 3391 3002 divinitatem
3418 2946 3473 3000 in
3500 2961 3566 3002 eo
3594 2997 3596 2999 .

1981 3048 2089 3088 non
2121 3033 2524 3090 intellexerunt.
2558 3035 2664 3090 Sed
2710 3051 2810 3091 nos
2855 3036 3082 3091 istorum
3129 3037 3376 3107 exempla
3422 3038 3590 3091 refu»

1983 3125 2210 3195 gientes,
2238 3125 2526 3181 offeramus
2560 3126 2675 3195 regi
2707 3135 2892 3183 nostro
2920 3140 3132 3194 aurum,
3161 3135 3222 3182 ut
3267 3143 3391 3184 eum
3443 3126 3563 3182 ubi-

1985 3231 2090 3286 que
2123 3227 2434 3289 regnantem
2461 3219 2744 3274 credamus
2777 3238 2788 3274 :
2813 3218 3100 3276 offeramus
3125 3229 3180 3277 et
3206 3220 3423 3287 thus,ut
3441 3234 3584 3275 eum.

1985 3323 2171 3363 verum
2205 3309 2373 3363 Deum
2405 3315 2454 3364 et
2495 3318 2793 3364 creatorem
2821 3311 3083 3375 omnium,
3117 3310 3233 3365 sine
3260 3309 3412 3364 initio
3442 3310 3561 3365 exi-

1987 3406 2219 3453 stentem
2249 3398 2608 3454 conﬁteamur
2633 3415 2647 3452 :
2679 3397 2970 3454 oll‘eramus
2988 3399 3162 3454 eidem
3184 3407 3238 3454 et
3264 3399 3601 3469 myrrham,,.

1985 3501 2042 3546 et
2071 3499 2296 3561 propter
2342 3490 2572 3546 salutem
2623 3498 2864 3546 nostram
2924 3491 3150 3546 mortal‘e‘
3192 3496 3388 3561 corpus
3443 3503 3566 3545 eum

1985 3583 2343 3654 assumpsisse
2373 3599 2480 3638 non
2509 3583 2834 3639 dubitemus.
2864 3583 3055 3648 Aliter,
3085 3584 3290 3654 apertio
3346 3571 3579 3640 thesau-i

1985 3691 2169 3730 rorum
2198 3676 2494 3746 praecordia
2535 3677 2804 3749 signiﬁcat
2857 3684 3187 3733 sanctorum.
3241 3676 3346 3732 Per
3373 3693 3564 3735 aurum

1989 3766 2134 3821 enim
2177 3766 2322 3820 nitor
2374 3767 2572 3838 eloquii
2605 3769 2933 3837 designatur,
2960 3767 3250 3824 Salomone
3287 3768 3499 3824 dicente
3551 3788 3564 3822 :

1991 3871 2028 3910 ε’
2046 3857 2359 3914 Thesaurus
2388 3859 2760 3915 desiderabilis
2791 3861 3084 3930 requiescit
3107 3860 3161 3914 in
3185 3874 3278 3915 ore
3307 3860 3566 3929 sapientis

1987 3949 2170 4019 (Ρνονο
2196 3949 2340 4021 XXI);
2389 3969 2407 4003 ι
2439 3965 2536 4021 per
2561 3951 2684 4006 thus
2719 3952 2861 4021 quod
2895 3952 2948 4006 in
2993 3951 3258 4007 sacriﬁcio
3286 3950 3380 4006 Dei
3411 3949 3586 4028 οσον-,ι

1988 4049 2094 4105 tur,
2129 4041 2302 4096 oratio
2345 4041 2543 4096 munda
2582 4057 2704 4097 cum
2759 4041 3170 4112 compunctione
3212 4041 3424 4104 cordis;
3473 4055 3570 4113 per

1987 4133 2262 4204 myrrham
2284 4173 2298 4197 ,
2326 4147 2433 4202 qua
2473 4139 2806 4187 mortuorum
2849 4147 3074 4203 corpora
3123 4131 3467 4196 condiuntur,
3493 4132 3570 4186 vi-

1986 4225 2183 4280 tiorum
2215 4223 2559 4279 mortiﬁcatio
2585 4223 2926 4293 exprimitur.
2950 4221 3060 4280 Nos
3090 4223 3255 4294 igitur
3277 4223 3435 4278 toties
3458 4225 3594 4296 regi‘

1987 4321 2174 4366 nostro
2213 4327 2437 4366 munera
2475 4310 2750 4367 olferimus
2793 4313 3008 4383 quoties
3048 4322 3317 4370 secretum
3340 4327 3570 4385 praecor-

1988 4402 2199 4457 diorum
2227 4411 2534 4458 nostrorum
2563 4402 2617 4458 in
2647 4401 2764 4472 ejus
2786 4403 3033 4460 laudibus
3054 4417 3403 4476 occupamus,
3427 4401 3573 4455 sicut
3601 4449 3606 4453 .

1989 4509 2086 4565 per
2133 4495 2474 4552 Psalmistam
2519 4497 2716 4552 dicitur
2750 4513 2766 4552 :
2803 4517 2821 4550 ‹
2856 4498 2913 4557 In
2944 4513 3030 4552 me
3063 4507 3206 4562 sunt,
3255 4495 3414 4560 Deus,
3444 4504 3568 4550 vota

1991 4595 2102 4651 tua,
2147 4603 2268 4658 quae
2319 4589 2538 4644 reddam
2597 4590 2931 4646 laudationes
2990 4589 3085 4644 tibi
3141 4589 3328 4660 (Psal.
3389 4592 3512 4661 LV).
3544 4611 3564 4646 ι

1988 4677 2202 4748 Apertis
2251 4689 2428 4735 autem
2489 4680 2760 4735 thesauris
2805 4695 2993 4733 aurum
3035 4679 3084 4735 ei
3113 4678 3418 4747 oﬁ‘erimus,
3446 4698 3599 4738 cum.

1989 4784 2149 4825 omne
2175 4771 2316 4839 quod
2339 4772 2498 4840 digne
2524 4772 2760 4842 sapimus
2779 4779 2832 4826 et
2859 4771 3143 4842 loquimur,
3174 4774 3224 4828 in
3253 4773 3369 4843 ejus
3397 4776 3598 4846 gratia.

1991 4868 2320 4929 reputamus.
2368 4861 2531 4928 Quasi
2578 4862 2702 4917 thus
2745 4861 3038 4931 offerimus,
3067 4881 3191 4921 cum
3226 4867 3279 4921 in
3316 4867 3603 4928 orationes

1992 4957 2177 5004 nostra
2207 4965 2299 5006 cor
2324 4953 2614 5007 contritum
2638 4961 2694 5008 et
2738 4954 2984 5024 spiritum
3032 4957 3397 5016 humiliatum.
3419 4959 3589 5015 exhis.

1997 5041 2216 5107 bemus,
2244 5041 2482 5098 dicentes
2509 5059 2634 5099 cum
2668 5044 2954 5102 Psalmista
2986 5065 2998 5102 :
3032 5067 3049 5099 ι
3086 5048 3369 5122 Dirigatur
3397 5050 3615 5106 oratio

1999 5149 2119 5189 mea
2147 5134 2288 5191 sicut
2311 5135 2591 5191 incensum
2621 5126 2674 5192 in
2705 5150 3004 5211 conspectu
3029 5148 3120 5196 tuo
3161 5140 3333 5214 (Psal.
3362 5143 3509 5209 exe).
3549 5163 3566 5192 ι

2001 5224 2164 5290 Quasi
2195 5227 2469 5298 myrrham
2495 5225 2790 5295 offerimus,
2822 5247 2944 5287 cum
2986 5248 3084 5304 pro
3108 5234 3226 5304 ejus
3252 5248 3436 5288 amore
3461 5248 3572 5287 car-

2001 5317 2086 5372 nis
2111 5325 2309 5373 nostra:
2356 5316 2622 5375 desideria
2673 5322 3087 5390 mortiﬁcamus,
3118 5324 3403 5395 implentes
3445 5323 3586 5378 illud

2002 5408 2143 5478 quod
2180 5408 2257 5462 ait
2290 5407 2577 5478 Apostolus
2619 5431 2632 5466 :
2667 5431 2697 5483 Δ«
2741 5413 3057 5470 Mortiﬁcate
3105 5415 3344 5470 membra
3395 5421 3574 5467 vestra

2001 5515 2119 5569 quae
2169 5509 2293 5554 sunt
2343 5515 2505 5571 super
2551 5513 2775 5571 terram,
2809 5525 2826 5555 ι
2860 5506 2910 5559 ἱ.1
2941 5514 3043 5570 est,
3080 5525 3097 5556 ι
3140 5503 3573 5561 fornicationem.

2003 5588 2421 5657 immunditiam,
2444 5593 2725 5650 avaritiam
2759 5615 2776 5647 ι
2809 5583 2972 5651 ethis
2995 5596 3187 5651 similia
3217 5592 3438 5666 (Coloss.
3469 5592 3573 5663 ιιι).

2079 5699 2096 5732 ‹
2145 5679 2212 5735 Ει
2236 5697 2496 5753 responso
2525 5694 2745 5757 accepto
2775 5688 2826 5742 in
2855 5687 3076 5750 somnis,
3100 5701 3167 5740 ne
3223 5683 3464 5740 redirent
3509 5685 3579 5739 ad

2009 5790 2025 5822 ι
2073 5770 2358 5841 Herodem,
2377 5791 2474 5845 per
2494 5775 2652 5832 aliam
2679 5778 2819 5833 viam
2846 5777 3041 5834 reversi
3068 5776 3273 5832 suntin
3303 5775 3575 5847 regionem
