  <div class='ocr_page' id='page_1' title='image "/cluster/home/n/w/nwhite01/storage/ocr_20150623/118/hvd.32044015466907/063.png"; bbox 0 0 4038 6352; ppageno 0'>
   <div class='ocr_carea' id='block_1_1' title="bbox 395 410 597 465">
    <p class='ocr_par' dir='ltr' id='par_1_1' title="bbox 395 410 597 465">
     <span class='ocr_line' id='line_1_1' title="bbox 395 410 597 465; baseline 0 -1"><span class='ocrx_word' id='word_1_1' title='bbox 395 428 403 437; x_wconf 82' lang='lat'><strong><em>&#39;</em></strong></span> <span class='ocrx_word' id='word_1_2' title='bbox 494 410 597 465; x_wconf 74' lang='lat'><strong>“5</strong></span> 
     </span>
    </p>
   </div>
   <div class='ocr_carea' id='block_1_2' title="bbox 1130 394 3111 459">
    <p class='ocr_par' dir='ltr' id='par_1_2' title="bbox 1130 394 3111 459">
     <span class='ocr_line' id='line_1_2' title="bbox 1130 394 3111 459; baseline -0.004 -1"><span class='ocrx_word' id='word_1_3' title='bbox 1130 403 1477 459; x_wconf 66' lang='lat' dir='ltr'><strong>llAVMONlS</strong></span> <span class='ocrx_word' id='word_1_4' title='bbox 1515 395 1990 456; x_wconf 71' lang='lat' dir='ltr'><strong>HALBERSTAT.</strong></span> <span class='ocrx_word' id='word_1_5' title='bbox 2030 394 2241 450; x_wconf 78' lang='lat' dir='ltr'><strong>EPISC.</strong></span> <span class='ocrx_word' id='word_1_6' title='bbox 2285 394 2434 450; x_wconf 80' lang='lat' dir='ltr'><strong>UPP.</strong></span> <span class='ocrx_word' id='word_1_7' title='bbox 2468 395 2648 452; x_wconf 78' lang='lat' dir='ltr'><strong>PARS</strong></span> <span class='ocrx_word' id='word_1_8' title='bbox 2682 395 2746 450; x_wconf 86' lang='lat' dir='ltr'><strong>ll.</strong></span> <span class='ocrx_word' id='word_1_9' title='bbox 2785 428 2851 438; x_wconf 95' lang='lat'><strong><em>—</em></strong></span> <span class='ocrx_word' id='word_1_10' title='bbox 2881 394 3111 452; x_wconf 78' lang='lat' dir='ltr'><strong>HOMIL.</strong></span> 
     </span>
    </p>
   </div>
   <div class='ocr_carea' id='block_1_3' title="bbox 3656 402 3770 456">
    <p class='ocr_par' dir='ltr' id='par_1_3' title="bbox 3656 402 3770 456">
     <span class='ocr_line' id='line_1_3' title="bbox 3656 402 3770 456; baseline 0.018 -2"><span class='ocrx_word' id='word_1_11' title='bbox 3656 402 3770 456; x_wconf 75' lang='lat'><strong>“6</strong></span> 
     </span>
    </p>
   </div>
   <div class='ocr_carea' id='block_1_4' title="bbox 420 502 3768 585">
    <p class='ocr_par' dir='ltr' id='par_1_4' title="bbox 420 502 3768 585">
     <span class='ocr_line' id='line_1_4' title="bbox 420 502 3768 585; baseline -0.002 -14"><span class='ocrx_word' id='word_1_12' title='bbox 420 568 425 571; x_wconf 35' lang='grc' dir='ltr'><strong>ς</strong></span> <span class='ocrx_word' id='word_1_13' title='bbox 498 538 517 572; x_wconf 86' lang='grc'><strong>‹</strong></span> <span class='ocrx_word' id='word_1_14' title='bbox 561 533 738 577; x_wconf 82' lang='lat' dir='ltr'><strong>suam.</strong></span> <span class='ocrx_word' id='word_1_15' title='bbox 779 540 797 570; x_wconf 76' lang='grc' dir='ltr'><strong>ι</strong></span> <span class='ocrx_word' id='word_1_16' title='bbox 831 517 908 585; x_wconf 82' lang='lat' dir='ltr'><strong>Ne</strong></span> <span class='ocrx_word' id='word_1_17' title='bbox 934 531 1084 574; x_wconf 87' lang='lat' dir='ltr'><strong>suam</strong></span> <span class='ocrx_word' id='word_1_18' title='bbox 1119 512 1492 570; x_wconf 76' lang='lat' dir='ltr'><strong>crudelitatem</strong></span> <span class='ocrx_word' id='word_1_19' title='bbox 1521 510 1760 568; x_wconf 77' lang='lat' dir='ltr'><strong>Herodes</strong></span> <span class='ocrx_word' id='word_1_20' title='bbox 1789 508 1980 566; x_wconf 85' lang='lat' dir='ltr'><strong>callide</strong></span> <span class='ocrx_word' id='word_1_21' title='bbox 2009 504 2062 560; x_wconf 90' lang='lat' dir='ltr'><strong>in</strong></span> <span class='ocrx_word' id='word_1_22' title='bbox 2090 508 2138 565; x_wconf 80' lang='grc' dir='ltr'><strong>Α</strong></span> <span class='ocrx_word' id='word_1_23' title='bbox 2167 502 2335 560; x_wconf 85' lang='lat' dir='ltr'><strong>Isaias</strong></span> <span class='ocrx_word' id='word_1_24' title='bbox 2368 504 2688 574; x_wconf 79' lang='lat' dir='ltr'><strong>praedicens,</strong></span> <span class='ocrx_word' id='word_1_25' title='bbox 2719 504 2797 560; x_wconf 85' lang='lat' dir='ltr'><strong>ait</strong></span> <span class='ocrx_word' id='word_1_26' title='bbox 2826 522 2839 559; x_wconf 90' lang='lat'><strong>:</strong></span> <span class='ocrx_word' id='word_1_27' title='bbox 2883 522 2902 557; x_wconf 75' lang='grc' dir='ltr'><strong>ι</strong></span> <span class='ocrx_word' id='word_1_28' title='bbox 2938 503 3089 561; x_wconf 88' lang='lat' dir='ltr'><strong>Sicut</strong></span> <span class='ocrx_word' id='word_1_29' title='bbox 3136 505 3255 561; x_wconf 85' lang='lat' dir='ltr'><strong>ovis</strong></span> <span class='ocrx_word' id='word_1_30' title='bbox 3305 505 3374 561; x_wconf 89' lang='lat' dir='ltr'><strong>ad</strong></span> <span class='ocrx_word' id='word_1_31' title='bbox 3413 508 3768 566; x_wconf 86' lang='lat' dir='ltr'><strong>occisionem</strong></span> 
     </span>
    </p>
   </div>
   <div class='ocr_carea' id='block_1_5' title="bbox 489 601 2064 681">
    <p class='ocr_par' dir='ltr' id='par_1_5' title="bbox 489 601 2064 681">
     <span class='ocr_line' id='line_1_5' title="bbox 489 601 2064 681; baseline -0.008 -15"><span class='ocrx_word' id='word_1_32' title='bbox 489 624 720 681; x_wconf 86' lang='lat' dir='ltr'><strong>puerum</strong></span> <span class='ocrx_word' id='word_1_33' title='bbox 751 608 970 680; x_wconf 91' lang='lat' dir='ltr'><strong>implere</strong></span> <span class='ocrx_word' id='word_1_34' title='bbox 989 613 1191 677; x_wconf 86' lang='lat' dir='ltr'><strong>posset,</strong></span> <span class='ocrx_word' id='word_1_35' title='bbox 1215 603 1333 672; x_wconf 85' lang='lat' dir='ltr'><strong>ejus</strong></span> <span class='ocrx_word' id='word_1_36' title='bbox 1359 603 1584 658; x_wconf 85' lang='lat' dir='ltr'><strong>insidias</strong></span> <span class='ocrx_word' id='word_1_37' title='bbox 1607 601 1866 672; x_wconf 68' lang='lat' dir='ltr'><strong>praevenit</strong></span> <span class='ocrx_word' id='word_1_38' title='bbox 1896 612 2064 667; x_wconf 67' lang='lat' dir='ltr'><strong>augeo</strong></span> 
     </span>
    </p>
   </div>
   <div class='ocr_carea' id='block_1_6' title="bbox 491 688 2062 764">
    <p class='ocr_par' dir='ltr' id='par_1_6' title="bbox 491 688 2062 764">
     <span class='ocr_line' id='line_1_6' title="bbox 491 688 2062 764; baseline -0.006 -11"><span class='ocrx_word' id='word_1_39' title='bbox 491 698 607 764; x_wconf 91' lang='lat' dir='ltr'><strong>lus,</strong></span> <span class='ocrx_word' id='word_1_40' title='bbox 635 712 860 754; x_wconf 87' lang='lat' dir='ltr'><strong>monens</strong></span> <span class='ocrx_word' id='word_1_41' title='bbox 894 710 1080 764; x_wconf 82' lang='lat' dir='ltr'><strong>magos</strong></span> <span class='ocrx_word' id='word_1_42' title='bbox 1102 694 1158 748; x_wconf 94' lang='lat' dir='ltr'><strong>in</strong></span> <span class='ocrx_word' id='word_1_43' title='bbox 1181 694 1387 750; x_wconf 92' lang='lat' dir='ltr'><strong>somnis</strong></span> <span class='ocrx_word' id='word_1_44' title='bbox 1420 707 1489 747; x_wconf 91' lang='lat' dir='ltr'><strong>ne</strong></span> <span class='ocrx_word' id='word_1_45' title='bbox 1519 692 1759 746; x_wconf 84' lang='lat' dir='ltr'><strong>redirent</strong></span> <span class='ocrx_word' id='word_1_46' title='bbox 1793 689 1861 743; x_wconf 90' lang='lat' dir='ltr'><strong>ad</strong></span> <span class='ocrx_word' id='word_1_47' title='bbox 1892 688 2062 743; x_wconf 80' lang='lat' dir='ltr'><strong>Hero-</strong></span> 
     </span>
    </p>
   </div>
   <div class='ocr_carea' id='block_1_7' title="bbox 492 778 2067 854">
    <p class='ocr_par' dir='ltr' id='par_1_7' title="bbox 492 778 2067 854">
     <span class='ocr_line' id='line_1_7' title="bbox 492 778 2067 854; baseline -0.01 -7"><span class='ocrx_word' id='word_1_48' title='bbox 492 791 635 847; x_wconf 89' lang='lat' dir='ltr'><strong>dem.</strong></span> <span class='ocrx_word' id='word_1_49' title='bbox 661 789 768 845; x_wconf 87' lang='lat' dir='ltr'><strong>Sed</strong></span> <span class='ocrx_word' id='word_1_50' title='bbox 789 786 1047 844; x_wconf 88' lang='lat' dir='ltr'><strong>imitabilc</strong></span> <span class='ocrx_word' id='word_1_51' title='bbox 1071 786 1226 841; x_wconf 88' lang='lat' dir='ltr'><strong>nobis</strong></span> <span class='ocrx_word' id='word_1_52' title='bbox 1245 784 1544 854; x_wconf 86' lang='lat' dir='ltr'><strong>exemplum</strong></span> <span class='ocrx_word' id='word_1_53' title='bbox 1562 783 1701 853; x_wconf 87' lang='lat' dir='ltr'><strong>magi</strong></span> <span class='ocrx_word' id='word_1_54' title='bbox 1726 782 1777 836; x_wconf 92' lang='lat' dir='ltr'><strong>in</strong></span> <span class='ocrx_word' id='word_1_55' title='bbox 1800 780 1914 837; x_wconf 85' lang='lat' dir='ltr'><strong>suis</strong></span> <span class='ocrx_word' id='word_1_56' title='bbox 1934 778 2067 834; x_wconf 88' lang='lat' dir='ltr'><strong>acti-</strong></span> 
     </span>
    </p>
   </div>
   <div class='ocr_carea' id='block_1_8' title="bbox 493 870 2065 948">
    <p class='ocr_par' dir='ltr' id='par_1_8' title="bbox 493 870 2065 948">
     <span class='ocr_line' id='line_1_8' title="bbox 493 870 2065 948; baseline -0.007 -14"><span class='ocrx_word' id='word_1_57' title='bbox 493 881 594 936; x_wconf 89' lang='lat' dir='ltr'><strong>bus</strong></span> <span class='ocrx_word' id='word_1_58' title='bbox 637 878 988 948; x_wconf 89' lang='lat' dir='ltr'><strong>reliquerunt,</strong></span> <span class='ocrx_word' id='word_1_59' title='bbox 1016 890 1140 930; x_wconf 90' lang='lat' dir='ltr'><strong>cum</strong></span> <span class='ocrx_word' id='word_1_60' title='bbox 1176 890 1273 946; x_wconf 90' lang='lat' dir='ltr'><strong>per</strong></span> <span class='ocrx_word' id='word_1_61' title='bbox 1313 873 1473 927; x_wconf 87' lang='lat' dir='ltr'><strong>aliam</strong></span> <span class='ocrx_word' id='word_1_62' title='bbox 1522 871 1667 926; x_wconf 90' lang='lat' dir='ltr'><strong>viam</strong></span> <span class='ocrx_word' id='word_1_63' title='bbox 1709 871 1762 926; x_wconf 92' lang='lat' dir='ltr'><strong>in</strong></span> <span class='ocrx_word' id='word_1_64' title='bbox 1792 870 2065 941; x_wconf 86' lang='lat' dir='ltr'><strong>regionem</strong></span> 
     </span>
    </p>
   </div>
   <div class='ocr_carea' id='block_1_9' title="bbox 492 959 2066 1031">
    <p class='ocr_par' dir='ltr' id='par_1_9' title="bbox 492 959 2066 1031">
     <span class='ocr_line' id='line_1_9' title="bbox 492 959 2066 1031; baseline -0.006 -10"><span class='ocrx_word' id='word_1_65' title='bbox 492 983 643 1021; x_wconf 90' lang='lat' dir='ltr'><strong>suam</strong></span> <span class='ocrx_word' id='word_1_66' title='bbox 688 966 887 1021; x_wconf 84' lang='lat' dir='ltr'><strong>reversi</strong></span> <span class='ocrx_word' id='word_1_67' title='bbox 930 963 1168 1020; x_wconf 79' lang='lat' dir='ltr'><strong>fuerunt.</strong></span> <span class='ocrx_word' id='word_1_68' title='bbox 1218 962 1385 1030; x_wconf 81' lang='lat' dir='ltr'><strong>Regio</strong></span> <span class='ocrx_word' id='word_1_69' title='bbox 1434 960 1577 1017; x_wconf 92' lang='lat' dir='ltr'><strong>enim</strong></span> <span class='ocrx_word' id='word_1_70' title='bbox 1620 968 1803 1017; x_wconf 87' lang='lat' dir='ltr'><strong>nostra</strong></span> <span class='ocrx_word' id='word_1_71' title='bbox 1848 959 2066 1031; x_wconf 85' lang='lat' dir='ltr'><strong>propria</strong></span> 
     </span>
    </p>
   </div>
   <div class='ocr_carea' id='block_1_10' title="bbox 491 1050 2064 1128">
    <p class='ocr_par' dir='ltr' id='par_1_10' title="bbox 491 1050 2064 1128">
     <span class='ocr_line' id='line_1_10' title="bbox 491 1050 2064 1128; baseline -0.003 -19"><span class='ocrx_word' id='word_1_72' title='bbox 491 1057 771 1128; x_wconf 80' lang='lat' dir='ltr'><strong>paradisus</strong></span> <span class='ocrx_word' id='word_1_73' title='bbox 812 1065 917 1122; x_wconf 90' lang='lat' dir='ltr'><strong>est,</strong></span> <span class='ocrx_word' id='word_1_74' title='bbox 942 1056 1071 1127; x_wconf 84' lang='lat' dir='ltr'><strong>quia</strong></span> <span class='ocrx_word' id='word_1_75' title='bbox 1094 1055 1161 1109; x_wconf 87' lang='lat' dir='ltr'><strong>ad</strong></span> <span class='ocrx_word' id='word_1_76' title='bbox 1191 1055 1293 1109; x_wconf 90' lang='lat' dir='ltr'><strong>hoc</strong></span> <span class='ocrx_word' id='word_1_77' title='bbox 1321 1052 1525 1108; x_wconf 88' lang='lat' dir='ltr'><strong>conditi</strong></span> <span class='ocrx_word' id='word_1_78' title='bbox 1549 1051 1769 1116; x_wconf 75' lang='lat' dir='ltr'><strong>fuimus,</strong></span> <span class='ocrx_word' id='word_1_79' title='bbox 1795 1060 1852 1109; x_wconf 90' lang='lat' dir='ltr'><strong>ut</strong></span> <span class='ocrx_word' id='word_1_80' title='bbox 1874 1051 1922 1107; x_wconf 93' lang='lat' dir='ltr'><strong>si</strong></span> <span class='ocrx_word' id='word_1_81' title='bbox 1951 1050 2064 1120; x_wconf 84' lang='lat' dir='ltr'><strong>pri.—</strong></span> 
     </span>
    </p>
   </div>
   <div class='ocr_carea' id='block_1_11' title="bbox 489 1142 2068 1215">
    <p class='ocr_par' dir='ltr' id='par_1_11' title="bbox 489 1142 2068 1215">
     <span class='ocr_line' id='line_1_11' title="bbox 489 1142 2068 1215; baseline -0.004 -14"><span class='ocrx_word' id='word_1_82' title='bbox 489 1160 609 1202; x_wconf 81' lang='lat' dir='ltr'><strong>lllﬂS</strong></span> <span class='ocrx_word' id='word_1_83' title='bbox 636 1146 798 1201; x_wconf 88' lang='lat' dir='ltr'><strong>homo</strong></span> <span class='ocrx_word' id='word_1_84' title='bbox 822 1161 927 1201; x_wconf 90' lang='lat' dir='ltr'><strong>non</strong></span> <span class='ocrx_word' id='word_1_85' title='bbox 948 1153 1246 1215; x_wconf 83' lang='lat' dir='ltr'><strong>peccasset,</strong></span> <span class='ocrx_word' id='word_1_86' title='bbox 1274 1145 1391 1200; x_wconf 91' lang='lat' dir='ltr'><strong>sine</strong></span> <span class='ocrx_word' id='word_1_87' title='bbox 1420 1152 1593 1199; x_wconf 88' lang='lat' dir='ltr'><strong>morte.</strong></span> <span class='ocrx_word' id='word_1_88' title='bbox 1620 1142 1866 1213; x_wconf 89' lang='lat' dir='ltr'><strong>corporis</strong></span> <span class='ocrx_word' id='word_1_89' title='bbox 1908 1156 2068 1211; x_wconf 53' lang='lat' dir='ltr'><strong>para-</strong></span> 
     </span>
    </p>
   </div>
   <div class='ocr_carea' id='block_1_12' title="bbox 489 1230 2065 1305">
    <p class='ocr_par' dir='ltr' id='par_1_12' title="bbox 489 1230 2065 1305">
     <span class='ocr_line' id='line_1_12' title="bbox 489 1230 2065 1305; baseline 0 -18"><span class='ocrx_word' id='word_1_90' title='bbox 489 1234 590 1289; x_wconf 91' lang='lat' dir='ltr'><strong>disi</strong></span> <span class='ocrx_word' id='word_1_91' title='bbox 610 1234 821 1305; x_wconf 86' lang='lat' dir='ltr'><strong>gaudiis</strong></span> <span class='ocrx_word' id='word_1_92' title='bbox 851 1233 1172 1291; x_wconf 82' lang='lat' dir='ltr'><strong>frueremur.</strong></span> <span class='ocrx_word' id='word_1_93' title='bbox 1197 1233 1300 1301; x_wconf 84' lang='lat' dir='ltr'><strong>Qui</strong></span> <span class='ocrx_word' id='word_1_94' title='bbox 1321 1249 1449 1305; x_wconf 89' lang='lat' dir='ltr'><strong>ergo</strong></span> <span class='ocrx_word' id='word_1_95' title='bbox 1469 1233 1538 1288; x_wconf 89' lang='lat' dir='ltr'><strong>ab</strong></span> <span class='ocrx_word' id='word_1_96' title='bbox 1562 1232 1651 1288; x_wconf 90' lang='lat' dir='ltr'><strong>illa</strong></span> <span class='ocrx_word' id='word_1_97' title='bbox 1668 1230 1768 1303; x_wconf 82' lang='lat' dir='ltr'><strong>per</strong></span> <span class='ocrx_word' id='word_1_98' title='bbox 1786 1241 2065 1304; x_wconf 88' lang='lat' dir='ltr'><strong>peccatum</strong></span> 
     </span>
    </p>
   </div>
   <div class='ocr_carea' id='block_1_13' title="bbox 488 1324 2068 1396">
    <p class='ocr_par' dir='ltr' id='par_1_13' title="bbox 488 1324 2068 1396">
     <span class='ocr_line' id='line_1_13' title="bbox 488 1324 2068 1396; baseline 0.001 -19"><span class='ocrx_word' id='word_1_99' title='bbox 488 1324 783 1380; x_wconf 90' lang='lat' dir='ltr'><strong>cecidimus</strong></span> <span class='ocrx_word' id='word_1_100' title='bbox 797 1364 812 1389; x_wconf 89' lang='lat'><strong>,</strong></span> <span class='ocrx_word' id='word_1_101' title='bbox 850 1339 1069 1381; x_wconf 90' lang='lat' dir='ltr'><strong>necesse</strong></span> <span class='ocrx_word' id='word_1_102' title='bbox 1091 1333 1174 1381; x_wconf 91' lang='lat' dir='ltr'><strong>est</strong></span> <span class='ocrx_word' id='word_1_103' title='bbox 1202 1333 1261 1380; x_wconf 91' lang='lat' dir='ltr'><strong>ut</strong></span> <span class='ocrx_word' id='word_1_104' title='bbox 1286 1340 1382 1395; x_wconf 92' lang='lat' dir='ltr'><strong>per</strong></span> <span class='ocrx_word' id='word_1_105' title='bbox 1400 1325 1773 1396; x_wconf 79' lang='lat' dir='ltr'><strong>paenitentiam</strong></span> <span class='ocrx_word' id='word_1_106' title='bbox 1788 1324 1946 1394; x_wconf 88' lang='lat' dir='ltr'><strong>quasi</strong></span> <span class='ocrx_word' id='word_1_107' title='bbox 1970 1338 2068 1395; x_wconf 88' lang='lat' dir='ltr'><strong>per</strong></span> 
     </span>
    </p>
   </div>
   <div class='ocr_carea' id='block_1_14' title="bbox 490 1418 2067 1489">
    <p class='ocr_par' dir='ltr' id='par_1_14' title="bbox 490 1418 2067 1489">
     <span class='ocr_line' id='line_1_14' title="bbox 490 1418 2067 1489; baseline 0 -18"><span class='ocrx_word' id='word_1_108' title='bbox 490 1418 654 1474; x_wconf 90' lang='lat' dir='ltr'><strong>aliam</strong></span> <span class='ocrx_word' id='word_1_109' title='bbox 683 1418 827 1474; x_wconf 89' lang='lat' dir='ltr'><strong>viam</strong></span> <span class='ocrx_word' id='word_1_110' title='bbox 875 1420 941 1475; x_wconf 89' lang='lat' dir='ltr'><strong>ad</strong></span> <span class='ocrx_word' id='word_1_111' title='bbox 966 1435 1083 1475; x_wconf 88' lang='lat' dir='ltr'><strong>eam</strong></span> <span class='ocrx_word' id='word_1_112' title='bbox 1110 1420 1416 1486; x_wconf 81' lang='lat' dir='ltr'><strong>redeamus,</strong></span> <span class='ocrx_word' id='word_1_113' title='bbox 1442 1428 1501 1475; x_wconf 94' lang='lat' dir='ltr'><strong>ut</strong></span> <span class='ocrx_word' id='word_1_114' title='bbox 1534 1418 1627 1489; x_wconf 90' lang='lat' dir='ltr'><strong>qui</strong></span> <span class='ocrx_word' id='word_1_115' title='bbox 1655 1419 1947 1475; x_wconf 88' lang='lat' dir='ltr'><strong>cecidimus</strong></span> <span class='ocrx_word' id='word_1_116' title='bbox 1975 1433 2067 1474; x_wconf 91' lang='lat' dir='ltr'><strong>su-</strong></span> 
     </span>
    </p>
   </div>
   <div class='ocr_carea' id='block_1_15' title="bbox 486 1507 2063 1582">
    <p class='ocr_par' dir='ltr' id='par_1_15' title="bbox 486 1507 2063 1582">
     <span class='ocr_line' id='line_1_15' title="bbox 486 1507 2063 1582; baseline 0.002 -21"><span class='ocrx_word' id='word_1_117' title='bbox 486 1507 816 1577; x_wconf 89' lang='lat' dir='ltr'><strong>perbiendo,</strong></span> <span class='ocrx_word' id='word_1_118' title='bbox 840 1508 1213 1574; x_wconf 89' lang='lat' dir='ltr'><strong>inobediendo,</strong></span> <span class='ocrx_word' id='word_1_119' title='bbox 1244 1510 1408 1566; x_wconf 88' lang='lat' dir='ltr'><strong>vetita</strong></span> <span class='ocrx_word' id='word_1_120' title='bbox 1440 1510 1727 1582; x_wconf 86' lang='lat' dir='ltr'><strong>gustando,</strong></span> <span class='ocrx_word' id='word_1_121' title='bbox 1757 1525 1857 1579; x_wconf 90' lang='lat' dir='ltr'><strong>per</strong></span> <span class='ocrx_word' id='word_1_122' title='bbox 1903 1509 2063 1564; x_wconf 88' lang='lat' dir='ltr'><strong>aliam</strong></span> 
     </span>
    </p>
   </div>
   <div class='ocr_carea' id='block_1_16' title="bbox 486 1599 2062 1667">
    <p class='ocr_par' dir='ltr' id='par_1_16' title="bbox 486 1599 2062 1667">
     <span class='ocr_line' id='line_1_16' title="bbox 486 1599 2062 1667; baseline 0.003 -15"><span class='ocrx_word' id='word_1_123' title='bbox 486 1599 630 1654; x_wconf 89' lang='lat' dir='ltr'><strong>viam</strong></span> <span class='ocrx_word' id='word_1_124' title='bbox 677 1600 746 1656; x_wconf 91' lang='lat' dir='ltr'><strong>ad</strong></span> <span class='ocrx_word' id='word_1_125' title='bbox 782 1616 902 1657; x_wconf 89' lang='lat' dir='ltr'><strong>eam</strong></span> <span class='ocrx_word' id='word_1_126' title='bbox 946 1603 1267 1667; x_wconf 87' lang='lat' dir='ltr'><strong>redeamus,</strong></span> <span class='ocrx_word' id='word_1_127' title='bbox 1327 1602 1380 1658; x_wconf 93' lang='lat' dir='ltr'><strong>id</strong></span> <span class='ocrx_word' id='word_1_128' title='bbox 1433 1610 1517 1657; x_wconf 89' lang='lat' dir='ltr'><strong>est</strong></span> <span class='ocrx_word' id='word_1_129' title='bbox 1558 1601 1889 1658; x_wconf 88' lang='lat' dir='ltr'><strong>humiliando</strong></span> <span class='ocrx_word' id='word_1_130' title='bbox 1934 1616 2062 1656; x_wconf 76' lang='lat' dir='ltr'><strong>nos-</strong></span> 
     </span>
    </p>
   </div>
   <div class='ocr_carea' id='block_1_17' title="bbox 487 1688 2062 1759">
    <p class='ocr_par' dir='ltr' id='par_1_17' title="bbox 487 1688 2062 1759">
     <span class='ocr_line' id='line_1_17' title="bbox 487 1688 2062 1759; baseline 0.003 -18"><span class='ocrx_word' id='word_1_131' title='bbox 487 1688 787 1759; x_wconf 88' lang='lat' dir='ltr'><strong>metipsos,</strong></span> <span class='ocrx_word' id='word_1_132' title='bbox 831 1690 1167 1757; x_wconf 80' lang='lat' dir='ltr'><strong>obediendo,</strong></span> <span class='ocrx_word' id='word_1_133' title='bbox 1214 1700 1269 1746; x_wconf 87' lang='lat' dir='ltr'><strong>et</strong></span> <span class='ocrx_word' id='word_1_134' title='bbox 1322 1707 1427 1746; x_wconf 85' lang='lat' dir='ltr'><strong>non</strong></span> <span class='ocrx_word' id='word_1_135' title='bbox 1483 1690 1653 1747; x_wconf 90' lang='lat' dir='ltr'><strong>solum</strong></span> <span class='ocrx_word' id='word_1_136' title='bbox 1706 1690 1775 1746; x_wconf 91' lang='lat' dir='ltr'><strong>ab</strong></span> <span class='ocrx_word' id='word_1_137' title='bbox 1823 1689 2062 1756; x_wconf 90' lang='lat' dir='ltr'><strong>illicitis,</strong></span> 
     </span>
    </p>
   </div>
   <div class='ocr_carea' id='block_1_18' title="bbox 485 1780 2063 1854">
    <p class='ocr_par' dir='ltr' id='par_1_18' title="bbox 485 1780 2063 1854">
     <span class='ocr_line' id='line_1_18' title="bbox 485 1780 2063 1854; baseline 0.002 -19"><span class='ocrx_word' id='word_1_138' title='bbox 485 1780 580 1835; x_wconf 88' lang='lat' dir='ltr'><strong>sed</strong></span> <span class='ocrx_word' id='word_1_139' title='bbox 623 1781 787 1836; x_wconf 90' lang='lat' dir='ltr'><strong>etiam</strong></span> <span class='ocrx_word' id='word_1_140' title='bbox 823 1798 852 1837; x_wconf 91' lang='lat' dir='ltr'><strong>a</strong></span> <span class='ocrx_word' id='word_1_141' title='bbox 890 1782 1052 1838; x_wconf 91' lang='lat' dir='ltr'><strong>licitis</strong></span> <span class='ocrx_word' id='word_1_142' title='bbox 1088 1785 1435 1848; x_wconf 89' lang='lat' dir='ltr'><strong>abstinendo,</strong></span> <span class='ocrx_word' id='word_1_143' title='bbox 1472 1784 1611 1854; x_wconf 86' lang='lat' dir='ltr'><strong>quod</strong></span> <span class='ocrx_word' id='word_1_144' title='bbox 1646 1783 1761 1854; x_wconf 82' lang='lat' dir='ltr'><strong>ipse</strong></span> <span class='ocrx_word' id='word_1_145' title='bbox 1806 1791 2063 1853; x_wconf 65' lang='lat' dir='ltr'><strong>praestare</strong></span> 
     </span>
    </p>
   </div>
   <div class='ocr_carea' id='block_1_19' title="bbox 485 1869 2058 1953">
    <p class='ocr_par' dir='ltr' id='par_1_19' title="bbox 485 1869 2058 1953">
     <span class='ocr_line' id='line_1_19' title="bbox 485 1869 2058 1953; baseline 0.004 -31"><span class='ocrx_word' id='word_1_146' title='bbox 485 1869 750 1953; x_wconf 73' lang='lat' dir='ltr'><strong>dignetur,</strong></span> <span class='ocrx_word' id='word_1_147' title='bbox 788 1872 880 1942; x_wconf 86' lang='lat' dir='ltr'><strong>qui</strong></span> <span class='ocrx_word' id='word_1_148' title='bbox 928 1875 1058 1930; x_wconf 87' lang='lat' dir='ltr'><strong>vivit</strong></span> <span class='ocrx_word' id='word_1_149' title='bbox 1090 1884 1156 1930; x_wconf 90' lang='lat' dir='ltr'><strong>.et</strong></span> <span class='ocrx_word' id='word_1_150' title='bbox 1194 1883 1386 1946; x_wconf 77' lang='lat' dir='ltr'><strong>regnat</strong></span> <span class='ocrx_word' id='word_1_151' title='bbox 1411 1874 1464 1929; x_wconf 91' lang='lat' dir='ltr'><strong>in</strong></span> <span class='ocrx_word' id='word_1_152' title='bbox 1492 1873 1685 1930; x_wconf 62' lang='lat' dir='ltr'><strong>saecula</strong></span> <span class='ocrx_word' id='word_1_153' title='bbox 1722 1873 2058 1930; x_wconf 68' lang='lat' dir='ltr'><strong>saeculorum.</strong></span> 
     </span>
    </p>
   </div>
   <div class='ocr_carea' id='block_1_20' title="bbox 482 1960 676 2021">
    <p class='ocr_par' dir='ltr' id='par_1_20' title="bbox 482 1960 676 2021">
     <span class='ocr_line' id='line_1_20' title="bbox 482 1960 676 2021; baseline 0.031 -7"><span class='ocrx_word' id='word_1_154' title='bbox 482 1960 676 2021; x_wconf 81' lang='lat' dir='ltr'><strong>Amen.</strong></span> 
     </span>
    </p>
   </div>
   <div class='ocr_carea' id='block_1_21' title="bbox 1042 2075 1504 2132">
    <p class='ocr_par' dir='ltr' id='par_1_21' title="bbox 1042 2075 1504 2132">
     <span class='ocr_line' id='line_1_21' title="bbox 1042 2075 1504 2132; baseline -0.002 -2"><span class='ocrx_word' id='word_1_155' title='bbox 1042 2075 1325 2132; x_wconf 76' lang='lat' dir='ltr'><strong>HOMILIA</strong></span> <span class='ocrx_word' id='word_1_156' title='bbox 1367 2075 1504 2132; x_wconf 77' lang='lat' dir='ltr'><strong>XVI.</strong></span> 
     </span>
    </p>
   </div>
   <div class='ocr_carea' id='block_1_22' title="bbox 938 2204 1599 2247">
    <p class='ocr_par' dir='ltr' id='par_1_22' title="bbox 938 2204 1599 2247">
     <span class='ocr_line' id='line_1_22' title="bbox 938 2204 1599 2247; baseline -0.002 -2"><span class='ocrx_word' id='word_1_157' title='bbox 938 2205 992 2245; x_wconf 73' lang='lat' dir='ltr'><strong>IN</strong></span> <span class='ocrx_word' id='word_1_158' title='bbox 1037 2205 1240 2247; x_wconf 71' lang='lat' dir='ltr'><strong>OCTAVA</strong></span> <span class='ocrx_word' id='word_1_159' title='bbox 1285 2204 1599 2246; x_wconf 60' lang='grc' dir='ltr'><strong>ΕΡΙΡΗΔΝΙΕ.</strong></span> 
     </span>
    </p>
   </div>
   <div class='ocr_carea' id='block_1_23' title="bbox 559 2318 2065 2395">
    <p class='ocr_par' dir='ltr' id='par_1_23' title="bbox 559 2318 2065 2395">
     <span class='ocr_line' id='line_1_23' title="bbox 559 2318 2065 2395; baseline 0.001 -19"><span class='ocrx_word' id='word_1_160' title='bbox 559 2318 730 2391; x_wconf 69' lang='grc' dir='ltr'><strong>(ΙυΑΝ.</strong></span> <span class='ocrx_word' id='word_1_161' title='bbox 762 2324 824 2394; x_wconf 89' lang='grc' dir='ltr'><strong>ι.)</strong></span> <span class='ocrx_word' id='word_1_162' title='bbox 847 2343 864 2375; x_wconf 80' lang='grc' dir='ltr'><strong>ι</strong></span> <span class='ocrx_word' id='word_1_163' title='bbox 893 2321 949 2378; x_wconf 83' lang='grc' dir='ltr'><strong>1η</strong></span> <span class='ocrx_word' id='word_1_164' title='bbox 975 2324 1066 2379; x_wconf 92' lang='lat' dir='ltr'><strong>illo</strong></span> <span class='ocrx_word' id='word_1_165' title='bbox 1088 2333 1347 2395; x_wconf 90' lang='lat' dir='ltr'><strong>tempore,</strong></span> <span class='ocrx_word' id='word_1_166' title='bbox 1363 2322 1493 2379; x_wconf 80' lang='lat' dir='ltr'><strong>vidit</strong></span> <span class='ocrx_word' id='word_1_167' title='bbox 1513 2323 1749 2380; x_wconf 84' lang='lat' dir='ltr'><strong>Joannes</strong></span> <span class='ocrx_word' id='word_1_168' title='bbox 1769 2320 1953 2379; x_wconf 89' lang='lat' dir='ltr'><strong>Jesum</strong></span> <span class='ocrx_word' id='word_1_169' title='bbox 1976 2337 2065 2378; x_wconf 89' lang='lat' dir='ltr'><strong>ve-</strong></span> 
     </span>
    </p>
   </div>
   <div class='ocr_carea' id='block_1_24' title="bbox 488 2415 2057 2487">
    <p class='ocr_par' dir='ltr' id='par_1_24' title="bbox 488 2415 2057 2487">
     <span class='ocr_line' id='line_1_24' title="bbox 488 2415 2057 2487; baseline 0.002 -20"><span class='ocrx_word' id='word_1_170' title='bbox 488 2435 507 2467; x_wconf 70' lang='grc' dir='ltr'><strong>ι</strong></span> <span class='ocrx_word' id='word_1_171' title='bbox 537 2415 774 2471; x_wconf 87' lang='lat' dir='ltr'><strong>nientem</strong></span> <span class='ocrx_word' id='word_1_172' title='bbox 802 2415 869 2469; x_wconf 91' lang='lat' dir='ltr'><strong>ad</strong></span> <span class='ocrx_word' id='word_1_173' title='bbox 896 2430 974 2480; x_wconf 91' lang='lat' dir='ltr'><strong>se,</strong></span> <span class='ocrx_word' id='word_1_174' title='bbox 996 2425 1052 2472; x_wconf 91' lang='lat' dir='ltr'><strong>et</strong></span> <span class='ocrx_word' id='word_1_175' title='bbox 1074 2417 1150 2471; x_wconf 87' lang='lat' dir='ltr'><strong>ait</strong></span> <span class='ocrx_word' id='word_1_176' title='bbox 1174 2431 1189 2471; x_wconf 90' lang='lat'><strong>:</strong></span> <span class='ocrx_word' id='word_1_177' title='bbox 1213 2417 1352 2472; x_wconf 84' lang='lat' dir='ltr'><strong>Ecce</strong></span> <span class='ocrx_word' id='word_1_178' title='bbox 1375 2415 1556 2487; x_wconf 86' lang='lat' dir='ltr'><strong>Agnus</strong></span> <span class='ocrx_word' id='word_1_179' title='bbox 1576 2415 1693 2482; x_wconf 88' lang='lat' dir='ltr'><strong>Dei,</strong></span> <span class='ocrx_word' id='word_1_180' title='bbox 1716 2435 1735 2469; x_wconf 72' lang='grc' dir='ltr'><strong>ι</strong></span> <span class='ocrx_word' id='word_1_181' title='bbox 1761 2428 1815 2472; x_wconf 89' lang='lat' dir='ltr'><strong>et</strong></span> <span class='ocrx_word' id='word_1_182' title='bbox 1832 2417 2057 2486; x_wconf 87' lang='lat' dir='ltr'><strong>reliqua.</strong></span> 
     </span>
    </p>
   </div>
   <div class='ocr_carea' id='block_1_25' title="bbox 483 2504 2058 2578">
    <p class='ocr_par' dir='ltr' id='par_1_25' title="bbox 483 2504 2058 2578">
     <span class='ocr_line' id='line_1_25' title="bbox 483 2504 2058 2578; baseline 0.002 -20"><span class='ocrx_word' id='word_1_183' title='bbox 483 2504 541 2559; x_wconf 87' lang='lat' dir='ltr'><strong>In</strong></span> <span class='ocrx_word' id='word_1_184' title='bbox 566 2505 726 2576; x_wconf 84' lang='lat' dir='ltr'><strong>hujus</strong></span> <span class='ocrx_word' id='word_1_185' title='bbox 748 2504 993 2562; x_wconf 89' lang='lat' dir='ltr'><strong>lectionis</strong></span> <span class='ocrx_word' id='word_1_186' title='bbox 1020 2508 1281 2563; x_wconf 76' lang='lat' dir='ltr'><strong>brevitate</strong></span> <span class='ocrx_word' id='word_1_187' title='bbox 1305 2506 1757 2563; x_wconf 86' lang='lat' dir='ltr'><strong>considerandum</strong></span> <span class='ocrx_word' id='word_1_188' title='bbox 1788 2515 1871 2564; x_wconf 91' lang='lat' dir='ltr'><strong>est</strong></span> <span class='ocrx_word' id='word_1_189' title='bbox 1895 2522 2058 2578; x_wconf 88' lang='lat' dir='ltr'><strong>quam</strong></span> 
     </span>
    </p>
   </div>
   <div class='ocr_carea' id='block_1_26' title="bbox 485 2596 2060 2667">
    <p class='ocr_par' dir='ltr' id='par_1_26' title="bbox 485 2596 2060 2667">
     <span class='ocr_line' id='line_1_26' title="bbox 485 2596 2060 2667; baseline 0.001 -18"><span class='ocrx_word' id='word_1_190' title='bbox 485 2596 747 2651; x_wconf 86' lang='lat' dir='ltr'><strong>latissime</strong></span> <span class='ocrx_word' id='word_1_191' title='bbox 775 2596 1052 2651; x_wconf 86' lang='lat' dir='ltr'><strong>Trinitatis</strong></span> <span class='ocrx_word' id='word_1_192' title='bbox 1075 2598 1310 2653; x_wconf 90' lang='lat' dir='ltr'><strong>essentia</strong></span> <span class='ocrx_word' id='word_1_193' title='bbox 1342 2596 1715 2667; x_wconf 74' lang='lat' dir='ltr'><strong>inseparabilis</strong></span> <span class='ocrx_word' id='word_1_194' title='bbox 1739 2597 1894 2654; x_wconf 87' lang='lat' dir='ltr'><strong>nobis</strong></span> <span class='ocrx_word' id='word_1_195' title='bbox 1913 2612 2060 2652; x_wconf 82' lang='lat' dir='ltr'><strong>com-</strong></span> 
     </span>
    </p>
   </div>
   <div class='ocr_carea' id='block_1_27' title="bbox 485 2691 2059 2762">
    <p class='ocr_par' dir='ltr' id='par_1_27' title="bbox 485 2691 2059 2762">
     <span class='ocr_line' id='line_1_27' title="bbox 485 2691 2059 2762; baseline 0 -17"><span class='ocrx_word' id='word_1_196' title='bbox 485 2692 785 2746; x_wconf 89' lang='lat' dir='ltr'><strong>mendetur.</strong></span> <span class='ocrx_word' id='word_1_197' title='bbox 819 2691 953 2746; x_wconf 85' lang='lat' dir='ltr'><strong>Cum</strong></span> <span class='ocrx_word' id='word_1_198' title='bbox 991 2692 1134 2747; x_wconf 87' lang='lat' dir='ltr'><strong>enim</strong></span> <span class='ocrx_word' id='word_1_199' title='bbox 1176 2691 1346 2747; x_wconf 87' lang='lat' dir='ltr'><strong>Filius</strong></span> <span class='ocrx_word' id='word_1_200' title='bbox 1372 2691 1708 2762; x_wconf 86' lang='lat' dir='ltr'><strong>baptizatur,</strong></span> <span class='ocrx_word' id='word_1_201' title='bbox 1733 2691 1910 2746; x_wconf 87' lang='lat' dir='ltr'><strong>Patris</strong></span> <span class='ocrx_word' id='word_1_202' title='bbox 1955 2706 2059 2746; x_wconf 88' lang='lat' dir='ltr'><strong>vox</strong></span> 
     </span>
    </p>
   </div>
   <div class='ocr_carea' id='block_1_28' title="bbox 485 2777 2056 2849">
    <p class='ocr_par' dir='ltr' id='par_1_28' title="bbox 485 2777 2056 2849">
     <span class='ocr_line' id='line_1_28' title="bbox 485 2777 2056 2849; baseline 0.001 -17"><span class='ocrx_word' id='word_1_203' title='bbox 485 2777 723 2843; x_wconf 84' lang='lat' dir='ltr'><strong>auditur,</strong></span> <span class='ocrx_word' id='word_1_204' title='bbox 747 2777 981 2849; x_wconf 89' lang='lat' dir='ltr'><strong>Spiritus</strong></span> <span class='ocrx_word' id='word_1_205' title='bbox 1003 2786 1221 2834; x_wconf 88' lang='lat' dir='ltr'><strong>sanctus</strong></span> <span class='ocrx_word' id='word_1_206' title='bbox 1252 2778 1305 2833; x_wconf 91' lang='lat' dir='ltr'><strong>in</strong></span> <span class='ocrx_word' id='word_1_207' title='bbox 1337 2780 1515 2848; x_wconf 85' lang='lat' dir='ltr'><strong>specie</strong></span> <span class='ocrx_word' id='word_1_208' title='bbox 1538 2779 1800 2836; x_wconf 76' lang='lat' dir='ltr'><strong>columba:</strong></span> <span class='ocrx_word' id='word_1_209' title='bbox 1825 2780 2056 2847; x_wconf 89' lang='lat' dir='ltr'><strong>videtur,</strong></span> 
     </span>
    </p>
   </div>
   <div class='ocr_carea' id='block_1_29' title="bbox 485 2868 2054 2939">
    <p class='ocr_par' dir='ltr' id='par_1_29' title="bbox 485 2868 2054 2939">
     <span class='ocr_line' id='line_1_29' title="bbox 485 2868 2054 2939; baseline 0.001 -17"><span class='ocrx_word' id='word_1_210' title='bbox 485 2884 591 2923; x_wconf 88' lang='lat' dir='ltr'><strong>una</strong></span> <span class='ocrx_word' id='word_1_211' title='bbox 618 2868 790 2923; x_wconf 88' lang='lat' dir='ltr'><strong>dcitas</strong></span> <span class='ocrx_word' id='word_1_212' title='bbox 815 2869 870 2923; x_wconf 88' lang='lat' dir='ltr'><strong>in</strong></span> <span class='ocrx_word' id='word_1_213' title='bbox 892 2868 1210 2933; x_wconf 85' lang='lat' dir='ltr'><strong>substantia,</strong></span> <span class='ocrx_word' id='word_1_214' title='bbox 1228 2868 1364 2923; x_wconf 89' lang='lat' dir='ltr'><strong>trina</strong></span> <span class='ocrx_word' id='word_1_215' title='bbox 1386 2869 1439 2923; x_wconf 90' lang='lat' dir='ltr'><strong>in</strong></span> <span class='ocrx_word' id='word_1_216' title='bbox 1463 2870 1707 2939; x_wconf 89' lang='lat' dir='ltr'><strong>personis</strong></span> <span class='ocrx_word' id='word_1_217' title='bbox 1731 2868 2054 2926; x_wconf 80' lang='lat' dir='ltr'><strong>declaratur.</strong></span> 
     </span>
    </p>
   </div>
   <div class='ocr_carea' id='block_1_30' title="bbox 484 2960 2059 3032">
    <p class='ocr_par' dir='ltr' id='par_1_30' title="bbox 484 2960 2059 3032">
     <span class='ocr_line' id='line_1_30' title="bbox 484 2960 2059 3032; baseline 0.002 -17"><span class='ocrx_word' id='word_1_218' title='bbox 484 2961 541 3015; x_wconf 93' lang='lat' dir='ltr'><strong>ln</strong></span> <span class='ocrx_word' id='word_1_219' title='bbox 561 2977 668 3031; x_wconf 89' lang='lat' dir='ltr'><strong>quo</strong></span> <span class='ocrx_word' id='word_1_220' title='bbox 693 2960 812 3016; x_wconf 91' lang='lat' dir='ltr'><strong>loco</strong></span> <span class='ocrx_word' id='word_1_221' title='bbox 835 2962 999 3016; x_wconf 88' lang='lat' dir='ltr'><strong>etiam</strong></span> <span class='ocrx_word' id='word_1_222' title='bbox 1025 2961 1374 3032; x_wconf 67' lang='lat' dir='ltr'><strong>praecursoris</strong></span> <span class='ocrx_word' id='word_1_223' title='bbox 1398 2960 1611 3016; x_wconf 88' lang='lat' dir='ltr'><strong>Domini</strong></span> <span class='ocrx_word' id='word_1_224' title='bbox 1635 2963 1895 3019; x_wconf 86' lang='lat' dir='ltr'><strong>sanctitas</strong></span> <span class='ocrx_word' id='word_1_225' title='bbox 1911 2977 2059 3019; x_wconf 88' lang='lat' dir='ltr'><strong>com-</strong></span> 
     </span>
    </p>
   </div>
   <div class='ocr_carea' id='block_1_31' title="bbox 484 3051 2058 3123">
    <p class='ocr_par' dir='ltr' id='par_1_31' title="bbox 484 3051 2058 3123">
     <span class='ocr_line' id='line_1_31' title="bbox 484 3051 2058 3123; baseline 0.003 -19"><span class='ocrx_word' id='word_1_226' title='bbox 484 3051 789 3117; x_wconf 89' lang='lat' dir='ltr'><strong>mendatur,</strong></span> <span class='ocrx_word' id='word_1_227' title='bbox 820 3052 912 3120; x_wconf 86' lang='lat' dir='ltr'><strong>qui</strong></span> <span class='ocrx_word' id='word_1_228' title='bbox 941 3053 1103 3107; x_wconf 91' lang='lat' dir='ltr'><strong>homo</strong></span> <span class='ocrx_word' id='word_1_229' title='bbox 1143 3067 1208 3107; x_wconf 84' lang='lat' dir='ltr'><strong>ex</strong></span> <span class='ocrx_word' id='word_1_230' title='bbox 1255 3051 1563 3107; x_wconf 86' lang='lat' dir='ltr'><strong>hominibus</strong></span> <span class='ocrx_word' id='word_1_231' title='bbox 1587 3060 1766 3119; x_wconf 89' lang='lat' dir='ltr'><strong>natus,</strong></span> <span class='ocrx_word' id='word_1_232' title='bbox 1794 3068 1891 3123; x_wconf 86' lang='lat' dir='ltr'><strong>per</strong></span> <span class='ocrx_word' id='word_1_233' title='bbox 1918 3053 2058 3109; x_wconf 86' lang='lat' dir='ltr'><strong>divi-</strong></span> 
     </span>
    </p>
   </div>
   <div class='ocr_carea' id='block_1_32' title="bbox 487 3142 2053 3214">
    <p class='ocr_par' dir='ltr' id='par_1_32' title="bbox 487 3142 2053 3214">
     <span class='ocr_line' id='line_1_32' title="bbox 487 3142 2053 3214; baseline -0.001 -14"><span class='ocrx_word' id='word_1_234' title='bbox 487 3162 608 3201; x_wconf 90' lang='lat' dir='ltr'><strong>nam</strong></span> <span class='ocrx_word' id='word_1_235' title='bbox 638 3145 865 3214; x_wconf 83' lang='lat' dir='ltr'><strong>gratiam</strong></span> <span class='ocrx_word' id='word_1_236' title='bbox 894 3146 960 3200; x_wconf 90' lang='lat' dir='ltr'><strong>ad</strong></span> <span class='ocrx_word' id='word_1_237' title='bbox 994 3154 1193 3199; x_wconf 85' lang='lat' dir='ltr'><strong>tantam</strong></span> <span class='ocrx_word' id='word_1_238' title='bbox 1229 3142 1601 3199; x_wconf 89' lang='lat' dir='ltr'><strong>celsitudinem</strong></span> <span class='ocrx_word' id='word_1_239' title='bbox 1635 3151 1718 3199; x_wconf 89' lang='lat' dir='ltr'><strong>est</strong></span> <span class='ocrx_word' id='word_1_240' title='bbox 1744 3144 2053 3214; x_wconf 90' lang='lat' dir='ltr'><strong>perductus,</strong></span> 
     </span>
    </p>
   </div>
   <div class='ocr_carea' id='block_1_33' title="bbox 2166 595 3770 665">
    <p class='ocr_par' dir='ltr' id='par_1_33' title="bbox 2166 595 3770 665">
     <span class='ocr_line' id='line_1_33' title="bbox 2166 595 3770 665; baseline 0.002 -14"><span class='ocrx_word' id='word_1_241' title='bbox 2166 595 2412 661; x_wconf 89' lang='lat' dir='ltr'><strong>ducetur,</strong></span> <span class='ocrx_word' id='word_1_242' title='bbox 2436 603 2491 651; x_wconf 90' lang='lat' dir='ltr'><strong>et</strong></span> <span class='ocrx_word' id='word_1_243' title='bbox 2510 595 2667 665; x_wconf 85' lang='lat' dir='ltr'><strong>quasi</strong></span> <span class='ocrx_word' id='word_1_244' title='bbox 2692 610 2864 665; x_wconf 87' lang='lat' dir='ltr'><strong>agnus</strong></span> <span class='ocrx_word' id='word_1_245' title='bbox 2899 609 3086 650; x_wconf 87' lang='lat' dir='ltr'><strong>coram</strong></span> <span class='ocrx_word' id='word_1_246' title='bbox 3115 595 3373 652; x_wconf 88' lang='lat' dir='ltr'><strong>tondente</strong></span> <span class='ocrx_word' id='word_1_247' title='bbox 3409 612 3469 651; x_wconf 88' lang='lat' dir='ltr'><strong>se</strong></span> <span class='ocrx_word' id='word_1_248' title='bbox 3492 600 3770 655; x_wconf 80' lang='lat' dir='ltr'><strong>obmute-</strong></span> 
     </span>
    </p>
   </div>
   <div class='ocr_carea' id='block_1_34' title="bbox 2165 687 3769 762">
    <p class='ocr_par' dir='ltr' id='par_1_34' title="bbox 2165 687 3769 762">
     <span class='ocr_line' id='line_1_34' title="bbox 2165 687 3769 762; baseline 0.004 -19"><span class='ocrx_word' id='word_1_249' title='bbox 2165 695 2299 754; x_wconf 86' lang='lat' dir='ltr'><strong>seet,</strong></span> <span class='ocrx_word' id='word_1_250' title='bbox 2330 695 2386 743; x_wconf 92' lang='lat' dir='ltr'><strong>et</strong></span> <span class='ocrx_word' id='word_1_251' title='bbox 2421 702 2529 743; x_wconf 90' lang='lat' dir='ltr'><strong>non</strong></span> <span class='ocrx_word' id='word_1_252' title='bbox 2567 687 2773 758; x_wconf 87' lang='lat' dir='ltr'><strong>aperiet</strong></span> <span class='ocrx_word' id='word_1_253' title='bbox 2808 702 2871 742; x_wconf 91' lang='lat' dir='ltr'><strong>os</strong></span> <span class='ocrx_word' id='word_1_254' title='bbox 2909 702 3065 743; x_wconf 88' lang='lat' dir='ltr'><strong>suum</strong></span> <span class='ocrx_word' id='word_1_255' title='bbox 3110 687 3249 758; x_wconf 78' lang='lat' dir='ltr'><strong>(ha.</strong></span> <span class='ocrx_word' id='word_1_256' title='bbox 3274 690 3415 762; x_wconf 83' lang='lat' dir='ltr'><strong>un).</strong></span> <span class='ocrx_word' id='word_1_257' title='bbox 3452 711 3472 744; x_wconf 73' lang='grc' dir='ltr'><strong>ι</strong></span> <span class='ocrx_word' id='word_1_258' title='bbox 3506 691 3616 748; x_wconf 90' lang='lat' dir='ltr'><strong>lste</strong></span> <span class='ocrx_word' id='word_1_259' title='bbox 3672 703 3769 750; x_wconf 81' lang='lat' dir='ltr'><strong>est</strong></span> 
     </span>
    </p>
   </div>
   <div class='ocr_carea' id='block_1_35' title="bbox 2163 779 3763 857">
    <p class='ocr_par' dir='ltr' id='par_1_35' title="bbox 2163 779 3763 857">
     <span class='ocr_line' id='line_1_35' title="bbox 2163 779 3763 857; baseline -0.001 -20"><span class='ocrx_word' id='word_1_260' title='bbox 2163 780 2306 837; x_wconf 87' lang='lat' dir='ltr'><strong>enim</strong></span> <span class='ocrx_word' id='word_1_261' title='bbox 2352 779 2440 834; x_wconf 92' lang='lat' dir='ltr'><strong>ille</strong></span> <span class='ocrx_word' id='word_1_262' title='bbox 2466 794 2658 849; x_wconf 89' lang='lat' dir='ltr'><strong>agnus,</strong></span> <span class='ocrx_word' id='word_1_263' title='bbox 2681 780 2749 834; x_wconf 91' lang='lat' dir='ltr'><strong>de</strong></span> <span class='ocrx_word' id='word_1_264' title='bbox 2786 795 2893 850; x_wconf 90' lang='lat' dir='ltr'><strong>quo</strong></span> <span class='ocrx_word' id='word_1_265' title='bbox 2918 779 3155 837; x_wconf 80' lang='lat' dir='ltr'><strong>Joannes</strong></span> <span class='ocrx_word' id='word_1_266' title='bbox 3181 783 3260 837; x_wconf 87' lang='lat' dir='ltr'><strong>ait</strong></span> <span class='ocrx_word' id='word_1_267' title='bbox 3288 784 3339 837; x_wconf 91' lang='lat' dir='ltr'><strong>in</strong></span> <span class='ocrx_word' id='word_1_268' title='bbox 3376 784 3716 857; x_wconf 78' lang='lat' dir='ltr'><strong>Apocalypsi</strong></span> <span class='ocrx_word' id='word_1_269' title='bbox 3747 806 3763 842; x_wconf 84' lang='lat'>:</span> 
     </span>
    </p>
   </div>
   <div class='ocr_carea' id='block_1_36' title="bbox 2169 868 3767 941">
    <p class='ocr_par' dir='ltr' id='par_1_36' title="bbox 2169 868 3767 941">
     <span class='ocr_line' id='line_1_36' title="bbox 2169 868 3767 941; baseline 0.006 -18"><span class='ocrx_word' id='word_1_270' title='bbox 2169 888 2188 921; x_wconf 75' lang='grc' dir='ltr'><strong>ι</strong></span> <span class='ocrx_word' id='word_1_271' title='bbox 2219 868 2340 924; x_wconf 92' lang='lat' dir='ltr'><strong>Vidi</strong></span> <span class='ocrx_word' id='word_1_272' title='bbox 2375 885 2575 941; x_wconf 88' lang='lat' dir='ltr'><strong>agnum</strong></span> <span class='ocrx_word' id='word_1_273' title='bbox 2615 871 2771 940; x_wconf 89' lang='lat' dir='ltr'><strong>quasi</strong></span> <span class='ocrx_word' id='word_1_274' title='bbox 2805 871 3043 927; x_wconf 88' lang='lat' dir='ltr'><strong>occisum</strong></span> <span class='ocrx_word' id='word_1_275' title='bbox 3064 913 3079 937; x_wconf 93' lang='lat'><strong>,</strong></span> <span class='ocrx_word' id='word_1_276' title='bbox 3115 873 3403 929; x_wconf 86' lang='lat' dir='ltr'><strong>habentem</strong></span> <span class='ocrx_word' id='word_1_277' title='bbox 3429 891 3638 931; x_wconf 89' lang='lat' dir='ltr'><strong>cornua</strong></span> <span class='ocrx_word' id='word_1_278' title='bbox 3669 894 3767 934; x_wconf 82' lang='lat' dir='ltr'><strong>sc-</strong></span> 
     </span>
    </p>
   </div>
   <div class='ocr_carea' id='block_1_37' title="bbox 2164 960 3764 1036">
    <p class='ocr_par' dir='ltr' id='par_1_37' title="bbox 2164 960 3764 1036">
     <span class='ocr_line' id='line_1_37' title="bbox 2164 960 3764 1036; baseline 0.007 -22"><span class='ocrx_word' id='word_1_279' title='bbox 2164 969 2308 1031; x_wconf 89' lang='lat' dir='ltr'><strong>ptem</strong></span> <span class='ocrx_word' id='word_1_280' title='bbox 2333 968 2389 1015; x_wconf 91' lang='lat' dir='ltr'><strong>et</strong></span> <span class='ocrx_word' id='word_1_281' title='bbox 2426 960 2613 1017; x_wconf 83' lang='lat' dir='ltr'><strong>oculos</strong></span> <span class='ocrx_word' id='word_1_282' title='bbox 2653 970 2860 1031; x_wconf 87' lang='lat' dir='ltr'><strong>septem</strong></span> <span class='ocrx_word' id='word_1_283' title='bbox 2919 962 3102 1033; x_wconf 78' lang='lat' dir='ltr'><strong>(Apoc.</strong></span> <span class='ocrx_word' id='word_1_284' title='bbox 3152 963 3231 1036; x_wconf 85' lang='lat' dir='ltr'><strong>v).</strong></span> <span class='ocrx_word' id='word_1_285' title='bbox 3287 983 3307 1016; x_wconf 74' lang='grc' dir='ltr'><strong>ι</strong></span> <span class='ocrx_word' id='word_1_286' title='bbox 3362 965 3430 1020; x_wconf 88' lang='grc' dir='ltr'>Ει</span> <span class='ocrx_word' id='word_1_287' title='bbox 3484 968 3691 1023; x_wconf 88' lang='lat' dir='ltr'><strong>iterum</strong></span> <span class='ocrx_word' id='word_1_288' title='bbox 3745 985 3764 1024; x_wconf 88' lang='lat'>:</span> 
     </span>
    </p>
   </div>
   <div class='ocr_carea' id='block_1_38' title="bbox 2170 1053 3763 1126">
    <p class='ocr_par' dir='ltr' id='par_1_38' title="bbox 2170 1053 3763 1126">
     <span class='ocr_line' id='line_1_38' title="bbox 2170 1053 3763 1126; baseline 0.006 -20"><span class='ocrx_word' id='word_1_289' title='bbox 2170 1071 2190 1106; x_wconf 82' lang='grc' dir='ltr'><strong>ι</strong></span> <span class='ocrx_word' id='word_1_290' title='bbox 2239 1053 2353 1117; x_wconf 89' lang='lat' dir='ltr'><strong>Vidi</strong></span> <span class='ocrx_word' id='word_1_291' title='bbox 2398 1069 2561 1124; x_wconf 85' lang='lat' dir='ltr'><strong>supra</strong></span> <span class='ocrx_word' id='word_1_292' title='bbox 2604 1062 2840 1110; x_wconf 87' lang='lat' dir='ltr'><strong>montem</strong></span> <span class='ocrx_word' id='word_1_293' title='bbox 2879 1053 3009 1111; x_wconf 82' lang='lat' dir='ltr'><strong>Sion</strong></span> <span class='ocrx_word' id='word_1_294' title='bbox 3033 1070 3230 1126; x_wconf 89' lang='lat' dir='ltr'><strong>agnum</strong></span> <span class='ocrx_word' id='word_1_295' title='bbox 3258 1064 3512 1124; x_wconf 85' lang='lat' dir='ltr'><strong>stantem,</strong></span> <span class='ocrx_word' id='word_1_296' title='bbox 3538 1068 3763 1116; x_wconf 85' lang='lat' dir='ltr'><strong>etcum</strong></span> 
     </span>
    </p>
   </div>
   <div class='ocr_carea' id='block_1_39' title="bbox 2163 1144 3767 1221">
    <p class='ocr_par' dir='ltr' id='par_1_39' title="bbox 2163 1144 3767 1221">
     <span class='ocr_line' id='line_1_39' title="bbox 2163 1144 3767 1221; baseline 0.005 -22"><span class='ocrx_word' id='word_1_297' title='bbox 2163 1158 2230 1199; x_wconf 90' lang='lat' dir='ltr'><strong>eo</strong></span> <span class='ocrx_word' id='word_1_298' title='bbox 2249 1151 2464 1198; x_wconf 82' lang='lat' dir='ltr'><strong>centum</strong></span> <span class='ocrx_word' id='word_1_299' title='bbox 2489 1144 2843 1214; x_wconf 71' lang='lat' dir='ltr'><strong>quadraginta</strong></span> <span class='ocrx_word' id='word_1_300' title='bbox 2867 1153 3101 1215; x_wconf 88' lang='lat' dir='ltr'><strong>quatuor</strong></span> <span class='ocrx_word' id='word_1_301' title='bbox 3124 1144 3289 1200; x_wconf 87' lang='lat' dir='ltr'><strong>millia</strong></span> <span class='ocrx_word' id='word_1_302' title='bbox 3312 1148 3403 1217; x_wconf 92' lang='lat' dir='ltr'><strong>qui</strong></span> <span class='ocrx_word' id='word_1_303' title='bbox 3429 1151 3596 1221; x_wconf 92' lang='lat' dir='ltr'><strong>empti</strong></span> <span class='ocrx_word' id='word_1_304' title='bbox 3619 1160 3767 1207; x_wconf 82' lang='lat' dir='ltr'><strong>sunt</strong></span> 
     </span>
    </p>
   </div>
   <div class='ocr_carea' id='block_1_40' title="bbox 2163 1232 3753 1308">
    <p class='ocr_par' dir='ltr' id='par_1_40' title="bbox 2163 1232 3753 1308">
     <span class='ocr_line' id='line_1_40' title="bbox 2163 1232 3753 1308; baseline 0.004 -21"><span class='ocrx_word' id='word_1_305' title='bbox 2163 1232 2232 1288; x_wconf 86' lang='lat' dir='ltr'><strong>de</strong></span> <span class='ocrx_word' id='word_1_306' title='bbox 2256 1239 2420 1287; x_wconf 90' lang='lat' dir='ltr'><strong>terra.</strong></span> <span class='ocrx_word' id='word_1_307' title='bbox 2464 1251 2486 1286; x_wconf 71' lang='grc' dir='ltr'><strong>ι</strong></span> <span class='ocrx_word' id='word_1_308' title='bbox 2517 1232 2636 1300; x_wconf 83' lang='lat' dir='ltr'><strong>Quo</strong></span> <span class='ocrx_word' id='word_1_309' title='bbox 2676 1240 2855 1288; x_wconf 89' lang='lat' dir='ltr'><strong>autem</strong></span> <span class='ocrx_word' id='word_1_310' title='bbox 2901 1234 3092 1289; x_wconf 88' lang='lat' dir='ltr'><strong>ordine</strong></span> <span class='ocrx_word' id='word_1_311' title='bbox 3138 1248 3313 1305; x_wconf 88' lang='lat' dir='ltr'><strong>agnus</strong></span> <span class='ocrx_word' id='word_1_312' title='bbox 3362 1236 3465 1292; x_wconf 86' lang='lat' dir='ltr'><strong>iste</strong></span> <span class='ocrx_word' id='word_1_313' title='bbox 3513 1247 3753 1308; x_wconf 90' lang='lat' dir='ltr'><strong>peccata</strong></span> 
     </span>
    </p>
   </div>
   <div class='ocr_carea' id='block_1_41' title="bbox 2164 1321 3757 1394">
    <p class='ocr_par' dir='ltr' id='par_1_41' title="bbox 2164 1321 3757 1394">
     <span class='ocr_line' id='line_1_41' title="bbox 2164 1321 3757 1394; baseline 0.004 -18"><span class='ocrx_word' id='word_1_314' title='bbox 2164 1322 2346 1377; x_wconf 89' lang='lat' dir='ltr'><strong>mundi</strong></span> <span class='ocrx_word' id='word_1_315' title='bbox 2375 1321 2547 1388; x_wconf 90' lang='lat' dir='ltr'><strong>tollat,</strong></span> <span class='ocrx_word' id='word_1_316' title='bbox 2592 1322 2787 1379; x_wconf 83' lang='lat' dir='ltr'><strong>Petrus</strong></span> <span class='ocrx_word' id='word_1_317' title='bbox 2811 1324 3095 1394; x_wconf 85' lang='lat' dir='ltr'><strong>apostolus</strong></span> <span class='ocrx_word' id='word_1_318' title='bbox 3122 1324 3381 1390; x_wconf 85' lang='lat' dir='ltr'><strong>insinuat,</strong></span> <span class='ocrx_word' id='word_1_319' title='bbox 3406 1341 3532 1382; x_wconf 88' lang='lat' dir='ltr'><strong>eum</strong></span> <span class='ocrx_word' id='word_1_320' title='bbox 3564 1328 3706 1383; x_wconf 88' lang='lat' dir='ltr'><strong>dicit</strong></span> <span class='ocrx_word' id='word_1_321' title='bbox 3739 1347 3757 1383; x_wconf 89' lang='lat'><strong>:</strong></span> 
     </span>
    </p>
   </div>
   <div class='ocr_carea' id='block_1_42' title="bbox 2171 1412 3761 1488">
    <p class='ocr_par' dir='ltr' id='par_1_42' title="bbox 2171 1412 3761 1488">
     <span class='ocr_line' id='line_1_42' title="bbox 2171 1412 3761 1488; baseline 0.006 -23"><span class='ocrx_word' id='word_1_322' title='bbox 2171 1430 2191 1465; x_wconf 72' lang='grc' dir='ltr'><strong>ε</strong></span> <span class='ocrx_word' id='word_1_323' title='bbox 2236 1412 2352 1468; x_wconf 87' lang='lat' dir='ltr'><strong>Non</strong></span> <span class='ocrx_word' id='word_1_324' title='bbox 2375 1414 2819 1484; x_wconf 88' lang='lat' dir='ltr'><strong>corruptibilibus</strong></span> <span class='ocrx_word' id='word_1_325' title='bbox 2838 1429 2973 1469; x_wconf 91' lang='lat' dir='ltr'><strong>auro</strong></span> <span class='ocrx_word' id='word_1_326' title='bbox 2990 1422 3046 1468; x_wconf 91' lang='lat' dir='ltr'><strong>et</strong></span> <span class='ocrx_word' id='word_1_327' title='bbox 3067 1422 3294 1486; x_wconf 85' lang='lat' dir='ltr'><strong>argento</strong></span> <span class='ocrx_word' id='word_1_328' title='bbox 3318 1415 3583 1488; x_wconf 85' lang='lat' dir='ltr'><strong>redempti</strong></span> <span class='ocrx_word' id='word_1_329' title='bbox 3607 1420 3761 1475; x_wconf 86' lang='lat' dir='ltr'><strong>estis</strong></span> 
     </span>
    </p>
   </div>
   <div class='ocr_carea' id='block_1_43' title="bbox 2163 1503 3757 1574">
    <p class='ocr_par' dir='ltr' id='par_1_43' title="bbox 2163 1503 3757 1574">
     <span class='ocr_line' id='line_1_43' title="bbox 2163 1503 3757 1574; baseline 0.002 -14"><span class='ocrx_word' id='word_1_330' title='bbox 2163 1503 2230 1560; x_wconf 87' lang='lat' dir='ltr'><strong>de</strong></span> <span class='ocrx_word' id='word_1_331' title='bbox 2267 1518 2404 1558; x_wconf 84' lang='lat' dir='ltr'><strong>vana</strong></span> <span class='ocrx_word' id='word_1_332' title='bbox 2434 1513 2616 1559; x_wconf 82' lang='lat' dir='ltr'><strong>vestra</strong></span> <span class='ocrx_word' id='word_1_333' title='bbox 2661 1504 3074 1559; x_wconf 88' lang='lat' dir='ltr'><strong>conversatione</strong></span> <span class='ocrx_word' id='word_1_334' title='bbox 3117 1514 3363 1574; x_wconf 75' lang='lat' dir='ltr'><strong>paterna:</strong></span> <span class='ocrx_word' id='word_1_335' title='bbox 3407 1508 3757 1574; x_wconf 86' lang='lat' dir='ltr'><strong>traditionis,</strong></span> 
     </span>
    </p>
   </div>
   <div class='ocr_carea' id='block_1_44' title="bbox 2163 1592 3759 1665">
    <p class='ocr_par' dir='ltr' id='par_1_44' title="bbox 2163 1592 3759 1665">
     <span class='ocr_line' id='line_1_44' title="bbox 2163 1592 3759 1665; baseline 0.004 -17"><span class='ocrx_word' id='word_1_336' title='bbox 2163 1592 2260 1648; x_wconf 89' lang='lat' dir='ltr'><strong>sed</strong></span> <span class='ocrx_word' id='word_1_337' title='bbox 2288 1594 2528 1662; x_wconf 89' lang='lat' dir='ltr'><strong>pretioso</strong></span> <span class='ocrx_word' id='word_1_338' title='bbox 2553 1594 2813 1664; x_wconf 73' lang='lat' dir='ltr'><strong>sanguine</strong></span> <span class='ocrx_word' id='word_1_339' title='bbox 2842 1594 2996 1665; x_wconf 89' lang='lat' dir='ltr'><strong>quasi</strong></span> <span class='ocrx_word' id='word_1_340' title='bbox 3043 1595 3167 1665; x_wconf 88' lang='lat' dir='ltr'><strong>agni</strong></span> <span class='ocrx_word' id='word_1_341' title='bbox 3220 1596 3635 1652; x_wconf 83' lang='lat' dir='ltr'><strong>incontaminati</strong></span> <span class='ocrx_word' id='word_1_342' title='bbox 3698 1608 3759 1656; x_wconf 87' lang='lat' dir='ltr'><strong>et</strong></span> 
     </span>
    </p>
   </div>
   <div class='ocr_carea' id='block_1_45' title="bbox 2162 1682 3757 1755">
    <p class='ocr_par' dir='ltr' id='par_1_45' title="bbox 2162 1682 3757 1755">
     <span class='ocr_line' id='line_1_45' title="bbox 2162 1682 3757 1755; baseline 0.005 -18"><span class='ocrx_word' id='word_1_343' title='bbox 2162 1682 2492 1741; x_wconf 88' lang='lat' dir='ltr'><strong>immaculati</strong></span> <span class='ocrx_word' id='word_1_344' title='bbox 2527 1684 2728 1741; x_wconf 88' lang='lat' dir='ltr'><strong>Christi</strong></span> <span class='ocrx_word' id='word_1_345' title='bbox 2758 1684 2812 1755; x_wconf 89' lang='grc'><strong>(1</strong></span> <span class='ocrx_word' id='word_1_346' title='bbox 2851 1683 2999 1740; x_wconf 85' lang='lat' dir='ltr'><strong>Petr.</strong></span> <span class='ocrx_word' id='word_1_347' title='bbox 3043 1685 3104 1752; x_wconf 87' lang='lat' dir='ltr'><strong>l).</strong></span> <span class='ocrx_word' id='word_1_348' title='bbox 3156 1704 3175 1738; x_wconf 76' lang='grc' dir='ltr'><strong>ι</strong></span> <span class='ocrx_word' id='word_1_349' title='bbox 3224 1686 3335 1742; x_wconf 81' lang='lat' dir='ltr'><strong>Nec</strong></span> <span class='ocrx_word' id='word_1_350' title='bbox 3390 1697 3518 1744; x_wconf 90' lang='lat' dir='ltr'><strong>tunc</strong></span> <span class='ocrx_word' id='word_1_351' title='bbox 3566 1690 3757 1746; x_wconf 83' lang='lat' dir='ltr'><strong>solum</strong></span> 
     </span>
    </p>
   </div>
   <div class='ocr_carea' id='block_1_46' title="bbox 2163 1768 3754 1850">
    <p class='ocr_par' dir='ltr' id='par_1_46' title="bbox 2163 1768 3754 1850">
     <span class='ocr_line' id='line_1_46' title="bbox 2163 1768 3754 1850; baseline 0.003 -18"><span class='ocrx_word' id='word_1_352' title='bbox 2163 1776 2423 1832; x_wconf 90' lang='lat' dir='ltr'><strong>Dominus</strong></span> <span class='ocrx_word' id='word_1_353' title='bbox 2451 1786 2675 1848; x_wconf 88' lang='lat' dir='ltr'><strong>peccata</strong></span> <span class='ocrx_word' id='word_1_354' title='bbox 2706 1777 2893 1832; x_wconf 84' lang='lat' dir='ltr'><strong>mundi</strong></span> <span class='ocrx_word' id='word_1_355' title='bbox 2941 1776 3086 1842; x_wconf 92' lang='lat' dir='ltr'><strong>tulit,</strong></span> <span class='ocrx_word' id='word_1_356' title='bbox 3134 1768 3259 1833; x_wconf 87' lang='lat' dir='ltr'><strong>cum</strong></span> <span class='ocrx_word' id='word_1_357' title='bbox 3303 1792 3364 1834; x_wconf 90' lang='lat' dir='ltr'><strong>se</strong></span> <span class='ocrx_word' id='word_1_358' title='bbox 3409 1779 3754 1850; x_wconf 73' lang='lat' dir='ltr'><strong>singularem</strong></span> 
     </span>
    </p>
   </div>
   <div class='ocr_carea' id='block_1_47' title="bbox 2092 1856 3757 1941">
    <p class='ocr_par' dir='ltr' id='par_1_47' title="bbox 2092 1856 3757 1941">
     <span class='ocr_line' id='line_1_47' title="bbox 2092 1856 3757 1941; baseline 0.007 -23"><span class='ocrx_word' id='word_1_359' title='bbox 2092 1856 2137 1918; x_wconf 84' lang='grc' dir='ltr'>Β</span> <span class='ocrx_word' id='word_1_360' title='bbox 2169 1869 2399 1925; x_wconf 87' lang='lat' dir='ltr'><strong>hostiam</strong></span> <span class='ocrx_word' id='word_1_361' title='bbox 2431 1885 2530 1940; x_wconf 92' lang='lat' dir='ltr'><strong>pro</strong></span> <span class='ocrx_word' id='word_1_362' title='bbox 2559 1870 2759 1925; x_wconf 90' lang='lat' dir='ltr'><strong>mundo</strong></span> <span class='ocrx_word' id='word_1_363' title='bbox 2792 1869 3005 1935; x_wconf 90' lang='lat' dir='ltr'><strong>obtulit,</strong></span> <span class='ocrx_word' id='word_1_364' title='bbox 3029 1870 3123 1926; x_wconf 90' lang='lat' dir='ltr'><strong>sed</strong></span> <span class='ocrx_word' id='word_1_365' title='bbox 3150 1871 3314 1926; x_wconf 87' lang='lat' dir='ltr'><strong>etiam</strong></span> <span class='ocrx_word' id='word_1_366' title='bbox 3339 1873 3581 1941; x_wconf 83' lang='lat' dir='ltr'><strong>quotidie</strong></span> <span class='ocrx_word' id='word_1_367' title='bbox 3609 1874 3757 1929; x_wconf 81' lang='lat' dir='ltr'><strong>tollit</strong></span> 
     </span>
    </p>
   </div>
   <div class='ocr_carea' id='block_1_48' title="bbox 2169 1961 3754 2034">
    <p class='ocr_par' dir='ltr' id='par_1_48' title="bbox 2169 1961 3754 2034">
     <span class='ocr_line' id='line_1_48' title="bbox 2169 1961 3754 2034; baseline 0.001 -17"><span class='ocrx_word' id='word_1_368' title='bbox 2169 1970 2389 2031; x_wconf 88' lang='lat' dir='ltr'><strong>peccata</strong></span> <span class='ocrx_word' id='word_1_369' title='bbox 2412 1961 2620 2027; x_wconf 89' lang='lat' dir='ltr'><strong>mundi,</strong></span> <span class='ocrx_word' id='word_1_370' title='bbox 2641 1976 2764 2016; x_wconf 90' lang='lat' dir='ltr'><strong>cum</strong></span> <span class='ocrx_word' id='word_1_371' title='bbox 2792 1975 2891 2030; x_wconf 91' lang='lat' dir='ltr'><strong>per</strong></span> <span class='ocrx_word' id='word_1_372' title='bbox 2925 1962 3357 2017; x_wconf 88' lang='lat' dir='ltr'><strong>communionem</strong></span> <span class='ocrx_word' id='word_1_373' title='bbox 3396 1964 3647 2034; x_wconf 87' lang='lat' dir='ltr'><strong>corporis</strong></span> <span class='ocrx_word' id='word_1_374' title='bbox 3691 1974 3754 2019; x_wconf 88' lang='lat' dir='ltr'><strong>et</strong></span> 
     </span>
    </p>
   </div>
   <div class='ocr_carea' id='block_1_49' title="bbox 2167 2050 3753 2123">
    <p class='ocr_par' dir='ltr' id='par_1_49' title="bbox 2167 2050 3753 2123">
     <span class='ocr_line' id='line_1_49' title="bbox 2167 2050 3753 2123; baseline -0.001 -14"><span class='ocrx_word' id='word_1_375' title='bbox 2167 2052 2445 2123; x_wconf 79' lang='lat' dir='ltr'><strong>sanguinis</strong></span> <span class='ocrx_word' id='word_1_376' title='bbox 2483 2051 2563 2107; x_wconf 91' lang='lat' dir='ltr'><strong>sui</strong></span> <span class='ocrx_word' id='word_1_377' title='bbox 2587 2090 2602 2113; x_wconf 89' lang='lat'><strong>,</strong></span> <span class='ocrx_word' id='word_1_378' title='bbox 2626 2050 2862 2115; x_wconf 86' lang='lat' dir='ltr'><strong>ﬁdelium</strong></span> <span class='ocrx_word' id='word_1_379' title='bbox 2899 2051 3109 2106; x_wconf 89' lang='lat' dir='ltr'><strong>animas</strong></span> <span class='ocrx_word' id='word_1_380' title='bbox 3136 2066 3168 2105; x_wconf 90' lang='lat' dir='ltr'><strong>a</strong></span> <span class='ocrx_word' id='word_1_381' title='bbox 3189 2060 3534 2121; x_wconf 83' lang='lat' dir='ltr'><strong>peccatorum</strong></span> <span class='ocrx_word' id='word_1_382' title='bbox 3566 2064 3753 2109; x_wconf 83' lang='lat' dir='ltr'><strong>macu-</strong></span> 
     </span>
    </p>
   </div>
   <div class='ocr_carea' id='block_1_50' title="bbox 2165 2140 3749 2213">
    <p class='ocr_par' dir='ltr' id='par_1_50' title="bbox 2165 2140 3749 2213">
     <span class='ocr_line' id='line_1_50' title="bbox 2165 2140 3749 2213; baseline -0.001 -14"><span class='ocrx_word' id='word_1_383' title='bbox 2165 2143 2234 2200; x_wconf 86' lang='lat' dir='ltr'><strong>lis</strong></span> <span class='ocrx_word' id='word_1_384' title='bbox 2259 2143 2451 2209; x_wconf 87' lang='lat' dir='ltr'><strong>abluit,</strong></span> <span class='ocrx_word' id='word_1_385' title='bbox 2470 2142 2624 2213; x_wconf 80' lang='lat' dir='ltr'><strong>juxta</strong></span> <span class='ocrx_word' id='word_1_386' title='bbox 2647 2142 2794 2212; x_wconf 80' lang='lat' dir='ltr'><strong>quod</strong></span> <span class='ocrx_word' id='word_1_387' title='bbox 2818 2142 2934 2212; x_wconf 91' lang='lat' dir='ltr'><strong>ipse</strong></span> <span class='ocrx_word' id='word_1_388' title='bbox 2963 2140 3208 2210; x_wconf 83' lang='lat' dir='ltr'><strong>ejusdem</strong></span> <span class='ocrx_word' id='word_1_389' title='bbox 3251 2143 3498 2212; x_wconf 88' lang='lat' dir='ltr'><strong>corporis</strong></span> <span class='ocrx_word' id='word_1_390' title='bbox 3534 2153 3592 2197; x_wconf 90' lang='lat' dir='ltr'><strong>et</strong></span> <span class='ocrx_word' id='word_1_391' title='bbox 3613 2160 3749 2198; x_wconf 89' lang='lat' dir='ltr'><strong>san-</strong></span> 
     </span>
    </p>
   </div>
   <div class='ocr_carea' id='block_1_51' title="bbox 2164 2235 3749 2310">
    <p class='ocr_par' dir='ltr' id='par_1_51' title="bbox 2164 2235 3749 2310">
     <span class='ocr_line' id='line_1_51' title="bbox 2164 2235 3749 2310; baseline 0.001 -20"><span class='ocrx_word' id='word_1_392' title='bbox 2164 2238 2342 2310; x_wconf 82' lang='lat' dir='ltr'><strong>guinis</strong></span> <span class='ocrx_word' id='word_1_393' title='bbox 2378 2238 2462 2293; x_wconf 88' lang='lat' dir='ltr'><strong>sui</strong></span> <span class='ocrx_word' id='word_1_394' title='bbox 2507 2237 2827 2309; x_wconf 84' lang='lat' dir='ltr'><strong>mysterium</strong></span> <span class='ocrx_word' id='word_1_395' title='bbox 2861 2237 3142 2307; x_wconf 87' lang='lat' dir='ltr'><strong>discipulis</strong></span> <span class='ocrx_word' id='word_1_396' title='bbox 3170 2238 3411 2301; x_wconf 91' lang='lat' dir='ltr'><strong>tradens,</strong></span> <span class='ocrx_word' id='word_1_397' title='bbox 3442 2237 3520 2291; x_wconf 93' lang='lat' dir='ltr'><strong>ait</strong></span> <span class='ocrx_word' id='word_1_398' title='bbox 3549 2252 3562 2289; x_wconf 93' lang='lat'>:</span> <span class='ocrx_word' id='word_1_399' title='bbox 3598 2256 3617 2288; x_wconf 78' lang='grc' dir='ltr'><strong>ι</strong></span> <span class='ocrx_word' id='word_1_400' title='bbox 3645 2235 3749 2291; x_wconf 75' lang='lat' dir='ltr'><strong>llic</strong></span> 
     </span>
    </p>
   </div>
   <div class='ocr_carea' id='block_1_52' title="bbox 2163 2326 3748 2397">
    <p class='ocr_par' dir='ltr' id='par_1_52' title="bbox 2163 2326 3748 2397">
     <span class='ocr_line' id='line_1_52' title="bbox 2163 2326 3748 2397; baseline -0.002 -13"><span class='ocrx_word' id='word_1_401' title='bbox 2163 2335 2247 2384; x_wconf 88' lang='lat' dir='ltr'><strong>est</strong></span> <span class='ocrx_word' id='word_1_402' title='bbox 2290 2326 2432 2381; x_wconf 82' lang='lat' dir='ltr'><strong>calix</strong></span> <span class='ocrx_word' id='word_1_403' title='bbox 2483 2326 2760 2397; x_wconf 87' lang='lat' dir='ltr'><strong>sanguinis</strong></span> <span class='ocrx_word' id='word_1_404' title='bbox 2805 2326 2913 2382; x_wconf 84' lang='lat' dir='ltr'><strong>mei</strong></span> <span class='ocrx_word' id='word_1_405' title='bbox 2962 2326 3096 2381; x_wconf 84' lang='lat' dir='ltr'><strong>Novi</strong></span> <span class='ocrx_word' id='word_1_406' title='bbox 3123 2326 3489 2391; x_wconf 88' lang='lat' dir='ltr'><strong>Testamenti,</strong></span> <span class='ocrx_word' id='word_1_407' title='bbox 3515 2326 3608 2395; x_wconf 88' lang='lat' dir='ltr'><strong>qui</strong></span> <span class='ocrx_word' id='word_1_408' title='bbox 3644 2343 3748 2397; x_wconf 90' lang='lat' dir='ltr'><strong>pro</strong></span> 
     </span>
    </p>
   </div>
   <div class='ocr_carea' id='block_1_53' title="bbox 2122 2416 3746 2489">
    <p class='ocr_par' dir='ltr' id='par_1_53' title="bbox 2122 2416 3746 2489">
     <span class='ocr_line' id='line_1_53' title="bbox 2122 2416 3746 2489; baseline 0.001 -18"><span class='ocrx_word' id='word_1_409' title='bbox 2122 2464 2127 2471; x_wconf 90' lang='lat'><strong>.</strong></span> <span class='ocrx_word' id='word_1_410' title='bbox 2162 2419 2316 2475; x_wconf 81' lang='lat' dir='ltr'><strong>vobis</strong></span> <span class='ocrx_word' id='word_1_411' title='bbox 2340 2427 2395 2473; x_wconf 90' lang='lat' dir='ltr'><strong>et</strong></span> <span class='ocrx_word' id='word_1_412' title='bbox 2422 2433 2521 2489; x_wconf 92' lang='lat' dir='ltr'><strong>pro</strong></span> <span class='ocrx_word' id='word_1_413' title='bbox 2543 2418 2731 2473; x_wconf 91' lang='lat' dir='ltr'><strong>multis</strong></span> <span class='ocrx_word' id='word_1_414' title='bbox 2756 2416 3067 2473; x_wconf 81' lang='lat' dir='ltr'><strong>eﬁ‘undetur</strong></span> <span class='ocrx_word' id='word_1_415' title='bbox 3098 2418 3153 2472; x_wconf 95' lang='lat' dir='ltr'><strong>in</strong></span> <span class='ocrx_word' id='word_1_416' title='bbox 3199 2417 3577 2472; x_wconf 86' lang='lat' dir='ltr'><strong>remissionem</strong></span> <span class='ocrx_word' id='word_1_417' title='bbox 3618 2433 3746 2488; x_wconf 78' lang='lat' dir='ltr'><strong>pec-</strong></span> 
     </span>
    </p>
   </div>
   <div class='ocr_carea' id='block_1_54' title="bbox 2162 2500 3738 2581">
    <p class='ocr_par' dir='ltr' id='par_1_54' title="bbox 2162 2500 3738 2581">
     <span class='ocr_line' id='line_1_54' title="bbox 2162 2500 3738 2581; baseline -0.002 -13"><span class='ocrx_word' id='word_1_418' title='bbox 2162 2521 2434 2568; x_wconf 89' lang='lat' dir='ltr'><strong>catorum.</strong></span> <span class='ocrx_word' id='word_1_419' title='bbox 2487 2509 2600 2565; x_wconf 83' lang='lat' dir='ltr'><strong>Hoc</strong></span> <span class='ocrx_word' id='word_1_420' title='bbox 2649 2511 2851 2575; x_wconf 77' lang='lat' dir='ltr'><strong>facite,</strong></span> <span class='ocrx_word' id='word_1_421' title='bbox 2900 2500 3329 2581; x_wconf 84' lang='lat' dir='ltr'><strong>quotiescunque</strong></span> <span class='ocrx_word' id='word_1_422' title='bbox 3368 2511 3641 2574; x_wconf 87' lang='lat' dir='ltr'><strong>biberitis,</strong></span> <span class='ocrx_word' id='word_1_423' title='bbox 3687 2512 3738 2565; x_wconf 87' lang='lat' dir='ltr'><strong>in</strong></span> 
     </span>
    </p>
   </div>
   <div class='ocr_carea' id='block_1_55' title="bbox 2160 2601 3734 2675">
    <p class='ocr_par' dir='ltr' id='par_1_55' title="bbox 2160 2601 3734 2675">
     <span class='ocr_line' id='line_1_55' title="bbox 2160 2601 3734 2675; baseline -0.003 -16"><span class='ocrx_word' id='word_1_424' title='bbox 2160 2620 2336 2659; x_wconf 87' lang='lat' dir='ltr'><strong>meam</strong></span> <span class='ocrx_word' id='word_1_425' title='bbox 2387 2604 2955 2659; x_wconf 87' lang='lat' dir='ltr'><strong>commemorationem</strong></span> <span class='ocrx_word' id='word_1_426' title='bbox 2996 2602 3189 2675; x_wconf 74' lang='lat' dir='ltr'><strong>(Marc.</strong></span> <span class='ocrx_word' id='word_1_427' title='bbox 3223 2601 3356 2673; x_wconf 77' lang='lat' dir='ltr'><strong>xiv).</strong></span> <span class='ocrx_word' id='word_1_428' title='bbox 3394 2622 3416 2655; x_wconf 72' lang='grc' dir='ltr'><strong>ι</strong></span> <span class='ocrx_word' id='word_1_429' title='bbox 3443 2601 3552 2657; x_wconf 90' lang='lat' dir='ltr'><strong>Sed</strong></span> <span class='ocrx_word' id='word_1_430' title='bbox 3584 2601 3734 2672; x_wconf 83' lang='lat' dir='ltr'><strong>quale</strong></span> 
     </span>
    </p>
   </div>
   <div class='ocr_carea' id='block_1_56' title="bbox 2167 2693 3739 2764">
    <p class='ocr_par' dir='ltr' id='par_1_56' title="bbox 2167 2693 3739 2764">
     <span class='ocr_line' id='line_1_56' title="bbox 2167 2693 3739 2764; baseline -0.001 -14"><span class='ocrx_word' id='word_1_431' title='bbox 2167 2695 2537 2750; x_wconf 90' lang='lat' dir='ltr'><strong>testimonium</strong></span> <span class='ocrx_word' id='word_1_432' title='bbox 2560 2709 2690 2749; x_wconf 89' lang='lat' dir='ltr'><strong>suus</strong></span> <span class='ocrx_word' id='word_1_433' title='bbox 2714 2709 3016 2764; x_wconf 85' lang='lat' dir='ltr'><strong>praecursor</strong></span> <span class='ocrx_word' id='word_1_434' title='bbox 3043 2694 3271 2750; x_wconf 90' lang='lat' dir='ltr'><strong>Domino</strong></span> <span class='ocrx_word' id='word_1_435' title='bbox 3312 2693 3618 2763; x_wconf 80' lang='lat' dir='ltr'><strong>perhibeat,</strong></span> <span class='ocrx_word' id='word_1_436' title='bbox 3644 2709 3739 2748; x_wconf 89' lang='lat' dir='ltr'><strong>au-</strong></span> 
     </span>
    </p>
   </div>
   <div class='ocr_carea' id='block_1_57' title="bbox 2160 2787 2419 2843">
    <p class='ocr_par' dir='ltr' id='par_1_57' title="bbox 2160 2787 2419 2843">
     <span class='ocr_line' id='line_1_57' title="bbox 2160 2787 2419 2843; baseline -0.008 0"><span class='ocrx_word' id='word_1_437' title='bbox 2160 2787 2371 2843; x_wconf 89' lang='lat' dir='ltr'><strong>diamus</strong></span> <span class='ocrx_word' id='word_1_438' title='bbox 2404 2803 2419 2841; x_wconf 89' lang='lat'><strong>:</strong></span> 
     </span>
    </p>
   </div>
   <div class='ocr_carea' id='block_1_58' title="bbox 2235 2873 3744 2949">
    <p class='ocr_par' dir='ltr' id='par_1_58' title="bbox 2235 2873 3744 2949">
     <span class='ocr_line' id='line_1_58' title="bbox 2235 2873 3744 2949; baseline -0.004 -14"><span class='ocrx_word' id='word_1_439' title='bbox 2235 2898 2255 2935; x_wconf 77' lang='grc' dir='ltr'>σ</span> <span class='ocrx_word' id='word_1_440' title='bbox 2294 2879 2394 2934; x_wconf 84' lang='lat' dir='ltr'><strong>Hic</strong></span> <span class='ocrx_word' id='word_1_441' title='bbox 2435 2888 2518 2936; x_wconf 91' lang='lat' dir='ltr'><strong>est</strong></span> <span class='ocrx_word' id='word_1_442' title='bbox 2542 2879 2687 2936; x_wconf 90' lang='lat' dir='ltr'><strong>enim</strong></span> <span class='ocrx_word' id='word_1_443' title='bbox 2716 2879 2783 2934; x_wconf 93' lang='lat' dir='ltr'><strong>de</strong></span> <span class='ocrx_word' id='word_1_444' title='bbox 2833 2892 2941 2949; x_wconf 81' lang='lat' dir='ltr'><strong>quo</strong></span> <span class='ocrx_word' id='word_1_445' title='bbox 2989 2876 3139 2932; x_wconf 90' lang='lat' dir='ltr'><strong>dixi:</strong></span> <span class='ocrx_word' id='word_1_446' title='bbox 3170 2873 3299 2930; x_wconf 83' lang='lat' dir='ltr'><strong>Post</strong></span> <span class='ocrx_word' id='word_1_447' title='bbox 3342 2890 3431 2930; x_wconf 88' lang='lat' dir='ltr'><strong>me</strong></span> <span class='ocrx_word' id='word_1_448' title='bbox 3459 2875 3609 2930; x_wconf 89' lang='lat' dir='ltr'><strong>venit</strong></span> <span class='ocrx_word' id='word_1_449' title='bbox 3634 2876 3744 2935; x_wconf 80' lang='lat' dir='ltr'><strong>vir.</strong></span> 
     </span>
    </p>
   </div>
   <div class='ocr_carea' id='block_1_59' title="bbox 2166 2966 3742 3041">
    <p class='ocr_par' dir='ltr' id='par_1_59' title="bbox 2166 2966 3742 3041">
     <span class='ocr_line' id='line_1_59' title="bbox 2166 2966 3742 3041; baseline -0.003 -18"><span class='ocrx_word' id='word_1_450' title='bbox 2166 2988 2187 3023; x_wconf 72' lang='grc' dir='ltr'><strong>ι</strong></span> <span class='ocrx_word' id='word_1_451' title='bbox 2226 2971 2318 3041; x_wconf 90' lang='lat' dir='ltr'><strong>qui</strong></span> <span class='ocrx_word' id='word_1_452' title='bbox 2366 2980 2494 3026; x_wconf 90' lang='lat' dir='ltr'><strong>ante</strong></span> <span class='ocrx_word' id='word_1_453' title='bbox 2523 2985 2611 3025; x_wconf 90' lang='lat' dir='ltr'><strong>me</strong></span> <span class='ocrx_word' id='word_1_454' title='bbox 2659 2970 2837 3025; x_wconf 82' lang='lat' dir='ltr'><strong>factus</strong></span> <span class='ocrx_word' id='word_1_455' title='bbox 2870 2976 2972 3024; x_wconf 89' lang='lat' dir='ltr'><strong>est.</strong></span> <span class='ocrx_word' id='word_1_456' title='bbox 3007 2987 3026 3021; x_wconf 72' lang='grc' dir='ltr'><strong>ι</strong></span> <span class='ocrx_word' id='word_1_457' title='bbox 3058 2968 3117 3023; x_wconf 87' lang='lat' dir='ltr'><strong>In</strong></span> <span class='ocrx_word' id='word_1_458' title='bbox 3163 2967 3361 3037; x_wconf 87' lang='lat' dir='ltr'><strong>quibus</strong></span> <span class='ocrx_word' id='word_1_459' title='bbox 3404 2966 3587 3021; x_wconf 78' lang='lat' dir='ltr'><strong>verbis</strong></span> <span class='ocrx_word' id='word_1_460' title='bbox 3636 2966 3742 3020; x_wconf 89' lang='lat' dir='ltr'><strong>hu-</strong></span> 
     </span>
    </p>
   </div>
   <div class='ocr_carea' id='block_1_60' title="bbox 2159 3045 3744 3131">
    <p class='ocr_par' dir='ltr' id='par_1_60' title="bbox 2159 3045 3744 3131">
     <span class='ocr_line' id='line_1_60' title="bbox 2159 3045 3744 3131; baseline -0.004 -16"><span class='ocrx_word' id='word_1_461' title='bbox 2159 3045 2376 3116; x_wconf 81' lang='lat' dir='ltr'><strong>manam</strong></span> <span class='ocrx_word' id='word_1_462' title='bbox 2398 3061 2602 3131; x_wconf 80' lang='lat' dir='ltr'><strong>pariter</strong></span> <span class='ocrx_word' id='word_1_463' title='bbox 2631 3069 2686 3117; x_wconf 91' lang='lat' dir='ltr'><strong>et</strong></span> <span class='ocrx_word' id='word_1_464' title='bbox 2731 3060 2967 3115; x_wconf 85' lang='lat' dir='ltr'><strong>divinam</strong></span> <span class='ocrx_word' id='word_1_465' title='bbox 3017 3066 3270 3112; x_wconf 87' lang='lat' dir='ltr'><strong>naturam</strong></span> <span class='ocrx_word' id='word_1_466' title='bbox 3312 3056 3564 3121; x_wconf 90' lang='lat' dir='ltr'><strong>ostendit,</strong></span> <span class='ocrx_word' id='word_1_467' title='bbox 3615 3071 3744 3111; x_wconf 91' lang='lat' dir='ltr'><strong>cum</strong></span> 
     </span>
    </p>
   </div>
   <div class='ocr_carea' id='block_1_61' title="bbox 2164 3145 3737 3219">
    <p class='ocr_par' dir='ltr' id='par_1_61' title="bbox 2164 3145 3737 3219">
     <span class='ocr_line' id='line_1_61' title="bbox 2164 3145 3737 3219; baseline -0.006 -12"><span class='ocrx_word' id='word_1_468' title='bbox 2164 3153 2278 3209; x_wconf 87' lang='lat' dir='ltr'><strong>ait:</strong></span> <span class='ocrx_word' id='word_1_469' title='bbox 2318 3172 2337 3205; x_wconf 77' lang='grc' dir='ltr'><strong>ι</strong></span> <span class='ocrx_word' id='word_1_470' title='bbox 2384 3152 2513 3208; x_wconf 87' lang='lat' dir='ltr'><strong>Post</strong></span> <span class='ocrx_word' id='word_1_471' title='bbox 2545 3167 2632 3208; x_wconf 92' lang='lat' dir='ltr'><strong>me</strong></span> <span class='ocrx_word' id='word_1_472' title='bbox 2656 3151 2807 3206; x_wconf 86' lang='lat' dir='ltr'><strong>venit</strong></span> <span class='ocrx_word' id='word_1_473' title='bbox 2829 3150 2935 3216; x_wconf 86' lang='lat' dir='ltr'><strong>vir,</strong></span> <span class='ocrx_word' id='word_1_474' title='bbox 2966 3148 3058 3219; x_wconf 92' lang='lat' dir='ltr'><strong>qui</strong></span> <span class='ocrx_word' id='word_1_475' title='bbox 3100 3156 3226 3203; x_wconf 88' lang='lat' dir='ltr'><strong>ante</strong></span> <span class='ocrx_word' id='word_1_476' title='bbox 3260 3161 3347 3202; x_wconf 92' lang='lat' dir='ltr'><strong>mc</strong></span> <span class='ocrx_word' id='word_1_477' title='bbox 3373 3145 3542 3200; x_wconf 75' lang='lat' dir='ltr'><strong>iactus</strong></span> <span class='ocrx_word' id='word_1_478' title='bbox 3574 3153 3674 3200; x_wconf 87' lang='lat' dir='ltr'><strong>est.</strong></span> <span class='ocrx_word' id='word_1_479' title='bbox 3715 3164 3737 3198; x_wconf 74' lang='grc' dir='ltr'><strong>ο</strong></span> 
     </span>
    </p>
   </div>
   <div class='ocr_carea' id='block_1_62' title="bbox 487 3221 3739 3310">
    <p class='ocr_par' dir='ltr' id='par_1_62' title="bbox 487 3221 3739 3310">
     <span class='ocr_line' id='line_1_62' title="bbox 487 3221 3739 3310; baseline -0.001 -21"><span class='ocrx_word' id='word_1_480' title='bbox 487 3245 543 3290; x_wconf 94' lang='lat' dir='ltr'><strong>ut</strong></span> <span class='ocrx_word' id='word_1_481' title='bbox 573 3252 679 3291; x_wconf 91' lang='lat' dir='ltr'><strong>non</strong></span> <span class='ocrx_word' id='word_1_482' title='bbox 711 3235 883 3292; x_wconf 92' lang='lat' dir='ltr'><strong>solum</strong></span> <span class='ocrx_word' id='word_1_483' title='bbox 909 3235 1105 3291; x_wconf 89' lang='lat' dir='ltr'><strong>Filium</strong></span> <span class='ocrx_word' id='word_1_484' title='bbox 1135 3234 1227 3291; x_wconf 90' lang='lat' dir='ltr'><strong>Dei</strong></span> <span class='ocrx_word' id='word_1_485' title='bbox 1254 3234 1308 3288; x_wconf 89' lang='lat' dir='ltr'><strong>in</strong></span> <span class='ocrx_word' id='word_1_486' title='bbox 1332 3234 1504 3289; x_wconf 82' lang='lat' dir='ltr'><strong>forma</strong></span> <span class='ocrx_word' id='word_1_487' title='bbox 1539 3234 1775 3291; x_wconf 89' lang='lat' dir='ltr'><strong>hominis</strong></span> <span class='ocrx_word' id='word_1_488' title='bbox 1814 3236 2056 3306; x_wconf 81' lang='lat' dir='ltr'><strong>haptiza-</strong></span> <span class='ocrx_word' id='word_1_489' title='bbox 2084 3221 2129 3285; x_wconf 90' lang='lat' dir='ltr'><strong>C</strong></span> <span class='ocrx_word' id='word_1_490' title='bbox 2160 3247 2240 3303; x_wconf 67' lang='lat' dir='ltr'><strong>Ac</strong></span> <span class='ocrx_word' id='word_1_491' title='bbox 2264 3247 2309 3303; x_wconf 70' lang='lat' dir='ltr'><strong>si</strong></span> <span class='ocrx_word' id='word_1_492' title='bbox 2334 3246 2574 3303; x_wconf 52' lang='lat' dir='ltr'><strong>dicere“</strong></span> <span class='ocrx_word' id='word_1_493' title='bbox 2611 3266 2631 3299; x_wconf 65' lang='grc' dir='ltr'><strong>ε</strong></span> <span class='ocrx_word' id='word_1_494' title='bbox 2662 3243 2792 3300; x_wconf 52' lang='lat' dir='ltr'><strong>post</strong></span> <span class='ocrx_word' id='word_1_495' title='bbox 2823 3258 2911 3299; x_wconf 71' lang='lat' dir='ltr'><strong>me</strong></span> <span class='ocrx_word' id='word_1_496' title='bbox 2942 3241 3109 3307; x_wconf 68' lang='grc' dir='ltr'>νειιίι,</span> <span class='ocrx_word' id='word_1_497' title='bbox 3149 3260 3168 3295; x_wconf 71' lang='grc' dir='ltr'><strong>ι</strong></span> <span class='ocrx_word' id='word_1_498' title='bbox 3199 3240 3325 3310; x_wconf 76' lang='lat' dir='ltr'><strong>quia</strong></span> <span class='ocrx_word' id='word_1_499' title='bbox 3354 3246 3471 3309; x_wconf 77' lang='lat' dir='ltr'><strong>post</strong></span> <span class='ocrx_word' id='word_1_500' title='bbox 3506 3252 3594 3292; x_wconf 81' lang='lat' dir='ltr'><strong>me</strong></span> <span class='ocrx_word' id='word_1_501' title='bbox 3637 3252 3739 3290; x_wconf 79' lang='lat' dir='ltr'><strong>na-</strong></span> 
     </span>
    </p>
   </div>
   <div class='ocr_carea' id='block_1_63' title="bbox 487 3322 2060 3395">
    <p class='ocr_par' dir='ltr' id='par_1_63' title="bbox 487 3322 2060 3395">
     <span class='ocr_line' id='line_1_63' title="bbox 487 3322 2060 3395; baseline 0.001 -18"><span class='ocrx_word' id='word_1_502' title='bbox 487 3332 589 3390; x_wconf 89' lang='lat' dir='ltr'><strong>rct,</strong></span> <span class='ocrx_word' id='word_1_503' title='bbox 614 3324 705 3379; x_wconf 88' lang='lat' dir='ltr'><strong>sed</strong></span> <span class='ocrx_word' id='word_1_504' title='bbox 731 3324 892 3380; x_wconf 89' lang='lat' dir='ltr'><strong>etiam</strong></span> <span class='ocrx_word' id='word_1_505' title='bbox 920 3322 1096 3379; x_wconf 84' lang='lat' dir='ltr'><strong>Patris</strong></span> <span class='ocrx_word' id='word_1_506' title='bbox 1127 3338 1312 3379; x_wconf 88' lang='lat' dir='ltr'><strong>vocem</strong></span> <span class='ocrx_word' id='word_1_507' title='bbox 1348 3324 1579 3395; x_wconf 89' lang='lat' dir='ltr'><strong>desuper</strong></span> <span class='ocrx_word' id='word_1_508' title='bbox 1604 3324 1934 3380; x_wconf 89' lang='lat' dir='ltr'><strong>intonantem</strong></span> <span class='ocrx_word' id='word_1_509' title='bbox 1964 3340 2060 3379; x_wconf 88' lang='lat' dir='ltr'><strong>au-</strong></span> 
     </span>
    </p>
   </div>
   <div class='ocr_carea' id='block_1_64' title="bbox 486 3416 2056 3488">
    <p class='ocr_par' dir='ltr' id='par_1_64' title="bbox 486 3416 2056 3488">
     <span class='ocr_line' id='line_1_64' title="bbox 486 3416 2056 3488; baseline 0.002 -19"><span class='ocrx_word' id='word_1_510' title='bbox 486 3416 642 3483; x_wconf 73' lang='lat' dir='ltr'><strong>diret,</strong></span> <span class='ocrx_word' id='word_1_511' title='bbox 660 3425 713 3472; x_wconf 90' lang='lat' dir='ltr'><strong>et</strong></span> <span class='ocrx_word' id='word_1_512' title='bbox 735 3416 993 3488; x_wconf 89' lang='lat' dir='ltr'><strong>Spiritum</strong></span> <span class='ocrx_word' id='word_1_513' title='bbox 1016 3426 1259 3473; x_wconf 90' lang='lat' dir='ltr'><strong>sanctum</strong></span> <span class='ocrx_word' id='word_1_514' title='bbox 1284 3416 1336 3472; x_wconf 92' lang='lat' dir='ltr'><strong>in</strong></span> <span class='ocrx_word' id='word_1_515' title='bbox 1361 3417 1541 3486; x_wconf 88' lang='lat' dir='ltr'><strong>specie</strong></span> <span class='ocrx_word' id='word_1_516' title='bbox 1558 3417 1818 3474; x_wconf 69' lang='lat' dir='ltr'><strong>columbae</strong></span> <span class='ocrx_word' id='word_1_517' title='bbox 1834 3418 2056 3473; x_wconf 88' lang='lat' dir='ltr'><strong>videret.</strong></span> 
     </span>
    </p>
   </div>
   <div class='ocr_carea' id='block_1_65' title="bbox 486 3504 2058 3579">
    <p class='ocr_par' dir='ltr' id='par_1_65' title="bbox 486 3504 2058 3579">
     <span class='ocr_line' id='line_1_65' title="bbox 486 3504 2058 3579; baseline 0.001 -20"><span class='ocrx_word' id='word_1_518' title='bbox 486 3504 591 3560; x_wconf 86' lang='lat' dir='ltr'><strong>Sed</strong></span> <span class='ocrx_word' id='word_1_519' title='bbox 632 3517 826 3561; x_wconf 81' lang='lat' dir='ltr'><strong>etincta</strong></span> <span class='ocrx_word' id='word_1_520' title='bbox 870 3524 968 3579; x_wconf 91' lang='lat' dir='ltr'><strong>per</strong></span> <span class='ocrx_word' id='word_1_521' title='bbox 1002 3508 1245 3564; x_wconf 90' lang='lat' dir='ltr'><strong>ordinem</strong></span> <span class='ocrx_word' id='word_1_522' title='bbox 1276 3508 1574 3563; x_wconf 81' lang='lat' dir='ltr'><strong>videamus.</strong></span> <span class='ocrx_word' id='word_1_523' title='bbox 1612 3526 1630 3559; x_wconf 76' lang='grc' dir='ltr'><strong>ι</strong></span> <span class='ocrx_word' id='word_1_524' title='bbox 1666 3508 1831 3572; x_wconf 90' lang='lat' dir='ltr'><strong>Vidit,</strong></span> <span class='ocrx_word' id='word_1_525' title='bbox 1863 3507 2058 3577; x_wconf 88' lang='lat' dir='ltr'><strong>inquit,</strong></span> 
     </span>
    </p>
   </div>
   <div class='ocr_carea' id='block_1_66' title="bbox 489 3591 2061 3653">
    <p class='ocr_par' dir='ltr' id='par_1_66' title="bbox 489 3591 2061 3653">
     <span class='ocr_line' id='line_1_66' title="bbox 489 3591 2061 3653; baseline 0.004 -9"><span class='ocrx_word' id='word_1_526' title='bbox 489 3615 507 3644; x_wconf 74' lang='grc' dir='ltr'><strong>ι</strong></span> <span class='ocrx_word' id='word_1_527' title='bbox 553 3591 790 3651; x_wconf 88' lang='lat' dir='ltr'><strong>Joannes</strong></span> <span class='ocrx_word' id='word_1_528' title='bbox 825 3593 1007 3651; x_wconf 80' lang='lat' dir='ltr'><strong>Jesunt</strong></span> <span class='ocrx_word' id='word_1_529' title='bbox 1031 3597 1331 3652; x_wconf 87' lang='lat' dir='ltr'><strong>venientem</strong></span> <span class='ocrx_word' id='word_1_530' title='bbox 1361 3597 1427 3649; x_wconf 84' lang='lat' dir='ltr'><strong>ad</strong></span> <span class='ocrx_word' id='word_1_531' title='bbox 1451 3612 1528 3651; x_wconf 89' lang='lat' dir='ltr'><strong>se.</strong></span> <span class='ocrx_word' id='word_1_532' title='bbox 1565 3615 1586 3649; x_wconf 76' lang='grc' dir='ltr'><strong>ι</strong></span> <span class='ocrx_word' id='word_1_533' title='bbox 1618 3595 1762 3651; x_wconf 83' lang='lat' dir='ltr'><strong>Visio</strong></span> <span class='ocrx_word' id='word_1_534' title='bbox 1788 3596 1932 3653; x_wconf 86' lang='lat' dir='ltr'><strong>enim</strong></span> <span class='ocrx_word' id='word_1_535' title='bbox 1957 3597 2061 3652; x_wconf 88' lang='lat' dir='ltr'><strong>ista</strong></span> 
     </span>
    </p>
   </div>
   <div class='ocr_carea' id='block_1_67' title="bbox 484 3687 2059 3759">
    <p class='ocr_par' dir='ltr' id='par_1_67' title="bbox 484 3687 2059 3759">
     <span class='ocr_line' id='line_1_67' title="bbox 484 3687 2059 3759; baseline 0.001 -18"><span class='ocrx_word' id='word_1_536' title='bbox 484 3703 590 3742; x_wconf 90' lang='lat' dir='ltr'><strong>non</strong></span> <span class='ocrx_word' id='word_1_537' title='bbox 618 3687 790 3741; x_wconf 91' lang='lat' dir='ltr'><strong>solum</strong></span> <span class='ocrx_word' id='word_1_538' title='bbox 836 3689 903 3741; x_wconf 92' lang='lat' dir='ltr'><strong>ad</strong></span> <span class='ocrx_word' id='word_1_539' title='bbox 942 3688 1249 3757; x_wconf 85' lang='lat' dir='ltr'><strong>corporales</strong></span> <span class='ocrx_word' id='word_1_540' title='bbox 1291 3687 1475 3743; x_wconf 89' lang='lat' dir='ltr'><strong>oculos</strong></span> <span class='ocrx_word' id='word_1_541' title='bbox 1518 3688 1786 3759; x_wconf 87' lang='lat' dir='ltr'><strong>pertinere</strong></span> <span class='ocrx_word' id='word_1_542' title='bbox 1828 3689 2059 3759; x_wconf 87' lang='lat' dir='ltr'><strong>putanda</strong></span> 
     </span>
    </p>
   </div>
   <div class='ocr_carea' id='block_1_68' title="bbox 486 3777 2063 3850">
    <p class='ocr_par' dir='ltr' id='par_1_68' title="bbox 486 3777 2063 3850">
     <span class='ocr_line' id='line_1_68' title="bbox 486 3777 2063 3850; baseline 0.001 -17"><span class='ocrx_word' id='word_1_543' title='bbox 486 3784 589 3835; x_wconf 84' lang='lat' dir='ltr'><strong>est.</strong></span> <span class='ocrx_word' id='word_1_544' title='bbox 613 3777 703 3832; x_wconf 87' lang='lat' dir='ltr'><strong>sed</strong></span> <span class='ocrx_word' id='word_1_545' title='bbox 734 3777 897 3832; x_wconf 81' lang='lat' dir='ltr'><strong>etiam</strong></span> <span class='ocrx_word' id='word_1_546' title='bbox 920 3778 986 3831; x_wconf 86' lang='lat' dir='ltr'><strong>ad</strong></span> <span class='ocrx_word' id='word_1_547' title='bbox 1010 3778 1333 3847; x_wconf 78' lang='lat' dir='ltr'><strong>Spiritualcs.</strong></span> <span class='ocrx_word' id='word_1_548' title='bbox 1368 3778 1511 3832; x_wconf 80' lang='lat' dir='ltr'><strong>Vidit</strong></span> <span class='ocrx_word' id='word_1_549' title='bbox 1535 3793 1663 3850; x_wconf 90' lang='lat' dir='ltr'><strong>ergo</strong></span> <span class='ocrx_word' id='word_1_550' title='bbox 1685 3794 1807 3833; x_wconf 89' lang='lat' dir='ltr'><strong>eum</strong></span> <span class='ocrx_word' id='word_1_551' title='bbox 1833 3794 2063 3849; x_wconf 86' lang='lat' dir='ltr'><strong>corpore</strong></span> 
     </span>
    </p>
   </div>
   <div class='ocr_carea' id='block_1_69' title="bbox 486 3866 2063 3931">
    <p class='ocr_par' dir='ltr' id='par_1_69' title="bbox 486 3866 2063 3931">
     <span class='ocr_line' id='line_1_69' title="bbox 486 3866 2063 3931; baseline 0.003 -11"><span class='ocrx_word' id='word_1_552' title='bbox 486 3866 873 3931; x_wconf 82' lang='lat' dir='ltr'><strong>ambulantem,</strong></span> <span class='ocrx_word' id='word_1_553' title='bbox 904 3867 995 3922; x_wconf 89' lang='lat' dir='ltr'><strong>sed</strong></span> <span class='ocrx_word' id='word_1_554' title='bbox 1026 3867 1287 3921; x_wconf 82' lang='lat' dir='ltr'><strong>intellexit</strong></span> <span class='ocrx_word' id='word_1_555' title='bbox 1311 3868 1361 3922; x_wconf 90' lang='lat' dir='ltr'><strong>in</strong></span> <span class='ocrx_word' id='word_1_556' title='bbox 1389 3883 1454 3924; x_wconf 91' lang='lat' dir='ltr'><strong>eo</strong></span> <span class='ocrx_word' id='word_1_557' title='bbox 1482 3869 1813 3924; x_wconf 90' lang='lat' dir='ltr'><strong>divinitatem</strong></span> <span class='ocrx_word' id='word_1_558' title='bbox 1842 3884 2063 3925; x_wconf 88' lang='lat' dir='ltr'><strong>manen-</strong></span> 
     </span>
    </p>
   </div>
   <div class='ocr_carea' id='block_1_70' title="bbox 484 3957 2059 4032">
    <p class='ocr_par' dir='ltr' id='par_1_70' title="bbox 484 3957 2059 4032">
     <span class='ocr_line' id='line_1_70' title="bbox 484 3957 2059 4032; baseline 0.003 -21"><span class='ocrx_word' id='word_1_559' title='bbox 484 3967 627 4023; x_wconf 82' lang='lat' dir='ltr'><strong>tem;</strong></span> <span class='ocrx_word' id='word_1_560' title='bbox 654 3965 708 4011; x_wconf 92' lang='lat' dir='ltr'><strong>et</strong></span> <span class='ocrx_word' id='word_1_561' title='bbox 734 3957 854 4013; x_wconf 86' lang='lat' dir='ltr'><strong>ideo</strong></span> <span class='ocrx_word' id='word_1_562' title='bbox 879 3958 1219 4025; x_wconf 77' lang='lat' dir='ltr'><strong>exclamavit,</strong></span> <span class='ocrx_word' id='word_1_563' title='bbox 1249 3959 1432 4015; x_wconf 85' lang='lat' dir='ltr'><strong>dicens</strong></span> <span class='ocrx_word' id='word_1_564' title='bbox 1465 3979 1477 4014; x_wconf 88' lang='lat'><strong>:</strong></span> <span class='ocrx_word' id='word_1_565' title='bbox 1516 3978 1535 4012; x_wconf 67' lang='lat'><strong>1</strong></span> <span class='ocrx_word' id='word_1_566' title='bbox 1579 3960 1716 4017; x_wconf 85' lang='lat' dir='ltr'><strong>Ecce</strong></span> <span class='ocrx_word' id='word_1_567' title='bbox 1734 3961 1920 4032; x_wconf 83' lang='lat' dir='ltr'><strong>Agnus</strong></span> <span class='ocrx_word' id='word_1_568' title='bbox 1943 3962 2059 4027; x_wconf 89' lang='lat' dir='ltr'><strong>Dei,</strong></span> 
     </span>
    </p>
   </div>
   <div class='ocr_carea' id='block_1_71' title="bbox 493 4049 2058 4122">
    <p class='ocr_par' dir='ltr' id='par_1_71' title="bbox 493 4049 2058 4122">
     <span class='ocr_line' id='line_1_71' title="bbox 493 4049 2058 4122; baseline 0.003 -22"><span class='ocrx_word' id='word_1_569' title='bbox 493 4068 512 4100; x_wconf 75' lang='grc' dir='ltr'><strong>ι</strong></span> <span class='ocrx_word' id='word_1_570' title='bbox 561 4062 688 4104; x_wconf 89' lang='lat' dir='ltr'><strong>cccc</strong></span> <span class='ocrx_word' id='word_1_571' title='bbox 725 4049 816 4119; x_wconf 91' lang='lat' dir='ltr'><strong>qui</strong></span> <span class='ocrx_word' id='word_1_572' title='bbox 856 4049 994 4104; x_wconf 91' lang='lat' dir='ltr'><strong>tollit</strong></span> <span class='ocrx_word' id='word_1_573' title='bbox 1025 4059 1242 4122; x_wconf 88' lang='lat' dir='ltr'><strong>peccata</strong></span> <span class='ocrx_word' id='word_1_574' title='bbox 1289 4050 1495 4105; x_wconf 87' lang='lat' dir='ltr'><strong>mundi.</strong></span> <span class='ocrx_word' id='word_1_575' title='bbox 1532 4069 1550 4102; x_wconf 75' lang='grc' dir='ltr'><strong>ι</strong></span> <span class='ocrx_word' id='word_1_576' title='bbox 1579 4050 1656 4105; x_wconf 84' lang='lat' dir='ltr'><strong>Ac</strong></span> <span class='ocrx_word' id='word_1_577' title='bbox 1702 4051 1747 4106; x_wconf 91' lang='lat' dir='ltr'><strong>si</strong></span> <span class='ocrx_word' id='word_1_578' title='bbox 1795 4051 1997 4107; x_wconf 74' lang='lat' dir='ltr'><strong>diceret</strong></span> <span class='ocrx_word' id='word_1_579' title='bbox 2045 4070 2058 4104; x_wconf 89' lang='lat'><strong>:</strong></span> 
     </span>
    </p>
   </div>
   <div class='ocr_carea' id='block_1_72' title="bbox 487 4123 2059 4212">
    <p class='ocr_par' dir='ltr' id='par_1_72' title="bbox 487 4123 2059 4212">
     <span class='ocr_line' id='line_1_72' title="bbox 487 4123 2059 4212; baseline 0.002 -19"><span class='ocrx_word' id='word_1_580' title='bbox 487 4123 628 4194; x_wconf 78' lang='lat' dir='ltr'><strong>Ecce</strong></span> <span class='ocrx_word' id='word_1_581' title='bbox 655 4137 913 4195; x_wconf 87' lang='lat' dir='ltr'><strong>innocens</strong></span> <span class='ocrx_word' id='word_1_582' title='bbox 940 4140 1080 4195; x_wconf 91' lang='lat' dir='ltr'><strong>inter</strong></span> <span class='ocrx_word' id='word_1_583' title='bbox 1120 4148 1450 4209; x_wconf 83' lang='lat' dir='ltr'><strong>peccatores,</strong></span> <span class='ocrx_word' id='word_1_584' title='bbox 1478 4141 1657 4212; x_wconf 87' lang='lat' dir='ltr'><strong>justus</strong></span> <span class='ocrx_word' id='word_1_585' title='bbox 1701 4142 1842 4196; x_wconf 90' lang='lat' dir='ltr'><strong>inter</strong></span> <span class='ocrx_word' id='word_1_586' title='bbox 1881 4157 2059 4211; x_wconf 89' lang='lat' dir='ltr'><strong>repro-</strong></span> 
     </span>
    </p>
   </div>
   <div class='ocr_carea' id='block_1_73' title="bbox 489 4227 2058 4302">
    <p class='ocr_par' dir='ltr' id='par_1_73' title="bbox 489 4227 2058 4302">
     <span class='ocr_line' id='line_1_73' title="bbox 489 4227 2058 4302; baseline 0.001 -18"><span class='ocrx_word' id='word_1_587' title='bbox 489 4230 622 4293; x_wconf 91' lang='lat' dir='ltr'><strong>bos,</strong></span> <span class='ocrx_word' id='word_1_588' title='bbox 652 4227 793 4285; x_wconf 89' lang='lat' dir='ltr'><strong>inter</strong></span> <span class='ocrx_word' id='word_1_589' title='bbox 829 4230 1020 4302; x_wconf 91' lang='lat' dir='ltr'><strong>impios</strong></span> <span class='ocrx_word' id='word_1_590' title='bbox 1061 4232 1211 4302; x_wconf 89' lang='lat' dir='ltr'><strong>pius;</strong></span> <span class='ocrx_word' id='word_1_591' title='bbox 1238 4231 1364 4301; x_wconf 88' lang='lat' dir='ltr'><strong>quia</strong></span> <span class='ocrx_word' id='word_1_592' title='bbox 1404 4232 1507 4288; x_wconf 86' lang='lat' dir='ltr'><strong>etsi</strong></span> <span class='ocrx_word' id='word_1_593' title='bbox 1548 4247 1730 4287; x_wconf 87' lang='lat' dir='ltr'><strong>veram</strong></span> <span class='ocrx_word' id='word_1_594' title='bbox 1767 4233 2058 4287; x_wconf 88' lang='lat' dir='ltr'><strong>humanam</strong></span> 
     </span>
    </p>
   </div>
   <div class='ocr_carea' id='block_1_74' title="bbox 487 4321 2063 4393">
    <p class='ocr_par' dir='ltr' id='par_1_74' title="bbox 487 4321 2063 4393">
     <span class='ocr_line' id='line_1_74' title="bbox 487 4321 2063 4393; baseline 0.001 -17"><span class='ocrx_word' id='word_1_595' title='bbox 487 4336 710 4376; x_wconf 91' lang='lat' dir='ltr'><strong>carnem</strong></span> <span class='ocrx_word' id='word_1_596' title='bbox 742 4321 907 4378; x_wconf 86' lang='lat' dir='ltr'><strong>traxit</strong></span> <span class='ocrx_word' id='word_1_597' title='bbox 931 4338 996 4377; x_wconf 82' lang='lat' dir='ltr'><strong>ex</strong></span> <span class='ocrx_word' id='word_1_598' title='bbox 1023 4322 1225 4389; x_wconf 88' lang='lat' dir='ltr'><strong>Adam,</strong></span> <span class='ocrx_word' id='word_1_599' title='bbox 1252 4323 1456 4379; x_wconf 87' lang='lat' dir='ltr'><strong>nullum</strong></span> <span class='ocrx_word' id='word_1_600' title='bbox 1487 4332 1664 4378; x_wconf 89' lang='lat' dir='ltr'><strong>tamen</strong></span> <span class='ocrx_word' id='word_1_601' title='bbox 1690 4330 1969 4393; x_wconf 89' lang='lat' dir='ltr'><strong>peccatum</strong></span> <span class='ocrx_word' id='word_1_602' title='bbox 1995 4338 2063 4378; x_wconf 87' lang='lat' dir='ltr'><strong>ex</strong></span> 
     </span>
    </p>
   </div>
   <div class='ocr_carea' id='block_1_75' title="bbox 488 4412 2062 4486">
    <p class='ocr_par' dir='ltr' id='par_1_75' title="bbox 488 4412 2062 4486">
     <span class='ocr_line' id='line_1_75' title="bbox 488 4412 2062 4486; baseline 0.003 -19"><span class='ocrx_word' id='word_1_603' title='bbox 488 4412 702 4486; x_wconf 88' lang='lat' dir='ltr'><strong>origine</strong></span> <span class='ocrx_word' id='word_1_604' title='bbox 760 4413 989 4485; x_wconf 91' lang='lat' dir='ltr'><strong>sumpsit</strong></span> <span class='ocrx_word' id='word_1_605' title='bbox 1037 4415 1188 4480; x_wconf 68' lang='lat' dir='ltr'><strong>Adte,</strong></span> <span class='ocrx_word' id='word_1_606' title='bbox 1231 4415 1352 4470; x_wconf 91' lang='lat' dir='ltr'><strong>ideo</strong></span> <span class='ocrx_word' id='word_1_607' title='bbox 1384 4424 1580 4485; x_wconf 90' lang='lat' dir='ltr'><strong>potens</strong></span> <span class='ocrx_word' id='word_1_608' title='bbox 1603 4424 1687 4471; x_wconf 92' lang='lat' dir='ltr'><strong>est</strong></span> <span class='ocrx_word' id='word_1_609' title='bbox 1718 4416 1905 4472; x_wconf 89' lang='lat' dir='ltr'><strong>tollere</strong></span> <span class='ocrx_word' id='word_1_610' title='bbox 1939 4430 2062 4485; x_wconf 86' lang='lat' dir='ltr'><strong>pec-</strong></span> 
     </span>
    </p>
   </div>
   <div class='ocr_carea' id='block_1_76' title="bbox 488 4496 2063 4577">
    <p class='ocr_par' dir='ltr' id='par_1_76' title="bbox 488 4496 2063 4577">
     <span class='ocr_line' id='line_1_76' title="bbox 488 4496 2063 4577; baseline 0.002 -17"><span class='ocrx_word' id='word_1_611' title='bbox 488 4514 609 4560; x_wconf 90' lang='lat' dir='ltr'><strong>cata</strong></span> <span class='ocrx_word' id='word_1_612' title='bbox 639 4506 857 4572; x_wconf 87' lang='lat' dir='ltr'><strong>mundi;</strong></span> <span class='ocrx_word' id='word_1_613' title='bbox 888 4506 1013 4577; x_wconf 88' lang='lat' dir='ltr'><strong>quia</strong></span> <span class='ocrx_word' id='word_1_614' title='bbox 1044 4522 1164 4561; x_wconf 91' lang='lat' dir='ltr'><strong>cum</strong></span> <span class='ocrx_word' id='word_1_615' title='bbox 1192 4516 1336 4562; x_wconf 88' lang='lat' dir='ltr'><strong>esset</strong></span> <span class='ocrx_word' id='word_1_616' title='bbox 1356 4496 1521 4563; x_wconf 89' lang='lat' dir='ltr'><strong>homo</strong></span> <span class='ocrx_word' id='word_1_617' title='bbox 1549 4508 1692 4564; x_wconf 92' lang='lat' dir='ltr'><strong>inter</strong></span> <span class='ocrx_word' id='word_1_618' title='bbox 1714 4508 1982 4573; x_wconf 85' lang='lat' dir='ltr'><strong>homines,</strong></span> <span class='ocrx_word' id='word_1_619' title='bbox 2008 4508 2063 4563; x_wconf 84' lang='lat' dir='ltr'><strong>in</strong></span> 
     </span>
    </p>
   </div>
   <div class='ocr_carea' id='block_1_77' title="bbox 2166 3324 3742 3406">
    <p class='ocr_par' dir='ltr' id='par_1_77' title="bbox 2166 3324 3742 3406">
     <span class='ocr_line' id='line_1_77' title="bbox 2166 3324 3742 3406; baseline -0.007 -15"><span class='ocrx_word' id='word_1_620' title='bbox 2166 3345 2269 3399; x_wconf 91' lang='lat' dir='ltr'><strong>tus,</strong></span> <span class='ocrx_word' id='word_1_621' title='bbox 2309 3343 2433 3406; x_wconf 92' lang='lat' dir='ltr'><strong>post</strong></span> <span class='ocrx_word' id='word_1_622' title='bbox 2477 3350 2564 3391; x_wconf 91' lang='lat' dir='ltr'><strong>me</strong></span> <span class='ocrx_word' id='word_1_623' title='bbox 2592 3333 2890 3405; x_wconf 65' lang='lat' dir='ltr'><strong>praedicare</strong></span> <span class='ocrx_word' id='word_1_624' title='bbox 2935 3329 3177 3400; x_wconf 89' lang='lat' dir='ltr'><strong>incipiet.</strong></span> <span class='ocrx_word' id='word_1_625' title='bbox 3206 3348 3227 3380; x_wconf 72' lang='grc' dir='ltr'><strong>α</strong></span> <span class='ocrx_word' id='word_1_626' title='bbox 3261 3327 3403 3382; x_wconf 85' lang='lat' dir='ltr'><strong>Ante</strong></span> <span class='ocrx_word' id='word_1_627' title='bbox 3448 3340 3533 3380; x_wconf 89' lang='lat' dir='ltr'><strong>me</strong></span> <span class='ocrx_word' id='word_1_628' title='bbox 3559 3324 3742 3380; x_wconf 74' lang='lat' dir='ltr'><strong>factus</strong></span> 
     </span>
    </p>
   </div>
   <div class='ocr_carea' id='block_1_78' title="bbox 2163 3414 3742 3496">
    <p class='ocr_par' dir='ltr' id='par_1_78' title="bbox 2163 3414 3742 3496">
     <span class='ocr_line' id='line_1_78' title="bbox 2163 3414 3742 3496; baseline -0.009 -14"><span class='ocrx_word' id='word_1_629' title='bbox 2163 3435 2268 3493; x_wconf 88' lang='lat' dir='ltr'><strong>est,</strong></span> <span class='ocrx_word' id='word_1_630' title='bbox 2304 3447 2324 3480; x_wconf 72' lang='grc' dir='ltr'><strong>ι</strong></span> <span class='ocrx_word' id='word_1_631' title='bbox 2355 3426 2481 3496; x_wconf 90' lang='lat' dir='ltr'><strong>quia</strong></span> <span class='ocrx_word' id='word_1_632' title='bbox 2505 3425 2635 3480; x_wconf 89' lang='lat' dir='ltr'><strong>mihi</strong></span> <span class='ocrx_word' id='word_1_633' title='bbox 2661 3424 2923 3494; x_wconf 90' lang='lat' dir='ltr'><strong>dignitate</strong></span> <span class='ocrx_word' id='word_1_634' title='bbox 2951 3420 3205 3492; x_wconf 66' lang='lat' dir='ltr'><strong>pra-alatus</strong></span> <span class='ocrx_word' id='word_1_635' title='bbox 3230 3427 3345 3484; x_wconf 90' lang='lat' dir='ltr'><strong>est;</strong></span> <span class='ocrx_word' id='word_1_636' title='bbox 3370 3427 3495 3472; x_wconf 87' lang='lat' dir='ltr'><strong>ante</strong></span> <span class='ocrx_word' id='word_1_637' title='bbox 3515 3415 3659 3471; x_wconf 91' lang='lat' dir='ltr'><strong>enim</strong></span> <span class='ocrx_word' id='word_1_638' title='bbox 3686 3414 3742 3468; x_wconf 92' lang='lat' dir='ltr'><strong>in</strong></span> 
     </span>
    </p>
   </div>
   <div class='ocr_carea' id='block_1_79' title="bbox 2165 3503 3746 3589">
    <p class='ocr_par' dir='ltr' id='par_1_79' title="bbox 2165 3503 3746 3589">
     <span class='ocr_line' id='line_1_79' title="bbox 2165 3503 3746 3589; baseline -0.009 -16"><span class='ocrx_word' id='word_1_639' title='bbox 2165 3518 2461 3589; x_wconf 88' lang='lat' dir='ltr'><strong>Scripturis</strong></span> <span class='ocrx_word' id='word_1_640' title='bbox 2485 3531 2594 3572; x_wconf 93' lang='lat' dir='ltr'><strong>non</strong></span> <span class='ocrx_word' id='word_1_641' title='bbox 2641 3527 2857 3583; x_wconf 88' lang='lat' dir='ltr'><strong>semper</strong></span> <span class='ocrx_word' id='word_1_642' title='bbox 2877 3510 2943 3565; x_wconf 87' lang='lat' dir='ltr'><strong>ad</strong></span> <span class='ocrx_word' id='word_1_643' title='bbox 2977 3518 3187 3580; x_wconf 82' lang='lat' dir='ltr'><strong>tempus</strong></span> <span class='ocrx_word' id='word_1_644' title='bbox 3233 3507 3484 3571; x_wconf 77' lang='lat' dir='ltr'><strong>refertur,</strong></span> <span class='ocrx_word' id='word_1_645' title='bbox 3511 3506 3605 3561; x_wconf 88' lang='lat' dir='ltr'><strong>sed</strong></span> <span class='ocrx_word' id='word_1_646' title='bbox 3643 3503 3746 3558; x_wconf 76' lang='lat' dir='ltr'><strong>ali-</strong></span> 
     </span>
    </p>
   </div>
   <div class='ocr_carea' id='block_1_80' title="bbox 2164 3595 3740 3679">
    <p class='ocr_par' dir='ltr' id='par_1_80' title="bbox 2164 3595 3740 3679">
     <span class='ocr_line' id='line_1_80' title="bbox 2164 3595 3740 3679; baseline -0.009 -17"><span class='ocrx_word' id='word_1_647' title='bbox 2164 3607 2384 3679; x_wconf 90' lang='lat' dir='ltr'><strong>quando</strong></span> <span class='ocrx_word' id='word_1_648' title='bbox 2412 3605 2480 3659; x_wconf 90' lang='lat' dir='ltr'><strong>ad</strong></span> <span class='ocrx_word' id='word_1_649' title='bbox 2509 3604 2849 3675; x_wconf 88' lang='lat' dir='ltr'><strong>dignitatem,</strong></span> <span class='ocrx_word' id='word_1_650' title='bbox 2880 3601 3023 3656; x_wconf 89' lang='lat' dir='ltr'><strong>sicut</strong></span> <span class='ocrx_word' id='word_1_651' title='bbox 3041 3600 3108 3656; x_wconf 92' lang='lat' dir='ltr'><strong>de</strong></span> <span class='ocrx_word' id='word_1_652' title='bbox 3132 3597 3330 3669; x_wconf 85' lang='lat' dir='ltr'><strong>Josepb</strong></span> <span class='ocrx_word' id='word_1_653' title='bbox 3358 3597 3481 3652; x_wconf 92' lang='lat' dir='ltr'><strong>ﬁliis</strong></span> <span class='ocrx_word' id='word_1_654' title='bbox 3506 3595 3740 3667; x_wconf 81' lang='lat' dir='ltr'><strong>legitur:</strong></span> 
     </span>
    </p>
   </div>
   <div class='ocr_carea' id='block_1_81' title="bbox 2172 3686 3745 3768">
    <p class='ocr_par' dir='ltr' id='par_1_81' title="bbox 2172 3686 3745 3768">
     <span class='ocr_line' id='line_1_81' title="bbox 2172 3686 3745 3768; baseline -0.007 -16"><span class='ocrx_word' id='word_1_655' title='bbox 2172 3719 2190 3752; x_wconf 79' lang='grc' dir='ltr'><strong>ι</strong></span> <span class='ocrx_word' id='word_1_656' title='bbox 2226 3698 2411 3755; x_wconf 89' lang='lat' dir='ltr'><strong>Posuit</strong></span> <span class='ocrx_word' id='word_1_657' title='bbox 2438 3696 2695 3768; x_wconf 88' lang='lat' dir='ltr'><strong>Ephraim</strong></span> <span class='ocrx_word' id='word_1_658' title='bbox 2724 3703 2848 3749; x_wconf 88' lang='lat' dir='ltr'><strong>ante</strong></span> <span class='ocrx_word' id='word_1_659' title='bbox 2877 3692 3158 3748; x_wconf 83' lang='lat' dir='ltr'><strong>Manassen</strong></span> <span class='ocrx_word' id='word_1_660' title='bbox 3192 3688 3345 3762; x_wconf 84' lang='lat' dir='ltr'><strong>(Gen.</strong></span> <span class='ocrx_word' id='word_1_661' title='bbox 3387 3686 3601 3756; x_wconf 69' lang='lat' dir='ltr'><strong>xrvnt),</strong></span> <span class='ocrx_word' id='word_1_662' title='bbox 3632 3705 3651 3738; x_wconf 73' lang='grc' dir='ltr'><strong>ι</strong></span> <span class='ocrx_word' id='word_1_663' title='bbox 3690 3686 3745 3741; x_wconf 84' lang='lat' dir='ltr'><strong>id</strong></span> 
     </span>
    </p>
   </div>
   <div class='ocr_carea' id='block_1_82' title="bbox 2164 3777 3745 3858">
    <p class='ocr_par' dir='ltr' id='par_1_82' title="bbox 2164 3777 3745 3858">
     <span class='ocr_line' id='line_1_82' title="bbox 2164 3777 3745 3858; baseline -0.01 -13"><span class='ocrx_word' id='word_1_664' title='bbox 2164 3796 2249 3845; x_wconf 87' lang='lat' dir='ltr'><strong>est</strong></span> <span class='ocrx_word' id='word_1_665' title='bbox 2284 3785 2565 3858; x_wconf 89' lang='lat' dir='ltr'><strong>amplioris</strong></span> <span class='ocrx_word' id='word_1_666' title='bbox 2608 3784 2797 3856; x_wconf 65' lang='lat' dir='ltr'><strong>gratiae</strong></span> <span class='ocrx_word' id='word_1_667' title='bbox 2842 3786 2898 3837; x_wconf 81' lang='lat' dir='ltr'><strong>et</strong></span> <span class='ocrx_word' id='word_1_668' title='bbox 2933 3780 3212 3851; x_wconf 91' lang='lat' dir='ltr'><strong>dignitatis</strong></span> <span class='ocrx_word' id='word_1_669' title='bbox 3234 3793 3357 3834; x_wconf 90' lang='lat' dir='ltr'><strong>eum</strong></span> <span class='ocrx_word' id='word_1_670' title='bbox 3388 3777 3629 3832; x_wconf 72' lang='lat' dir='ltr'><strong>futurum</strong></span> <span class='ocrx_word' id='word_1_671' title='bbox 3655 3790 3745 3831; x_wconf 65' lang='lat' dir='ltr'><strong>os»</strong></span> 
     </span>
    </p>
   </div>
   <div class='ocr_carea' id='block_1_83' title="bbox 2168 3867 3739 3943">
    <p class='ocr_par' dir='ltr' id='par_1_83' title="bbox 2168 3867 3739 3943">
     <span class='ocr_line' id='line_1_83' title="bbox 2168 3867 3739 3943; baseline -0.011 -9"><span class='ocrx_word' id='word_1_672' title='bbox 2168 3878 2371 3936; x_wconf 90' lang='lat' dir='ltr'><strong>tendit:</strong></span> <span class='ocrx_word' id='word_1_673' title='bbox 2401 3876 2515 3932; x_wconf 90' lang='lat' dir='ltr'><strong>sive</strong></span> <span class='ocrx_word' id='word_1_674' title='bbox 2561 3883 2711 3931; x_wconf 86' lang='lat' dir='ltr'><strong>certe</strong></span> <span class='ocrx_word' id='word_1_675' title='bbox 2757 3873 2901 3943; x_wconf 91' lang='lat' dir='ltr'><strong>quod</strong></span> <span class='ocrx_word' id='word_1_676' title='bbox 2929 3872 3007 3925; x_wconf 88' lang='lat' dir='ltr'><strong>ait</strong></span> <span class='ocrx_word' id='word_1_677' title='bbox 3033 3888 3046 3925; x_wconf 90' lang='lat'><strong>:</strong></span> <span class='ocrx_word' id='word_1_678' title='bbox 3077 3889 3096 3921; x_wconf 79' lang='grc' dir='ltr'><strong>ι</strong></span> <span class='ocrx_word' id='word_1_679' title='bbox 3126 3869 3256 3925; x_wconf 90' lang='lat' dir='ltr'><strong>Post</strong></span> <span class='ocrx_word' id='word_1_680' title='bbox 3286 3868 3549 3923; x_wconf 86' lang='lat' dir='ltr'><strong>me-venit</strong></span> <span class='ocrx_word' id='word_1_681' title='bbox 3571 3867 3676 3929; x_wconf 89' lang='lat' dir='ltr'><strong>vir,</strong></span> <span class='ocrx_word' id='word_1_682' title='bbox 3718 3885 3739 3917; x_wconf 70' lang='grc' dir='ltr'><strong>ο</strong></span> 
     </span>
    </p>
   </div>
   <div class='ocr_carea' id='block_1_84' title="bbox 2167 3948 3744 4026">
    <p class='ocr_par' dir='ltr' id='par_1_84' title="bbox 2167 3948 3744 4026">
     <span class='ocr_line' id='line_1_84' title="bbox 2167 3948 3744 4026; baseline -0.01 -2"><span class='ocrx_word' id='word_1_683' title='bbox 2167 3969 2413 4026; x_wconf 88' lang='lat' dir='ltr'><strong>ordinem</strong></span> <span class='ocrx_word' id='word_1_684' title='bbox 2446 3948 2694 4022; x_wconf 69' lang='lat' dir='ltr'><strong>humana:</strong></span> <span class='ocrx_word' id='word_1_685' title='bbox 2716 3971 2926 4019; x_wconf 66' lang='lat' dir='ltr'><strong>natura:</strong></span> <span class='ocrx_word' id='word_1_686' title='bbox 2952 3961 3211 4015; x_wconf 90' lang='lat' dir='ltr'><strong>insinuat.</strong></span> <span class='ocrx_word' id='word_1_687' title='bbox 3258 3957 3413 4026; x_wconf 83' lang='lat' dir='ltr'><strong>Quod</strong></span> <span class='ocrx_word' id='word_1_688' title='bbox 3439 3971 3571 4011; x_wconf 85' lang='lat' dir='ltr'><strong>vero</strong></span> <span class='ocrx_word' id='word_1_689' title='bbox 3610 3953 3744 4010; x_wconf 90' lang='lat' dir='ltr'><strong>sub-</strong></span> 
     </span>
    </p>
   </div>
   <div class='ocr_carea' id='block_1_85' title="bbox 2160 4044 3746 4131">
    <p class='ocr_par' dir='ltr' id='par_1_85' title="bbox 2160 4044 3746 4131">
     <span class='ocr_line' id='line_1_85' title="bbox 2160 4044 3746 4131; baseline -0.01 -16"><span class='ocrx_word' id='word_1_690' title='bbox 2160 4059 2338 4131; x_wconf 87' lang='lat' dir='ltr'><strong>jungit</strong></span> <span class='ocrx_word' id='word_1_691' title='bbox 2367 4076 2381 4112; x_wconf 90' lang='lat'><strong>:</strong></span> <span class='ocrx_word' id='word_1_692' title='bbox 2412 4075 2430 4110; x_wconf 76' lang='grc' dir='ltr'><strong>ι</strong></span> <span class='ocrx_word' id='word_1_693' title='bbox 2467 4056 2609 4112; x_wconf 84' lang='lat' dir='ltr'><strong>Ante</strong></span> <span class='ocrx_word' id='word_1_694' title='bbox 2628 4069 2716 4111; x_wconf 90' lang='lat' dir='ltr'><strong>me</strong></span> <span class='ocrx_word' id='word_1_695' title='bbox 2755 4054 2934 4109; x_wconf 81' lang='lat' dir='ltr'><strong>factus</strong></span> <span class='ocrx_word' id='word_1_696' title='bbox 2955 4058 3061 4117; x_wconf 90' lang='lat' dir='ltr'><strong>est,</strong></span> <span class='ocrx_word' id='word_1_697' title='bbox 3097 4070 3115 4103; x_wconf 75' lang='grc' dir='ltr'><strong>ι</strong></span> <span class='ocrx_word' id='word_1_698' title='bbox 3145 4047 3521 4105; x_wconf 79' lang='lat' dir='ltr'><strong>excellentiam</strong></span> <span class='ocrx_word' id='word_1_699' title='bbox 3549 4044 3746 4101; x_wconf 62' lang='lat' dir='ltr'><strong>divine</strong></span> 
     </span>
    </p>
   </div>
   <div class='ocr_carea' id='block_1_86' title="bbox 2166 4141 3747 4221">
    <p class='ocr_par' dir='ltr' id='par_1_86' title="bbox 2166 4141 3747 4221">
     <span class='ocr_line' id='line_1_86' title="bbox 2166 4141 3747 4221; baseline -0.011 -13"><span class='ocrx_word' id='word_1_700' title='bbox 2166 4150 2425 4221; x_wconf 67' lang='lat' dir='ltr'><strong>potentia:</strong></span> <span class='ocrx_word' id='word_1_701' title='bbox 2452 4148 2707 4205; x_wconf 82' lang='lat' dir='ltr'><strong>ostendit.</strong></span> <span class='ocrx_word' id='word_1_702' title='bbox 2728 4145 2807 4202; x_wconf 82' lang='lat' dir='ltr'><strong>Ac</strong></span> <span class='ocrx_word' id='word_1_703' title='bbox 2824 4146 2873 4202; x_wconf 88' lang='lat' dir='ltr'><strong>si</strong></span> <span class='ocrx_word' id='word_1_704' title='bbox 2897 4141 3102 4200; x_wconf 89' lang='lat' dir='ltr'><strong>diceret</strong></span> <span class='ocrx_word' id='word_1_705' title='bbox 3127 4161 3140 4196; x_wconf 90' lang='lat'>:</span> <span class='ocrx_word' id='word_1_706' title='bbox 3174 4141 3308 4198; x_wconf 89' lang='lat' dir='ltr'><strong>Cum</strong></span> <span class='ocrx_word' id='word_1_707' title='bbox 3328 4147 3452 4211; x_wconf 90' lang='lat' dir='ltr'><strong>post</strong></span> <span class='ocrx_word' id='word_1_708' title='bbox 3477 4154 3564 4194; x_wconf 89' lang='lat' dir='ltr'><strong>me</strong></span> <span class='ocrx_word' id='word_1_709' title='bbox 3586 4144 3747 4192; x_wconf 89' lang='lat' dir='ltr'><strong>natus</strong></span> 
     </span>
    </p>
   </div>
   <div class='ocr_carea' id='block_1_87' title="bbox 2166 4227 3746 4309">
    <p class='ocr_par' dir='ltr' id='par_1_87' title="bbox 2166 4227 3746 4309">
     <span class='ocr_line' id='line_1_87' title="bbox 2166 4227 3746 4309; baseline -0.011 -11"><span class='ocrx_word' id='word_1_710' title='bbox 2166 4242 2261 4307; x_wconf 92' lang='lat' dir='ltr'><strong>sit,</strong></span> <span class='ocrx_word' id='word_1_711' title='bbox 2292 4241 2417 4297; x_wconf 90' lang='lat' dir='ltr'><strong>inde</strong></span> <span class='ocrx_word' id='word_1_712' title='bbox 2456 4254 2544 4295; x_wconf 90' lang='lat' dir='ltr'><strong>me</strong></span> <span class='ocrx_word' id='word_1_713' title='bbox 2592 4245 2831 4309; x_wconf 89' lang='lat' dir='ltr'><strong>superat,</strong></span> <span class='ocrx_word' id='word_1_714' title='bbox 2879 4235 3003 4306; x_wconf 90' lang='lat' dir='ltr'><strong>quia</strong></span> <span class='ocrx_word' id='word_1_715' title='bbox 3058 4232 3357 4289; x_wconf 90' lang='lat' dir='ltr'><strong>nativitatis</strong></span> <span class='ocrx_word' id='word_1_716' title='bbox 3411 4239 3651 4300; x_wconf 90' lang='lat' dir='ltr'><strong>tempora</strong></span> <span class='ocrx_word' id='word_1_717' title='bbox 3690 4227 3746 4281; x_wconf 92' lang='lat' dir='ltr'><strong>in</strong></span> 
     </span>
    </p>
   </div>
   <div class='ocr_carea' id='block_1_88' title="bbox 2164 4318 3743 4399">
    <p class='ocr_par' dir='ltr' id='par_1_88' title="bbox 2164 4318 3743 4399">
     <span class='ocr_line' id='line_1_88' title="bbox 2164 4318 3743 4399; baseline -0.013 -8"><span class='ocrx_word' id='word_1_718' title='bbox 2164 4334 2446 4391; x_wconf 89' lang='lat' dir='ltr'><strong>divinitate</strong></span> <span class='ocrx_word' id='word_1_719' title='bbox 2473 4346 2597 4388; x_wconf 86' lang='lat' dir='ltr'><strong>eum</strong></span> <span class='ocrx_word' id='word_1_720' title='bbox 2624 4345 2732 4386; x_wconf 85' lang='lat' dir='ltr'><strong>non</strong></span> <span class='ocrx_word' id='word_1_721' title='bbox 2762 4334 3072 4399; x_wconf 89' lang='lat' dir='ltr'><strong>angustant.</strong></span> <span class='ocrx_word' id='word_1_722' title='bbox 3096 4325 3250 4382; x_wconf 89' lang='lat' dir='ltr'><strong>Unde</strong></span> <span class='ocrx_word' id='word_1_723' title='bbox 3270 4323 3405 4379; x_wconf 89' lang='lat' dir='ltr'><strong>bene</strong></span> <span class='ocrx_word' id='word_1_724' title='bbox 3433 4318 3743 4390; x_wconf 73' lang='lat' dir='ltr'><strong>subiungit:</strong></span> 
     </span>
    </p>
   </div>
   <div class='ocr_carea' id='block_1_89' title="bbox 2172 4408 3745 4493">
    <p class='ocr_par' dir='ltr' id='par_1_89' title="bbox 2172 4408 3745 4493">
     <span class='ocr_line' id='line_1_89' title="bbox 2172 4408 3745 4493; baseline -0.01 -17"><span class='ocrx_word' id='word_1_725' title='bbox 2172 4442 2191 4476; x_wconf 79' lang='grc' dir='ltr'><strong>ι</strong></span> <span class='ocrx_word' id='word_1_726' title='bbox 2231 4423 2368 4490; x_wconf 82' lang='lat' dir='ltr'><strong>Quia</strong></span> <span class='ocrx_word' id='word_1_727' title='bbox 2400 4422 2550 4493; x_wconf 91' lang='lat' dir='ltr'><strong>prior</strong></span> <span class='ocrx_word' id='word_1_728' title='bbox 2575 4436 2661 4477; x_wconf 88' lang='lat' dir='ltr'><strong>me</strong></span> <span class='ocrx_word' id='word_1_729' title='bbox 2680 4428 2820 4475; x_wconf 89' lang='lat' dir='ltr'><strong>erat.</strong></span> <span class='ocrx_word' id='word_1_730' title='bbox 2850 4436 2870 4469; x_wconf 77' lang='grc' dir='ltr'><strong>ι</strong></span> <span class='ocrx_word' id='word_1_731' title='bbox 2900 4416 3052 4471; x_wconf 84' lang='lat' dir='ltr'><strong>illum</strong></span> <span class='ocrx_word' id='word_1_732' title='bbox 3092 4415 3145 4469; x_wconf 90' lang='lat' dir='ltr'><strong>in</strong></span> <span class='ocrx_word' id='word_1_733' title='bbox 3171 4413 3256 4468; x_wconf 89' lang='lat' dir='ltr'><strong>his</strong></span> <span class='ocrx_word' id='word_1_734' title='bbox 3284 4410 3463 4466; x_wconf 87' lang='lat' dir='ltr'><strong>verbis</strong></span> <span class='ocrx_word' id='word_1_735' title='bbox 3488 4408 3745 4470; x_wconf 90' lang='lat' dir='ltr'><strong>insinuat,</strong></span> 
     </span>
    </p>
   </div>
   <div class='ocr_carea' id='block_1_90' title="bbox 2168 4496 3747 4585">
    <p class='ocr_par' dir='ltr' id='par_1_90' title="bbox 2168 4496 3747 4585">
     <span class='ocr_line' id='line_1_90' title="bbox 2168 4496 3747 4585; baseline -0.013 -14"><span class='ocrx_word' id='word_1_736' title='bbox 2168 4515 2365 4585; x_wconf 90' lang='lat' dir='ltr'><strong>dequo</strong></span> <span class='ocrx_word' id='word_1_737' title='bbox 2387 4513 2623 4569; x_wconf 84' lang='lat' dir='ltr'><strong>Joannes</strong></span> <span class='ocrx_word' id='word_1_738' title='bbox 2671 4511 2725 4565; x_wconf 90' lang='lat' dir='ltr'><strong>in</strong></span> <span class='ocrx_word' id='word_1_739' title='bbox 2779 4508 3001 4565; x_wconf 88' lang='lat' dir='ltr'><strong>exordio</strong></span> <span class='ocrx_word' id='word_1_740' title='bbox 3039 4502 3313 4575; x_wconf 82' lang='lat' dir='ltr'><strong>Evangelii</strong></span> <span class='ocrx_word' id='word_1_741' title='bbox 3341 4500 3426 4557; x_wconf 90' lang='lat' dir='ltr'><strong>sui</strong></span> <span class='ocrx_word' id='word_1_742' title='bbox 3455 4500 3532 4555; x_wconf 87' lang='lat' dir='ltr'><strong>ait</strong></span> <span class='ocrx_word' id='word_1_743' title='bbox 3563 4516 3577 4553; x_wconf 91' lang='lat'><strong>:</strong></span> <span class='ocrx_word' id='word_1_744' title='bbox 3615 4517 3635 4550; x_wconf 73' lang='grc' dir='ltr'><strong>ι</strong></span> <span class='ocrx_word' id='word_1_745' title='bbox 3687 4496 3747 4551; x_wconf 85' lang='grc' dir='ltr'><strong>1η</strong></span> 
     </span>
    </p>
   </div>
   <div class='ocr_carea' id='block_1_91' title="bbox 485 4587 3744 4675">
    <p class='ocr_par' dir='ltr' id='par_1_91' title="bbox 485 4587 3744 4675">
     <span class='ocr_line' id='line_1_91' title="bbox 485 4587 3744 4675; baseline -0.002 -18"><span class='ocrx_word' id='word_1_746' title='bbox 485 4600 851 4671; x_wconf 86' lang='lat' dir='ltr'><strong>eovestigium</strong></span> <span class='ocrx_word' id='word_1_747' title='bbox 866 4601 1075 4673; x_wconf 90' lang='lat' dir='ltr'><strong>peccati</strong></span> <span class='ocrx_word' id='word_1_748' title='bbox 1092 4600 1294 4657; x_wconf 90' lang='lat' dir='ltr'><strong>nullum</strong></span> <span class='ocrx_word' id='word_1_749' title='bbox 1318 4602 1490 4673; x_wconf 89' lang='lat' dir='ltr'><strong>potuit</strong></span> <span class='ocrx_word' id='word_1_750' title='bbox 1518 4602 1780 4669; x_wconf 89' lang='lat' dir='ltr'><strong>inveniri,</strong></span> <span class='ocrx_word' id='word_1_751' title='bbox 1810 4602 2062 4674; x_wconf 91' lang='lat' dir='ltr'><strong>quoniam</strong></span> <span class='ocrx_word' id='word_1_752' title='bbox 2092 4593 2145 4652; x_wconf 87' lang='lat' dir='ltr'><strong>D</strong></span> <span class='ocrx_word' id='word_1_753' title='bbox 2170 4602 2435 4675; x_wconf 89' lang='lat' dir='ltr'><strong>principio</strong></span> <span class='ocrx_word' id='word_1_754' title='bbox 2454 4609 2575 4657; x_wconf 91' lang='lat' dir='ltr'><strong>erat</strong></span> <span class='ocrx_word' id='word_1_755' title='bbox 2602 4600 2859 4663; x_wconf 82' lang='lat' dir='ltr'><strong>Verbum,</strong></span> <span class='ocrx_word' id='word_1_756' title='bbox 2890 4604 2945 4653; x_wconf 91' lang='lat' dir='ltr'><strong>et</strong></span> <span class='ocrx_word' id='word_1_757' title='bbox 2982 4595 3214 4651; x_wconf 86' lang='lat' dir='ltr'><strong>Verbum</strong></span> <span class='ocrx_word' id='word_1_758' title='bbox 3236 4600 3352 4647; x_wconf 90' lang='lat' dir='ltr'><strong>erat</strong></span> <span class='ocrx_word' id='word_1_759' title='bbox 3388 4589 3527 4659; x_wconf 87' lang='lat' dir='ltr'><strong>apud</strong></span> <span class='ocrx_word' id='word_1_760' title='bbox 3556 4587 3744 4651; x_wconf 70' lang='lat' dir='ltr'><strong>Deum.</strong></span> 
     </span>
    </p>
   </div>
   <div class='ocr_carea' id='block_1_92' title="bbox 487 4689 2067 4763">
    <p class='ocr_par' dir='ltr' id='par_1_92' title="bbox 487 4689 2067 4763">
     <span class='ocr_line' id='line_1_92' title="bbox 487 4689 2067 4763; baseline 0.001 -18"><span class='ocrx_word' id='word_1_761' title='bbox 487 4698 549 4745; x_wconf 90' lang='lat' dir='ltr'><strong>ut</strong></span> <span class='ocrx_word' id='word_1_762' title='bbox 586 4691 663 4745; x_wconf 91' lang='lat' dir='ltr'><strong>ait</strong></span> <span class='ocrx_word' id='word_1_763' title='bbox 688 4689 879 4748; x_wconf 90' lang='lat' dir='ltr'><strong>Petrus</strong></span> <span class='ocrx_word' id='word_1_764' title='bbox 904 4692 1182 4763; x_wconf 89' lang='lat' dir='ltr'><strong>apostolus</strong></span> <span class='ocrx_word' id='word_1_765' title='bbox 1216 4710 1229 4746; x_wconf 91' lang='lat'><strong>:</strong></span> <span class='ocrx_word' id='word_1_766' title='bbox 1270 4710 1288 4744; x_wconf 73' lang='grc' dir='ltr'><strong>ι</strong></span> <span class='ocrx_word' id='word_1_767' title='bbox 1322 4691 1607 4748; x_wconf 89' lang='lat' dir='ltr'><strong>Peccatum</strong></span> <span class='ocrx_word' id='word_1_768' title='bbox 1633 4710 1739 4752; x_wconf 88' lang='lat' dir='ltr'><strong>non</strong></span> <span class='ocrx_word' id='word_1_769' title='bbox 1777 4693 1933 4759; x_wconf 69' lang='lat' dir='ltr'><strong>fecit,</strong></span> <span class='ocrx_word' id='word_1_770' title='bbox 1968 4708 2067 4747; x_wconf 88' lang='lat' dir='ltr'><strong>nec</strong></span> 
     </span>
    </p>
   </div>
   <div class='ocr_carea' id='block_1_93' title="bbox 489 4780 2069 4853">
    <p class='ocr_par' dir='ltr' id='par_1_93' title="bbox 489 4780 2069 4853">
     <span class='ocr_line' id='line_1_93' title="bbox 489 4780 2069 4853; baseline 0.002 -19"><span class='ocrx_word' id='word_1_771' title='bbox 489 4780 742 4835; x_wconf 83' lang='lat' dir='ltr'><strong>inventus</strong></span> <span class='ocrx_word' id='word_1_772' title='bbox 762 4788 845 4835; x_wconf 89' lang='lat' dir='ltr'><strong>est</strong></span> <span class='ocrx_word' id='word_1_773' title='bbox 867 4780 1021 4837; x_wconf 91' lang='lat' dir='ltr'><strong>dolus</strong></span> <span class='ocrx_word' id='word_1_774' title='bbox 1043 4783 1095 4837; x_wconf 92' lang='lat' dir='ltr'><strong>in</strong></span> <span class='ocrx_word' id='word_1_775' title='bbox 1119 4797 1214 4839; x_wconf 91' lang='lat' dir='ltr'><strong>ore</strong></span> <span class='ocrx_word' id='word_1_776' title='bbox 1235 4780 1370 4852; x_wconf 86' lang='lat' dir='ltr'><strong>ejus.</strong></span> <span class='ocrx_word' id='word_1_777' title='bbox 1398 4802 1417 4836; x_wconf 74' lang='grc' dir='ltr'><strong>ι</strong></span> <span class='ocrx_word' id='word_1_778' title='bbox 1436 4782 1621 4853; x_wconf 85' lang='lat' dir='ltr'><strong>Agnus</strong></span> <span class='ocrx_word' id='word_1_779' title='bbox 1640 4784 1784 4838; x_wconf 92' lang='lat' dir='ltr'><strong>enim</strong></span> <span class='ocrx_word' id='word_1_780' title='bbox 1807 4783 2069 4839; x_wconf 90' lang='lat' dir='ltr'><strong>Dominus</strong></span> 
     </span>
    </p>
   </div>
   <div class='ocr_carea' id='block_1_94' title="bbox 489 4868 2064 4945">
    <p class='ocr_par' dir='ltr' id='par_1_94' title="bbox 489 4868 2064 4945">
     <span class='ocr_line' id='line_1_94' title="bbox 489 4868 2064 4945; baseline 0.006 -23"><span class='ocrx_word' id='word_1_781' title='bbox 489 4868 664 4924; x_wconf 85' lang='lat' dir='ltr'><strong>dictus</strong></span> <span class='ocrx_word' id='word_1_782' title='bbox 692 4878 796 4934; x_wconf 90' lang='lat' dir='ltr'><strong>est,</strong></span> <span class='ocrx_word' id='word_1_783' title='bbox 824 4885 931 4924; x_wconf 88' lang='lat' dir='ltr'><strong>non</strong></span> <span class='ocrx_word' id='word_1_784' title='bbox 972 4886 1070 4941; x_wconf 91' lang='lat' dir='ltr'><strong>per</strong></span> <span class='ocrx_word' id='word_1_785' title='bbox 1110 4881 1360 4928; x_wconf 88' lang='lat' dir='ltr'><strong>naturam</strong></span> <span class='ocrx_word' id='word_1_786' title='bbox 1380 4913 1394 4938; x_wconf 94' lang='lat'><strong>,</strong></span> <span class='ocrx_word' id='word_1_787' title='bbox 1419 4873 1514 4930; x_wconf 89' lang='lat' dir='ltr'><strong>sed</strong></span> <span class='ocrx_word' id='word_1_788' title='bbox 1539 4888 1635 4944; x_wconf 91' lang='lat' dir='ltr'><strong>per</strong></span> <span class='ocrx_word' id='word_1_789' title='bbox 1660 4873 1910 4945; x_wconf 87' lang='lat' dir='ltr'><strong>ﬁguram,</strong></span> <span class='ocrx_word' id='word_1_790' title='bbox 1939 4875 2064 4945; x_wconf 91' lang='lat' dir='ltr'><strong>quia</strong></span> 
     </span>
    </p>
   </div>
   <div class='ocr_carea' id='block_1_95' title="bbox 490 4958 2065 5036">
    <p class='ocr_par' dir='ltr' id='par_1_95' title="bbox 490 4958 2065 5036">
     <span class='ocr_line' id='line_1_95' title="bbox 490 4958 2065 5036; baseline 0.006 -23"><span class='ocrx_word' id='word_1_791' title='bbox 490 4958 630 5014; x_wconf 91' lang='lat' dir='ltr'><strong>sicut</strong></span> <span class='ocrx_word' id='word_1_792' title='bbox 650 4974 821 5030; x_wconf 87' lang='lat' dir='ltr'><strong>agnus</strong></span> <span class='ocrx_word' id='word_1_793' title='bbox 849 4977 948 5033; x_wconf 89' lang='lat' dir='ltr'><strong>pro</strong></span> <span class='ocrx_word' id='word_1_794' title='bbox 988 4962 1226 5033; x_wconf 89' lang='lat' dir='ltr'><strong>peccatis</strong></span> <span class='ocrx_word' id='word_1_795' title='bbox 1254 4963 1433 5036; x_wconf 80' lang='lat' dir='ltr'><strong>populi</strong></span> <span class='ocrx_word' id='word_1_796' title='bbox 1478 4965 1530 5019; x_wconf 92' lang='lat' dir='ltr'><strong>in</strong></span> <span class='ocrx_word' id='word_1_797' title='bbox 1571 4964 1839 5022; x_wconf 88' lang='lat' dir='ltr'><strong>sacriﬁcio</strong></span> <span class='ocrx_word' id='word_1_798' title='bbox 1867 4964 2065 5022; x_wconf 84' lang='lat' dir='ltr'><strong>oﬁ‘ere-</strong></span> 
     </span>
    </p>
   </div>
   <div class='ocr_carea' id='block_1_96' title="bbox 489 5051 2061 5126">
    <p class='ocr_par' dir='ltr' id='par_1_96' title="bbox 489 5051 2061 5126">
     <span class='ocr_line' id='line_1_96' title="bbox 489 5051 2061 5126; baseline 0.003 -19"><span class='ocrx_word' id='word_1_799' title='bbox 489 5051 674 5117; x_wconf 89' lang='lat' dir='ltr'><strong>batur,</strong></span> <span class='ocrx_word' id='word_1_800' title='bbox 696 5053 769 5107; x_wconf 89' lang='lat' dir='ltr'><strong>ita</strong></span> <span class='ocrx_word' id='word_1_801' title='bbox 794 5052 1025 5109; x_wconf 76' lang='lat' dir='ltr'><strong>offerens</strong></span> <span class='ocrx_word' id='word_1_802' title='bbox 1076 5069 1136 5110; x_wconf 91' lang='lat' dir='ltr'><strong>se</strong></span> <span class='ocrx_word' id='word_1_803' title='bbox 1182 5070 1281 5126; x_wconf 89' lang='lat' dir='ltr'><strong>pro</strong></span> <span class='ocrx_word' id='word_1_804' title='bbox 1326 5056 1483 5113; x_wconf 89' lang='lat' dir='ltr'><strong>nobis</strong></span> <span class='ocrx_word' id='word_1_805' title='bbox 1528 5056 1759 5113; x_wconf 89' lang='lat' dir='ltr'><strong>hostiam</strong></span> <span class='ocrx_word' id='word_1_806' title='bbox 1807 5056 1957 5112; x_wconf 89' lang='lat' dir='ltr'><strong>Patri</strong></span> <span class='ocrx_word' id='word_1_807' title='bbox 2008 5058 2061 5111; x_wconf 93' lang='lat' dir='ltr'><strong>in</strong></span> 
     </span>
    </p>
   </div>
   <div class='ocr_carea' id='block_1_97' title="bbox 490 5143 2064 5219">
    <p class='ocr_par' dir='ltr' id='par_1_97' title="bbox 490 5143 2064 5219">
     <span class='ocr_line' id='line_1_97' title="bbox 490 5143 2064 5219; baseline 0.003 -18"><span class='ocrx_word' id='word_1_808' title='bbox 490 5143 714 5201; x_wconf 87' lang='lat' dir='ltr'><strong>odorem</strong></span> <span class='ocrx_word' id='word_1_809' title='bbox 754 5145 1054 5215; x_wconf 86' lang='lat' dir='ltr'><strong>suavitatis,</strong></span> <span class='ocrx_word' id='word_1_810' title='bbox 1093 5160 1436 5219; x_wconf 88' lang='lat' dir='ltr'><strong>peccatorum</strong></span> <span class='ocrx_word' id='word_1_811' title='bbox 1474 5156 1784 5203; x_wconf 81' lang='lat' dir='ltr'><strong>nostrorum</strong></span> <span class='ocrx_word' id='word_1_812' title='bbox 1822 5149 2064 5206; x_wconf 91' lang='lat' dir='ltr'><strong>maculas</strong></span> 
     </span>
    </p>
   </div>
   <div class='ocr_carea' id='block_1_98' title="bbox 489 5238 2065 5314">
    <p class='ocr_par' dir='ltr' id='par_1_98' title="bbox 489 5238 2065 5314">
     <span class='ocr_line' id='line_1_98' title="bbox 489 5238 2065 5314; baseline -0.003 -16"><span class='ocrx_word' id='word_1_813' title='bbox 489 5255 589 5298; x_wconf 88' lang='lat' dir='ltr'><strong>suo</strong></span> <span class='ocrx_word' id='word_1_814' title='bbox 610 5238 871 5312; x_wconf 88' lang='lat' dir='ltr'><strong>sanguine</strong></span> <span class='ocrx_word' id='word_1_815' title='bbox 891 5239 1043 5307; x_wconf 91' lang='lat' dir='ltr'><strong>lavit,</strong></span> <span class='ocrx_word' id='word_1_816' title='bbox 1067 5242 1206 5298; x_wconf 91' lang='lat' dir='ltr'><strong>sicut</strong></span> <span class='ocrx_word' id='word_1_817' title='bbox 1228 5258 1324 5314; x_wconf 91' lang='lat' dir='ltr'><strong>per</strong></span> <span class='ocrx_word' id='word_1_818' title='bbox 1346 5241 1606 5297; x_wconf 90' lang='lat' dir='ltr'><strong>Joannem</strong></span> <span class='ocrx_word' id='word_1_819' title='bbox 1630 5241 1829 5296; x_wconf 89' lang='lat' dir='ltr'><strong>dicitur</strong></span> <span class='ocrx_word' id='word_1_820' title='bbox 1849 5240 1901 5295; x_wconf 90' lang='lat' dir='ltr'><strong>in</strong></span> <span class='ocrx_word' id='word_1_821' title='bbox 1922 5240 2065 5311; x_wconf 84' lang='lat' dir='ltr'><strong>Apo-</strong></span> 
     </span>
    </p>
   </div>
   <div class='ocr_carea' id='block_1_99' title="bbox 490 5330 2063 5404">
    <p class='ocr_par' dir='ltr' id='par_1_99' title="bbox 490 5330 2063 5404">
     <span class='ocr_line' id='line_1_99' title="bbox 490 5330 2063 5404; baseline 0.001 -16"><span class='ocrx_word' id='word_1_822' title='bbox 490 5330 730 5404; x_wconf 85' lang='lat' dir='ltr'><strong>calypsi:</strong></span> <span class='ocrx_word' id='word_1_823' title='bbox 774 5351 793 5384; x_wconf 87' lang='grc'><strong>‹</strong></span> <span class='ocrx_word' id='word_1_824' title='bbox 841 5331 941 5400; x_wconf 86' lang='lat' dir='ltr'><strong>Qui</strong></span> <span class='ocrx_word' id='word_1_825' title='bbox 979 5332 1166 5389; x_wconf 86' lang='lat' dir='ltr'><strong>dilexit</strong></span> <span class='ocrx_word' id='word_1_826' title='bbox 1201 5348 1321 5398; x_wconf 91' lang='lat' dir='ltr'><strong>nos,</strong></span> <span class='ocrx_word' id='word_1_827' title='bbox 1348 5340 1404 5388; x_wconf 90' lang='lat' dir='ltr'><strong>et</strong></span> <span class='ocrx_word' id='word_1_828' title='bbox 1448 5332 1582 5387; x_wconf 87' lang='lat' dir='ltr'><strong>lavit</strong></span> <span class='ocrx_word' id='word_1_829' title='bbox 1626 5347 1725 5386; x_wconf 90' lang='lat' dir='ltr'><strong>nos</strong></span> <span class='ocrx_word' id='word_1_830' title='bbox 1755 5346 1784 5385; x_wconf 90' lang='lat' dir='ltr'><strong>a</strong></span> <span class='ocrx_word' id='word_1_831' title='bbox 1824 5332 2063 5401; x_wconf 88' lang='lat' dir='ltr'><strong>peccatis</strong></span> 
     </span>
    </p>
   </div>
   <div class='ocr_carea' id='block_1_100' title="bbox 489 5421 2066 5497">
    <p class='ocr_par' dir='ltr' id='par_1_100' title="bbox 489 5421 2066 5497">
     <span class='ocr_line' id='line_1_100' title="bbox 489 5421 2066 5497; baseline -0.001 -16"><span class='ocrx_word' id='word_1_832' title='bbox 489 5424 692 5481; x_wconf 89' lang='lat' dir='ltr'><strong>nostris</strong></span> <span class='ocrx_word' id='word_1_833' title='bbox 720 5424 771 5480; x_wconf 91' lang='lat' dir='ltr'><strong>in</strong></span> <span class='ocrx_word' id='word_1_834' title='bbox 806 5426 1064 5497; x_wconf 85' lang='lat' dir='ltr'><strong>sanguine</strong></span> <span class='ocrx_word' id='word_1_835' title='bbox 1101 5440 1199 5482; x_wconf 91' lang='lat' dir='ltr'><strong>suo</strong></span> <span class='ocrx_word' id='word_1_836' title='bbox 1237 5425 1419 5496; x_wconf 83' lang='lat' dir='ltr'><strong>(Apoc.</strong></span> <span class='ocrx_word' id='word_1_837' title='bbox 1456 5423 1519 5493; x_wconf 85' lang='grc' dir='ltr'><strong>ι).</strong></span> <span class='ocrx_word' id='word_1_838' title='bbox 1557 5442 1574 5473; x_wconf 75' lang='grc' dir='ltr'><strong>ι</strong></span> <span class='ocrx_word' id='word_1_839' title='bbox 1610 5421 1773 5491; x_wconf 90' lang='lat' dir='ltr'><strong>Cujus</strong></span> <span class='ocrx_word' id='word_1_840' title='bbox 1797 5433 1980 5494; x_wconf 78' lang='lat' dir='ltr'><strong>typum</strong></span> <span class='ocrx_word' id='word_1_841' title='bbox 2009 5433 2066 5479; x_wconf 86' lang='lat' dir='ltr'><strong>et</strong></span> 
     </span>
    </p>
   </div>
   <div class='ocr_carea' id='block_1_101' title="bbox 491 5514 2071 5590">
    <p class='ocr_par' dir='ltr' id='par_1_101' title="bbox 491 5514 2071 5590">
     <span class='ocr_line' id='line_1_101' title="bbox 491 5514 2071 5590; baseline 0 -19"><span class='ocrx_word' id='word_1_842' title='bbox 491 5515 718 5588; x_wconf 88' lang='lat' dir='ltr'><strong>ﬁguram</strong></span> <span class='ocrx_word' id='word_1_843' title='bbox 767 5517 852 5574; x_wconf 91' lang='lat' dir='ltr'><strong>ille</strong></span> <span class='ocrx_word' id='word_1_844' title='bbox 901 5532 1072 5590; x_wconf 88' lang='lat' dir='ltr'><strong>agnus</strong></span> <span class='ocrx_word' id='word_1_845' title='bbox 1112 5516 1382 5588; x_wconf 90' lang='lat' dir='ltr'><strong>paschalis</strong></span> <span class='ocrx_word' id='word_1_846' title='bbox 1429 5514 1482 5569; x_wconf 93' lang='lat' dir='ltr'><strong>in</strong></span> <span class='ocrx_word' id='word_1_847' title='bbox 1514 5515 1694 5571; x_wconf 80' lang='lat' dir='ltr'><strong>Veteri</strong></span> <span class='ocrx_word' id='word_1_848' title='bbox 1724 5515 2071 5571; x_wconf 85' lang='lat' dir='ltr'><strong>Testamento</strong></span> 
     </span>
    </p>
   </div>
   <div class='ocr_carea' id='block_1_102' title="bbox 491 5603 2071 5678">
    <p class='ocr_par' dir='ltr' id='par_1_102' title="bbox 491 5603 2071 5678">
     <span class='ocr_line' id='line_1_102' title="bbox 491 5603 2071 5678; baseline -0.001 -19"><span class='ocrx_word' id='word_1_849' title='bbox 491 5606 686 5668; x_wconf 83' lang='lat' dir='ltr'><strong>tenuit,</strong></span> <span class='ocrx_word' id='word_1_850' title='bbox 707 5606 796 5678; x_wconf 90' lang='lat' dir='ltr'><strong>qui</strong></span> <span class='ocrx_word' id='word_1_851' title='bbox 825 5608 895 5663; x_wconf 92' lang='lat' dir='ltr'><strong>ob</strong></span> <span class='ocrx_word' id='word_1_852' title='bbox 925 5606 1356 5663; x_wconf 86' lang='lat' dir='ltr'><strong>recordationem</strong></span> <span class='ocrx_word' id='word_1_853' title='bbox 1388 5603 1726 5661; x_wconf 89' lang='lat' dir='ltr'><strong>liberatiouis</strong></span> <span class='ocrx_word' id='word_1_854' title='bbox 1758 5604 1947 5666; x_wconf 90' lang='lat' dir='ltr'><strong>Israel,</strong></span> <span class='ocrx_word' id='word_1_855' title='bbox 1976 5619 2071 5673; x_wconf 90' lang='lat' dir='ltr'><strong>per</strong></span> 
     </span>
    </p>
   </div>
   <div class='ocr_carea' id='block_1_103' title="bbox 493 5696 2068 5769">
    <p class='ocr_par' dir='ltr' id='par_1_103' title="bbox 493 5696 2068 5769">
     <span class='ocr_line' id='line_1_103' title="bbox 493 5696 2068 5769; baseline 0 -17"><span class='ocrx_word' id='word_1_856' title='bbox 493 5697 730 5769; x_wconf 90' lang='lat' dir='ltr'><strong>singulos</strong></span> <span class='ocrx_word' id='word_1_857' title='bbox 756 5714 926 5753; x_wconf 83' lang='lat' dir='ltr'><strong>annos</strong></span> <span class='ocrx_word' id='word_1_858' title='bbox 955 5701 1007 5753; x_wconf 92' lang='lat' dir='ltr'><strong>in</strong></span> <span class='ocrx_word' id='word_1_859' title='bbox 1036 5698 1234 5769; x_wconf 86' lang='lat' dir='ltr'><strong>pascha</strong></span> <span class='ocrx_word' id='word_1_860' title='bbox 1260 5697 1445 5767; x_wconf 90' lang='lat' dir='ltr'><strong>jussus</strong></span> <span class='ocrx_word' id='word_1_861' title='bbox 1478 5706 1563 5753; x_wconf 91' lang='lat' dir='ltr'><strong>est</strong></span> <span class='ocrx_word' id='word_1_862' title='bbox 1607 5697 1896 5763; x_wconf 85' lang='lat' dir='ltr'><strong>immolari,</strong></span> <span class='ocrx_word' id='word_1_863' title='bbox 1922 5696 2068 5752; x_wconf 89' lang='lat' dir='ltr'><strong>illum</strong></span> 
     </span>
    </p>
   </div>
   <div class='ocr_carea' id='block_1_104' title="bbox 494 5790 2069 5886">
    <p class='ocr_par' dir='ltr' id='par_1_104' title="bbox 494 5790 2069 5886">
     <span class='ocr_line' id='line_1_104' title="bbox 494 5790 2069 5886; baseline -0.003 -40"><span class='ocrx_word' id='word_1_864' title='bbox 494 5791 750 5857; x_wconf 83' lang='lat' dir='ltr'><strong>nimirum</strong></span> <span class='ocrx_word' id='word_1_865' title='bbox 772 5810 967 5886; x_wconf 36' lang='lat' dir='ltr'><strong>ag‘npm</strong></span> <span class='ocrx_word' id='word_1_866' title='bbox 1000 5791 1327 5864; x_wconf 85' lang='lat' dir='ltr'><strong>signiﬁcans,</strong></span> <span class='ocrx_word' id='word_1_867' title='bbox 1355 5790 1505 5861; x_wconf 85' lang='lat' dir='ltr'><strong>cujus</strong></span> <span class='ocrx_word' id='word_1_868' title='bbox 1529 5806 1739 5847; x_wconf 89' lang='lat' dir='ltr'><strong>sacram</strong></span> <span class='ocrx_word' id='word_1_869' title='bbox 1762 5790 2069 5860; x_wconf 76' lang='lat' dir='ltr'><strong>passionem</strong></span> 
     </span>
    </p>
   </div>
   <div class='ocr_carea' id='block_1_105' title="bbox 2168 4676 3748 4760">
    <p class='ocr_par' dir='ltr' id='par_1_105' title="bbox 2168 4676 3748 4760">
     <span class='ocr_line' id='line_1_105' title="bbox 2168 4676 3748 4760; baseline -0.013 -9"><span class='ocrx_word' id='word_1_870' title='bbox 2168 4703 2222 4751; x_wconf 89' lang='lat' dir='ltr'><strong>et</strong></span> <span class='ocrx_word' id='word_1_871' title='bbox 2243 4694 2384 4749; x_wconf 88' lang='lat' dir='ltr'><strong>Deus</strong></span> <span class='ocrx_word' id='word_1_872' title='bbox 2405 4700 2526 4748; x_wconf 92' lang='lat' dir='ltr'><strong>erat</strong></span> <span class='ocrx_word' id='word_1_873' title='bbox 2555 4690 2793 4745; x_wconf 89' lang='lat' dir='ltr'><strong>Verbum</strong></span> <span class='ocrx_word' id='word_1_874' title='bbox 2819 4686 3001 4760; x_wconf 81' lang='lat' dir='ltr'><strong>(Joan.</strong></span> <span class='ocrx_word' id='word_1_875' title='bbox 3030 4686 3091 4753; x_wconf 87' lang='grc' dir='ltr'><strong>ι).</strong></span> <span class='ocrx_word' id='word_1_876' title='bbox 3129 4703 3148 4735; x_wconf 74' lang='grc' dir='ltr'><strong>ι</strong></span> <span class='ocrx_word' id='word_1_877' title='bbox 3180 4682 3249 4738; x_wconf 87' lang='lat' dir='ltr'><strong>Et</strong></span> <span class='ocrx_word' id='word_1_878' title='bbox 3295 4679 3521 4751; x_wconf 86' lang='lat' dir='ltr'><strong>pulchre</strong></span> <span class='ocrx_word' id='word_1_879' title='bbox 3560 4676 3748 4733; x_wconf 88' lang='lat' dir='ltr'><strong>Domi-</strong></span> 
     </span>
    </p>
   </div>
   <div class='ocr_carea' id='block_1_106' title="bbox 2169 4766 3749 4855">
    <p class='ocr_par' dir='ltr' id='par_1_106' title="bbox 2169 4766 3749 4855">
     <span class='ocr_line' id='line_1_106' title="bbox 2169 4766 3749 4855; baseline -0.014 -14"><span class='ocrx_word' id='word_1_880' title='bbox 2169 4801 2271 4842; x_wconf 83' lang='lat' dir='ltr'><strong>nus</strong></span> <span class='ocrx_word' id='word_1_881' title='bbox 2310 4800 2341 4839; x_wconf 91' lang='lat' dir='ltr'><strong>a</strong></span> <span class='ocrx_word' id='word_1_882' title='bbox 2392 4794 2728 4855; x_wconf 83' lang='lat' dir='ltr'><strong>praecursore</strong></span> <span class='ocrx_word' id='word_1_883' title='bbox 2774 4793 2874 4835; x_wconf 88' lang='lat' dir='ltr'><strong>suo</strong></span> <span class='ocrx_word' id='word_1_884' title='bbox 2914 4777 3000 4832; x_wconf 87' lang='lat' dir='ltr'><strong>vir</strong></span> <span class='ocrx_word' id='word_1_885' title='bbox 3050 4773 3378 4844; x_wconf 88' lang='lat' dir='ltr'><strong>appellatur;</strong></span> <span class='ocrx_word' id='word_1_886' title='bbox 3430 4770 3515 4823; x_wconf 89' lang='lat' dir='ltr'><strong>vir</strong></span> <span class='ocrx_word' id='word_1_887' title='bbox 3542 4766 3689 4822; x_wconf 91' lang='lat' dir='ltr'><strong>enim</strong></span> <span class='ocrx_word' id='word_1_888' title='bbox 3714 4780 3749 4819; x_wconf 89' lang='lat' dir='ltr'><strong>a</strong></span> 
     </span>
    </p>
   </div>
   <div class='ocr_carea' id='block_1_107' title="bbox 2169 4858 3747 4934">
    <p class='ocr_par' dir='ltr' id='par_1_107' title="bbox 2169 4858 3747 4934">
     <span class='ocr_line' id='line_1_107' title="bbox 2169 4858 3747 4934; baseline -0.014 -2"><span class='ocrx_word' id='word_1_889' title='bbox 2169 4876 2375 4934; x_wconf 88' lang='lat' dir='ltr'><strong>viribus</strong></span> <span class='ocrx_word' id='word_1_890' title='bbox 2406 4874 2585 4930; x_wconf 91' lang='lat' dir='ltr'><strong>dictus</strong></span> <span class='ocrx_word' id='word_1_891' title='bbox 2606 4880 2710 4929; x_wconf 92' lang='lat' dir='ltr'><strong>est.</strong></span> <span class='ocrx_word' id='word_1_892' title='bbox 2740 4871 2807 4928; x_wconf 86' lang='lat' dir='ltr'><strong>Et</strong></span> <span class='ocrx_word' id='word_1_893' title='bbox 2835 4870 2939 4925; x_wconf 83' lang='lat' dir='ltr'><strong>hoc</strong></span> <span class='ocrx_word' id='word_1_894' title='bbox 2965 4881 3162 4923; x_wconf 89' lang='lat' dir='ltr'><strong>nomen</strong></span> <span class='ocrx_word' id='word_1_895' title='bbox 3187 4861 3492 4934; x_wconf 87' lang='lat' dir='ltr'><strong>specialiter</strong></span> <span class='ocrx_word' id='word_1_896' title='bbox 3511 4858 3586 4913; x_wconf 92' lang='lat' dir='ltr'><strong>illi</strong></span> <span class='ocrx_word' id='word_1_897' title='bbox 3614 4872 3747 4912; x_wconf 86' lang='lat' dir='ltr'><strong>eon-</strong></span> 
     </span>
    </p>
   </div>
   <div class='ocr_carea' id='block_1_108' title="bbox 2168 4946 3750 5043">
    <p class='ocr_par' dir='ltr' id='par_1_108' title="bbox 2168 4946 3750 5043">
     <span class='ocr_line' id='line_1_108' title="bbox 2168 4946 3750 5043; baseline -0.015 -18"><span class='ocrx_word' id='word_1_898' title='bbox 2168 4968 2333 5043; x_wconf 85' lang='lat' dir='ltr'><strong>gruit,</strong></span> <span class='ocrx_word' id='word_1_899' title='bbox 2364 4965 2454 5036; x_wconf 90' lang='lat' dir='ltr'><strong>qui</strong></span> <span class='ocrx_word' id='word_1_900' title='bbox 2484 4963 2632 5019; x_wconf 90' lang='lat' dir='ltr'><strong>velut</strong></span> <span class='ocrx_word' id='word_1_901' title='bbox 2658 4976 2828 5032; x_wconf 84' lang='lat' dir='ltr'><strong>agnus</strong></span> <span class='ocrx_word' id='word_1_902' title='bbox 2865 4963 3181 5014; x_wconf 89' lang='lat' dir='ltr'><strong>mansuetus</strong></span> <span class='ocrx_word' id='word_1_903' title='bbox 3208 4961 3262 5009; x_wconf 91' lang='lat' dir='ltr'><strong>et</strong></span> <span class='ocrx_word' id='word_1_904' title='bbox 3284 4950 3525 5015; x_wconf 89' lang='lat' dir='ltr'><strong>humilis,</strong></span> <span class='ocrx_word' id='word_1_905' title='bbox 3575 4946 3750 5043; x_wconf 85' lang='lat' dir='ltr'><strong>leonis</strong></span> 
     </span>
    </p>
   </div>
   <div class='ocr_carea' id='block_1_109' title="bbox 2171 5038 3750 5123">
    <p class='ocr_par' dir='ltr' id='par_1_109' title="bbox 2171 5038 3750 5123">
     <span class='ocr_line' id='line_1_109' title="bbox 2171 5038 3750 5123; baseline -0.015 -10"><span class='ocrx_word' id='word_1_906' title='bbox 2171 5038 2432 5113; x_wconf 64' lang='lat' dir='ltr'><strong>saevitiam</strong></span> <span class='ocrx_word' id='word_1_907' title='bbox 2478 5053 2625 5110; x_wconf 88' lang='lat' dir='ltr'><strong>solus</strong></span> <span class='ocrx_word' id='word_1_908' title='bbox 2680 5051 2857 5123; x_wconf 90' lang='lat' dir='ltr'><strong>potuit</strong></span> <span class='ocrx_word' id='word_1_909' title='bbox 2904 5061 3183 5120; x_wconf 88' lang='lat' dir='ltr'><strong>superare.</strong></span> <span class='ocrx_word' id='word_1_910' title='bbox 3230 5043 3307 5099; x_wconf 92' lang='lat' dir='ltr'><strong>De</strong></span> <span class='ocrx_word' id='word_1_911' title='bbox 3349 5056 3459 5111; x_wconf 90' lang='lat' dir='ltr'><strong>quo</strong></span> <span class='ocrx_word' id='word_1_912' title='bbox 3486 5038 3750 5108; x_wconf 85' lang='lat' dir='ltr'><strong>scriptum</strong></span> 
     </span>
    </p>
   </div>
   <div class='ocr_carea' id='block_1_110' title="bbox 2170 5129 3639 5211">
    <p class='ocr_par' dir='ltr' id='par_1_110' title="bbox 2170 5129 3639 5211">
     <span class='ocr_line' id='line_1_110' title="bbox 2170 5129 3639 5211; baseline -0.015 -6"><span class='ocrx_word' id='word_1_913' title='bbox 2170 5157 2255 5207; x_wconf 89' lang='lat' dir='ltr'><strong>est</strong></span> <span class='ocrx_word' id='word_1_914' title='bbox 2281 5166 2292 5200; x_wconf 94' lang='lat'>:</span> <span class='ocrx_word' id='word_1_915' title='bbox 2332 5167 2350 5200; x_wconf 74' lang='grc' dir='ltr'><strong>ι</strong></span> <span class='ocrx_word' id='word_1_916' title='bbox 2379 5147 2521 5204; x_wconf 86' lang='lat' dir='ltr'><strong>Ecce</strong></span> <span class='ocrx_word' id='word_1_917' title='bbox 2540 5146 2644 5211; x_wconf 86' lang='lat' dir='ltr'><strong>vir,</strong></span> <span class='ocrx_word' id='word_1_918' title='bbox 2671 5143 2864 5201; x_wconf 91' lang='lat' dir='ltr'><strong>Oriens</strong></span> <span class='ocrx_word' id='word_1_919' title='bbox 2894 5154 3089 5195; x_wconf 90' lang='lat' dir='ltr'><strong>nomen</strong></span> <span class='ocrx_word' id='word_1_920' title='bbox 3123 5138 3243 5209; x_wconf 74' lang='lat' dir='ltr'><strong>ejus</strong></span> <span class='ocrx_word' id='word_1_921' title='bbox 3268 5133 3455 5205; x_wconf 79' lang='lat' dir='ltr'><strong>(Zach.</strong></span> <span class='ocrx_word' id='word_1_922' title='bbox 3481 5129 3577 5198; x_wconf 77' lang='lat' dir='ltr'><strong>Vl).</strong></span> <span class='ocrx_word' id='word_1_923' title='bbox 3619 5148 3639 5181; x_wconf 77' lang='grc' dir='ltr'><strong>ι</strong></span> 
     </span>
    </p>
   </div>
   <div class='ocr_carea' id='block_1_111' title="bbox 2248 5217 3752 5309">
    <p class='ocr_par' dir='ltr' id='par_1_111' title="bbox 2248 5217 3752 5309">
     <span class='ocr_line' id='line_1_111' title="bbox 2248 5217 3752 5309; baseline -0.012 -19"><span class='ocrx_word' id='word_1_924' title='bbox 2248 5258 2266 5290; x_wconf 83' lang='grc'><strong><em>‹</em></strong></span> <span class='ocrx_word' id='word_1_925' title='bbox 2298 5239 2363 5294; x_wconf 89' lang='grc' dir='ltr'>Ει</span> <span class='ocrx_word' id='word_1_926' title='bbox 2390 5252 2489 5309; x_wconf 91' lang='lat' dir='ltr'><strong>ego</strong></span> <span class='ocrx_word' id='word_1_927' title='bbox 2518 5233 2822 5292; x_wconf 87' lang='lat' dir='ltr'><strong>nesciebam</strong></span> <span class='ocrx_word' id='word_1_928' title='bbox 2850 5244 2994 5285; x_wconf 92' lang='lat' dir='ltr'><strong>eum.</strong></span> <span class='ocrx_word' id='word_1_929' title='bbox 3022 5248 3039 5280; x_wconf 77' lang='grc' dir='ltr'><strong>ι</strong></span> <span class='ocrx_word' id='word_1_930' title='bbox 3077 5225 3212 5283; x_wconf 85' lang='lat' dir='ltr'><strong>Cum</strong></span> <span class='ocrx_word' id='word_1_931' title='bbox 3229 5224 3479 5279; x_wconf 90' lang='lat' dir='ltr'><strong>omnibus</strong></span> <span class='ocrx_word' id='word_1_932' title='bbox 3506 5217 3752 5274; x_wconf 90' lang='lat' dir='ltr'><strong>ﬁdelibus</strong></span> 
     </span>
    </p>
   </div>
   <div class='ocr_carea' id='block_1_112' title="bbox 2174 5314 3755 5396">
    <p class='ocr_par' dir='ltr' id='par_1_112' title="bbox 2174 5314 3755 5396">
     <span class='ocr_line' id='line_1_112' title="bbox 2174 5314 3755 5396; baseline -0.015 -9"><span class='ocrx_word' id='word_1_933' title='bbox 2174 5330 2517 5388; x_wconf 80' lang='lat' dir='ltr'><strong>manifestum</strong></span> <span class='ocrx_word' id='word_1_934' title='bbox 2545 5328 2617 5382; x_wconf 89' lang='lat' dir='ltr'><strong>sit</strong></span> <span class='ocrx_word' id='word_1_935' title='bbox 2643 5318 2765 5396; x_wconf 82' lang='lat' dir='ltr'><strong>quia</strong></span> <span class='ocrx_word' id='word_1_936' title='bbox 2788 5322 2993 5379; x_wconf 88' lang='lat' dir='ltr'><strong>sciebat</strong></span> <span class='ocrx_word' id='word_1_937' title='bbox 3009 5319 3243 5376; x_wconf 89' lang='lat' dir='ltr'><strong>Joannes</strong></span> <span class='ocrx_word' id='word_1_938' title='bbox 3262 5314 3569 5378; x_wconf 90' lang='lat' dir='ltr'><strong>Dominum,</strong></span> <span class='ocrx_word' id='word_1_939' title='bbox 3591 5326 3755 5382; x_wconf 88' lang='lat' dir='ltr'><strong>quem</strong></span> 
     </span>
    </p>
   </div>
   <div class='ocr_carea' id='block_1_113' title="bbox 2172 5404 3756 5479">
    <p class='ocr_par' dir='ltr' id='par_1_113' title="bbox 2172 5404 3756 5479">
     <span class='ocr_line' id='line_1_113' title="bbox 2172 5404 3756 5479; baseline -0.015 0"><span class='ocrx_word' id='word_1_940' title='bbox 2172 5424 2354 5479; x_wconf 89' lang='lat' dir='ltr'><strong>clauso</strong></span> <span class='ocrx_word' id='word_1_941' title='bbox 2399 5419 2593 5477; x_wconf 86' lang='lat' dir='ltr'><strong>matris</strong></span> <span class='ocrx_word' id='word_1_942' title='bbox 2647 5425 2805 5472; x_wconf 90' lang='lat' dir='ltr'><strong>utero</strong></span> <span class='ocrx_word' id='word_1_943' title='bbox 2844 5423 3110 5477; x_wconf 84' lang='lat' dir='ltr'><strong>senserat,</strong></span> <span class='ocrx_word' id='word_1_944' title='bbox 3140 5418 3195 5466; x_wconf 92' lang='lat' dir='ltr'><strong>et</strong></span> <span class='ocrx_word' id='word_1_945' title='bbox 3244 5409 3332 5465; x_wconf 93' lang='lat' dir='ltr'><strong>cui</strong></span> <span class='ocrx_word' id='word_1_946' title='bbox 3385 5404 3756 5461; x_wconf 89' lang='lat' dir='ltr'><strong>testimonium</strong></span> 
     </span>
    </p>
   </div>
   <div class='ocr_carea' id='block_1_114' title="bbox 2171 5497 3758 5589">
    <p class='ocr_par' dir='ltr' id='par_1_114' title="bbox 2171 5497 3758 5589">
     <span class='ocr_line' id='line_1_114' title="bbox 2171 5497 3758 5589; baseline -0.013 -18"><span class='ocrx_word' id='word_1_947' title='bbox 2171 5516 2536 5589; x_wconf 89' lang='lat' dir='ltr'><strong>perhibuerat,</strong></span> <span class='ocrx_word' id='word_1_948' title='bbox 2563 5511 2749 5567; x_wconf 87' lang='lat' dir='ltr'><strong>dicens</strong></span> <span class='ocrx_word' id='word_1_949' title='bbox 2775 5521 2790 5563; x_wconf 90' lang='lat'><strong>:</strong></span> <span class='ocrx_word' id='word_1_950' title='bbox 2827 5526 2845 5560; x_wconf 74' lang='grc' dir='ltr'><strong>ι</strong></span> <span class='ocrx_word' id='word_1_951' title='bbox 2878 5507 2990 5578; x_wconf 91' lang='lat' dir='ltr'><strong>Ego</strong></span> <span class='ocrx_word' id='word_1_952' title='bbox 3033 5521 3065 5560; x_wconf 89' lang='lat' dir='ltr'><strong>a</strong></span> <span class='ocrx_word' id='word_1_953' title='bbox 3091 5513 3146 5560; x_wconf 92' lang='lat' dir='ltr'><strong>te</strong></span> <span class='ocrx_word' id='word_1_954' title='bbox 3186 5503 3358 5559; x_wconf 88' lang='lat' dir='ltr'><strong>debeo</strong></span> <span class='ocrx_word' id='word_1_955' title='bbox 3386 5497 3673 5570; x_wconf 81' lang='lat' dir='ltr'><strong>baptizari,</strong></span> <span class='ocrx_word' id='word_1_956' title='bbox 3700 5502 3758 5551; x_wconf 88' lang='grc' dir='ltr'><strong>ει</strong></span> 
     </span>
    </p>
   </div>
   <div class='ocr_carea' id='block_1_115' title="bbox 2176 5589 3758 5675">
    <p class='ocr_par' dir='ltr' id='par_1_115' title="bbox 2176 5589 3758 5675">
     <span class='ocr_line' id='line_1_115' title="bbox 2176 5589 3758 5675; baseline -0.015 -9"><span class='ocrx_word' id='word_1_957' title='bbox 2176 5620 2230 5666; x_wconf 81' lang='grc' dir='ltr'><strong>ιιι</strong></span> <span class='ocrx_word' id='word_1_958' title='bbox 2256 5610 2411 5666; x_wconf 90' lang='lat' dir='ltr'><strong>venis</strong></span> <span class='ocrx_word' id='word_1_959' title='bbox 2450 5609 2518 5665; x_wconf 91' lang='lat' dir='ltr'><strong>ad</strong></span> <span class='ocrx_word' id='word_1_960' title='bbox 2546 5623 2634 5663; x_wconf 92' lang='lat' dir='ltr'><strong>me</strong></span> <span class='ocrx_word' id='word_1_961' title='bbox 2678 5603 2895 5675; x_wconf 79' lang='lat' dir='ltr'><strong>(Matth.</strong></span> <span class='ocrx_word' id='word_1_962' title='bbox 2923 5601 3049 5672; x_wconf 79' lang='lat' dir='ltr'><strong>nt)?</strong></span> <span class='ocrx_word' id='word_1_963' title='bbox 3085 5618 3103 5652; x_wconf 78' lang='grc' dir='ltr'><strong>ι</strong></span> <span class='ocrx_word' id='word_1_964' title='bbox 3149 5606 3205 5652; x_wconf 92' lang='lat' dir='ltr'><strong>et</strong></span> <span class='ocrx_word' id='word_1_965' title='bbox 3247 5596 3416 5652; x_wconf 88' lang='lat' dir='ltr'><strong>multa</strong></span> <span class='ocrx_word' id='word_1_966' title='bbox 3447 5594 3596 5656; x_wconf 83' lang='lat' dir='ltr'><strong>talia,</strong></span> <span class='ocrx_word' id='word_1_967' title='bbox 3626 5589 3758 5661; x_wconf 90' lang='lat' dir='ltr'><strong>quid</strong></span> 
     </span>
    </p>
   </div>
   <div class='ocr_carea' id='block_1_116' title="bbox 2174 5679 3760 5772">
    <p class='ocr_par' dir='ltr' id='par_1_116' title="bbox 2174 5679 3760 5772">
     <span class='ocr_line' id='line_1_116' title="bbox 2174 5679 3760 5772; baseline -0.016 -14"><span class='ocrx_word' id='word_1_968' title='bbox 2174 5712 2255 5758; x_wconf 88' lang='lat' dir='ltr'><strong>est</strong></span> <span class='ocrx_word' id='word_1_969' title='bbox 2280 5702 2423 5772; x_wconf 89' lang='lat' dir='ltr'><strong>quod</strong></span> <span class='ocrx_word' id='word_1_970' title='bbox 2468 5715 2614 5755; x_wconf 92' lang='lat' dir='ltr'><strong>nunc</strong></span> <span class='ocrx_word' id='word_1_971' title='bbox 2659 5696 2831 5754; x_wconf 88' lang='lat' dir='ltr'><strong>dicit:</strong></span> <span class='ocrx_word' id='word_1_972' title='bbox 2863 5714 2881 5747; x_wconf 77' lang='grc' dir='ltr'><strong>ι</strong></span> <span class='ocrx_word' id='word_1_973' title='bbox 2927 5692 3042 5763; x_wconf 89' lang='lat' dir='ltr'><strong>Ego</strong></span> <span class='ocrx_word' id='word_1_974' title='bbox 3069 5688 3376 5746; x_wconf 86' lang='lat' dir='ltr'><strong>nesciebam</strong></span> <span class='ocrx_word' id='word_1_975' title='bbox 3411 5684 3575 5740; x_wconf 81' lang='lat' dir='ltr'><strong>eum?</strong></span> <span class='ocrx_word' id='word_1_976' title='bbox 3611 5701 3629 5733; x_wconf 76' lang='grc' dir='ltr'><strong>ι</strong></span> <span class='ocrx_word' id='word_1_977' title='bbox 3662 5679 3760 5734; x_wconf 88' lang='lat' dir='ltr'><strong>sed</strong></span> 
     </span>
    </p>
   </div>
   <div class='ocr_carea' id='block_1_117' title="bbox 2178 5777 3761 5856">
    <p class='ocr_par' dir='ltr' id='par_1_117' title="bbox 2178 5777 3761 5856">
     <span class='ocr_line' id='line_1_117' title="bbox 2178 5777 3761 5856; baseline -0.018 -8"><span class='ocrx_word' id='word_1_978' title='bbox 2178 5792 2242 5848; x_wconf 88' lang='lat' dir='ltr'><strong>ad</strong></span> <span class='ocrx_word' id='word_1_979' title='bbox 2273 5792 2373 5848; x_wconf 88' lang='lat' dir='ltr'><strong>hoc</strong></span> <span class='ocrx_word' id='word_1_980' title='bbox 2400 5789 2710 5853; x_wconf 84' lang='lat' dir='ltr'><strong>dicendum,</strong></span> <span class='ocrx_word' id='word_1_981' title='bbox 2741 5786 2864 5856; x_wconf 89' lang='lat' dir='ltr'><strong>quia</strong></span> <span class='ocrx_word' id='word_1_982' title='bbox 2897 5798 3018 5838; x_wconf 88' lang='lat' dir='ltr'><strong>cum</strong></span> <span class='ocrx_word' id='word_1_983' title='bbox 3043 5794 3165 5836; x_wconf 88' lang='lat' dir='ltr'><strong>eum</strong></span> <span class='ocrx_word' id='word_1_984' title='bbox 3188 5777 3507 5847; x_wconf 66' lang='lat' dir='ltr'><strong>baptizarct,</strong></span> <span class='ocrx_word' id='word_1_985' title='bbox 3549 5779 3761 5825; x_wconf 88' lang='lat' dir='ltr'><strong>tantum</strong></span> 
     </span>
    </p>
   </div>
  </div>
