4038 6352
217 363 306 420 117
1390 354 1691 414 110111ῌῶ
1734 352 1806 409 ΒΕ

1908 351 2201 409 EMPORE.
3341 347 3445 404 118

212 485 261 544 in
289 475 400 551 ejus
426 476 725 546 cognitione
752 475 944 544 crevit,
980 475 1130 555 utad
1160 476 1614 545 comparationem
1644 472 1762 542 ejus
1788 472 1839 533 A
1866 469 2043 542 (Deut.
2071 470 2301 542 xxxiii);
2331 488 2350 523 ι
2382 479 2438 527 ει
2475 487 2574 542 per
2614 471 2925 544 Apostolum
2953 489 2964 524 :
3008 489 3024 520 ι
3058 466 3268 525 Ειειιίιιι
3302 467 3448 541 Deus

213 570 518 647 cognitionis
542 569 673 624 nihil
700 584 760 624 se
796 584 918 625 esse
962 577 1176 639 putaret
1219 568 1362 640 quod
1386 568 1536 639 prius
1582 567 1649 622 de
1676 565 1766 620 illo
1872 571 2056 617 noster
2082 562 2221 634 ignis
2248 576 2568 618 consumens
2589 575 2671 619 est
2730 562 2914 635 (Hebr.
2941 559 3059 632 xu).
3100 580 3118 614 ι
3168 557 3282 614 Ηοε
3328 559 3452 631 igne

213 669 543 737 cognoverat,
565 669 619 715 et
641 659 761 715 ideo
782 660 913 715 dicit
938 674 952 714 :
982 679 1000 712 ι
1030 660 1094 714 Ει
1114 674 1214 731 ego
1234 660 1537 715 nesciebam
1556 673 1712 723 eum;
1743 676 1765 709 ι
1871 654 2085 709 illorum
2136 655 2298 709 corda
2351 654 2612 711 calefacta
2679 655 2893 711 fuerant
2924 696 2938 720 ,
2995 653 3085 724 qui
3142 651 3391 708 dicebant
3434 666 3449 704 :

214 773 272 812 ac
303 755 346 811 si
372 754 601 816 diceret,
626 762 736 805 tam
763 750 999 821 perfecte
1025 752 1330 806 nesciebam
1378 765 1526 814 eum,
1563 750 1617 804 in
1664 762 1771 818 quo
1879 763 1898 797 ι
1929 743 2115 800 Nonne
2135 759 2230 800 cor
2258 753 2499 799 nostrum
2523 744 2715 800 ardens
2740 754 2859 800 erat
2902 745 2955 800 in
2995 743 3149 800 nobis
3176 740 3266 814 (de
3303 738 3453 810 Jesu)

214 856 402 904 tantam
431 842 806 898 excellentiam
856 841 1153 897 divinitatis
1200 842 1439 898 nondum
1473 854 1593 895 esse
1627 854 1773 894 com-
1874 835 2000 890 dum
2052 833 2364 905 loqueretur
2402 834 2458 889 in
2492 834 2614 901 via,
2649 844 2706 891 et
2744 834 2982 905 aperiret
3022 833 3177 890 nobis
3215 831 3460 903 Scriptu-

213 952 464 1011 pereram.
497 934 632 991 Cum
659 934 801 988 enim
838 933 1069 1005 baptista
1110 933 1324 989 Domini
1369 931 1548 989 Patris
1585 945 1773 987 vocem
1874 924 2004 1001 ras?
2028 943 2047 974 ι
2072 922 2223 994 (Luc.
2253 925 2425 996 xxiv.)
2449 924 2602 992 Quod
2622 940 2791 996 super
2809 925 3096 981 Dominum
3117 926 3172 981 in
3198 924 3460 981 columba:
3490 934 3493 935 '

212 1029 427 1097 desuper
454 1026 792 1080 intonantem
824 1025 1049 1091 audivit,
1068 1033 1126 1080 et
1159 1025 1419 1097 Spiritum
1448 1032 1694 1079 sanetum
1720 1022 1775 1076 in

211 1121 381 1191 specie
405 1118 672 1175 columba:
694 1117 1108 1174 descendentem
1149 1116 1307 1182 vidit,
1345 1130 1451 1171 non
1498 1121 1589 1170 est
1625 1112 1777 1169 dubi-

214 1212 421 1266 tandum
450 1225 518 1265 ex
566 1209 671 1264 hoc
695 1208 815 1264 visu
849 1217 907 1264 et
941 1208 1126 1263 auditu
1161 1208 1216 1263 in
1255 1207 1434 1262 divina
1475 1204 1779 1275 cognitione

214 1318 328 1361 eum
346 1302 574 1358 multum
602 1299 917 1372 profecisse.
952 1299 1059 1356 Sed
1080 1300 1207 1371 quia
1239 1300 1306 1354 ad
1334 1300 1437 1354 hoc
1458 1299 1600 1353 Deus
1620 1295 1781 1351 Pater

213 1394 395 1453 Filium
421 1410 585 1451 suum
611 1394 873 1451 revelavit
913 1393 1127 1458 Joanni,
1156 1401 1218 1448 ut
1261 1407 1360 1461 per
1386 1389 1503 1460 ejus
1522 1389 1782 1461 praedica-

214 1487 404 1544 tionem
434 1486 559 1542 aliis
585 1485 988 1551 ostenderetur,
1020 1492 1166 1540 recte
1213 1481 1587 1553 subiungitur:
1623 1498 1641 1531 ι
1674 1478 1784 1535 Sed

219 1596 239 1631 ι
276 1584 335 1632 ut
354 1575 735 1632 manifestetur
758 1573 943 1640 lsrael,
968 1584 1254 1645 propterea
1282 1571 1406 1627 veni
1435 1585 1534 1642 ego
1562 1570 1616 1625 in
1646 1582 1785 1638 aqua

215 1684 237 1719 ι
266 1666 573 1736 baptizans;
623 1684 643 1717 ι
698 1665 841 1735 quod
866 1673 950 1720 est
997 1673 1180 1735 aperte
1218 1663 1443 1718 dicere:
1502 1659 1619 1715 Non
1665 1659 1786 1715 ideo

214 1758 404 1814 missus
435 1773 558 1813 sum
588 1764 716 1812 ante
747 1756 893 1811 illum
935 1756 988 1810 in
1019 1770 1157 1826 aqua
1201 1754 1497 1823 baptizare,
1527 1759 1589 1806 ut
1608 1750 1785 1820 bapti-

1877 1013 2077 1085 specie,
2120 1021 2176 1069 et
2200 1029 2361 1086 super
2399 1015 2669 1085 apostolos
2699 1015 2907 1087 in-igne
2935 1017 3204 1087 apparuit,
3235 1016 3344 1072 cito
3369 1031 3462 1071 co-

1879 1105 2229 1177 gnoscimus,
2295 1106 2341 1162 si
2396 1108 2815 1180 uniuscujusque
2864 1121 3108 1181 persona:
3148 1109 3463 1179 qualitatem

1881 1199 2129 1255 subtilius
2155 1199 2579 1257 consideremus.
2602 1200 2736 1269 Quia
2764 1200 2916 1256 enim
2936 1200 3180 1257 columba
3208 1201 3290 1274 (ut
3322 1201 3465 1257 dixi-

1881 1290 2035 1363 mus)
2075 1291 2302 1361 simplex
2340 1301 2427 1348 est
2464 1293 2610 1360 avis,
2635 1303 2783 1350 recte
2811 1292 3045 1364 Spiritus
3067 1301 3286 1348 sanctus
3307 1307 3468 1361 super

1884 1383 2173 1439 Dominum
2204 1383 2259 1438 in
2286 1383 2546 1441 columbae
2571 1385 2751 1457 Specie
2777 1385 3046 1457 apparuit,
3073 1385 3198 1454 quia
3224 1384 3277 1439 in
3293 1384 3470 1453 primo

1886 1475 2114 1531 adventu
2143 1491 2240 1531 suo
2263 1484 2484 1546 peccata
2510 1485 2694 1532 nostra
2734 1491 2841 1532 non
2869 1492 2965 1547 per
2988 1475 3163 1532 zelum
3192 1475 3341 1531 venit
3367 1490 3467 1545 pu-

1885 1568 2024 1635 nire,
2056 1570 2150 1624 sed
2181 1584 2277 1640 per
2320 1570 2791 1625 mansuetudinem
2821 1568 3111 1625 dimittere.
3157 1566 3294 1635 Quia
3344 1578 3473 1619 vero

1888 1660 2139 1731 apostoli,
2172 1669 2233 1715 ut
2256 1661 2376 1731 puri
2405 1660 2672 1727 homines,
2715 1677 2823 1716 non
2871 1660 3044 1716 solum
3073 1674 3103 1714 a
3126 1666 3473 1730 peccatorum

1892 1753 2136 1824 rubigine
2159 1752 2490 1823 excoquendi
2519 1760 2695 1817 erant,
2736 1753 2829 1809 sed
2868 1752 3031 1808 etiam
3070 1750 3135 1806 ad
3159 1748 3479 1823 prtedican-

214 1849 387 1912 tando
428 1855 656 1918 peccata
699 1845 888 1901 tollere
937 1823 1164 1917 possim,
1210 1844 1305 1899 sed
1341 1852 1404 1899 ut
1452 1843 1505 1897 in
1542 1856 1610 1897 eo
1652 1842 1787 1912 bap-

1908 1849 2020 1903 ium
2049 1847 2398 1918 Evangelium
2429 1846 2546 1902 zelo
2583 1846 2921 1925 rectitudinis
2949 1842 3300 1908 accendendi,
3330 1852 3478 1898 recte

215 1940 370 1996 tismo
418 1940 563 1996 illius
622 1939 947 2010 baptismum
1005 1952 1303 2008 praecurem
1331 1977 1347 2004 ,
1393 1936 1485 2006 qui
1533 1943 1656 2007 post
1703 1949 1790 1990 me

212 2041 468 2088 venturus
512 2033 569 2087 in
618 2032 825 2102 Spiritu
867 2041 1054 2087 sancto
1097 2039 1216 2085 erat
1253 2029 1644 2100 baptizaturus.
1698 2026 1793 2083 llle

219 2130 398 2178 autem
426 2123 573 2178 solus
607 2122 848 2193 baptizat
875 2122 929 2177 in
954 2121 1158 2191 Spiritu
1206 2130 1416 2187 sancto,
1443 2120 1532 2189 qui
1555 2135 1652 2200 per
1673 2118 1793 2190 Spi-

213 2210 375 2268 ritum
410 2219 656 2268 sauctum
690 2218 913 2281 peccata
946 2212 999 2265 in
1042 2211 1312 2279 baptismo
1332 2210 1572 2275 dimittit,
1602 2209 1693 2278 qui
1717 2208 1795 2264 ait

213 2300 265 2355 in
304 2301 601 2373 Evangelio
631 2319 645 2356 :
678 2320 697 2353 (
732 2302 847 2356 Nisi
880 2301 1002 2370 quis
1030 2309 1255 2355 renatus
1296 2301 1458 2357 fuerit
1484 2316 1550 2355 ex
1583 2315 1722 2369 aqua
1743 2307 1799 2355 et

211 2389 424 2461 Spiritu
458 2399 669 2456 sancto,
722 2406 837 2465 non
870 2398 1053 2461 potest
1094 2392 1299 2453 intrare
1330 2391 1384 2444 in
1429 2404 1653 2461 regnum
1702 2389 1798 2444 Dei

212 2478 400 2549 (Joan.
444 2480 549 2550 ιιι).
577 2500 596 2533 ι
629 2479 704 2534 1)ε
729 2495 837 2549 quo
860 2480 1132 2550 baptismo
1150 2494 1472 2535 ascensurus
1499 2479 1552 2533 in
1579 2477 1798 2545 coelum,
1833 2552 1838 2557 θ

216 2567 501 2636 discipulis
531 2568 645 2622 ait:
687 2587 706 2619 (
766 2567 872 2622 Vos
918 2577 1098 2623 autem
1147 2568 1553 2637 baptizabimiui
1597 2567 1802 2638 Spiritu

219 2665 404 2712 sancto
457 2671 563 2711 non
595 2665 718 2725 post
772 2656 973 2711 multos
1012 2658 1111 2712 bos
1139 2658 1254 2712 dies
1297 2656 1436 2727 (Act.
1460 2659 1559 2723 xi).
1593 2676 1612 2709 ι
1647 2657 1800 2724 Quod

221 2750 343 2821 quia
367 2749 710 2805 invisibiliter
737 2757 793 2803 et
817 2764 922 2803 non
951 2749 1239 2804 visibiliter
1278 2748 1360 2815 fit,
1386 2748 1647 2803 Dominus
1672 2747 1801 2802 alibi

224 2839 537 2897 manifestat
579 2839 913 2910 (Icarum):
963 2839 1208 2907 quicum
1254 2839 1322 2895 de
1370 2839 1558 2895 eodem
1608 2838 1799 2909 Spiritu

227 2932 489 2989 dixisset:
533 2952 551 2983 ι
603 2930 838 3000 Spiritus
874 2930 965 2985 ubi
994 2930 1107 2986 vult
1149 2931 1345 3001 spirat,
1382 2940 1437 2986 et
1473 2947 1659 2986 vocem
1685 2931 1802 3001 ejus

231 3024 399 3089 audis,
421 3032 476 3079 et
497 3023 676 3078 nescis
704 3023 847 3077 unde
864 3022 1064 3088 veniat,
1101 3029 1193 3076 aut
1217 3038 1324 3093 quo
1346 3022 1526 3088 vadat,
1555 3042 1572 3074 ι
1626 3024 1802 3080 conti-

231 3129 338 3171 nuo
357 3113 637 3184 adiunxit:
670 3131 689 3165 ‹
724 3112 815 3168 Sic
843 3113 1020 3168 omnis
1042 3113 1133 3183 qui
1161 3122 1320 3169 natus
1347 3124 1516 3169 estex
1542 3115 1751 3185 spiritu.
1776 3134 1795 3169 ι

232 3203 300 3259 Et
343 3205 596 3275 quoniam
636 3204 812 3259 omnis
864 3204 956 3272 qui
996 3202 1231 3259 divinam
1286 3204 1531 3259 notitiam
1588 3205 1803 3274 accipit,

236 3294 356 3349 aliis
378 3295 697 3349 annuntiare
732 3293 912 3358 debet,
955 3301 1102 3348 recte
1133 3294 1199 3349 de
1224 3294 1412 3360 eodem
1453 3292 1661 3350 Joanne
1682 3293 1809 3350 sub-
1850 3280 1853 3281 ν

242 3384 386 3439 ditur
408 3401 425 3438 :

319 3490 339 3522 ι
364 3472 430 3526 Et
450 3473 801 3528 testimonium
837 3473 1108 3543 perhibuit
1133 3473 1368 3531 Joannes
1385 3516 1401 3542 ,
1425 3475 1609 3530 dicens
1636 3493 1649 3529 :
1673 3474 1809 3540 Quia

245 3577 266 3613 α
297 3561 406 3617 vidi
445 3562 699 3632 Spiritum
740 3565 1154 3620 descendentem
1202 3566 1357 3636 quasi
1409 3566 1715 3622 columbam
1744 3567 1811 3623 de

242 3673 262 3710 ι
294 3656 450 3724 caelo,
484 3666 541 3713 et
563 3660 761 3714 mansit
784 3673 948 3730 super
971 3674 1115 3715 eum.
1150 3678 1169 3713 ι
1199 3660 1256 3715 ln
1282 3660 1479 3730 quibus
1505 3659 1683 3715 verbis
1705 3676 1811 3716 non

236 3749 403 3805 solum
452 3752 806 3821 quaerendum
864 3760 950 3807 est
1012 3766 1181 3822 quare
1235 3752 1525 3823 aliquando
1577 3752 1814 3822 Spiritus

238 3852 449 3897 sanctus
506 3843 561 3896 in
617 3843 798 3912 specie
848 3842 1131 3909 columbae,
1181 3843 1470 3914 aliquando
1515 3844 1569 3898 in
1616 3844 1814 3915 linguis

232 3925 400 3998 igneis
425 3929 580 3985 visus
600 3944 723 3986 esse
747 3930 975 4002 legatur,
998 3931 1091 3985 sed
1126 3930 1287 3986 etiam
1314 3930 1442 3985 illud
1472 3931 1698 3987 sollicite
1724 3932 1811 3987 in-

242 4021 609 4091 vestigandum
643 4037 742 4077 cur
759 4037 922 4092 super
948 4022 1234 4077 Dominum
1260 4023 1312 4077 in
1334 4023 1513 4094 specie
1529 4024 1814 4090 columbae,

241 4116 290 4161 et
311 4124 473 4179 super
510 4111 787 4181 apostolos
807 4111 860 4166 in
890 4111 1013 4181 igne
1039 4113 1306 4182 apparuit,
1337 4113 1410 4167 ita
1435 4122 1498 4168 ut
1524 4129 1625 4169 nec
1653 4129 1815 4183 super

240 4195 521 4255 Dominum
566 4200 619 4255 in
671 4200 815 4271 igne,
875 4215 975 4256 nec
1022 4217 1186 4272 super
1225 4203 1492 4272 apostolos
1536 4204 1589 4259 in
1637 4205 1815 4273 specie

239 4290 495 4349 columba:
521 4292 672 4349 visus
710 4293 803 4348 sit.
848 4293 954 4350 Per
1001 4294 1212 4366 singula
1260 4311 1389 4367 ergo
1434 4297 1548 4351 haec
1593 4296 1818 4351 manife-

241 4384 422 4438 standa
452 4392 605 4440 sunt.
636 4384 770 4452 Quia
816 4386 961 4442 enim
1007 4386 1255 4442 columba
1299 4387 1523 4457 simplex
1559 4396 1642 4441 est
1680 4389 1814 4453 avis,

1892 1937 2031 1993 idem
2068 1935 2303 2008 Spiritus
2332 1951 2494 2007 super
2539 1952 2633 1993 eos
2663 1937 2714 1991 in
2745 1936 2943 2007 linguis
2982 1935 3154 2007 igneis
3196 1934 3470 2007 apparuit.

1897 2027 2010 2084 Sed
2041 2029 2165 2099 quia
2192 2042 2258 2083 ex
2292 2028 2553 2083 hodierna
2601 2027 2830 2083 lectione
2862 2027 3127 2099 Spiritum
3157 2033 3400 2081 sanctum
3426 2023 3479 2077 in

1894 2120 2156 2176 columba:
2200 2120 2377 2190 specie
2425 2119 2740 2190 apparuisse
2786 2118 3114 2184 audivimus,
3141 2118 3211 2174 ad
3237 2115 3484 2171 conside-

1896 2210 2124 2267 randum
2153 2220 2398 2266 naturam
2428 2209 2688 2266 columbae
2730 2209 3040 2281 diligentius
3078 2207 3388 2271 redeamus,
3424 2216 3484 2259 ut

1897 2303 1942 2358 si
1966 2302 2225 2373 Spiritum
2256 2311 2503 2357 sanctum
2526 2301 2772 2370 accipere
2794 2301 3063 2365 volumus,
3089 2300 3191 2355 hoc
3207 2313 3485 2355 servemus

1898 2390 1955 2445 in
1986 2399 2167 2444 mente
2208 2388 2349 2459 quod
2394 2388 2641 2444 columba
2679 2388 2842 2444 habet
2865 2388 2921 2442 iu
2965 2401 3212 2457 corpore.
3265 2384 3485 2454 Septem

1901 2480 2099 2551 quippe
2119 2479 2393 2535 naturales
2419 2478 2750 2534 diii‘erentias
2786 2479 2840 2534 in
2886 2493 2945 2534 se
2989 2477 3236 2534 columba
3282 2477 3485 2533 habere

1904 2571 2160 2625 traditur:
2191 2584 2371 2630 unam,
2394 2570 2519 2640 quia
2544 2568 2666 2624 felle
2692 2569 3069 2625 amaritudinis
3098 2577 3276 2635 caret;
3302 2567 3487 2632 aliam,

1902 2659 2025 2728 quia
2058 2673 2157 2727 pro
2185 2667 2346 2713 cantu
2393 2658 2623 2728 gemitus
2668 2658 2827 2713 cdere
2862 2657 3032 2723 solet;
3067 2658 3282 2713 tertiam
3304 2696 3319 2723 ,
3362 2656 3491 2727 quia

1903 2748 2162 2820 gregatim
2215 2747 2379 2812 volat,
2428 2746 2511 2802 vel
2565 2749 2772 2819 gemit;
2832 2755 3105 2818 quartam,
3159 2748 3285 2819 quia
3332 2747 3491 2820 juxta

1902 2840 2102 2895 fluenta
2145 2854 2407 2910 aquarum
2455 2840 2695 2895 residere
2739 2840 2994 2905 delectat,
3033 2850 3092 2896 ut
3129 2839 3341 2897 facilius
3393 2841 3489 2895 ad—

1902 2939 2120 2985 ventum
2148 2930 2418 3000 accipitris
2448 2946 2758 3000 plaecavcre
2798 2932 3008 3003 possit;
3057 2931 3324 3002 quintam,
3365 2931 3493 3000 quia

1905 3021 2037 3076 nihil
2061 3022 2244 3076 vivum
2281 3022 2556 3088 comedit;
2599 3032 2829 3090 sextam,
2871 3023 2996 3094 quia
3023 3039 3131 3078 non
3159 3038 3281 3078 cum
3320 3038 3492 3093 ungu-

1907 3112 1994 3179 lis,
2027 3126 2126 3168 nee
2151 3129 2274 3167 cum
2310 3122 2512 3180 rostro,
2540 3113 2685 3169 velut
2729 3123 2934 3169 casteria
2971 3130 3121 3181 aves,
3152 3129 3210 3170 se
3233 3114 3491 3180 defendit,

1911 3204 2005 3259 sed
2048 3218 2169 3258 sese
2214 3202 2553 3259 defendendo
2578 3203 2678 3267 alis
2706 3207 2978 3275 percutit:
3032 3207 3338 3278 septimam,
3367 3208 3492 3277 quia

1908 3296 1962 3350 in
1989 3295 2158 3365 petris
2184 3294 2445 3349 nidificat.
2483 3293 2743 3351 Columba
2788 3313 2918 3367 ergo
2963 3298 3085 3353 felle
3121 3300 3496 3356 amaritudinis

1911 3393 2061 3440 caret
2085 3402 2097 3437 :
2125 3391 2179 3438 et
2202 3398 2321 3450 nos,
2343 3384 2498 3455 juxta
2522 3384 2942 3440 admonitionem
2965 3387 3108 3441 Petri
3134 3387 3381 3459 apostoli,
3406 3390 3496 3443 de-

1910 3488 2177 3543 ponamus
2209 3487 2424 3527 omnem
2465 3473 2600 3526 iram
2624 3482 2680 3527 ct
2720 3473 3119 3530 simulationem
3147 3486 3201 3533 et
3240 3477 3494 3533 invidiam

1912 3564 1966 3637 (l
1998 3564 2146 3620 Petr.
2174 3566 2256 3638 ιι).
2286 3565 2686 3637 Columbapro
2730 3578 2897 3625 cantu
2944 3570 3175 3642 gemitus
3213 3571 3410 3628 habet:
3441 3583 3499 3629 et

1912 3660 2089 3715 nosén
2131 3659 2374 3716 convalle
2417 3660 2780 3734 lacrymarum
2818 3666 3003 3735 positi,
3049 3681 3155 3722 non
3202 3665 3376 3724 solum
3399 3684 3499 3741 pro

1916 3751 2256 3807 remittendis
2280 3751 2537 3821 peccatis,
2566 3754 2661 3809 sed
2687 3754 2850 3809 etiam
2876 3771 2977 3826 pro
3001 3759 3348 3828 perceptione
3374 3760 3499 3815 vitae

1912 3853 2125 3898 teternte
2148 3843 2331 3899 miseri
2361 3859 2565 3910 sumus,
2602 3857 2658 3901 et
2696 3846 2977 3917 lugeamus
3008 3853 3061 3904 in
3086 3850 3332 3923 exemplo
3355 3851 3524 3914 illius,

1913 3935 2003 4005 qui
2033 3935 2144 3988 ait:
2178 3954 2196 3986 (
2230 3932 2449 3990 Lavabo
2470 3950 2567 4006 per
2588 3937 2825 4008 singulas
2855 3950 3045 3997 noctes
3074 3942 3270 3998 lectum
3296 3960 3503 4012 meum,

1914 4026 2168 4097 lacrymis
2214 4026 2349 4081 meis
2396 4035 2623 4084 stratum
2668 4044 2845 4086 meum
2898 4033 3084 4105 rigabo
3133 4033 3307 4109 (Psal.
3337 4037 3439 4106 vt),
3477 4058 3494 4089 ι

1915 4125 1976 4172 ut
2001 4117 2292 4188 impleatur
2341 4118 2395 4172 in
2425 4120 2582 4176 nobis
2630 4123 2774 4192 quod
2822 4125 3081 4183 Dominus
3139 4129 3252 4183 ait:
3287 4146 3305 4180 ι
3350 4129 3501 4189 Beati

1916 4212 2008 4282 qui
2054 4227 2196 4265 nunc
2233 4210 2392 4277 fletis,
2439 4214 2692 4283 quoniam
2726 4217 2827 4288 ipsi
2873 4218 3116 4276 ridebitis
3156 4220 3306 4292 (Luc.
3336 4222 3435 4292 vi).
3475 4242 3494 4275 ι

1917 4299 2173 4356 Columba
2204 4303 2467 4373 gregatim
2498 4303 2640 4360 volat
2669 4325 2680 4359 :
2707 4317 2761 4363 et
2797 4323 2894 4363 nos
2934 4311 3346 4367 unauimitatem
3383 4313 3501 4367 dili—

1920 4405 2129 4461 gamus,
2166 4400 2223 4445 et
2252 4407 2357 4446 non
2385 4393 2557 4448 solum
2588 4397 2799 4465 amicis,
2840 4415 3027 4455 verum
3050 4401 3214 4457 etiam
3263 4402 3507 4461 inimicis.

240 4481 377 4528 recte
398 4473 641 4581 Spiritus
680 4484 900 4581 sanctus
929 4477 985 4532 in
1026 4478 1204 4547 specie
1230 4478 1492 4533 columbae
1544 4480 1814 4549 apparuit,
1848 4523 1896 4581 Β
1923 4481 2122 4534 bonum
2153 4482 2297 4551 quod
2331 4496 2641 4552 possumus,
2694 4495 2912 4558 propter
2954 4488 3238 4543 Dominum
3295 4489 3503 4560 impen-

242 4571 297 4616 ut
321 4566 632 4621 ostenderet
650 4567 775 4636 quia
810 4567 1020 4623 illorum
1055 4569 1218 4624 corda
1244 4569 1527 4635 inhabitat,
1554 4571 1645 4641 qui
1668 4587 1819 4626 man-

243 4654 373 4708 sueti
398 4667 456 4711 et
507 4655 936 4712 bumilescorde
978 4658 1288 4713 unanimem
1319 4660 1663 4716 concordiam
1694 4677 1815 4717 cum

243 4741 495 4802 fratribus
518 4756 754 4809 servant,
785 4756 841 4802 et
878 4763 1063 4818 pacem
1100 4758 1400 4828 sequuntur
1426 4767 1549 4807 cum
1571 4754 1821 4810 omnibus

241 4846 292 4892 et
326 4842 763 4909 sanctimoniam,
810 4844 966 4914 juxta
1023 4845 1151 4901 illud
1212 4849 1354 4918 quod
1403 4851 1665 4921 scriptum
1696 4860 1818 4907 est:

248 4944 267 4979 ι
294 4927 467 5002 Super
495 4948 655 5002 quem
683 4936 985 5005 requiescet
1016 4936 1250 5008 Spiritus
1276 4949 1510 5004 sanctus,
1541 4943 1643 4997 nisi
1666 4936 1826 5013 super

243 5018 493 5078 humilem
519 5032 575 5078 et
594 5026 856 5094 quietum,
873 5036 928 5083 et
950 5037 1266 5086 trementem
1289 5047 1565 5089 sermones
1582 5049 1731 5091 meos
1749 5035 1772 5088 ?
1800 5055 1818 5087 ι

243 5124 397 5179 quam
451 5113 763 5185 significant
816 5118 1001 5173 oscula
1046 5120 1436 5176 columbarum.
1501 5124 1637 5190 Quia
1693 5140 1825 5180 vero

243 5195 377 5268 ignis
406 5203 553 5271 quod
596 5205 766 5273 tangit
796 5208 1043 5261 accendit
1089 5217 1145 5264 et
1174 5208 1438 5264 illuminat
1465 5221 1635 5276 recte,
1680 5213 1819 5268 idem

243 5289 460 5357 spiritus
487 5293 541 5346 in
573 5293 710 5363 ignis
736 5295 941 5352 visione
967 5300 1234 5368 apparuit,
1258 5300 1385 5371 quia
1415 5317 1509 5357 cor
1536 5303 1678 5373 quod
1705 5312 1823 5359 tan-

242 5379 320 5449 git
356 5394 413 5439 et
460 5385 515 5440 in
567 5400 809 5442 amorem
837 5388 1132 5445 inﬂammat
1156 5392 1222 5447 ad
1251 5394 1538 5449 videndum
1585 5395 1701 5464 ejus
1725 5412 1822 5452 vo-

242 5466 501 5529 luntatem
523 5474 809 5533 illuminat.
841 5478 938 5533 llic
963 5490 1045 5533 est
1070 5480 1157 5534 ille
1195 5482 1330 5552 ignis
1355 5484 1419 5538 de
1447 5500 1554 5554 quo
1579 5484 1824 5541 Salvator

243 5559 295 5613 in
322 5562 618 5637 Evangelio
641 5569 719 5622 ait
757 5587 770 5624 :
829 5589 848 5621 σ
903 5571 1080 5640 Ignem
1115 5573 1235 5626 veni
1264 5574 1478 5629 mittere
1515 5575 1569 5628 in
1599 5585 1821 5643 terram,

242 5654 442 5721 etquid
466 5656 588 5712 volo
632 5659 736 5714 nisi
763 5668 824 5715 ut
851 5661 1041 5715 ardeat
1068 5659 1221 5730 (Luc.
1246 5664 1387 5734 xu)?
1419 5682 1437 5713 ι
1470 5664 1546 5719 De
1572 5665 1675 5721 hoc
1704 5666 1823 5736 igne

242 5752 336 5812 per
393 5747 610 5821 Moysen
664 5752 895 5809 dicitur:
938 5771 957 5805 ι
1014 5753 1071 5808 ln
1128 5755 1344 5810 dextera
1389 5755 1504 5823 ejus
1540 5757 1690 5827 ignea
1738 5760 1819 5814 lex

1921 4571 2130 4637 damus,
2160 4580 2217 4625 ut
2244 4572 2296 4627 in
2323 4590 2509 4629 eorum
2533 4589 3183 4649 numerocomputemur,
3212 4580 3279 4635 de
3308 4582 3504 4651 quibus

1922 4660 2155 4715 dicitur:
2194 4681 2211 4711 ι
2251 4660 2607 4719 Multitudinis
2649 4667 2981 4721 credentium
3036 4678 3152 4725 erat
3192 4687 3288 4727 cor
3334 4690 3502 4733 unum
3536 4722 3537 4725 η

1922 4759 1978 4806 et
2018 4752 2196 4806 anima
2231 4768 2337 4808 una
2384 4755 2520 4825 (Act.
2559 4757 2665 4825 tv);
2699 4777 2717 4808 ι
2750 4767 2805 4812 et
2848 4758 3081 4816 iterum:
3119 4780 3138 4813 ι
3178 4763 3315 4821 Ecce
3340 4782 3530 4838 quam.

1925 4843 2123 4898 bonum
2150 4851 2205 4898 et
2228 4860 2388 4914 quam
2408 4845 2704 4915 jucundum
2735 4848 2982 4906 habitare
3013 4851 3207 4913 fratres
3238 4858 3311 4917 in.
3334 4874 3501 4919 unum

1927 4933 2098 5007 (Psal.
2122 4936 2349 5010 cxxxu).
2381 4957 2399 4991 ι
2438 4938 2694 4996 Columba
2715 4940 2870 5013 juxta
2898 4946 3097 5004 fluenta
3125 4967 3395 5022 aquarum
3412 4970 3503 5024 re:
3563 4936 3573 4943 E

1925 5024 2104 5083 sidere
2148 5027 2306 5095 solet,
2334 5040 2394 5085 ut
2418 5030 2706 5088 adventum
2756 5036 3031 5108 accipitris
3067 5040 3280 5099 facilius
3308 5061 3503 5103 cavere

1925 5120 2095 5188 possit
2130 5139 2143 5175 :
2176 5131 2232 5177 et
2270 5139 2367 5179 nos
2395 5132 2455 5178 ut
2496 5124 2694 5180 diaboli
2723 5126 2951 5185 insidias
2997 5135 3296 5202 praevidere
3324 5147 3378 5193 et
3416 5155 3504 5194 ca-

1925 5224 2049 5264 vere
2094 5213 2385 5280 possimus,
2423 5214 2476 5267 in
2526 5215 2878 5274 meditatione
2933 5221 3330 5294 Scripturarum
3360 5229 3504 5285 dele-

1925 5305 2194 5361 ctabiliter
2224 5307 2565 5375 insistamus,
2593 5319 2653 5365 ut
2682 5311 2967 5382 impleatur
2998 5315 3052 5370 in
3089 5317 3245 5373 nobis
3275 5320 3418 5390 quod
3448 5321 3504 5375 in

1929 5393 2084 5450 laude
2114 5396 2367 5452 Ecclesiae
2403 5398 2637 5456 dicitur:
2676 5420 2695 5453 (
2732 5402 2883 5459 Oculi
2934 5405 3033 5470 tui,
3058 5406 3198 5462 oculi
3227 5409 3503 5464 columba-

1933 5503 2048 5540 rum
2073 5486 2247 5558 (Cant.
2263 5489 2341 5561 v),
2364 5508 2382 5542 ›
2408 5507 2527 5561 qua:
2556 5492 2693 5549 lacte
2714 5504 2842 5550 sunt
2860 5495 3004 5564 ioue,
3027 5507 3080 5553 et
3102 5499 3339 5555 resident
3347 5498 3507 5568 juxta

1930 5580 2126 5637 fluenta
2169 5583 2516 5652 plenissima;
2566 5597 2623 5643 et
2666 5589 2859 5645 iterum
2906 5609 2918 5644 ε
2968 5609 2987 5643 (
3033 5590 3183 5648 Oculi
3223 5592 3328 5655 tui,
3363 5594 3507 5651 oculi

1931 5674 2299 5731 columbarum
2341 5677 2515 5749 (Cant.
2554 5682 2659 5749 Iv),
2703 5703 2720 5734 ι
2757 5683 2960 5754 absque
3012 5699 3075 5737 eo
3122 5683 3262 5752 quod
3311 5685 3507 5741 intrin—

1933 5781 2088 5821 secus
2118 5766 2267 5823 latet.
2296 5770 2552 5827 Columba
2599 5775 2730 5829 nihil
2772 5776 2950 5829 vivum
2995 5774 3276 5835 comedit:
3302 5787 3358 5835 et
3386 5796 3508 5850 nos,
