4038 6352
553 365 654 419 119

1173 367 1522 425 ΗΑΥΜΟΝΙΞ
1557 369 2030 446 ιιΑιΒΕιιδΤΑἰ.
2072 373 2112 427 E

2219 374 2283 429 ϐ.
2325 374 2473 433 ΟΡΡ.
2517 376 2695 433 PARS
2732 377 2797 434 ll.
2834 407 2902 420 -—
2942 379 3174 437 HOMlL.

3723 386 3849 444 £20

545 479 699 552 juxta
719 482 958 551 Apostoli
990 483 1307 539 sententiam
1344 482 1568 554 (Colon.
1591 485 1700 556 ιιι),
1737 487 2126 541 mortiticemur
2152 493 2196 550 Α
2235 509 2252 542 ι
2287 491 2457 560 ptizat
2507 492 2561 546 in
2617 491 2821 562 Spiritu
2869 503 3076 572 sancto.
3109 513 3130 546 ι
3168 493 3267 550 Ubi
3305 497 3587 567 queritur,
3632 494 3844 572 quare

548 573 792 629 membra
830 583 1012 630 nostra
1053 591 1172 645 quae
1200 585 1326 630 sunt
1373 591 1534 647 super
1570 585 1788 642 terram,
1822 579 1872 634 id
1899 587 1980 634 est
2009 577 2120 632 fur-

548 663 895 731 nicationem,
920 666 1335 732 immunditiam,
1369 667 1672 735 avaritiam,
1713 668 1854 738 quod
1881 678 1965 724 est
2010 668 2124 724 ido-

546 755 724 811 lorum
772 756 1020 811 servitus.
1055 756 1313 813 Columba
1355 773 1460 814 non
1487 775 1610 814 cum
1638 760 1852 830 ungulis
1877 761 1961 816 vel
1999 778 2121 817 cum

546 857 724 904 rostro
746 862 804 903 se
830 847 1070 904 defendit
1093 868 1107 904 :
1128 847 1192 905 'et
1226 865 1325 905 nos
1347 851 1773 922 quotiescunque
1803 853 1871 907 ah
1909 851 2122 921 injustis

545 935 973 1005 persecutionem
1018 938 1274 1008 patimur,
1317 955 1422 994 non
1459 940 1528 994 ad
1561 941 1850 996 vindictam
1885 957 2124 998 commo-

544 1039 787 1093 veamur,
818 1029 913 1084 sed
941 1029 1120 1101 potius
1163 1030 1409 1102 exempla
1453 1041 1765 1087 sanctorum
1814 1044 2119 1103 sequentes,

542 1117 864 1186 patientiam
921 1119 1226 1194 diligamus,
1283 1137 1352 1180 ne
1396 1121 1660 1181 efﬁciatur
1707 1124 1885 1195 lingua
1915 1135 2117 1191 nostra,

544 1223 718 1275 arma,
753 1217 807 1266 et
844 1211 1060 1281 sagitta,
1093 1221 1146 1268 et
1194 1211 1402 1284 gladius
1451 1223 1663 1279 acutus,
1695 1215 1946 1272 timentes
1994 1217 2122 1273 illud

543 1302 684 1373 quod
719 1301 918 1359 Paulus
946 1305 1220 1375 apostolus
1245 1305 1354 1360 ait:
1392 1325 1411 1358 ι
1449 1306 1602 1376 Quod
1632 1308 1677 1364 si
1716 1308 1944 1365 invicem
1973 1326 2120 1366 mor-

541 1391 680 1445 detis
709 1401 765 1446 et
792 1395 1110 1463 comeditis,
1149 1397 1326 1452 videte
1368 1412 1436 1452 ne
1483 1398 1550 1453 ab
1575 1399 1806 1455 invicem
1839 1417 2125 1457 consuma-

540 1483 673 1537 mini
703 1482 844 1554 (Gal.
881 1486 959 1555 v),
993 1505 1010 1538 ι
1051 1495 1110 1542 ιιι
1136 1488 1420 1558 impleatur
1446 1489 1611 1544 illud:
1658 1511 1675 1541 ‹
1713 1491 1862 1546 Beati
1889 1492 2123 1562 paciﬁci,

539 1577 795 1643 quoniam
843 1577 933 1632 filii
973 1579 1066 1635 Dei
1096 1582 1432 1637 vocabuntur
1461 1581 1673 1653 (Matth.
1704 1583 1779 1654 ν).
1815 1603 1832 1635 ι
1865 1584 2122 1641 Columba

538 1663 594 1716 in
623 1663 792 1730 petris
819 1666 1093 1722 nidiﬁcat:
1123 1675 1177 1722 et
1205 1684 1303 1723 nos
1337 1683 1551 1723 omnem
1597 1684 1746 1738 spem
1787 1680 2025 1727 nostram
2071 1681 2127 1728 et

539 1749 907 1810 fortitudinem
955 1757 1007 1811 in
1048 1767 1202 1827 petra
1252 1775 1371 1830 quae
1401 1768 1484 1815 cst
1529 1759 1794 1826 Christus,
1836 1778 2101 1832 ponamus

533 1839 778 1900 dicentes
827 1861 949 1901 cum
995 1824 1286 1904 Psalmista
1310 1867 1322 1903 :
1357 1869 1376 1900 ι
1409 1849 1466 1905 1η
1511 1859 1662 1920 petra
1716 1824 1964 1907 extaltasti
2011 1824 2122 1919 me:
2159 1843 2204 1906 Β
2231 1862 2470 1924 tempore
2519 1863 2845 1925 acceperunt
2879 1824 3215 1924 Spiritum':

535 1931 802 1989 deduxisti
841 1951 946 2001 me,
983 1936 1110 2007 quia
1139 1937 1316 1994 factus
1354 1955 1414 1995 es
1449 1955 1572 2010 spes
1598 1956 1735 2007 mea,
1774 1942 1938 1998 turris
1961 1941 2119 1997 forti-

535 2024 740 2081 tudinis
765 2043 794 2082 a
837 2027 978 2084 facie
1021 2029 1224 2087 inimici
1259 2031 1434 2105 (Psal.
1465 2033 1574 2105 ιιι).
1616 2053 1634 2088 ι
1679 2035 1735 2091 1η
1768 2036 1926 2105 hujus
1953 2046 2121 2106 petra:

535 2114 896 2176 foraminibus
928 2120 1116 2177 nidum
1150 2137 1306 2178 suum
1336 2123 1547 2198 Moyses
1572 2135 1849 2196 posuerat,
1905 2128 2119 2198 quando

534 2221 567 2260 a
597 2206 824 2264 Domino
858 2212 1056 2266 meruit
1107 2213 1333 2270 audire:
1369 2231 1388 2264 ι
1441 2213 1537 2270 Est
1565 2214 1713 2271 locus
1739 2217 1876 2286 apud
1927 2231 2033 2283 me,
2065 2226 2120 2275 et

531 2299 702 2356 stabis
731 2301 803 2356 ibi
827 2302 879 2357 in
909 2301 1171 2360 foramine
1198 2313 1364 2380 petrte
1388 2304 1584 2378 (Exod.
1601 2307 1818 2379 XXXIII).
1854 2325 1872 2358 ι
1905 2306 1961 2362 Si
1989 2323 2118 2380 ergo

534 2388 794 2460 Spiritum
827 2403 1073 2449 sanctum
1105 2395 1158 2449 in
1207 2379 1460 2451 cordibus
1511 2397 1712 2454 nostris
1755 2379 2116 2454 habitatorem

535 2479 737 2537 habere
781 2483 1048 2552 volumus,
1101 2486 1200 2541 has
1253 2487 1559 2557 spirituales
1607 2488 1836 2544 virtutes
1889 2489 2116 2546 sollicite

533 2581 832 2640 teneamus,
871 2585 932 2631 ut
970 2578 1038 2632 ad
1079 2595 1178 2635 nos
1223 2580 1494 2652 pertineat
1522 2580 1850 2651 specialiter,
1881 2581 2023 2652 quod
2060 2581 2114 2635 in

542 2667 702 2721 laude
749 2669 914 2724 totius
949 2670 1206 2730 Ecclesia:
1253 2672 1307 2725 in
1359 2671 1598 2726 Canticis
1626 2670 1959 2726 canticorum
1985 2685 2118 2725 voce

538 2759 723 2829 sponsi
758 2760 956 2814 dicitur
982 2779 994 2814 :
1030 2779 1049 2812 ι
1082 2761 1236 2826 Veni,
1269 2777 1465 2833 sponsa
1491 2777 1632 2826 mea,
1654 2761 1824 2816 electa
1853 2776 1994 2826 mea,
2025 2777 2118 2818 co-

532 2850 715 2906 lumba
745 2863 884 2915 mea,
920 2851 972 2905 in
1015 2851 1370 2910 foraminibus
1391 2861 1582 2925 petrae,
1625 2853 1682 2909 in
1707 2853 1955 2910 cavernis
1995 2869 2116 2909 ma-

533 2941 714 2997 ceriae.
772 2941 1006 2998 Ostende
1035 2943 1168 2998 mihi
1196 2942 1391 3001 faciem
1420 2952 1588 3008 tuam,
1619 2951 1774 2998 sonet
1814 2958 1918 2999 vox
1945 2951 2034 2998 tua
2060 2945 2115 3000 in

534 3035 758 3090 auribus
807 3035 943 3090 meis
992 3034 1166 3108 (Cant.
1209 3037 1294 3107 ιι).
1330 3055 1348 3089 ι
1409 3035 1570 3091 Tales
1609 3035 1808 3109 quippe
1856 3034 2114 3090 Dominus

531 3144 660 3184 suos
681 3129 970 3200 discipulos
988 3143 1106 3185 esse
1124 3128 1361 3195 volebat,
1384 3128 1580 3200 quibus
1602 3128 1813 3186 dicebat
1835 3145 1852 3185 :
1879 3145 1897 3178 ι
1931 3127 2113 3183 Estote

529 3196 833 3290 prudentes
856 3220 994 3275 sicut
1030 3228 1330 3290 serpentes,
1365 3196 1420 3275 et
1444 3217 1714 3290 simplices
1741 3217 1880 3274 sicut
1905 3216 2112 3273 colum-
2137 3196 2182 3259 Ο

532 3311 615 3368 ba:
653 3310 866 3383 (Matth.
891 3310 968 3383 κ).
1001 3332 1017 3362 ι
1047 3311 1115 3367 Et
1165 3311 1389 3382 pulchre
1418 3318 1624 3381 septem
1662 3317 1868 3364 naturae
1893 3323 2114 3364 enume-

534 3410 726 3458 rantur
752 3401 1032 3469 columbm,
1057 3403 1181 3472 quia
1229 3401 1463 3472 Spiritus
1489 3399 1683 3466 sancti,
1709 3399 1800 3470 qui
1849 3398 2111 3454 hodierna

532 3492 620 3548 die
664 3507 827 3562 super
879 3493 1291 3564 Redemptorem
1351 3492 1534 3549 mundi
1583 3490 1851 3561 apparuit,
1904 3497 2112 3560 septem

533 3584 672 3642 dena
705 3593 831 3638 sunt
860 3583 1195 3660 principalia,
1224 3583 1290 3637 de
1315 3582 1510 3652 quibus
1538 3596 1634 3650 per
1665 3580 1856 3634 Isaiam
1883 3579 2109 3633 dicitur:

538 3695 554 3726 ι
586 3675 909 3745 Requiescet
955 3691 1120 3746 super
1159 3690 1282 3733 eum
1317 3673 1552 3750 Spiritus
1607 3671 1838 3736 Domini,
1892 3672 2113 3741 spiritus

534 3758 810 3834 sapicn'tia:
840 3773 893 3820 et
917 3765 1242 3830 intellectus,
1268 3765 1490 3836 spiritus
1517 3763 1723 3818 consilii
1753 3771 1806 3818 et
1845 3761 2113 3818 fortitudi-

533 3854 640 3918 nis,
695 3854 919 3924 spiritus
966 3854 1206 3910 scientiaa
1251 3865 1306 3910 et
1341 3853 1580 3924 pietatis,
1630 3862 1685 3909 et
1730 3853 2108 3923 replebiteum

533 3944 757 4015 spiritus
787 3944 996 4000 timoris
1024 3945 1234 4000 Domini
1279 3944 1410 4017 (Ira.
1447 3945 1546 4015 xi).
1580 3964 1599 3998 ι
1653 3944 1882 4002 Mirabili
1931 3954 2111 4001 autem

532 4036 820 4092 concordia
869 4037 1167 4108 Scriptura:
1219 4038 1428 4094 Veteris
1489 4051 1554 4092 ac
1602 4036 1736 4091 Novi
1783 4035 2111 4096 Testameuti

532 4128 632 4183 sibi
658 4128 1002 4184 conveniunt.
1031 4127 1283 4200 Legimus
1308 4129 1450 4183 enim
1488 4128 1633 4203 quia,
1666 4143 1787 4182 cum
1819 4125 1978 4182 vellet
2001 4125 2114 4183 Noe

533 4225 674 4280 scire
715 4235 893 4286 utrum
937 4233 1239 4286 cessassent
1288 4239 1440 4294 aqua:
1469 4222 1672 4287 diluvii,
1717 4221 1866 4281 misit
1911 4221 2114 4276 colum-

533 4317 678 4382 bam,
703 4331 822 4386 quzn
841 4331 1063 4393 vespere
1087 4330 1302 4370 reversa
1326 4313 1494 4370 estad
1515 4327 1639 4367 eum
1658 4321 1880 4384 portans
1905 4325 2110 4364 ramum

534 4407 691 4464 olivae
718 4408 1018 4464 virentibus
1048 4408 1190 4464 foliis
1236 4408 1289 4461 in
1321 4419 1415 4463 ore
1465 4402 1620 4475 (Gen.
1652 4402 1792 4473 vui).
1825 4401 1977 4456 Nunc
2017 4417 2112 4455 au-

533 4512 641 4560 tem
670 4503 942 4574 baptizato
968 4503 1216 4563 Domino,
1248 4515 1345 4556 suo
1369 4497 1689 4570 praecursori
1726 4496 1927 4568 apertis
1961 4496 2112 4550 caelis

531 4594 586 4648 in
614 4595 792 4665 specie
819 4593 1080 4647 columba:
1128 4591 1398 4661 apparuit.
1453 4588 1605 4644 Sicut
1658 4587 1802 4647 enim
1851 4601 1949 4658 per
1977 4584 2111 4638 dilu-

533 4685 678 4738 vium
735 4686 1058 4755 baptismum
1113 4685 1397 4754 figuratur,
1456 4681 1527 4734 ita
1563 4688 1616 4734 et
1660 4693 1757 4749 per
1786 4675 2110 4739 columbam,

534 4793 655 4847 qua:
685 4793 892 4831 ramum
926 4778 1078 4832 oliva:
1126 4777 1426 4831 virentibus
1454 4773 1596 4829 foliis
1646 4773 1696 4825 in
1723 4787 1816 4825 ore
1843 4769 1983 4833 tulit,
2015 4784 2114 4824 unc

534 4872 643 4926 ctio
667 4869 904 4940 Spiritus
930 4869 1100 4923 sancti
1133 4868 1472 4940 exprimitur,
1521 4881 1642 4937 qua:
1669 4863 1914 4919 fidelibus
1942 4861 1998 4918 in
2019 4860 2114 4916 ba-

534 4963 730 5034 ptismo
756 4963 1033 5026 tribuitur,
1059 4962 1124 5016 de
1152 4976 1254 5031 qua
1283 4977 1379 5032 per
1396 4958 1658 5015 Joannem
1686 4957 1884 5012 dicitur
1909 4972 1921 5008 :
1953 4971 1973 5005 ι
2004 4952 2114 5009 Un-

535 5038 643 5108 ctio
679 5051 794 5121 ejus
817 5052 973 5108 docet
1002 5066 1098 5109 vos
1137 5037 1206 5106 de
1231 5051 1482 5108 omnibus
1524 5049 1574 5121 (1
1603 5047 1763 5104 Joau.
1791 5055 1874 5117 it).
1913 5065 1931 5096 ι
1957 5043 2108 5114 Quod

535 5159 665 5200 vero
693 5158 823 5199 voce
841 5143 1088 5214 baptista:
1106 5143 1352 5199 subditur
1377 5161 1390 5200 :

610 5255 629 5284 ‹
677 5235 743 5290 Ει
767 5249 865 5306 ego
895 5236 1200 5291 nesciebam
1231 5250 1380 5298 eum,
1426 5253 1445 5286 ι
1479 5233 1557 5287 sic
1594 5228 1993 5300 intelligendum
2022 5235 2112 5282 est

537 5337 597 5383 ut
632 5343 791 5399 supra
839 5326 1107 5393 diximus,
1145 5325 1270 5396 quia
1329 5324 1395 5378 ad
1454 5318 1914 5390 comparationem
1967 5316 2107 5386 quod

536 5427 721 5490 postea
764 5417 1033 5495 cognovit,
1082 5431 1274 5486 parum
1316 5414 1465 5488 prius
1507 5411 1573 5466 de
1612 5409 1702 5463 illo
1739 5415 2108 5479 cognoverat:

537 5510 676 5565 unde
717 5516 922 5562 certum
971 5508 1181 5576 signum
1239 5500 1355 5570 ejus
1402 5497 1724 5570 cognitionis
1776 5499 1954 5562 datur,
1986 5511 2107 5550 cum

540 5601 872 5657 subiufertur
901 5619 913 5654 :
949 5620 966 5650 ι
1005 5599 1110 5654 Sed
1140 5598 1232 5667 qui
1275 5593 1425 5649 misit
1451 5607 1536 5646 me
1564 5591 1842 5662 baptizare
1873 5590 1924 5645 iu
1950 5603 2110 5659 aqua,

541 5715 559 5743 ο
593 5695 680 5749 ille
695 5696 822 5749 mihi
840 5695 972 5750 dixit
992 5712 1002 5746 :
1025 5693 1197 5760 Super
1212 5704 1372 5760 quem
1391 5687 1589 5742 videris
1611 5686 1868 5756 Spiritum
1894 5684 2117 5739 descen-

544 5802 560 5839 t
595 5784 810 5839 dentem
847 5795 897 5838 cl
953 5790 1254 5837 manentem
1294 5793 1453 5853 super
1486 5794 1628 5843 etun,
1659 5777 1744 5831 hic
1775 5787 1858 5832 est
1889 5777 1978 5846 qui
2025 5775 2118 5830 ba-

2138 4547 2190 4607 D

2223 579 2390 635 Pater
2435 581 2501 636 ad
2547 565 2975 652 cognoscendum
3021 565 3358 654 unigenitum
3405 565 3601 645 Filium
3644 565 3840 646 suum

2227 669 2332 726 tale
2360 671 2573 742 signum
2604 673 2735 728 dare
2756 673 2947 737 voluit,
2975 688 3098 728 cum
3137 674 3280 729 idem
3318 675 3488 732 Filius
3520 679 3839 748 discipulis

2224 761 2338 816 suis
2360 762 2709 830 repromittit,
2738 762 2924 818 dicens
2952 777 2966 816 :
3002 781 3020 813 ι
3054 763 3278 834 Rogabo
3299 763 3538 831 Patrem,
3559 776 3612 822 et
3635 768 3837 824 alium

2223 849 2553 920 paracletum
2621 851 2768 906 dabit
2813 851 2968 906 vobis
3023 860 3084 906 ut
3139 862 3358 908 maneat
3403 855 3689 910 vobiscum
3766 858 3834 912 in

2223 947 2504 1003 aeternum,
2549 940 2794 1012 spiritum
2845 940 3092 996 veritatis
3119 942 3210 1012 qui
3255 957 3288 996 a
3330 943 3490 999 Patre
3530 947 3830 1014 procedit,

2223 1046 2385 1102 quem
2417 1033 2649 1089 mundus
2697 1048 2806 1089 non
2842 1042 3023 1104 potest
3067 1034 3335 1106 accipere,
3376 1037 3503 1106 quia
3529 1051 3639 1092 non
3668 1038 3831 1093 vidit

2223 1137 2346 1178 eum
2373 1138 2473 1178 nec
2501 1123 2606 1178 scit
2632 1139 2786 1188 eum;
2820 1140 2917 1180 vos
2944 1133 3125 1179 autem
3140 1125 3479 1194 cognoscetis
3501 1141 3652 1192 eum,
3676 1128 3829 1196 quia

2225 1213 2368 1283 apud
2389 1229 2486 1270 vos
2511 1214 2771 1279 manebit,
2807 1223 2861 1270 et
2903 1216 2957 1270 in
2988 1215 3142 1271 vobis
3171 1216 3276 1271 erit
3306 1215 3486 1286 (han.
3514 1217 3648 1289 ιιι).
3691 1237 3713 1270 ι
3755 1217 3826 1273 Si

2224 1319 2352 1375 ergo
2372 1312 2427 1360 et
2453 1305 2506 1359 in
2533 1305 2810 1383 discipulis
2844 1315 3036 1371 manet,
3069 1304 3333 1376 Spiritus,
3376 1307 3504 1378 quid
3539 1323 3824 1379 maguum

2225 1396 2272 1450 si
2297 1411 2459 1466 super
2487 1396 2819 1466 unigenitum
2844 1395 3038 1451 Filium
3063 1396 3158 1451 Dei
3185 1398 3462 1453 descendit
3489 1407 3547 1452 et
3563 1398 3781 1452 mansit
3797 1397 3827 1450 ἲ

2227 1486 2333 1542 Sed
2361 1486 2535 1542 facilis
2565 1488 2632 1542 ad
2657 1487 2771 1542 haec
2801 1496 2950 1558 patet
2977 1488 3278 1557 responsio,
3309 1488 3433 1558 quia
3458 1488 3618 1542 aliter
3637 1503 3822 1543 accc-

2224 1586 2422 1648 perunt
2450 1577 2558 1642 illi,
2603 1585 2660 1632 et
2706 1577 2864 1633 aliter
2901 1578 3009 1633 ille.
3052 1578 3160 1634 Illis
3197 1579 3342 1634 enim
3393 1578 3461 1634 ad
3491 1593 3822 1641 mensuram

2227 1670 2386 1726 datus
2425 1679 2510 1725 est
2538 1667 2789 1741 Spiritus,
2823 1670 2879 1725 in
2907 1671 2998 1725 illo
3017 1679 3195 1725 autem
3221 1670 3430 1726 habitat
3457 1671 3636 1725 omnis
3686 1671 3817 1741 ple-

2228 1761 2417 1816 nitudo
2448 1760 2747 1817 divinitatis
2783 1761 3136 1832 corporaliter
3159 1752 3380 1832 (Calais.
3408 1761 3493 1834 ti).
3520 1761 3589 1816 Et
3627 1761 3710 1816 illi
3737 1777 3817 1817 ex

3267 1853 3355 1909 ille
3400 1868 3532 1908 vero
3576 1870 3646 1909 ex
3698 1868 3817 1925 quo

2222 1947 2576 2003 obumbrante
2623 1947 2828 2018 Spiritu
2893 1954 3082 2002 sancto
3118 1946 3261 2000 intra
3311 1953 3526 2001 uterum
3573 1945 3814 2016 virginis

2221 2045 2516 2107 conceptus
2534 2043 2637 2100 est,
2662 2035 2902 2104 ejusdem
2926 2036 3162 2105 Spiritus
3177 2035 3560 2106 plenitudinem
3589 2035 3808 2100 habuit,

2222 2127 2362 2182 sicut
2419 2141 2514 2196 per
2563 2124 2907 2181 Psalmistam
2953 2125 3154 2180 dicitur
3194 2141 3207 2178 :
3255 2143 3274 2175 ι
3323 2123 3489 2185 Ilnxit
3531 2133 3586 2179 te
3635 2123 3808 2189 Deus,

2220 2217 2362 2272 Deus
2395 2223 2519 2271 tuus
2547 2215 2668 2270 oleo
2716 2213 2916 2270 laetitia:
2962 2228 3078 2285 pra:
3109 2215 3453 2270 consortibus
3490 2215 3600 2270 tuis
3627 2213 3801 2283 (Paul.

2221 2309 2386 2381 χιιι).
2423 2327 2441 2360 ι
2469 2307 2764 2364 Possumus
2803 2317 2858 2364 et
2900 2308 3002 2364 hoc
3045 2308 3246 2373 dicere,
3279 2307 3406 2376 quia
3435 2307 3489 2362 in
3529 2306 3803 2362 mentibus

2217 2399 2455 2457 ﬁdelium
2497 2399 2640 2454 idem
2671 2398 2907 2470 Spiritus
2937 2400 3002 2454 ad
3033 2399 3234 2468 aliquid
3269 2412 3484 2469 semper
3513 2403 3719 2461 manet,
3743 2407 3796 2452 et

2217 2489 2284 2544 ad
2319 2488 2521 2560 aliquid
2569 2504 2886 2544 recessurus
2915 2488 3081 2542 venit.
3130 2486 3311 2542 Manet
3343 2487 3487 2546 enim
3511 2502 3638 2541 cum
3669 2487 3786 2541 illis.

2215 2580 2486 2646 utsobrie,
2516 2588 2571 2635 et
2587 2578 2755 2648 juste,
2785 2587 2841 2634 et
2865 2578 2952 2648 pie
2981 2565 3164 2632 vivant
3189 2577 3242 2631 in
3268 2577 3370 2633 hoc
3392 2577 3594 2632 saeculo
3620 2591 3782 2630 :rece-

2217 2673 2297 2727 dit
2332 2687 2464 2727 vero
2495 2673 2563 2727 ab
2594 2671 2722 2738 illis,
2766 2685 2834 2727 ne
2873 2687 3088 2742 semper
3113 2669 3422 2740 corporales
3453 2671 3686 2724 virtutes
3710 2667 3784 2722 fa-

2213 2759 2382 2816 ciant.
2416 2759 2483 2814 Et
2512 2759 2619 2815 illis
2661 2759 2877 2829 quidem
2913 2760 2988 2814 ita
3026 2759 3174 2814 venit
3203 2767 3263 2814 ut
3303 2759 3349 2813 si
3378 2773 3408 2812 a
3434 2759 3579 2814 bono
3602 2771 3792 2829 prepo-

2213 2851 2320 2906 sito
2365 2850 2696 2905 voluntatem
2748 2851 3108 2915 mutaverint,
3171 2850 3240 2904 ab
3282 2849 3386 2904 illis
3435 2849 3658 2905 recedat
3691 2863 3704 2900 :
3736 2849 3794 2901 in

2215 2945 2444 3002 Domino
2494 2953 2708 3010 autem,
2752 2959 2860 2999 non
2907 2959 2972 2998 ex
3020 2952 3262 3013 tempore
3313 2942 3567 3012 baptismi
3619 2941 3797 3010 major

2213 3037 2452 3107 ejusdem
2485 3035 2720 3108 Spiritus
2751 3037 2921 3108 gratia
2948 3049 3068 3112 esse
3093 3033 3292 3104 coepit;
3337 3033 3430 3089 sed
3467 3034 3519 3087 in
3549 3031 3667 3102 ejus
3693 3032 3796 3086 ba-

2213 3130 2412 3202 ptismo
2435 3129 2718 3184 visibiliter
2755 3127 3025 3198 apparuit,
3065 3135 3124 3180 ut
3155 3125 3452 3196 intelligant
3482 3123 3665 3179 ﬁdeles
3692 3138 3801 3194 per

2215 3222 2544 3293 baptismum
2571 3221 2810 3291 ejusdem
2859 3220 3094 3292 Spiritus
3133 3220 3304 3276 sancti
3343 3234 3400 3274 se
3427 3219 3561 3274 dona
3603 3221 3798 3288 perci-

2214 3327 2363 3384 pere.
2397 3311 2571 3380 Quam
2616 3313 2888 3368 veraciter
2920 3319 3104 3366 autem
3150 3318 3205 3366 et
3233 3311 3433 3380 absque
3456 3307 3565 3362 ulla
3588 3308 3796 3364 dubie-

2216 3415 2328 3462 tate
2353 3405 2620 3461 credenda
2665 3405 2796 3469 sint,
2827 3418 2948 3474 quae
2981 3403 3037 3458 in
3075 3403 3179 3458 hac
3213 3402 3442 3457 lectione
3462 3415 3798 3456 commemo-

2216 3502 2431 3560 rantur,
2456 3508 2761 3564 prazcursor
2788 3492 3000 3549 Domini
3023 3489 3374 3548 manifestare
3403 3490 3637 3557 curavit,
3660 3505 3792 3545 cum

2213 3584 2491 3654 subjunxit
2525 3602 2544 3638 ι
3793 3603 3796 3606 λ

2291 3693 2310 3727 ι
2355 3675 2424 3730 Et
2450 3689 2550 3746 ego
2575 3672 2683 3729 vidi
2728 3682 2784 3729 et
2833 3672 3202 3729 testimonium
3244 3671 3513 3742 perbibui.
3549 3670 3674 3740 quia
3699 3670 3799 3725 hic

2220 3788 2238 3821 ι
2274 3777 2356 3824 est
2377 3767 2543 3823 Filius
2573 3767 2688 3824 Dei.
2724 3787 2741 3818 ι
2775 3765 2877 3822 Ubi
2899 3764 3350 3821 considerandum
3376 3763 3504 3834 quia
3557 3753 3793 3818 ian-brevi

2213 3859 2446 3915 lectione
2472 3859 2702 3914 duorum
2732 3858 3107 3912 haereticorum
3134 3855 3383 3926 dogmata
3414 3855 3790 3916 destruuntur,

2214 3949 2493 4005 Manichtei
2536 3950 2744 4004 scilicet
2779 3958 2834 4004 et
2865 3947 3104 4011 Photini,
3152 3961 3379 4015 quorum
3407 3943 3796 4014 unus‘negavit

2213 4057 2340 4096 eum
2387 4041 2554 4096 fuisse
2603 4056 2789 4095 verum
2833 4039 3138 4102 hominem,
3178 4037 3316 4092 alter
3365 4051 3552 4090 verum
3598 4035 3789 4089 Deum.

2214 4134 2511 4189 Erubescat
2539 4147 2669 4203 ergo
2699 4131 3046 4196 Manichacus,
3091 4145 3211 4184 cum
3251 4128 3400 4183 audit
3437 4145 3450 4182 :
3487 4146 3506 4178 ‹
3550 4126 3679 4181 Post
3706 4140 3801 4179 me

2216 4225 2366 4280 venit
2392 4223 2494 4277 vir.
2535 4241 2553 4274 ι
2589 4222 2888 4276 Erubescat
2923 4229 2980 4275 et
3027 4218 3308 4283 Photinus,
3342 4233 3462 4272 cum
3491 4227 3802 4286 praecursor

2214 4315 2424 4371 Domini
2450 4315 2645 4369 clamat
2669 4329 2684 4368 :
2719 4330 2738 4364 ι
2767 4313 2880 4382 Ego
2897 4313 3029 4378 vidi,
3054 4321 3111 4366 et
3137 4305 3795 4378 testimoniumperhibui,

2215 4406 2341 4481 quia
2369 4405 2457 4461 hic
2480 4416 2564 4460 est
2594 4403 2764 4460 Filius
2793 4403 2908 4458 Dei.
2949 4422 2968 4454 ι
3018 4401 3254 4456 Audiant
3289 4415 3417 4470 ergo
3445 4396 3719 4453 mansueti
3740 4402 3799 4448 et

2218 4500 2487 4563 laetentur,
2517 4498 2806 4553 credentes
2852 4495 2970 4550 sine
3010 4493 3191 4557 dubio,
3221 4491 3344 4561 quia
3385 4491 3473 4544 hic
3507 4497 3591 4543 est
3624 4485 3802 4540 Filius

2217 4591 2471 4650 hominis,
2498 4589 2589 4658 qui
2629 4598 2689 4642 ut
2730 4589 2892 4643 homo
2932 4586 3234 4656 baptizatus
3258 4591 3362 4647 est,
3396 4581 3535 4636 idem
3569 4579 3682 4649 ipse
3711 4585 3798 4632 est

2216 4685 2386 4741 Filius
2407 4686 2523 4749 Dei,
2551 4693 2605 4740 et
2623 4681 2990 4739 confiteantur
3011 4696 3132 4736 cum
3160 4679 3324 4734 Petro
3348 4691 3362 4730 :
3395 4694 3413 4727 ι
3445 4674 3524 4728 Tu
3545 4688 3604 4730 es
3626 4670 3798 4726 Filius

2217 4775 2313 4832 Dei
2343 4775 2448 4830 vivi
2471 4772 2683 4835 (Matth.
2713 4773 2846 4842 xw).
2890 4792 2906 4823 ι

2771 4925 3052 4983 HOMILIA
3093 4923 3252 4979 XVII.

2505 5078 2761 5118 DOHISICA
2800 5077 2960 5116 PRIIA
3001 5075 3132 5114 POS'I'
3170 5070 3510 5112 ΕΡΙΡΙΙΛΝΙΑΠ.

2287 5216 2438 5287 (Luc.
2468 5218 2550 5288 ιι).
2583 5237 2600 5265 ι
2635 5216 2691 5270 ln
2719 5215 2808 5270 illo
2839 5224 3102 5284 tempore,
3129 5227 3252 5266 cum
3283 5210 3454 5264 factus
3478 5213 3624 5262 esset
3640 5203 3800 5261 Jesus

2223 5330 2242 5363 ι
2279 5326 2543 5366 annorum
2591 5308 2904 5372 duodecim,
2952 5305 3372 5361 ascendentibus
3402 5301 3507 5356 illis
3542 5299 3800 5354 Hieroso-

2223 5423 2241 5455 ι
2280 5403 2498 5475 lymam,
2527 5421 2545 5454 ι
2571 5410 2624 5455 ct
2655 5400 2882 5469 reliqua.
2913 5397 3328 5453 Ratiouabiliter
3354 5391 3593 5463 magistri
3621 5387 3800 5444 eccle—

2219 5493 2451 5549 siastica:
2478 5490 2832 5546 institutionis
2856 5499 2912 5545 et
2939 5489 3133 5545 divinae
3172 5487 3465 5556 Scriptura:
3491 5480 3801 5541 traditorcs,

2222 5583 2421 5639 Lucam
2449 5582 2832 5653 evangclistam
2857 5582 2997 5637 inter
3025 5589 3256 5650 quatuor
3291 5573 3542 5631 animalia
3565 5571 3802 5643 speciem

2223 5675 2372 5729 vituli
2405 5685 2588 5730 tenere
2616 5673 2944 5738 describunt,
2973 5672 3111 5726 sicut
3141 5671 3192 5724 in
3216 5665 3464 5722 Ezechiel
3499 5673 3553 5719 ct
3585 5663 3636 5717 in
3664 5658 3806 5728 Apo—

2227 5767 2428 5838 calypsi
2491 5765 2714 5821 Joannis
2759 5765 3006 5819 habetur.
3036 5761 3298 5828 Quoniam
3339 5758 3476 5814 sicut
3508 5752 3711 5809 vitulus
3753 5749 3805 5803 in
