4038 6352
203 399 295 455 {2!

1403 395 1704 456 ΗΟΜΙΜᾹΞ
1747 394 1834 450 DE
1875 395 2216 454 TEMPORE.

3362 405 3464 458 lii

202 512 405 584 templo
434 512 654 570 Domini
700 512 752 567 in
796 511 1064 568 sacrificio
1110 527 1140 565 a
1181 511 1552 566 sacerdotibus
1579 509 1776 564 oll'ere-
1807 510 1855 568 Δ
1883 505 2238 572 humanitate,
2271 507 2362 577 qui
2402 508 2604 563 nullum
2645 518 2854 580 tempus
2884 510 3046 566 habet
3074 511 3128 566 in
3158 511 3456 572 divinitate.

200 608 380 670 batur,
411 607 485 659 ita
508 606 617 670 ille,
636 619 747 674 prae
771 605 981 659 caeteris
1009 603 1378 671 evangelistis,
1404 601 1687 672 specialius
1712 615 1776 654 ea

201 713 318 766 qua:
348 697 617 750 Dominus
659 696 713 749 in
745 695 943 764 templo
981 694 1061 748 vel
1105 694 1246 748 circa
1289 692 1545 762 templum
1591 690 1777 762 gessit,

201 799 639 840 commemorare
699 785 926 839 curavit.
978 784 1054 838 De
1110 784 1304 854 quibus
1357 783 1636 836 exordium
1697 779 1780 834 sui

203 879 482 947 Evangelii
514 895 544 932 a
576 877 836 932 Zacharia
882 877 1161 932 sacerdote
1197 874 1380 944 erepit,
1413 874 1597 929 dicens
1652 869 1782 941 (Ipsi.

197 967 338 1020 enim
395 967 717 1032 sacerdotes
764 966 816 1019 in
867 966 954 1019 die
997 963 1350 1019 ordinationis
1397 979 1508 1017 suae
1553 960 1778 1015 vitulum

197 1054 523 1126 offerebant)
555 1074 568 1110 :
606 1076 624 1106 ι
667 1055 789 1110 Fuit
816 1057 866 1110 in
907 1056 1098 1111 diebus
1135 1055 1362 1109 Herodis
1408 1054 1552 1124 regis
1583 1051 1780 1107 Iudaea:

198 1146 453 1200 sacerdos
488 1147 708 1215 quidam
736 1146 950 1200 nomine
995 1145 1285 1200 Zacharias
1304 1145 1373 1200 de
1399 1145 1517 1200 vice
1546 1144 1700 1206 Abia,
1724 1151 1782 1206 et

198 1251 333 1290 uxor
383 1237 537 1293 illius
583 1239 648 1293 de
689 1237 905 1295 ﬁliabus
940 1236 1136 1291 Aaron.
1175 1237 1243 1291 Et
1281 1237 1480 1291 factum
1509 1242 1614 1300 est,
1655 1248 1777 1288 cum

198 1325 508 1381 sacerdotio
582 1325 898 1402 fungeretur
951 1326 1006 1380 in
1058 1326 1247 1380 ordine
1293 1324 1427 1380 vicis
1485 1338 1595 1378 sua:
1651 1330 1784 1386 ante

197 1411 386 1478 Deum,
441 1415 740 1470 secundum
788 1417 1228 1470 consuetudinem
1280 1405 1586 1477 sacerdotii,
1631 1421 1777 1468 sorte

195 1503 324 1558 exiit
370 1513 433 1557 ut
490 1505 773 1560 incensum
816 1514 1061 1575 poneret,
1110 1505 1385 1575 ingressus
1413 1504 1467 1558 in
1515 1501 1775 1572 templum

195 1592 427 1648 Domini.
481 1613 502 1647 ι
547 1595 677 1652 Post
702 1581 816 1651 htec
872 1594 1091 1650 Mariam
1131 1594 1397 1666 virginem
1451 1593 1506 1648 in
1557 1593 1774 1648 domum

193 1685 434 1753 ejusdem
470 1690 769 1746 sacerdotis
792 1691 1024 1754 venisse,
1051 1690 1330 1759 tribusque
1356 1688 1632 1744 mensibus
1652 1677 1782 1742 eam

193 1775 331 1845 apud
381 1786 677 1848 cognatam
729 1793 882 1832 suam
947 1777 1222 1832 Elizabeth
1271 1777 1538 1831 mansisse
1582 1774 1780 1830 refert.

1881 595 2108 653 Pulchre
2135 613 2266 669 ergo
2301 598 2662 654 duodenarius
2692 600 2984 668 Dominus,
3015 603 3320 659 rudimenta
3349 621 3460 660 sua:

1880 686 2119 742 infantia:
2143 689 2453 743 sacerdotes
2497 689 2836 760 interrogans
2864 694 3032 748 voluit
3060 695 3463 762 demonstrare,

1880 786 1940 832 ut
1983 779 2084 834 hoc
2113 795 2336 834 numero
2363 779 2682 850 mysterium
2713 782 3021 850 apostolica:
3062 785 3462 854 prmdicationis

1879 870 2266 940 praetiguraret,
2308 879 2364 925 et
2400 871 2644 925 notitiam
2675 887 2786 926 suae
2813 873 3110 930 divinitatis
3147 877 3346 933 mundo
3377 878 3460 932 in-

1880 969 2201 1016 notesceret.
2263 959 2632 1015 Dnodenarius
2689 961 2833 1016 enim
2880 978 3136 1020 numerus
3185 965 3458 1036 perfectus

1879 1060 1984 1118 est,
2030 1061 2086 1107 et
2109 1053 2162 1106 in
2190 1053 2303 1107 suis
2339 1054 2582 1123 partibus
2604 1053 2830 1121 divisus,
2872 1056 3254 1125 perfectionem
3288 1059 3456 1129 signi-

1879 1141 2025 1198 ﬁcat.
2070 1144 2333 1199 Dividitur
2363 1145 2504 1202 enim
2534 1146 2587 1200 in
2617 1145 2784 1200 ternis
2835 1151 3112 1216 quaternis
3145 1159 3198 1203 et
3237 1161 3455 1220 quater-

1877 1234 1963 1289 nis
1991 1234 2177 1290 ternis.
2222 1234 2346 1290 Sive
2389 1234 2532 1290 enim
2557 1236 2659 1290 tria
2706 1236 2758 1290 in
2785 1244 3035 1305 quatuor,
3085 1239 3197 1293 sive
3225 1249 3458 1308 quatuor

1877 1325 1932 1380 in
1981 1325 2085 1380 tria
2133 1326 2336 1391 ducas,
2397 1327 2786 1383 duodenarium
2827 1345 3112 1384 numerum
3159 1333 3451 1408 complent.

1877 1413 2011 1470 Nam
2053 1416 2190 1471 idem
2223 1433 2480 1473 numerus
2504 1435 2570 1474 ex
2619 1417 2912 1490 septenarii
2960 1421 3169 1475 numeri
3216 1425 3456 1492 partibus

1877 1513 2110 1573 constat,
2148 1506 2356 1562 scilicet
2384 1523 2450 1562 ex
2499 1509 2676 1578 primo
2723 1510 2836 1579 pari
2869 1517 2922 1565 et
2953 1511 3126 1580 primo
3150 1509 3363 1582 impari,
3403 1514 3455 1568 id

1875 1606 1981 1663 est,
2009 1612 2075 1652 ex
2103 1598 2276 1653 tribus
2303 1606 2358 1654 et
2393 1608 2640 1668 quatuor.
2687 1600 2888 1656 Et'tres
2917 1602 3130 1671 quidem
3161 1605 3226 1658 ad
3267 1603 3456 1657 indivi-

1876 1686 2036 1742 duam
2048 1687 2365 1764 Trinitatem
2383 1690 2677 1758 pertinent,
2695 1697 2930 1760 quatuor
2949 1691 3014 1745 ad
3039 1701 3268 1761 quatuor
3287 1693 3454 1749 libros

1877 1781 2049 1837 sancti
2084 1780 2380 1852 Evangelii.
2411 1781 2632 1853 Septem
2678 1798 2809 1838 vero
2835 1783 3218 1852 plenitudinem
3250 1793 3454 1857 tempo-

193 1865 485 1922 Dominum
526 1884 738 1939 quoque
780 1885 885 1924 non
932 1869 1106 1924 solum
1148 1879 1340 1925 octava
1377 1869 1465 1925 die
1494 1867 1778 1923 circumci-
1807 1860 1852 1921 Β
1883 1873 1957 1927 ris
1989 1872 2400 1938 demonstrant,
2459 1873 2584 1942 quia
2613 1873 2915 1942 praesentis
2950 1873 3072 1928 vita:
3118 1889 3310 1929 cursus
3357 1891 3455 1944 per

191 1975 332 2025 sum,
363 1961 465 2016 sed
499 1962 660 2016 etiam
690 1963 961 2017 tricesima
996 1963 1153 2018 tertia
1187 1963 1241 2017 in
1294 1961 1492 2032 templo
1531 1953 1778 2032 praesen-4

190 2061 358 2106 tatum
407 2062 618 2119 narrat,
668 2064 828 2125 atque
880 2071 980 2124 pro
1023 2069 1088 2110 eo
1125 2069 1348 2110 munera
1389 2054 1590 2120 oblata,
1646 2062 1702 2108 et
1739 2067 1774 2122 a_

187 2139 448 2199 Simeone
494 2145 752 2214 propheta
785 2155 1092 2216 susceptum
1121 2154 1176 2201 et
1213 2146 1556 2201 benedictum
1583 2145 1767 2200 fuisse.

185 2227 578 2303 Genealogiam
630 2249 758 2289 vero
803 2233 1102 2290 Salvatoris
1151 2251 1257 2290 non
1301 2251 1397 2306 per
1426 2221 1777 2290 Salomonem'

184 2332 396 2390 regem,
431 2323 528 2376 sed
559 2338 657 2392 per
707 2322 919 2378 Nathan
964 2325 1283 2394 prophetam
1321 2340 1384 2380 ac
1434 2325 1776 2386 sacerdotem,

182 2406 356 2463 ﬁlium
386 2411 560 2466 David
585 2412 896 2503 deducit..ln
921 2414 1171 2482 praesenti
1191 2428 1320 2482 ergo
1337 2413 1565 2468 lectione
1586 2414 1772 2490 Salva:

183 2508 358 2553 torem
414 2516 541 2555 cum
584 2502 946 2558 duodenarius
986 2511 1150 2569 esset,
1191 2519 1314 2558 eum
1360 2504 1671 2574 parentibus
1703 2505 1771 2560 ad

187 2591 448 2662 templum
485 2595 719 2659 venisse,
752 2604 805 2650 et
836 2595 942 2650 illis
975 2597 1360 2661 nescientibus,
1392 2597 1444 2650 in
1471 2611 1535 2652 co
1560 2612 1773 2652 reman-

186 2683 320 2739 sisse
346 2685 627 2740 describit.
653 2670 788 2740 Nam
819 2697 868 2742 et
901 2688 953 2740 in
981 2688 1089 2741 fine
1129 2689 1403 2760 Evangelii
1429 2691 1512 2745 sui
1535 2690 1770 2745 ostendit

188 2776 475 2832 Dominum
499 2776 684 2833 Iesum
709 2778 1009 2846 Christum,
1031 2780 1186 2849 quasi
1215 2796 1402 2836 verum
1432 2782 1765 2836 sacerdotem

189 2869 480 2938 discipulos
526 2869 932 2925 benedicentem
976 2871 1031 2926 in
1081 2871 1275 2926 emlum
1318 2873 1645 2936 ascendisse,
1684 2873 1765 2927 di-

189 2973 314 3014 cens
356 2977 371 3013 :
417 2960 653 3015 Elevatis
692 2960 942 3016 manibus
975 2960 1106 3023 suis,
1138 2961 1414 3017 benedixit
1453 2963 1551 3017 eis.
1583 2961 1651 3016 Et
1678 2960 1762 3016 fa-

190 3057 333 3107 ctum
379 3060 465 3107 est
505 3052 630 3107 dum
671 3053 1013 3108 benediceret
1050 3053 1174 3117 illis,
1209 3055 1434 3109 recessit
1460 3054 1526 3108 ab
1559 3055 1664 3119 eis,
1708 3063 1764 3108 et

192 3139 460 3196 ferebatur
486 3143 536 3197 in
563 3143 758 3198 caelum
778 3183 794 3209 ,
815 3151 870 3198 et
903 3143 1004 3214 ipsi
1041 3145 1346 3210 adorantes,
1380 3145 1611 3216 regressi
1636 3154 1762 3199 sunt

1877 1971 2082 2033 septem
2115 1962 2230 2017 dies
2254 1962 2506 2018 volvitur.
2538 1962 2832 2018 Duodecim
2855 1960 3067 2035 quoque
3090 1965 3156 2020 ad
3185 1965 3454 2020 duodena~

1873 2051 2012 2106 rium
2056 2067 2340 2106 numerum
2372 2052 2760 2122 apostolorum,
2815 2052 2899 2107 vel
2939 2055 3005 2108 ad
3033 2054 3309 2109 duodecim
3334 2057 3452 2126 ‘pa-

1873 2144 2161 2198 triarcbas.
2193 2143 2328 2212 Quia
2365 2159 2493 2214 ergo
2535 2143 2605 2198 ad
2648 2141 2808 2199 fidem
2850 2154 3050 2199 sanctae
3085 2143 3371 2200 Trinitatis‘
3397 2139 3469 2200 et.

1872 2234 2168 2290 doctrinam
2213 2243 2446 2306 quatuor
2493 2235 2914 2306 evangeliorum,
2965 2250 3066 2306 per
3109 2237 3450 2306 praedicatio-

1870 2339 1992 2380 nem
2015 2323 2296 2379 duodecim
2325 2324 2688 2394 apostolorum
2717 2325 2917 2379 mundo
2940 2325 3284 2380 nuntiaturus
3312 2333 3450 2390 erat,

1873 2422 2018 2468 recte
2045 2414 2405 2469 duodenarius
2448 2414 2501 2467 in
2526 2413 2782 2482 templum
2805 2415 3066 2468 ascendit.
3253 2427 3256 2430 '

1945 2520 1967 2554 ι
2002 2502 2508 2571 Consummatisque
2534 2501 2754 2568 diebus,
2799 2517 2920 2557 cum
2950 2502 3208 2567 redirent,
3236 2517 3448 2557 reman-

1875 2609 1894 2644 ‹
1939 2592 2010 2647 sit
2031 2608 2166 2662 puer
2190 2591 2347 2648 Iesus
2393 2592 2446 2646 in
2489 2589 2809 2657 Jerusalem,
2850 2600 2904 2646 et
2947 2608 3051 2647 non
3087 2601 3454 2664 cognoverunt

1876 2698 1896 2732 ι
1939 2689 2192 2751 parentes
2219 2680 2354 2749 ejus.
2391 2700 2408 2733 ι
2457 2679 2619 2735 Forte
2668 2690 2848 2736 movet
2882 2681 3134 2752 aliquem,
3183 2685 3453 2752 quomodo

1866 2769 2024 2826 Iesus
2068 2780 2215 2826 tanta
2249 2772 2525 2842 diligentia
2553 2787 2582 2824 a
2611 2772 2926 2841 parentibus
2965 2774 3221 2840 nutritus,
3251 2775 3450 2845 quippe

1867 2878 2027 2933 quem
2057 2863 2250 2916 Filium
2279 2852 2372 2917 Dei
2399 2877 2522 2918 esse
2563 2878 2668 2917 non
2701 2861 3040 2926 dubitabant,
3073 2863 3177 2918 illis
3204 2866 3450 2920 nescien-

1869 2954 2010 3009 tibus
2032 2954 2085 3008 in
2109 2952 2408 3009 Jerusalem
2439 2953 2673 3022 potuerit
2700 2969 2979 3008 remanere
3034 2953 3142 3009 Sed
3165 2955 3446 3012 sciendum

1867 3053 1952 3101 est
1986 3045 2111 3115 quia
2139 3045 2261 3109 hoc,
2300 3053 2526 3113 excepto
2557 3043 2738 3102 divino
2762 3044 3040 3114 mysterio,
3075 3059 3182 3099 non
3209 3061 3276 3099 ex
3300 3046 3450 3115 igna-

1865 3135 1950 3190 via
1975 3144 2280 3207 parentum,
2311 3135 2403 3189 sed
2424 3151 2490 3188 ex
2517 3135 2905 3189 consuetudine
2935 3135 3114 3204 potius
3139 3134 3446 3192 Iudaeorum

195 3231 247 3286 in
277 3231 569 3290 Jerusalem
590 3251 711 3290 cum
747 3236 940 3307 gaudio
967 3253 1179 3308 magno,
1207 3246 1260 3291 ει
1281 3215 1679 3307 θτειηίεειηρειι
1707 3238 1759 3292 in
1790 3215 1836 3278 C
1865 3226 2109 3296 contigit.
2149 3225 2490 3280 Consuetudo
2524 3226 2667 3280 enim
2711 3234 2829 3280 erat
2892 3225 3106 3281 illorum
3162 3236 3222 3281 ut
3260 3243 3450 3284 ascen-

197 3321 394 3388 templo
417 3322 687 3385 laudantes
710 3335 766 3380 et
789 3326 1168 3382 benedicentes
1207 3327 1395 3382 Deum.
1425 3328 1638 3394 Quanto
1660 3344 1759 3382 au-

203 3417 308 3466 tem
355 3413 524 3469 studio
563 3428 806 3486 parentes
848 3417 1144 3475 Salvatoris
1185 3419 1357 3490 legem
1385 3421 1757 3484 observarent.

197 3500 305 3556 cito
320 3507 702 3581 cognoscimus,
718 3509 761 3563 si
785 3508 944 3578 hujus
957 3509 1230 3583 Evangelii
1254 3510 1532 3581 superiora
1547 3525 1763 3580 parum-

195 3605 288 3660 per
314 3595 665 3652 attendamus.
691 3597 780 3653 Ait
807 3600 949 3654 enim
977 3600 1318 3672 Evangelista
1349 3618 1361 3654 :

263 3702 280 3732 ι
327 3683 392 3737 Ει
420 3685 568 3740 ibant
596 3698 847 3756 parentes
877 3689 1005 3744 Iesu
1046 3707 1142 3760 per
1171 3706 1359 3746 omnes
1379 3706 1552 3746 annos
1583 3691 1636 3744 in
1664 3689 1754 3745 Ie-

201 3791 216 3822 ‹
251 3775 474 3831 rusalem
517 3778 569 3832 in
609 3780 694 3834 die
743 3780 965 3838 solemni
1010 3784 1242 3852 paschae.
1287 3801 1306 3833 ›
1350 3782 1455 3838 Sed
1499 3782 1756 3837 Dominus

198 3879 286 3918 non
313 3867 482 3922 solum
525 3869 693 3940 legem
720 3871 888 3926 voluit
923 3874 1236 3938 observare,
1269 3889 1428 3944 quam
1459 3888 1565 3927 non
1592 3889 1754 3928 vene-

204 3967 270 4011 rat
319 3961 551 4027 solvere,
601 3965 692 4018 sed
733 3965 1046 4035 adimplere,
1093 3967 1187 4021 sed
1221 3967 1384 4020 etiam
1432 3965 1566 4019 tales
1591 3959 1754 4035 elegit

198 4060 449 4116 parentes,
479 4053 570 4122 qui
601 4053 736 4125 legis
770 4064 954 4110 essent
978 4057 1374 4112 observatores.
1415 4055 1754 4124 Prmceperat

196 4139 321 4195 enim
366 4143 483 4214 ipse
514 4146 566 4200 in
608 4145 724 4217 lege
763 4156 822 4201 ut
870 4155 951 4202 ter
992 4149 1046 4202 in
1091 4164 1236 4203 anno
1271 4149 1555 4219 appareret
1591 4161 1751 4201 omne

197 4233 535 4289 masculinum
589 4251 776 4291 eorum
821 4252 1004 4292 coram
1051 4238 1301 4302 Domino,
1343 4239 1396 4292 in
1433 4237 1551 4294 loco
1587 4252 1746 4306 quem

195 4319 407 4392 elegerat
443 4327 603 4383 Deus.
632 4325 736 4383 Ubi
779 4337 1004 4400 apparet
1041 4345 1164 4384 cum
1194 4338 1397 4400 quanto
1426 4328 1605 4383 studio
1635 4343 1750 4381 ma-

189 4407 292 4478 Ῑοη
335 4429 602 4488 praecepta
646 4418 781 4490 legis
827 4421 1206 4484 observabant,
1255 4421 1347 4490 qui
1392 4435 1492 4474 nec
1537 4419 1745 4473 minora

194 4512 673 4574 pretermittebant.
739 4512 1082 4568 Consuetudo
1138 4527 1370 4582 namque
1435 4510 1740 4567 Iudaeorum

194 4605 315 4662 erat,
339 4611 391 4656 ut
417 4617 516 4672 per
535 4618 723 4658 omnes
755 4619 927 4660 annos
952 4604 1303 4659 ascenderent
1345 4604 1400 4658 in
1441 4602 1743 4660 Ierusalem

193 4684 266 4751 (ut
292 4690 541 4764 diximus)
565 4693 850 4750 Dominum
881 4695 1177 4759 adoraturi,
1199 4678 1496 4751 etmunera
1529 4695 1578 4750 ei
1600 4683 1746 4751 obla-

194 4775 304 4843 turi,
328 4783 393 4837 ob
423 4785 852 4840 recordationem
894 4785 1101 4841 scilicet
1141 4786 1468 4856 egressionis
1507 4787 1574 4842 de
1601 4794 1745 4841 terra

192 4863 387 4939 Egypti
423 4882 479 4927 et
512 4874 931 4928 immolationem
973 4875 1116 4945 agni.
1156 4874 1586 4930 Ascendcntibus
1615 4888 1744 4945 ergo

189 4955 320 5026 juxta
373 4965 518 5019 hanc
557 4966 997 5022 consuetudinem
1047 4954 1358 5035 parentibus
1404 4966 1615 5023 Domini
1676 4966 1742 5019 ad

193 5053 489 5121 orationem,
515 5071 638 5112 cum
668 5055 842 5113 factus
879 5065 1021 5113 esset
1055 5055 1210 5112 Iesus
1256 5053 1518 5112 annorum
1545 5055 1746 5112 duode-

194 5137 306 5207 cim,
332 5147 575 5202 ascendit
601 5162 724 5202 cum
748 5147 872 5202 illis.
911 5147 1016 5202 Sed
1047 5163 1169 5203 cum
1199 5147 1354 5202 audis
1386 5147 1606 5211 factum,
1635 5146 1742 5200 noli

193 5228 418 5292 dubitare
459 5235 742 5294 factorem.
778 5238 978 5293 Factus
1007 5249 1089 5294 est
1114 5238 1256 5294 enim
1280 5239 1333 5292 in
1367 5237 1536 5291 forma
1578 5237 1742 5303 servi,

193 5320 270 5386 Qui
295 5325 471 5380 omnia
496 5326 699 5382 fecerat
729 5327 781 5381 in
812 5327 980 5382 forma
1011 5327 1124 5390 Dei,
1157 5328 1297 5382 sicut
1331 5329 1586 5395 scriptum
1617 5333 1700 5380 est
1725 5345 1738 5379 :

197 5422 216 5459 ί
243 5409 418 5470 Omnia
443 5433 540 5487 per
567 5417 739 5486 ipsum
768 5417 906 5472 facta
936 5427 1058 5472 sunt
1084 5418 1266 5487 (Joan.
1299 5417 1360 5487 l).
1399 5437 1416 5467 ι
1445 5417 1518 5472 De
1540 5431 1648 5486 quo
1666 5417 1744 5471 ait

192 5494 455 5568 Apostolus
482 5523 495 5560 :
526 5526 545 5558 ‹
578 5507 773 5562 Factus
797 5515 880 5561 est
907 5521 974 5560 ex
1003 5506 1206 5561 semine
1249 5507 1416 5560 David
1445 5507 1738 5561 secundum

193 5601 384 5650 carnem
419 5597 595 5668 (Rom.
626 5597 688 5670 ι).
727 5617 745 5649 ι
791 5597 859 5652 Ει
888 5596 968 5664 (υι
999 5596 1070 5650 ita
1095 5595 1290 5667 dicam)
1338 5595 1511 5651 factus
1539 5606 1622 5651 est
1641 5597 1738 5667 ‘qni

193 5695 358 5743 cuncta
385 5691 620 5758 fecerat,
666 5699 726 5745 ut
761 5690 849 5746 ille
878 5691 1227 5751 inveniretur,
1256 5688 1346 5758 qui
1379 5691 1518 5744 bene
1567 5690 1740 5748 factus

194 5775 312 5832 male
339 5771 590 5852 perierat.
633 5783 884 5840 Ascendit
922 5783 1115 5855 quippe
1167 5782 1482 5840 duodecimo
1511 5799 1651 5840 anno
1685 5784 1735 5839 in

1865 3317 2054 3372 dentes
2079 3317 2131 3370 in
2167 3319 2423 3386 templum
2459 3317 2667 3372 Domini
2693 3317 2758 3372 ad
2787 3317 3165 3372 celebrandum
3192 3319 3464 3374 solemni-~

1864 3411 2052 3469 tatem,
2102 3417 2345 3457 seorsum
2376 3403 2479 3456 viri
2509 3404 2705 3457 choros
2736 3405 3028 3468 ducerent,
3083 3421 3325 3461 seorsum
3368 3408 3447 3462 fe-

1862 3493 2062 3557 minae,
2128 3499 2348 3562 propter
2408 3492 2726 3546 munditiam
2777 3493 3082 3560 castitatis:
3123 3495 3277 3562 pueri
3315 3510 3448 3550 vero

1861 3584 2086 3638 minoris
2113 3583 2288 3638 aetatis
2333 3582 2604 3637 licentiam
2636 3583 2922 3648 haberent,
2962 3598 3084 3638 cum
3117 3599 3222 3653 quo
3249 3585 3444 3640 vellent

1860 3675 1938 3730 ire
1963 3680 2243 3742 parentes,
2277 3671 2392 3728 sive
2440 3686 2562 3726 cum
2589 3681 2774 3742 patre,
2819 3673 2932 3728 sive
2959 3688 3082 3727 cum
3113 3683 3307 3729 matre.
3367 3675 3444 3730 Ex

1858 3767 1959 3822 hac
1984 3782 2113 3838 ergo
2139 3765 2527 3820 consuetudine
2555 3765 2751 3820 accidit
2785 3773 2866 3830 ut,
2919 3765 3025 3820 illis
3054 3766 3438 3834 nescientibus,

1856 3876 1990 3932 puer
2016 3858 2172 3915 Iesus
2209 3860 2261 3914 in
2289 3859 2588 3915 Ierusalem
2632 3860 3002 3921 remansisset,
3037 3859 3294 3928 quoniam
3323 3857 3439 3912 Ma-

1857 3953 1935 4006 ria
1983 3952 2206 4022 putabat
2232 3965 2353 4004 eum
2401 3965 2518 4005 esse
2550 3965 2671 4004 cum
2703 3949 2932 4018 Ioseph,
2981 3956 3036 4002 et
3063 3947 3262 4019 Ioseph
3289 3948 3437 4002 aesti-

1855 4045 2038 4100 mabat
2082 4043 2224 4115 quod
2267 4050 2410 4097 esset
2437 4057 2559 4096 cum
2589 4040 2775 4095 Maria.
2810 4041 2876 4094 Et
2905 4041 3009 4095 hoc
3039 4049 3122 4095 est
3146 4039 3287 4110 quod
3311 4037 3440 4094 sub:

1854 4136 1986 4191 didit
2587 4141 2593 4148 ‘
3447 4129 3450 4133 '

1929 4245 1948 4277 ι
1993 4226 2380 4281 Existimantes
2405 4232 2583 4280 autem
2610 4224 2757 4278 illum
2786 4239 2906 4278 esse
2940 4222 2993 4277 in
3025 4222 3309 4287 comitatu,
3340 4239 3437 4278 vc-

1858 4337 1877 4372 ‹
1921 4329 2117 4375 nerunt
2141 4320 2244 4375 iter
2269 4319 2394 4383 diei,
2423 4319 2839 4388 etrequirebant
2862 4334 2983 4373 eum
3009 4319 3148 4374 inter
3170 4327 3434 4388 cognatos

1854 4431 1872 4463 ‹
1909 4423 1964 4466 et
2010 4421 2183 4466 notos.
2232 4431 2250 4464 ι
2304 4409 2436 4464 Nam
2466 4420 2722 4479 quantum
2782 4410 2980 4464 amoris
3015 4409 3266 4466 affectum
3306 4425 3431 4479 erga

1852 4502 1999 4556 illum
2029 4501 2315 4567 haberent,
2347 4499 2743 4566 manifestatur,
2776 4517 2898 4556 cum
2931 4501 3181 4556 subditur
3211 4515 3226 4551 :

1931 4609 1947 4640 ι
1982 4591 2050 4644 Ει
2075 4605 2182 4646 non
2212 4591 2543 4646 invenientes
2563 4632 2578 4656 ,
2609 4591 2842 4661 regressi
2873 4597 2999 4644 sunt
3035 4590 3087 4641 in
3108 4586 3428 4654 Ierusalem,

1855 4700 1874 4734 r
1916 4684 2254 4752 requirentes
2278 4699 2422 4738 eum.
2470 4682 2536 4736 Et
2567 4682 2767 4736 factum
2793 4688 2876 4734 est
2901 4686 3022 4748 post
3063 4677 3321 4743 triduum,
3350 4679 3431 4734 inv

1855 4791 1875 4824 ι
1914 4783 2174 4828 venerunt
2202 4774 2349 4828 illum
2376 4775 2429 4828 in
2458 4774 2674 4842 templo.
2711 4791 2729 4821 ι
2787 4771 2899 4824 Non
2933 4778 3086 4824 vacat
3115 4787 3145 4824 a
3175 4774 3431 4842 mysterio

1849 4867 1992 4934 quod
2021 4865 2278 4918 Dominus
2303 4872 2424 4932 post
2459 4863 2692 4916 triduum
2722 4878 2751 4914 a
2780 4862 3092 4932 parentibus
3134 4863 3187 4917 in
3233 4865 3430 4933 templo

1851 4960 2136 5028 reperitur.
2165 4958 2290 5012 Tria
2323 4958 2467 5012 enim
2497 4965 2622 5011 sunt
2651 4967 2914 5026 tempora,
2955 4965 3080 5012 ante
3106 4957 3298 5028 legem,
3327 4959 3427 5014 sub

1848 5050 1965 5122 lege
2001 5058 2058 5104 et
2105 5049 2202 5105 sub
2254 5049 2444 5122 gratia.
2490 5047 2592 5115 Qui
2636 5062 2765 5116 ergo
2818 5063 2925 5101 non
2956 5055 3081 5102 ante
3104 5047 3299 5118 legem,
3328 5063 3430 5103 nec

1849 5144 1948 5199 sub
1989 5142 2125 5214 lege,
2175 5141 2269 5197 sed
2317 5141 2415 5196 sub
2446 5140 2616 5211 gratia
2643 5142 2844 5194 mundo
2880 5133 3106 5194 visibilis
3155 5139 3426 5209 apparuit,

1849 5245 1994 5291 recte
2023 5245 2148 5307 post
2194 5235 2428 5288 triduum
2460 5242 2705 5302 repertus
2748 5233 2801 5286 in
2843 5232 3043 5303 templo
3072 5240 3423 5287 memoratur.

1849 5327 1974 5382 Sive
2001 5342 2128 5396 ergo
2156 5334 2276 5396 post
2307 5325 2543 5378 triduum
2574 5324 2628 5378 in
2656 5323 2854 5394 templo
2884 5323 3108 5394 reperiri
3136 5322 3325 5388 voluit,
3368 5329 3429 5374 ut

1847 5419 2156 5473 ostenderet
2176 5415 2299 5485 quia
2328 5415 2401 5469 illi
2429 5415 2495 5468 ad
2520 5414 2636 5485 ejus
2656 5414 2914 5469 visionem
2943 5426 3069 5467 sunt
3091 5411 3420 5482 perventuri,
3445 5475 3448 5480 _

1847 5508 1937 5578 qui
1967 5507 2124 5563 fidem
2151 5546 2166 5571 ,
2202 5521 2352 5574 spem
2399 5513 2454 5558 et
2483 5505 2802 5559 eharitatem
2850 5501 3087 5573 perfecte
3116 5501 3336 5563 habent,
3368 5510 3423 5553 et

1847 5598 2006 5654 fidem
2070 5605 2267 5652 sancte
2319 5595 2598 5651 Trinitatis
2644 5611 2780 5665 puro
2829 5594 2990 5650 corde
3044 5593 3312 5654 credunt,
3367 5597 3423 5644 et

1845 5701 2007 5760 opere
2037 5687 2365 5742 custodiunt.
2395 5686 2519 5741 Sive
2549 5686 2704 5740 aliter
2731 5686 2782 5739 in
2815 5683 3011 5753 templo
3039 5687 3160 5752 post
3184 5679 3421 5732 triduum

1848 5778 2069 5851 reperiri
2100 5777 2282 5842 voluit,
2330 5788 2385 5831 ut
2435 5776 2797 5848 intelligamus
2853 5773 2978 5845 quia
3008 5771 3073 5826 ad
3108 5768 3225 5838 ejus
3261 5768 3422 5824 visio-
