4038 6352
567 409 675 467 125
982 380 987 385 ἢ
1207 408 1563 465 HAYMOMS
1597 374 2077 465 ιιᾸωΕιιεΤΑτ.
2115 406 2332 462 EPISC.
2373 404 2522 463 OPP.
2560 404 2741 462 PARS
2774 404 2837 461 ιι.
2862 436 2929 447 —-
2966 403 3197 463 llOMlL.
3752 412 3872 471 lu

563 537 692 580 nem
719 521 948 581 feliciter
971 520 1252 594 pervenire
1274 521 1625 589 merebimur,
1668 522 1715 577 si
1745 523 2147 594 cogitationem,
2177 522 2231 584 Α
2254 519 2425 575 randa
2449 534 2611 591 quam
2635 518 2917 586 imitanda,
2941 518 3199 590 quoniam
3222 518 3291 575 ab
3312 519 3561 578 omnibus
3583 521 3708 581 fieri
3737 541 3865 584 non

563 612 897 670 locutionem
924 620 980 667 et
1025 611 1390 682 operationem
1442 626 1474 666 a
1519 611 1663 667 malo
1689 627 1854 683 opere
1897 613 2157 667 observa-
2257 617 2504 681 possunt.

565 721 733 763 mus:
785 715 841 762 et
871 704 1208 770 memoriam,
1244 705 1581 760 intellectum
1633 715 1689 761 et
1730 706 2066 761 voluntatem
2099 706 2153 761 in
2331 719 2351 752 ι
2383 700 2679 771 Stupebant
2706 709 2885 756 autem
2913 715 3105 758 omnes
3136 716 3300 773 super
3334 703 3623 773 prudentia
3662 713 3724 762 et
3766 722 3865 763 re.

564 798 687 870 ejus
711 799 928 854 servitio
976 813 1320 869 occupamus.
1370 796 1467 853 Ubi
1498 807 1742 869 repertus
1788 799 1884 862 sit,
1914 797 2155 853 ostendi-
2259 812 2279 845 ‹
2315 795 2526 864 sponsis
2555 793 2691 863 ejus,
2718 802 2823 849 etc.
2850 814 2867 846 ι
2908 793 3164 851 Videntes
3188 811 3311 850 eum
3343 813 3571 868 corpore
3590 809 3648 853 et
3678 808 3862 857 aetate

563 896 673 970 tur,
705 903 827 943 cum
854 887 1052 943 dicitur
1082 906 1096 942 :
1144 906 1163 938 ‹
1191 886 1247 941 1η
1278 887 1474 958 templo
1504 888 1556 941 in
1588 887 1763 941 medio
1792 886 2093 942 doctorum.
2125 905 2146 938 ι

560 977 699 1047 Quid
724 989 910 1050 ageret
937 978 1337 1043 manifestatur,
1360 994 1481 1033 cum
1505 977 1870 1032 subinfertur:

646 1092 665 1126 ι
698 1074 1022 1129 Audientem
1062 1073 1179 1129 illos
1218 1081 1275 1128 et
1307 1055 1749 1143 interrogantem.
1784 1090 1803 1122 ι
1856 1069 1973 1125 Non
2003 1071 2147 1125 enim

526 1190 529 1193 ·
558 1166 756 1222 alicubi
788 1174 1038 1237 repertus
1071 1172 1155 1221 est
1180 1180 1382 1219 vacans
1415 1164 1524 1218 otio
1556 1172 1650 1218 aut
1678 1161 1875 1217 fabulis
1895 1203 1910 1227 ,
1955 1161 2049 1217 sed
2094 1162 2148 1217 in

561 1258 782 1327 templo,
807 1256 1033 1312 audiens
1057 1257 1305 1312 doctores
1331 1268 1387 1311 et
1410 1256 1790 1326 interrogans;
1826 1254 1985 1309 simul
2014 1271 2149 1326 quo-

556 1366 664 1419 que
690 1349 994 1419 exemplum
1024 1349 1295 1404 discenda:
1332 1347 1651 1402 humilitatis
1691 1347 1954 1402 Dominus
1989 1346 2147 1401 nobis

558 1441 799 1497 ostendit
818 1481 834 1505 ,
872 1456 995 1496 cum
1028 1441 1081 1493 in
1114 1439 1309 1510 templo
1337 1454 1445 1494 non
1474 1438 1694 1502 docens,
1722 1438 1817 1493 sed
1847 1438 2063 1492 discens
2092 1444 2148 1492 et

559 1534 902 1605 interrogans
962 1533 1272 1598 invenitur,
1332 1531 1565 1602 impleus
1615 1529 1742 1585 illud
1794 1530 2142 1585 Mosaicum:

565 1643 586 1676 ε
626 1625 896 1696 Interroga
924 1634 1107 1695 patres
1139 1632 1278 1689 tuos,
1301 1632 1357 1677 et
1380 1622 1780 1678 aununtiabunt
1808 1621 1901 1676 tibi
1930 1640 1943 1676 :
1976 1620 2145 1688 majo—

563 1731 654 1771 res
676 1724 814 1780 tuos,
838 1725 893 1769 et
917 1715 1100 1771 dicent
1120 1714 1212 1769 tibi
1241 1713 1418 1785 (Deut.
1446 1711 1641 1787 χχιιι).
1672 1734 1692 1767 ι
1720 1712 1797 1770 Ne
1822 1713 1966 1768 enim
1991 1728 2089 1767 nos
2112 1726 2141 1766 a

563 1808 837 1879 magistris
868 1809 1075 1863 discere
1103 1808 1512 1872 erubescamus,
1556 1807 1646 1862 ille
1676 1809 1929 1862 doctores
1972 1808 2141 1860 inter-

558 1909 712 1965 rOgat
742 1899 792 1952 in
822 1899 1040 1969 templo,
1080 1899 1173 1970 qui
1200 1892 1433 1965 angelos
1461 1900 1620 1954 docet
1648 1900 1702 1953 in
1728 1899 1889 1954 caelo.
1937 1898 1996 1953 In
2035 1914 2143 1968 quo

558 1989 701 2046 facto
739 2007 844 2046 non
874 1992 1048 2047 solum
1082 1994 1317 2048 humana
1356 1992 1607 2063 superbia
1649 1992 2015 2057 confunditur,
2048 1991 2143 2047 sed

555 2082 720 2136 etiam
778 2083 1128 2153 praesumptio
1186 2094 1350 2155 atque
1408 2084 1688 2139 temeritas
1745 2085 2139 2155 comprimitur.

559 2170 697 2227 Sunt
727 2174 871 2228 enim
910 2173 1153 2229 nonnulli
1184 2175 1278 2245 qui
1317 2183 1445 2229 ante
1480 2174 1679 2239 docere
1709 2174 1895 2227 volunt
1917 2215 1930 2238 ,
1979 2188 2141 2243 quam

556 2278 731 2319 annos
759 2265 1019 2337 impleant
1046 2266 1392 2337 pubertatis:
1444 2274 1499 2321 et
1545 2267 1664 2322 ideo
1710 2265 1957 2336 magistri
2008 2265 2145 2318 fiunt

554 2357 781 2420 erroris,
813 2360 939 2427 quia
973 2358 1219 2413 veritatis
1245 2358 1495 2427 discipuli
1528 2374 1632 2413 non
1666 2358 1903 2413 fuerunt.
1956 2356 2142 2428 Longo

553 2462 684 2513 ergo
716 2457 959 2519 tempore
986 2458 1041 2502 et
1070 2449 1255 2503 multis
1282 2450 1557 2505 exercitiis
1583 2448 1698 2518 ejus
1726 2450 1990 2521 tyrociuia
2019 2457 2143 2503 sunt

555 2540 918 2608 reprobanda,
950 2542 1039 2610 qui
1072 2541 1126 2595 in
1156 2540 1394 2597 culmine
1425 2542 1703 2611 regiminis
1730 2541 2143 2613 constituendus

552 2637 673 2691 est,
719 2639 774 2684 et
822 2631 981 2702 longo
1011 2642 1256 2704 tempore
1286 2634 1445 2688 debet
1472 2634 1703 2700 discere,
1737 2635 1830 2704 qui
1868 2636 2142 2690 desiderat

555 2719 773 2777 docere.
832 2723 986 2779 Unde
1030 2740 1127 2796 per
1179 2724 1522 2781 Salomonem
1572 2725 1812 2780 dicitur:
1859 2745 1876 2776 ι
1908 2726 2143 2793 Tempus

554 2815 765 2871 tacendi
793 2824 850 2871 et
880 2824 1089 2886 tempus
1118 2817 1372 2889 loquendi
1404 2817 1597 2889 (Eccli.
1627 2816 1735 2889 ιιι).
1784 2838 1803 2871 ι
1840 2816 1957 2873 Non
1995 2819 2140 2873 enim

554 2905 689 2959 dicit
718 2907 867 2975 prius
897 2907 1175 2980 loquendi,
1208 2918 1264 2965 et
1286 2919 1474 2981 postea
1502 2911 1736 2976 tacendi,
1764 2911 1858 2966 sed
1884 2912 2033 2982 prius
2060 2919 2141 2964 ta-

555 2994 734 3061 cendi,
762 3006 819 3052 et
846 3007 970 3068 post
1001 2999 1278 3069 loquendi,
1335 3008 1396 3054 ut
1425 3001 1789 3072 intelligamus
1825 3003 1950 3072 quia
1990 3003 2141 3072 prius

558 3086 787 3140 tacendo
815 3087 1024 3142 discere
1052 3089 1316 3145 debemus
1362 3090 1505 3161 quod
1534 3101 1720 3160 postea
1751 3091 2021 3161 loquendo
2046 3093 2141 3146 do-

558 3189 803 3230 ceamus.
852 3177 922 3232 Et
962 3178 1157 3234 iterum
1190 3180 1331 3235 idem
1364 3181 1641 3246 admonet,
1672 3182 1897 3238 dicens:
1929 3203 1947 3235 ι
1979 3181 2138 3239 Omni

558 3272 802 3335 tempore
827 3268 922 3322 otii
957 3268 1033 3323 tui
1064 3270 1308 3326 describe
1334 3271 1674 3341 sapientiam,
1709 3272 1800 3342 qui
1832 3281 2010 3327 autem
2041 3271 2140 3326 mi-

559 3365 845 3423 norantur,
900 3366 1024 3413 actu
1070 3360 1373 3431 percipient
1421 3376 1543 3415 eam
1592 3360 1782 3434 (Eccli.
1832 3360 2081 3431 xxxvm).
2114 3382 2133 3415 ι

556 3444 792 3503 Econtra
840 3464 992 3515 vero,
1017 3451 1061 3506 si
1087 3450 1257 3508 Filius
1282 3452 1400 3518 Dei,
1425 3453 1518 3522 qui
1544 3453 1815 3509 tricesimo
1840 3469 1982 3508 anno
2004 3469 2141 3523 pra:-

555 3538 834 3597 dicaturus
859 3551 998 3607 erat,
1027 3543 1344 3599 duodecimo
1371 3559 1515 3601 anno
1540 3560 1648 3600 non
1675 3546 1895 3607 docens,
1921 3545 2016 3600 sed
2046 3560 2142 3599 au-

553 3628 709 3688 diens
738 3641 795 3690 et
820 3634 1161 3707 interrogans
1190 3637 1245 3692 in
1282 3638 1483 3708 templo
1512 3638 1802 3704 invenitur,
1840 3636 2139 3709 legitimum

557 3730 792 3795 tempus,
832 3725 946 3784 sive
970 3728 1037 3782 ad
1064 3728 1452 3795 sacerdotium,
1499 3728 1614 3785 sive
1658 3728 1727 3783 ad
1770 3727 2142 3800 magisterium

555 3815 986 3876 ecclesiasticum
1006 3821 1297 3877 ostendens
1319 3836 1557 3877 servare.
1602 3820 1718 3876 Hac
1738 3830 1897 3877 aztate
1917 3818 2139 3890 Ioseph,

557 3904 614 3960 id
640 3916 743 3972 est,
771 3908 1047 3965 tricesimo
1078 3926 1243 3976 anno,
1273 3910 1533 3966 Dominus
1562 3909 1781 3982 λεωριί
1814 3910 2141 3965 constitutus

555 4002 658 4052 est.
698 3995 811 4053 Hac
838 4006 998 4055 aetate
1026 3999 1223 4065 David,
1252 4000 1343 4069 qui
1377 3999 1431 4054 in
1459 4000 1690 4070 pueritia
1719 4015 1814 4054 ora
1846 3999 2058 4054 leonum
2088 4008 2143 4053 et

556 4101 810 4143 ursorum
854 4088 1228 4161 confregerat,
1279 4089 1434 4161 regni
1478 4088 1842 4161 gubernacula
1882 4088 2137 4158 suscepit.

557 4175 674 4235 Hac
701 4187 864 4237 aetate
902 4181 1156 4238 Ezechiel
1192 4182 1454 4252 propheta
1493 4196 1654 4250 super
1680 4179 1900 4236 ﬂuvium
1926 4179 2142 4235 Cbobar

559 4270 727 4328 ccelos
757 4282 974 4344 apertos
998 4274 1153 4330 vidit.
1206 4273 1275 4328 Et
1303 4274 1551 4343 quamvis
1578 4274 1771 4328 melior
1804 4274 1877 4328 sit
1915 4272 2142 4343 puerilis

563 4363 885 4434 simplicitas
920 4380 1083 4435 quam
1133 4363 1318 4420 senilis
1346 4362 1601 4428 fatuitas,
1644 4372 1823 4417 tamen
1851 4371 2141 4431 utrumque

561 4455 961 4512 observandum
1007 4464 1094 4511 est
1139 4463 1199 4508 ut
1235 4462 1291 4509 et
1318 4469 1529 4509 morum
1557 4454 1815 4526 gravitas,
1846 4461 1899 4509 et
1927 4464 2140 4509 matura

557 4563 707 4617 aetas,
739 4553 794 4609 in
820 4568 1007 4609 eorum
1038 4551 1248 4607 actibus
1276 4551 1634 4613 concordent,
1667 4550 1757 4622 qui
1785 4551 1851 4605 ad
1878 4547 2138 4622 magiste-

556 4644 700 4701 rium
742 4643 1170 4702 ecclesiasticum
1207 4642 1496 4713 eliguntur.
1551 4641 1705 4698 Unde
1747 4643 1884 4697 bene
1925 4656 2141 4712 quoque

557 4735 614 4792 in
642 4736 760 4808 lege
787 4734 1047 4791 Dominus
1087 4733 1154 4789 de
1191 4732 1393 4788 Levitis
1433 4732 1719 4802 praecepit,
1758 4741 1817 4786 ut
1866 4746 2035 4802 usque
2074 4731 2139 4784 ad

558 4827 1067 4903 quinquagesimum
1095 4843 1299 4883 annum
1343 4841 1468 4883 cum
1515 4825 1777 4880 fratribus
1824 4824 1938 4905 suis
1981 4823 2142 4878 mini-

559 4929 736 4979 strent
767 4918 823 4975 in
853 4917 1072 4989 templo,
1118 4926 1242 4988 post
1270 4916 1774 4988 quinquagesimum
1824 4924 2004 4971 autem
2046 4930 2144 4969 an-

558 5030 714 5081 num,
744 5011 995 5069 custodes
1023 5026 1275 5067 vasorum
1307 5010 1455 5064 fiant.
1505 5009 1641 5078 Quid
1671 5009 1817 5064 enim
1854 5017 1981 5065 sunt
2013 5022 2144 5062 vasa

561 5112 775 5171 sancta,
808 5103 914 5159 nisi
951 5112 1263 5160 sanctorum
1292 5099 1528 5156 animae?
1572 5101 1637 5155 Et
1666 5101 1791 5170 quia
1822 5109 1944 5171 post
1976 5098 2137 5170 quin-

563 5193 936 5266 quagesimum
965 5207 1167 5247 annum
1188 5190 1337 5247 calor
1357 5190 1530 5246 aetatis
1548 5189 1780 5245 deﬁcere
1811 5189 2014 5259 incipit,
2039 5188 2144 5243 hoc

561 5292 835 5359 praecepto
861 5284 1182 5350 ostenditur,
1213 5283 1337 5353 quia
1376 5282 1451 5337 illi
1492 5282 1557 5338 ad
1604 5280 1906 5337 custodiam
1950 5280 2146 5334 animae

564 5387 692 5436 sunt
731 5376 993 5449 eligendi,
1039 5376 1129 5446 qui
1170 5390 1267 5446 per
1307 5375 1464 5447 longa
1508 5374 1770 5431 exercitia
1815 5371 2146 5428 incentivum

565 5468 803 5525 libidinis
828 5468 912 5523 vel
936 5467 1243 5539 cupiditatis
1262 5468 1534 5530 ardorem,
1568 5466 1912 5535 exstinguere
1934 5462 2141 5517 didice-

567 5568 713 5617 runt.
765 5559 1003 5631 Denique
1044 5569 1099 5616 et
1138 5561 1181 5615 si
1223 5558 1410 5614 Daniel
1449 5565 1503 5612 et
1538 5556 1804 5612 Jcremias
1834 5554 1885 5609 in
1913 5552 2143 5625 pueritia

570 5652 637 5708 ad
662 5652 1085 5724 prophetandnm
1119 5651 1265 5707 missi
1294 5650 1559 5721 leguntur,
1583 5646 1863 5702 sciendum
1889 5653 1974 5700 est
2019 5643 2147 5715 quia

570 5742 827 5797 miracula
861 5743 1068 5798 Domini
1111 5742 1161 5796 in
1192 5739 1495 5809 exetnplnm
1531 5736 1851 5791 imitationis
1883 5752 1989 5790 non
2021 5739 2147 5789 sunt

572 5832 852 5888 trahenda.
890 5834 1017 5888 Mira
1046 5833 1189 5887 enim
1212 5846 1375 5900 opera
1402 5827 1611 5884 Domini
1641 5828 1811 5898 magis
1838 5836 1963 5883 sunt
1992 5840 2149 5883 vene-

2252 901 2499 956 parvnm,
2526 889 2619 942 sed
2647 889 3156 958 interrogationibus
3176 906 3240 945 ac
3259 893 3535 961 responsis
3558 909 3857 965 magnum,

2255 979 2526 1034 hominem
2568 988 2623 1034 et
2672 995 2775 1035 non
2805 981 2971 1034 Deum
3011 981 3438 1037 considerantes.
3491 979 3600 1038 Nos
3653 993 3853 1039 autem

2252 1085 2359 1125 non
2402 1086 2525 1126 cum
2563 1072 2865 1126 senioribus
2897 1070 3203 1127 Judteorum
3244 1088 3410 1143 super
3447 1073 3741 1144 prudentia
3793 1083 3855 1129 et

2251 1167 2526 1236 responsis
2556 1164 2671 1235 ejus
2696 1175 3027 1237 stupeamus,
3067 1168 3160 1224 sed
3198 1168 3371 1239 ipsum
3398 1184 3520 1224 esse
3547 1169 3851 1224 credamus

2248 1269 2439 1309 verum
2470 1255 2661 1321 Deum,
2695 1271 2989 1325 verumque
3014 1258 3310 1322 hominem,
3343 1275 3372 1314 a
3405 1275 3513 1328 quo
3542 1268 3625 1314 est
3657 1261 3848 1314 omnis

2249 1346 2530 1415 sapientia,
2557 1357 2612 1402 et
2637 1363 2757 1402 cum
2785 1363 2892 1417 quo
2914 1346 3016 1403 fuit
3039 1363 3270 1418 semper,
3296 1358 3349 1404 et
3375 1358 3457 1404 est
3481 1360 3612 1406 ante
3636 1367 3843 1407 aevum.

2249 1435 2352 1503 Qui
2382 1437 2547 1491 etiam
2577 1440 2629 1491 in
2657 1438 2968 1494 Proverbiis
2997 1440 3257 1510 loquitur,
3288 1442 3478 1497 dicens
3503 1460 3518 1496 :
3553 1461 3577 1494 α
3611 1443 3725 1514 Ego
3751 1460 3844 1497 sn-

2245 1526 2446 1594 pientia
2487 1526 2540 1580 in
2576 1528 2817 1584 consiliis
2846 1530 3071 1585 habito:
3106 1546 3203 1600 per
3244 1548 3330 1587 me
3377 1549 3533 1604 reges
3582 1545 3838 1605 regnant.

2246 1616 2421 1671 Meum
2449 1629 2530 1673 est
2554 1620 2839 1674 consilium
2868 1634 2925 1675 et
2950 1622 3199 1691 aequitas,
3226 1638 3326 1694 ego
3353 1640 3420 1678 ex
3446 1640 3542 1680 ore
3566 1626 3839 1682 Altissimi

2244 1709 2418 1779 prodii
2445 1708 2627 1779 (Prov.
2644 1712 2785 1782 vm).
2809 1732 2826 1764 ι
2854 1712 3069 1779 Quanto
3090 1723 3267 1768 autem
3294 1717 3509 1771 animus
3530 1715 3709 1772 beata!
3731 1719 3839 1773 vir-

2248 1800 2388 1871 ginis
2410 1802 2502 1857 Dei
2531 1803 2808 1874 genitricis
2830 1805 2896 1860 de
2920 1805 3209 1861 amissione
3236 1807 3331 1861 lilii
3361 1810 3638 1864 sauciatus
3666 1819 3834 1875 esset,

2174 1874 2219 1932 Β
2248 1892 2351 1946 hoc
2375 1891 2494 1947 loco
2518 1894 2827 1949 declaratur
2850 1914 2864 1950 :

2324 2001 2342 2032 ι
2374 1983 2440 2037 Ει
2463 1982 2597 2038 dixit
2636 1996 2810 2040 mater
2847 1987 2963 2057 ejus
2994 1987 3062 2041 ad
3096 1987 3245 2042 illum
3281 2006 3294 2043 :
3324 1988 3447 2055 Fili,
3490 1990 3622 2060 quid
3658 1990 3836 2048 fecisti

2252 2091 2269 2123 ι
2301 2072 2459 2128 nobis
2493 2075 2615 2130 sic?
2642 2085 2747 2131 etc.
2784 2095 2802 2127 ι
2832 2076 3001 2144 Quem
3049 2075 3213 2148 Virgo
3250 2088 3426 2133 mater
3457 2096 3555 2151 per
3597 2081 3836 2137 triduum

2247 2165 2410 2218 anxio
2438 2165 2620 2221 dolore
2644 2169 2951 2237 quaesierat,
2976 2177 3100 2239 post
3127 2170 3492 2226 inventionem
3527 2172 3674 2227 inter
3705 2189 3835 2229 ma:-

2246 2270 2423 2310 rorem
2470 2265 2526 2310 et
2570 2256 2824 2327 gaudium
2870 2259 3041 2328 posita
3069 2299 3084 2323 ,
3134 2261 3288 2329 quasi
3335 2263 3427 2331 qui
3477 2263 3606 2316 talia
3656 2264 3833 2319 facere

2244 2350 2709 2418 prmsnmpsisset,
2748 2351 2835 2420 pia
2866 2352 3208 2422 correptione
3237 2354 3572 2424 increpavit,
3604 2357 3827 2413 dicens:

2250 2458 2267 2491 ι
2300 2438 2422 2503 Fili,
2451 2442 2578 2510 quid
2610 2442 2783 2496 fecisti
2815 2444 2974 2498 nobis
3000 2445 3122 2499 sic?
3152 2445 3290 2501 Ecce
3321 2456 3473 2517 pater
3502 2448 3631 2503 tuu's
3657 2459 3712 2503 et
3736 2465 3827 2522 ego

2245 2531 2492 2586 dolentes
2519 2534 2896 2601 quzerebamus
2933 2543 3007 2589 te.
3040 2556 3059 2587 ›
3110 2534 3327 2592 Patrem
3358 2537 3474 2606 ejus
3504 2538 3701 2611 Ioseph
3729 2557 3820 2611 ap-

2244 2625 2440 2695 pellat,
2476 2643 2581 2682 uon
2612 2628 2756 2697 quod
2784 2644 2911 2683 vere
2946 2628 3100 2698 juxta
3140 2629 3494 2686 Photinianos
3524 2632 3645 2701 ejus
3675 2643 3817 2703 pater

2244 2717 2437 2782 fuerit,
2466 2720 2560 2775 sed
2588 2721 2728 2790 quod
2762 2722 2827 2775 ad
2859 2719 3060 2775 famam
3092 2721 3275 2778 Mariae
3302 2724 3735 2779 conservandam
3763 2726 3823 2781 ab

2244 2812 2495 2865 onmibns
2529 2821 2684 2881 pater
2712 2811 2829 2881 ejus
2860 2813 2927 2867 sit
2961 2814 3279 2869 aestimatus.
3328 2813 3463 2869 Nam
3506 2816 3635 2887 quis
3674 2831 3830 2871 verus

2243 2911 2399 2972 pater
2422 2901 2537 2965 eius
2566 2904 2637 2959 sit
2681 2904 2796 2974 ipse
2833 2904 3176 2972 manifestat,
3226 2921 3351 2961 cum
3390 2908 3730 2978 respondens
3759 2909 3829 2962 ait

2245 2993 2310 3046 ad
2340 2992 2499 3047 illos:

2321 3103 2338 3135 ι
2367 3084 2504 3151 Quid
2531 3094 2614 3140 est
2641 3087 2782 3156 quod
2813 3103 2898 3142 me
2926 3087 3295 3157 qumrebatis?
3338 3088 3677 3145 Nesciebatis
3704 3090 3831 3161 quia

2251 3193 2270 3227 ι
2305 3175 2358 3229 in
2394 3176 2479 3230 bis
2507 3192 2625 3245 quae
2654 3177 2833 3232 Patris
2860 3178 2964 3233 mei
2994 3188 3123 3233 sunt
3152 3190 3365 3251 oportet
3393 3196 3475 3235 me
3502 3182 3669 3235 esse?
3700 3201 3718 3233 ι
3772 3181 3834 3235 In

2245 3268 2442 3337 quibus
2463 3269 2642 3323 verbis
2666 3285 2769 3323 non
2797 3271 3068 3340 putandus
3089 3280 3173 3326 est
3194 3286 3539 3342 exasperasse
3562 3281 3831 3327 matrem.

2244 3358 2308 3412 Et
2340 3358 2467 3413 illud
2497 3361 2640 3430 quod
2670 3362 3192 3431 przetermittendnm
3234 3370 3341 3418 non
3379 3372 3461 3418 est
3503 3363 3558 3417 iu
3599 3363 3708 3419 hac
3746 3364 3834 3420 lev-

2242 3452 2459 3519 ctione,
2513 3465 2802 3525 utramque
2855 3471 3008 3511 suam
3060 3467 3311 3514 naturam
3363 3457 3624 3512 Dominus
3675 3458 3830 3512 nobis

2242 3546 2605 3612 commendat,
2633 3562 2755 3602 cum
2790 3547 3041 3604 inventus
3070 3549 3124 3604 in
3154 3550 3352 3621 templo
3376 3550 3536 3605 dicit:
3567 3569 3587 3602 ι
3619 3550 3745 3621 quia
3775 3550 3830 3604 in

2242 3636 2327 3691 his
2352 3652 2472 3707 quae
2499 3637 2677 3693 Patris
2706 3639 2810 3694 mei
2843 3648 2999 3707 sunt,
3042 3649 3257 3711 oportet
3294 3656 3383 3696 me
3417 3655 3558 3696 esse.
3593 3660 3612 3693 ι
3664 3640 3830 3707 Quasi

2240 3728 2406 3783 homo
2431 3744 2553 3785 cum
2580 3730 2897 3800 parentibus
2923 3729 3222 3786 Jerusalem
3251 3730 3517 3795 ascendit,
3550 3730 3646 3785 sed
3674 3731 3833 3800 quasi

2242 3822 2408 3888 Deus,
2449 3821 2556 3877 illis
2589 3823 2980 3889 nescientibus,
3013 3824 3064 3878 in
3098 3823 3299 3895 templo
3331 3824 3635 3879 remansit:
3672 3824 3832 3892 quasi

2242 3912 2406 3967 homo
2445 3914 2690 3969 seniores
2729 3913 3060 3985 interrogat,
3109 3914 3203 3969 sed
3244 3914 3400 3985 quasi
3444 3913 3590 3968 Deus
3620 3929 3682 3969 ea
3709 3930 3835 3985 qua:

2240 4004 2482 4059 seniores
2513 4004 2867 4071 mirarentur,
2917 4005 3317 4075 respondebat:
3361 4003 3517 4074 quasi
3566 4004 3729 4058 homo
3779 4004 3834 4057 in

2242 4094 2441 4165 templo
2463 4094 2758 4163 invenitur,
2783 4096 2877 4150 sed
2903 4096 3058 4165 quasi
3084 4096 3225 4151 Deus
3253 4097 3504 4150 inventus
3529 4096 3583 4149 in
3609 4093 3832 4165 templo,

2241 4184 2402 4239 dixit:
2425 4205 2442 4236 ι
2464 4184 2522 4239 In
2550 4185 2634 4239 his
2654 4201 2775 4256 qua:
2792 4184 2971 4239 Patris
2997 4185 3099 4240 mei
3122 4193 3251 4241 sunt
3294 4192 3510 4255 oportet
3533 4199 3622 4238 me
3640 4198 3781 4238 esse.
3807 4201 3830 4235 ι

2239 4272 2377 4341 Quia
2400 4274 2545 4328 enim
2573 4275 2763 4329 domus
2789 4273 2879 4328 illa
2908 4274 2959 4328 in
2989 4274 3194 4329 honore
3218 4274 3313 4328 Dei
3340 4273 3605 4329 aediﬁcata
3629 4273 3831 4338 fuerat,

2242 4361 2435 4417 Filium
2462 4363 2557 4417 Dei
2601 4378 2659 4419 se
2700 4377 2822 4419 esse
2862 4363 3285 4429 demonstravit,
3318 4379 3443 4419 cum
3468 4364 3727 4418 inventus
3774 4362 3832 4418 in

2242 4452 2441 4522 templo
2470 4452 2641 4508 dixit:
2679 4469 2698 4504 ι
2730 4452 2788 4507 ln
2829 4451 2914 4507 his
2942 4468 3063 4524 qua:
3113 4452 3294 4508 Patris
3322 4453 3428 4507 mci
3456 4461 3583 4508 sunt
3620 4460 3840 4522 oportet

2243 4558 2330 4599 me
2356 4558 2493 4598 esse.
2528 4562 2546 4596 ι
2598 4543 2775 4599 Patris
2810 4542 2954 4600 illius
2989 4553 3146 4599 erant
3179 4544 3438 4615 templum
3459 4585 3474 4610 ,
3514 4544 3795 4615 propheta:
3816 4584 3836 4610 ,

2243 4634 2437 4691 divinm
2473 4633 2767 4705 Scriptura:
2796 4633 3053 4706 frequens
3081 4636 3381 4693 meditatio.
3424 4636 3492 4691 Et
3520 4637 3743 4707 pulchre
3776 4636 3836 4692 in

2242 4728 2327 4784 bis
2353 4728 2465 4784 suis
2491 4727 2745 4798 operibus
2771 4727 2967 4783 Filium
2993 4728 3088 4784 Dei
3115 4743 3174 4785 se
3199 4728 3610 4783 demonstravit.

2319 4838 2338 4870 ι
2374 4818 2442 4873 Ει
2465 4818 2714 4873 videntes
2742 4817 2993 4873 admirati
3022 4826 3166 4873 sunt.
3201 4836 3219 4870 ι
3262 4816 3398 4885 Quia
3430 4816 3694 4872 Dominus
3723 4830 3839 4871 non

2245 4910 2419 4966 solum
2457 4909 2735 4965 humiliter
2766 4909 3173 4981 interrogabat,
3216 4909 3309 4964 sed
3349 4908 3515 4963 etiam
3559 4907 3843 4963 subtiliter

2244 5004 2625 5075 respondebat.

2320 5112 2338 5144 ι
2371 5092 2673 5165 Stupebant
2700 5104 2879 5150 autem
2909 5109 3098 5150 omnes
3124 5094 3217 5165 qui
3250 5109 3376 5151 eum
3406 5092 3718 5157 audiebant,
3744 5108 3844 5147 su-

2251 5204 2268 5235 ‹
2301 5199 2395 5253 per
2428 5183 2715 5254 prudentia
2755 5193 2810 5240 et
2850 5184 3128 5254 responsis
3171 5182 3308 5254 ejus.
3341 5202 3359 5235 ι
3414 5182 3703 5254 Proprium
3744 5190 3844 5237 est

2248 5275 2392 5331 enim
2423 5274 2653 5330 ﬁliorum
2694 5274 3066 5330 haareditatem
3109 5284 3388 5345 paternam
3421 5272 3733 5343 possidere,
3780 5284 3844 5329 et

2250 5366 2303 5422 in
2328 5382 2393 5422 ea
2420 5381 2640 5421 manere
2669 5373 2725 5421 et
2751 5380 2891 5421 esse.
2932 5364 3085 5421 Unde
3116 5365 3377 5421 Dominus
3403 5364 3560 5421 Jesus
3586 5363 3845 5421 Christus

2252 5457 2372 5512 ideo
2399 5457 2451 5512 in
2483 5456 2683 5527 templo
2715 5456 2988 5512 residebat
3017 5464 3073 5512 et
3101 5456 3405 5523 habitabat,
3435 5465 3495 5511 ut
3525 5456 3847 5512 ostenderet

2252 5566 2357 5607 non
2395 5549 2620 5605 minoris
2648 5547 2810 5604 Patre
2839 5564 2898 5605 se
2924 5564 3045 5604 esse
3081 5548 3388 5619 potestatis.
3441 5546 3648 5615 Quibus
3689 5546 3842 5602 enim

2253 5655 2360 5693 una
2388 5647 2471 5694 est
2499 5636 2775 5709 majestas,
2806 5655 2915 5695 non
2944 5638 3129 5710 dispar
3156 5647 3241 5695 est
3264 5645 3526 5709 potestas,
3551 5637 3693 5692 sicut
3724 5636 3846 5706 ipse

2255 5731 2384 5785 dicit
2412 5749 2423 5783 :
2459 5749 2476 5783 ι
2507 5731 2619 5803 Ego
2644 5739 2700 5787 et
2724 5730 2885 5786 Pater
2910 5745 3075 5784 unum
3124 5744 3308 5786 sumus
3336 5727 3519 5802 (Joan.
3547 5727 3636 5799 x);
3673 5745 3691 5779 ι
3741 5734 3797 5781 ει
3825 5742 3840 5778 :

2264 5840 2279 5873 ι
2312 5820 2503 5876 Omnia
2531 5818 2708 5877 Patris
2737 5835 2854 5876 mea
2881 5827 3023 5877 sunt.
3058 5838 3077 5871 ι
