4038 6352
142 411 234 469 ηε

1338 407 1641 468 ΕΟΜΙΙιΙλΕ
1680 408 1769 465 DE
1806 407 2152 469 'I‘EMPORE.

3268 419 3363 477 126

206 542 227 577 ι
258 522 327 580 Et
356 520 457 595 ipsi
504 534 614 578 non
642 519 1023 578 intellexerunt
1048 520 1271 577 verbum
1307 512 1449 592 quod
1478 521 1689 579 locutus
1714 522 1765 587 Α
1791 520 2088 587 habuisset,
2137 535 2479 592 nequaquam
2516 526 2778 596 sapientia
2812 525 3101 597 proﬁceret
3141 538 3199 585 et
3239 546 3366 588 cre-

141 636 161 670 ι
187 624 265 672 est
290 614 360 670 ad
384 613 521 669 illos.
551 632 572 666 ι
615 610 751 680 Quia
781 613 975 668 divina
998 622 1204 668 naturae
1228 627 1486 669 arcanum
1517 612 1693 667 adhuc

137 717 319 775 capere
343 718 451 759 non
479 708 756 772 poterant,
794 702 918 758 ideo
946 702 1167 758 verbum
1196 702 1341 772 quod
1374 701 1585 757 locutus
1608 708 1692 756 est

137 794 198 848 ad
217 791 331 847 illos
354 807 465 848 non
483 791 882 855 intellexerunt,
907 791 1114 846 scilicet
1132 790 1262 845 illud
1280 792 1424 861 quod
1444 791 1511 845 de
1528 790 1692 850 Patre

137 885 373 940 dixerat:
414 890 472 938 et
503 883 628 954 quia
661 882 878 938 videbat
918 897 1013 938 eos
1054 897 1162 937 non
1205 896 1363 952 posse
1393 879 1691 949 intelligere

134 989 273 1029 suam
301 973 680 1038 Divinitatem,
715 971 1096 1029 condescendit
1124 972 1228 1026 illis
1256 985 1352 1043 per
1379 970 1691 1027 humanita-

135 1073 252 1129 tem,
281 1073 342 1119 ut
366 1079 559 1121 eorum
590 1078 685 1119 cor
712 1063 1022 1120 sublevaret
1047 1063 1114 1118 ad
1142 1061 1508 1118 Divinitatem.
1539 1059 1695 1118 Unde

130 1165 179 1213 et
203 1156 455 1212 subditur
478 1174 495 1211 :

196 1265 215 1298 ι
241 1245 306 1302 Et
335 1245 620 1303 descendit
644 1261 766 1302 cum
795 1245 922 1310 illis,
945 1254 1001 1302 et
1019 1244 1169 1301 venit
1188 1243 1481 1310 Nazareth,
1503 1251 1557 1299 et
1575 1250 1694 1300 erat

131 1356 150 1389 ι
177 1336 421 1392 subditus
450 1336 574 1392 illis.
603 1354 623 1388 ι
669 1335 891 1391 Discant
913 1350 1043 1407 ergo
1069 1334 1226 1405 pueri
1251 1334 1472 1392 obedire
1497 1348 1694 1405 paren-

129 1426 279 1493 tibus,
318 1440 351 1480 a
381 1426 583 1496 quibus
627 1440 733 1481 non
781 1426 954 1481 solum
997 1425 1203 1496 geniti,
1250 1425 1348 1481 sed
1378 1433 1435 1479 et
1461 1439 1690 1493 quorum

126 1517 299 1573 labore
323 1526 381 1574 et
407 1517 690 1588 diligentia
727 1525 857 1573 sunt
891 1517 1111 1581 nutriti,
1146 1518 1271 1587 quia
1298 1526 1354 1573 et
1378 1532 1511 1588 puer
1536 1516 1693 1573 Jesus

126 1622 222 1660 non
246 1605 575 1676 dedignatus
601 1617 688 1662 est
712 1606 1027 1678 parentibus
1049 1621 1171 1663 esse
1197 1605 1489 1675 subjectus.
1522 1607 1696 1663 Hone-

124 1695 415 1754 stissimum
436 1706 519 1752 est
540 1697 682 1751 enim
707 1712 956 1768 magnam
978 1696 1336 1753 reverentiam
1357 1705 1414 1752 et
1432 1696 1694 1752 honorem

125 1784 372 1840 exhibere
392 1786 730 1856 parentibus,
748 1786 875 1855 quia
896 1793 952 1841 et
972 1801 1071 1841 nos
1092 1785 1341 1857 parvulos
1359 1785 1689 1853 nutrierunt,

1792 626 1943 668 scere
1962 611 2182 673 valeret.
2209 612 2276 668 Et
2291 616 2742 683 quemadmodum
2763 633 2959 690 corpus
2980 634 3078 690 per
3094 631 3366 681 momenta

1790 709 2011 757 mtatum
2048 702 2273 768 crescit,
2320 703 2397 757 ita
2445 712 2501 760 et
2547 706 2728 761 anima
2773 709 3036 785 sapientia
3070 714 3367 771 crescendo

1788 792 2022 863 proﬁcit.
2088 791 2190 859 Qui
2246 793 2411 862 igitur
2462 794 2516 849 in
2568 795 2722 851 nobis
2773 813 2971 868 corpus
3019 809 3077 857 et
3123 802 3365 861 animam

1791 884 2025 941 liberare
2071 878 2251 950 venit,
2306 903 2494 942 verum
2548 904 2743 960 corpus
2792 899 2847 946 et
2897 894 3131 950 animam
3182 911 3366 952 veram

1789 989 1889 1043 pro
1930 985 2117 1030 nostra
2163 976 2335 1033 salute
2375 991 2443 1032 ex
2487 978 2695 1051 virgine
2742 983 2995 1051 suscepit.
3049 984 3202 1051 Quod
3234 1000 3366 1042 vero

1790 1065 2038 1123 subditur
2059 1085 2074 1121 :

1868 1172 1889 1209 ι
1917 1154 1986 1210 Ει
2024 1156 2196 1225 gratia
2238 1158 2382 1228 apud
2426 1159 2595 1214 Deum
2637 1166 2691 1216 et
2729 1159 2994 1217 homines.
3022 1183 3043 1218 ι
3098 1164 3369 1237 Singulari

1791 1248 1964 1319 gratia
1992 1264 2023 1303 a
2050 1248 2162 1304 Deo
2191 1249 2352 1305 Patre
2381 1266 2549 1321 puero
2574 1250 2700 1307 Iesu
2727 1253 2914 1308 datum
2943 1262 3056 1319 est,
3101 1265 3160 1311 ut
3197 1272 3265 1311 ex
3300 1274 3369 1313 eo

1791 1354 1899 1411 quo
1925 1341 2088 1396 homo
2111 1357 2232 1398 esse
2258 1343 2553 1413 inciperet,
2591 1355 2882 1417 conceptus
2915 1347 3121 1403 scilicet
3148 1349 3216 1402 de
3246 1348 3369 1417 Spi-

1791 1432 1900 1487 ritu
1924 1442 2132 1499 sancto,
2154 1434 2425 1504 perfectus
2450 1445 2594 1492 esset
2617 1437 2783 1505 Deus,
2805 1440 3077 1509 perfectus
3100 1450 3155 1496 et
3183 1441 3365 1496 homo.

1791 1522 1867 1578 De
1903 1539 2010 1593 quo
2044 1522 2279 1581 Joannes
2304 1528 2636 1598 evangelista
2673 1531 2788 1584 ait:
2821 1550 2841 1582 ι
2869 1530 3113 1587 Vidimus
3140 1533 3368 1604 gloriam

1790 1612 1937 1682 ejus,
1966 1614 2190 1686 gloriam
2221 1617 2374 1686 quasi
2409 1617 2679 1690 Unigeniti
2710 1637 2740 1676 a
2766 1621 2925 1677 Patre
2952 1622 3133 1695 (Joan.
3156 1624 3217 1696 ι).
3251 1643 3271 1676 ι
3301 1624 3371 1678 Et

1791 1718 1928 1760 bene
1954 1706 2170 1775 quidem
2214 1707 2365 1777 prius
2402 1708 2670 1778 proﬁcere
2701 1711 2838 1766 dixit
2881 1713 3024 1783 apud
3065 1715 3267 1779 Deum,
3311 1725 3371 1770 et

1790 1805 1975 1866 postea
2011 1799 2154 1869 apud
2186 1800 2472 1867 homines;
2510 1802 2634 1871 quia
2662 1804 2896 1873 primum
2930 1805 3248 1875 placendum
3282 1815 3369 1862 est

124 1883 173 1968 et
193 1876 539 1946 proﬁcientes
562 1886 742 1940 :etate.
763 1878 1026 1947 sapientia
1048 1878 1380 1933 erudierunt.
1410 1878 1520 1934 Illis
1545 1880 1690 1935 enim
1719 1875 1767 1935 B
1795 1885 1926 1951 Deo,
1969 1898 2153 1958 postea
2192 1890 2518 1955 hominibus,
2566 1908 2672 1947 non
2710 1896 2780 1950 ob
2806 1894 2975 1960 aliud,
3021 1896 3125 1951 nisi
3165 1906 3227 1952 ut
3265 1897 3368 1968 ipsi

123 1964 345 2020 humana
373 1973 585 2021 tantum
608 1968 960 2038 sapientibus,
983 1976 1270 2038 postquam
1292 1968 1476 2024 oculos
1496 1971 1692 2025 mentis

123 2069 295 2109 eorum
327 2056 399 2111 ad
430 2057 893 2126 contemplandam
922 2057 1269 2113 Divinitatem
1297 2058 1565 2123 elevavit,
1611 2058 1692 2114 di-

124 2162 243 2202 cens
276 2165 290 2203 :
321 2165 343 2199 ι
382 2147 714 2204 Nesciebatis
734 2150 859 2219 quia
885 2150 938 2205 in
966 2150 1050 2206 his
1079 2166 1199 2220 quae
1223 2151 1401 2206 Patris
1430 2150 1540 2208 mei
1564 2159 1692 2206 sunt

121 2246 325 2307 oportet
354 2254 444 2294 me
471 2241 632 2295 esse?
660 2240 949 2297 Descendit
979 2240 1276 2309 Nazareth,
1307 2251 1363 2298 et
1390 2241 1537 2299 venit
1566 2258 1692 2298 cum

121 2330 234 2396 illis,
266 2339 327 2388 et
363 2340 483 2387 erat
508 2332 757 2387 subditus
781 2333 882 2386 eis.
911 2351 931 2386 ο
986 2331 1058 2388 Ut
1084 2333 1189 2389 hoc
1213 2334 1459 2402 exemplo
1488 2333 1689 2389 intelli-

122 2436 299 2491 gamus
328 2422 459 2492 quia
489 2437 593 2478 non
622 2421 795 2476 solum
826 2421 1023 2477 subditi
1052 2435 1173 2477 esse
1219 2422 1474 2477 debemus
1497 2438 1694 2492 paren-

124 2513 281 2575 tibus,
316 2512 416 2569 sed
447 2513 610 2567 etiam
643 2527 833 2567 eorum
874 2520 1145 2567 senectam
1191 2512 1276 2567 vel
1324 2510 1692 2567 inﬁrmitatem

123 2606 197 2673 pia
217 2604 589 2662 sollicitudine
608 2604 929 2674 refrigerare
947 2604 1032 2658 vel
1052 2612 1374 2669 sustentare,
1386 2603 1541 2673 juxta
1563 2603 1694 2657 illud

124 2696 252 2766 quod
296 2695 352 2750 in
403 2693 586 2748 divina
630 2684 761 2763 lege.
790 2692 1135 2762 praecipitur:
1174 2710 1192 2743 ι
1222 2691 1437 2746 Hunora
1480 2700 1692 2761 patrem

126 2791 261 2839 tuum
287 2791 341 2840 et
364 2792 594 2838 matrem
624 2790 788 2844 tuam,
817 2788 875 2835 ut
900 2781 1039 2835 bene
1060 2781 1130 2836 sit
1158 2780 1254 2835 tibi
1283 2796 1444 2851 super
1469 2790 1686 2847 terram,

124 2885 174 2930 et
199 2876 359 2948 longo
384 2875 534 2929 vivas
563 2881 805 2942 tempore
832 2871 1030 2943 (Exod.
1058 2869 1276 2942 xxvrn).
1310 2890 1328 2923 ο
1366 2870 1515 2928 Unde
1544 2870 1688 2942 Apo-

1791 1977 2040 2049 placeant
2061 1980 2191 2045 Deo,
2211 1980 2352 2035 sicut
2371 1982 2658 2052 Apostolus
2683 1984 2791 2040 ait:
2815 2004 2833 2036 ι
2857 1985 3210 2042 Providentes
3229 1988 3371 2042 bona

1790 2084 1897 2123 non
1929 2078 2136 2125 tantum
2172 2086 2356 2126 coram
2394 2072 2528 2139 Deo,
2572 2075 2667 2130 sed
2707 2076 2869 2131 etiam
2904 2091 3089 2132 coram
3117 2078 3374 2133 omnibus

1790 2157 2095 2214 hominibus
2125 2159 2302 2230 (Rom.
2329 2162 2480 2234 xm).
2511 2182 2530 2214 ι
2564 2164 2634 2219 Et
2657 2165 2860 2220 iterum
2886 2185 2899 2221 :
2934 2184 2953 2218 ι
2982 2166 3374 2223 Provideamus

1791 2246 1930 2303 bona
1953 2248 2007 2304 in
2032 2250 2211 2305 medio
2234 2252 2473 2308 nationis
2497 2270 2676 2323 prava:
2696 2255 2862 2327 (Phil.
2890 2255 2973 2330 ιι).
3000 2280 3020 2310 ι
3052 2258 3120 2313 Ει
3141 2258 3369 2314 Petrus:

1797 2354 1815 2385 ι
1840 2336 2317 2395 Conversationem
2339 2351 2579 2398 vestram
2609 2345 2751 2402 inter
2774 2356 2964 2418 gentes
2991 2348 3255 2405 habentes
3279 2349 3376 2405 bo-

1792 2440 1916 2480 nam
1939 2427 1993 2499 (Ι
2017 2425 2163 2483 Petr.
2195 2429 2279 2501 ιι).
2308 2450 2332 2484 ι

2327 2562 2611 2621 HOMILIA
2645 2567 2829 2623 XVIII.

2153 2689 2409 2731 DOMINICA
2439 2692 2477 2731 Il
2503 2694 2633 2734 POST
2659 2694 3002 2734 EPIPIIANIAM.

1859 2780 2033 2854 (10m.
2059 2781 2143 2853 ιι.)
2182 2802 2201 2835 ι
2231 2783 2290 2838 In
2319 2784 2410 2841 illo
2439 2794 2700 2857 tempore,
2746 2790 2946 2857 nuptiae
2972 2789 3132 2845 facta:
3158 2755 3369 2848 suntin

1793 2889 1813 2924 α
1842 2870 1987 2927 Cana
2008 2872 2262 2940 Galilaeze,
2292 2894 2311 2926 ι
2336 2883 2392 2930 et
2412 2876 2636 2946 reliqua.
2662 2878 2917 2935 Miracula
2940 2881 3150 2936 Domini
3174 2891 3229 2936 et
3251 2882 3373 2939 Sal-

124 2970 285 3025 stolus
317 2966 563 3040 praecipit
589 2965 715 3021 ﬁliis
747 2965 968 3021 obedire
1002 2964 1317 3034 parentibus
1351 2978 1447 3034 per
1472 2964 1686 3029 omnia,
1787 2965 1990 3019 vatoris
2016 2965 2186 3020 nostri
2217 2967 2649 3039 quandocunque
2674 2970 2949 3042 leguntur,
2988 2989 3093 3028 non
3139 2985 3267 3030 sunt
3316 2976 3372 3031 in

124 3059 222 3115 hoc
256 3061 456 3115 bonum
484 3067 540 3113 et
565 3065 845 3126 acceptum
884 3063 970 3111 est
1006 3071 1188 3111 coram
1225 3054 1337 3109 Deo
1367 3053 1414 3125 χΙ
1447 3053 1580 3107 Tim.
1608 3053 1684 3126 v).

1787 3055 2030 3125 exempla
2064 3057 2345 3121 trahenda,
2378 3057 2471 3113 sed
2514 3061 2692 3129 potius
2740 3063 3055 3119 admiranda
3082 3074 3246 3134 atque
3276 3082 3374 3122 ve-

124 3147 189 3203 Et
221 3149 453 3205 iterum:
482 3168 499 3194 ο
536 3146 593 3203 Si
620 3147 741 3219 quis
769 3161 990 3202 suorum
1022 3161 1214 3202 curam
1251 3160 1359 3201 non
1395 3143 1589 3211 habet,
1632 3152 1688 3199 et
1731 3220 1760 3224 _
1787 3149 2043 3202 ueramla.
2106 3147 2543 3219 Quotiescunque
2592 3152 2737 3207 enim
2804 3153 3031 3224 legimus
3084 3155 3376 3211 Dominum

126 3245 360 3301 maxime
408 3243 660 3310 ﬁdelium,
696 3241 856 3297 ﬁdem
886 3240 1103 3312 negavit
1128 3249 1184 3296 et
1209 3248 1292 3297 est
1316 3237 1519 3295 inﬁdeli
1543 3238 1691 3294 dete-
1718 3220 1762 3283 Ο
1792 3238 1876 3293 vel
1903 3237 1971 3292 ad
2008 3238 2260 3309 nuptias,
2294 3238 2381 3293 vel
2407 3241 2475 3295 ad
2514 3241 2819 3297 convivium
2860 3220 3112 3300 vocatum
3138 3246 3372 3311 venisse,

128 3335 240 3391 rior
261 3333 470 3406 (ιδιά).
500 3352 521 3385 ο
1388 3398 1393 3402 ἡ

210 3441 231 3475 ι
261 3422 330 3476 Et
355 3431 522 3477 mater
549 3421 662 3490 ejus
686 3422 1038 3500 conservabat
1074 3421 1254 3477 omnia
1282 3422 1448 3476 verba
1484 3420 1601 3491 haec
1635 3420 1691 3475 in

135 3532 154 3565 ι
188 3513 354 3568 corde
379 3528 494 3568 suo.
524 3532 543 3565 ι
596 3512 782 3570 Omnia
813 3514 1023 3570 scilicet
1050 3526 1171 3584 quae
1214 3514 1279 3569 de
1320 3511 1412 3569 illo
1451 3511 1689 3578 audivit,

131 3604 240 3660 sive
262 3602 334 3659 ab
359 3603 578 3675 angelis,
608 3605 721 3662 sive
747 3621 778 3660 a
804 3604 1131 3675 pastoribus,
1158 3603 1273 3659 sive
1300 3617 1332 3657 a
1360 3602 1552 3674 magis,
1578 3602 1692 3657 sive

134 3711 163 3750 a
185 3693 461 3761 Simeone,
492 3695 576 3750 vel
603 3696 672 3749 ab
696 3697 852 3750 Anna
877 3695 1240 3765 prophetissa,
1270 3692 1355 3750 vel
1383 3694 1545 3748 etiam
1573 3707 1691 3763 qua:

139 3785 196 3839 ab
223 3783 309 3840 illo
335 3784 453 3840 ﬁeri
480 3785 725 3849 videbat,
773 3784 927 3855 quasi
975 3785 1234 3840 mundum
1281 3782 1481 3838 animal
1525 3782 1692 3837 rumi-

143 3888 276 3941 nans,
301 3874 355 3929 in
380 3875 542 3929 corde
570 3870 668 3929 suo
696 3873 1071 3937 conservabat,
1094 3872 1283 3928 nolens
1311 3873 1526 3927 mittere
1550 3887 1691 3925 mar«

150 3963 319 4030 garitas
342 3978 473 4019 suas
500 3972 626 4018 ante
653 3978 871 4033 porcos,
901 3977 1076 4035 neque
1105 3963 1235 4019 dare
1263 3971 1507 4018 sanctum
1539 3963 1691 4017 cani-

148 4052 248 4122 bus,
283 4059 376 4113 sed
407 4067 729 4130 exspectans
781 4065 991 4129 tempus
1036 4058 1178 4114 illius
1221 4056 1475 4129 perfectae
1515 4055 1694 4111 aetatis

143 4162 233 4217 quo
261 4149 520 4205 miracula
566 4149 812 4204 faciendo
858 4150 1001 4206 Deus
1045 4150 1438 4215 ostenderetur,
1483 4156 1540 4203 et
1584 4164 1692 4218 quo

142 4236 551 4297 btecscribendo
578 4250 771 4308 erant,
820 4248 879 4295 ut
922 4256 1018 4311 per
1051 4240 1294 4296 ordinem
1329 4247 1525 4294 cuncta
1562 4255 1690 4293 nar-

141 4338 325 4386 rentur.
381 4330 535 4387 Unde
572 4331 713 4386 idem
742 4331 1071 4402 evangelista
1108 4330 1267 4400 paulo
1295 4328 1544 4398 superius
1573 4328 1688 4382 ait:

146 4440 161 4472 ι
186 4423 459 4478 conferens
484 4424 537 4478 in
564 4424 726 4480 corde
760 4437 879 4478 suo.
910 4443 929 4476 ι
982 4422 1117 4490 Quia
1146 4420 1457 4478 conferebat
1481 4436 1547 4476 ea
1574 4436 1694 4490 quae

142 4510 189 4565 in
216 4512 298 4568 illo
324 4515 443 4570 ﬁeri
470 4515 717 4581 videbat,
756 4530 879 4571 cum
913 4514 994 4569 eis
1017 4530 1138 4584 qua:
1166 4514 1233 4569 de
1260 4514 1349 4569 illo
1375 4514 1431 4568 in
1459 4513 1693 4570 oraculis

140 4603 505 4673 prophetarum
535 4605 769 4676 legerat,
807 4613 863 4662 et
888 4613 1037 4660 tanto
1063 4605 1243 4660 verius
1290 4620 1414 4659 eum
1439 4604 1695 4660 credebat

142 4688 291 4746 Deum
318 4708 463 4761 esse,
508 4705 713 4765 quanto
748 4694 836 4750 illa
871 4711 991 4765 quae
1033 4692 1100 4749 de
1145 4709 1209 4750 eo
1252 4693 1486 4764 legerat,
1518 4695 1571 4751 in
1603 4694 1694 4751 illo

142 4783 382 4855 compleri
407 4787 685 4843 cernebat.

206 4892 224 4926 ι
250 4873 313 4949 Ει
338 4873 500 4931 Jesus
526 4876 841 4946 proﬁciebat
872 4876 1137 4947 sapientia
1167 4885 1222 4933 et
1247 4885 1425 4933 aetate.
1451 4896 1470 4930 ι
1507 4877 1565 4931 In
1592 4876 1695 4931 hoc

143 4963 273 5020 brevi
318 4967 587 5024 versiculo
638 4971 757 5024 duae
805 4971 1040 5026 haereses
1090 4970 1462 5035 destruuntur,
1519 4968 1691 5024 Mani—

142 5054 395 5113 chaeorum
424 5067 481 5114 et
503 5057 1031 5130 Apollinaristarum.
1084 5060 1364 5117 Manichrei
1399 5060 1564 5128 enim,
1602 5060 1695 5131 qui

143 5146 381 5205 dixerunt
424 5150 589 5205 Deum
635 5166 819 5206 veram
863 5167 1083 5208 carnem
1144 5166 1254 5208 non
1306 5151 1695 5221 assumpsisse,

142 5233 492 5304 destruuntur,
516 5255 639 5296 cum
660 5242 887 5297 dicitur:
910 5261 928 5294 ι
952 5241 1109 5299 Jcsus
1129 5242 1445 5314 proﬁciebat
1468 5248 1649 5296 aetate.
1673 5260 1692 5293 ι

142 5323 521 5394 Apollinarista:
540 5345 691 5396 vero,
732 5331 822 5401 qui
843 5331 1095 5387 dixerunt
1112 5349 1233 5389 eum
1255 5347 1440 5388 veram
1462 5331 1698 5387 animam

143 5432 236 5472 non
262 5420 538 5487 habuisse,
569 5424 940 5490 destruuntur,
979 5441 1103 5481 cum
1141 5428 1375 5482 dicitur:
1404 5445 1423 5478 ι
1454 5425 1703 5497 proﬁcie—

143 5506 220 5564 bat
252 5514 534 5584 sapientia.
569 5535 588 5568 ι
644 5515 796 5571 Sicut
823 5518 967 5572 enim
993 5526 1125 5574 aetas
1152 5518 1217 5572 ad
1245 5534 1465 5589 corpus,
1501 5518 1582 5572 sic
1617 5531 1704 5575 sa-

143 5599 328 5667 pientia
362 5604 417 5660 in
444 5606 547 5663 hoc
582 5608 700 5665 loco
729 5610 963 5679 pertinet
999 5611 1068 5665 ad
1105 5611 1361 5666 animam.
1411 5609 1521 5665 Nisi
1560 5609 1724 5664 cnim.

145 5704 311 5750 veram
338 5712 559 5754 carnem
592 5701 891 5769 habuisset,
918 5717 1254 5772 nequaquam
1290 5710 1448 5757 :rtate
1479 5702 1704 5771 prolice-

145 5790 217 5837 ret
236 5795 287 5840 et
308 5798 598 5845 cresceret.
633 5790 699 5847 Et
720 5791 823 5849 nisi
846 5792 1160 5848 rationalem
1186 5802 1238 5849 et
1262 5810 1441 5849 veram
1468 5795 1701 5849 animam

1791 3344 1897 3384 non
1939 3328 2076 3399 gulae
2101 3328 2368 3384 illecebris
2396 3331 2654 3399 deputare
2697 3333 2993 3399 debemus,
3033 3337 3173 3391 sicut
3210 3335 3379 3391 facie-

1791 3417 1921 3475 bant
1948 3415 2154 3471 Scriba:
2181 3427 2237 3471 et
2264 3415 2545 3482 Pharisaei,
2590 3420 2684 3487 qui
2710 3420 2962 3475 dicebant
2982 3436 3106 3475 eum
3132 3423 3241 3476 vini
3272 3438 3374 3492 po-

1794 3515 2023 3562 tatorem
2062 3516 2119 3562 et
2163 3508 2398 3561 amicum
2447 3507 2855 3576 publicanorum
2884 3509 3100 3580 (Matth.
3131 3513 3231 3580 xi),
3279 3512 3374 3566 sed

1790 3597 1861 3653 ob
1884 3598 2019 3653 certi
2048 3597 2275 3666 gratiam
2305 3598 2571 3668 mysterii,
2599 3599 2651 3653 id
2691 3609 2792 3663 est,
2824 3616 2923 3670 pro
2964 3599 3236 3657 lucrandis
3260 3602 3378 3657 ani-

1792 3683 2013 3756 mabus,
2040 3705 2167 3747 eum
2215 3692 2429 3747 venisse
2457 3690 2680 3748 credere
2722 3692 2998 3749 debemus.
3051 3693 3205 3750 Sicut
3229 3696 3378 3751 enim

1792 3783 1982 3839 doctus
2018 3783 2280 3853 piscator,
2326 3791 2384 3839 et
2416 3783 2624 3853 peritus
2648 3794 2876 3841 venator
2916 3787 2971 3841 in
3000 3802 3069 3842 eo
3094 3787 3211 3843 loco
3239 3788 3379 3843 retia

1792 3874 1995 3941 tendit,
2046 3873 2137 3929 ubi
2185 3874 2585 3929 multitudinem
2614 3875 2845 3946 piscium
2873 3877 2959 3933 vel
3010 3878 3212 3943 avium,
3263 3879 3380 3933 sive

1790 3963 2085 4019 bestiarum
2115 3964 2264 4018 novit
2293 3964 2600 4028 convenire,
2633 3974 2693 4021 ut
2718 3982 2840 4021 cum
2866 3967 3019 4022 multi
3045 3983 3375 4041 congregen-

1792 4065 1900 4123 tur,
1941 4057 2106 4126 aliqui
2134 4058 2441 4128 capiantur,
2487 4057 2559 4112 ita
2585 4057 2843 4115 Dominus
2872 4059 2940 4113 ad
2968 4059 3271 4115 convivium
3296 4059 3380 4114 vel

1792 4148 1859 4205 ad
1880 4147 2098 4217 nuptias
2118 4147 2304 4202 venire
2328 4147 2518 4213 voluit,
2553 4155 2614 4202 ut
2642 4148 2737 4204 ubi
2782 4149 2937 4204 multi
2963 4150 3374 4214 conveniebant,

1792 4240 1893 4296 reti
1915 4240 2031 4311 ejus
2070 4239 2472 4310 praedicationis
2514 4239 2680 4312 aliqui
2718 4249 3061 4310 caperentur.
3116 4240 3197 4296 Ob
3225 4241 3378 4296 hanc

1791 4346 2011 4387 causam
2062 4331 2322 4387 invitatus
2365 4347 2401 4386 a
2421 4331 2721 4399 Phariszeo,
2770 4332 2825 4387 in
2850 4332 3011 4388 domo
3042 4333 3160 4404 ejus
3189 4334 3372 4389 discu-

1790 4423 1975 4479 buisse
2005 4423 2223 4493 legitur,
2253 4432 2309 4479 et
2334 4439 2476 4479 nunc
2502 4433 2727 4480 vocatus
2761 4424 2827 4479 ad
2855 4425 3103 4493 nuptias,
3149 4440 3255 4478 non
3291 4438 3380 4477 so-

1796 4512 1909 4568 lum
1934 4513 2163 4578 venisse,
2191 4514 2287 4569 sed
2312 4513 2474 4569 etiam
2501 4529 2595 4570 eas
2623 4529 2723 4570 suo
2751 4514 3008 4570 miraculo
3033 4528 3380 4569 consecrasse

1800 4612 2152 4659 memoratur.
2200 4603 2301 4659 Ubi
2347 4606 2642 4660 notandum
2697 4603 2841 4674 quod
2882 4619 3005 4659 cum
3054 4602 3121 4656 ad
3164 4603 3382 4672 nuptias

1801 4701 2017 4750 terreno
2042 4709 2193 4749 more
2221 4693 2592 4749 celebraturus
2634 4693 2893 4748 Dominus
2939 4690 3104 4754 venit,
3153 4705 3261 4746 non
3292 4706 3383 4746 so-

1798 4784 1910 4839 lum
1956 4784 2292 4855 conjugalem
2321 4784 2569 4853 copulam
2610 4783 2808 4836 bonam
2836 4794 2957 4837 esse
2984 4781 3242 4847 ostendit,
3282 4782 3379 4837 sed

1798 4875 1962 4930 etiam
1988 4875 2275 4930 Marcionis
2313 4883 2368 4929 et
2408 4873 2651 4930 Tationis
2680 4873 2931 4928 haeresim
2960 4874 3248 4942 destruxit,
3285 4876 3379 4945 qui

1800 4969 2017 5040 nuptias
2044 4970 2301 5023 damnare
2355 4966 2656 5023 voluerunt.
2714 4965 2771 5022 Si
2801 4965 2945 5020 enim
2982 4966 3182 5036 nuptiae
3229 4967 3386 5022 bona:

1800 5076 1905 5117 non
1936 5066 2141 5125 essent,
2186 5072 2526 5129 nequaquam
2547 5057 2614 5112 ad
2642 5073 2737 5113 eas
2762 5056 2904 5113 ﬁlius
2933 5058 3157 5128 virginis
3176 5058 3382 5124 venire.

1800 5166 1902 5207 nec
1921 5166 2015 5206 cas
2042 5164 2139 5207 suo
2163 5148 2425 5205 miraculo
2452 5148 2698 5219 dignaret
2723 5162 3062 5204 consecrare.
3093 5148 3161 5203 Et
3195 5147 3241 5203 si
3274 5163 3379 5202 nu-

1758 5295 1770 5308 ,
1800 5245 1925 5314 ptiae
1959 5244 2114 5299 bona:
2162 5257 2270 5301 non
2302 5249 2506 5306 essent,
2537 5255 2658 5310 qua:
2703 5248 2926 5311 propter
2958 5256 3197 5296 amorem
3248 5240 3387 5295 ﬁlio-
3464 5242 3470 5247 ’

1802 5352 1922 5393 rum
1955 5336 2106 5398 fiunt,
2143 5347 2481 5403 nequaquam
2507 5331 2765 5388 Dominus
2803 5332 2859 5386 in
2890 5332 3044 5387 initio
3086 5332 3385 5387 masculum

1804 5436 1861 5482 et
1886 5426 2140 5481 feminam
2180 5432 2420 5479 creasset
2454 5437 2555 5479 nec
2593 5422 2835 5478 dicturus
2877 5429 3043 5477 esset.
3088 5440 3106 5472 ι
3160 5422 3390 5490 Propter

1808 5518 1910 5574 hoc
1935 5516 2200 5585 relinquet
2233 5514 2392 5570 homo
2420 5521 2625 5584 patrem
2662 5519 2717 5567 et
2750 5521 2976 5568 matrem
3008 5528 3183 5577 suam,
3214 5520 3268 5567 et
3292 5512 3389 5564 ad-

1807 5609 2032 5665 haerebit
2070 5606 2224 5663 uxori
2257 5621 2396 5672 suae,
2427 5613 2480 5661 et
2499 5612 2660 5661 erunt
2685 5604 2792 5659 duo
2821 5604 2873 5659 in
2889 5618 3051 5659 carne
3083 5618 3187 5656 una
3228 5600 3382 5672 (Gen:

1806 5704 1887 5770 ιι).
1933 5723 1950 5751 ι
1989 5701 2138 5757 Unde
2167 5708 2222 5755 et
2264 5697 2523 5756 Dominus
2566 5697 2930 5767 interrogatus
2971 5709 3001 5748 a
3043 5689 3318 5760 discipulis
3370 5688 3391 5743 ἱ

1808 5805 2079 5866 Oporteret
2125 5794 2396 5875 dimittere
2445 5806 2690 5869 uxorem,
2738 5800 3059 5859 quacunque
3085 5799 3149 5840 cx
3203 5798 3391 5847 causa,
