4038 6352
641 421 744 478 127

1267 413 1619 474 HAYMONIS
1657 413 2148 472 HALBERSTAT.
2189 410 2403 468 EPlSC.
2445 410 2596 470 OPP.
2638 411 2818 472 PARS
2856 417 2918 471 ll.
2947 447 3015 457 —-
3045 415 3276 474 HOMIL.

3831 419 3925 475 193

642 546 705 593 ut
740 536 989 592 ostendat
1035 533 1233 588 bonum
1283 545 1402 586 esse
1447 526 1755 598 coniugium
1794 527 2035 597 legitime
2077 525 2220 581 cele-
2244 526 2297 583 Α
2323 525 2492 592 ditur,
2523 526 2648 596 quia
2693 525 2781 581 ille
2823 525 3053 582 feliciter
3101 527 3168 583 ad
3214 527 3313 583 has
3339 526 3553 598 nuptias
3587 527 3921 595 discumbit,

641 629 880 690 bratum,
914 625 989 679 ait
1017 639 1030 675 :
1061 640 1081 673 ‹
1110 620 1260 687 Quod
1291 620 1435 675 Deus
1475 617 1784 687 conjunxit,
1816 618 1978 673 homo
2001 632 2104 671 non
2136 631 2221 671 se-

641 726 814 789 paret.
861 714 993 769 Nam
1043 713 1133 782 qui
1176 711 1442 766 dimiserit
1496 725 1740 773 uxorem,
1787 718 2012 778 excepta
2055 723 2219 763 causa

641 803 1029 864 fornicationis,
1093 802 1395 856 mmchatur
1447 800 1663 871 (Matth.
1723 799 1858 870 nx).
1890 819 1908 851 ι
1972 799 2108 854 Hinc
2166 806 2221 852 et

638 896 942 968 Apostolus,
975 894 1219 965 magistri
1250 893 1567 948 sententiam
1597 902 1830 955 secutus,
1865 893 1941 946 ait
1971 911 1982 945 :
2032 910 2050 943 ι
2081 891 2216 956 Viri,

589 1017 596 1032 ι
637 989 841 1057 diligite
870 1002 1068 1041 uxores
1096 995 1323 1048 vestras,
1371 987 1512 1040 sicut
1547 984 1793 1040 Christus
1822 985 2010 1039 dilexit
2031 985 2218 1038 Eccle-

636 1077 791 1131 siam.
842 1076 909 1133 Et
946 1075 1039 1144 qui
1073 1091 1295 1130 uxorem
1323 1090 1476 1130 suam
1525 1075 1716 1145 diligit,
1766 1076 2000 1144 seipsum
2047 1074 2220 1143 diligit

637 1150 948 1238 (Ep'hes.v).
974 1186 993 1218 ι
1021 1166 1087 1220 Et
1102 1157 1293 1221 iterum
1312 1163 1369 1219 ι’(
1389 1165 1616 1235 Propter
1629 1165 2037 1220 fornicationem
2054 1180 2218 1219 unus-

638 1258 868 1328 quisque
895 1273 1047 1312 suam
1095 1261 1317 1312 uxorem
1350 1246 1563 1319 habeat,
1607 1265 1661 1311 et
1704 1272 2040 1325 unaquaque
2081 1271 2218 1310 uxor

637 1363 794 1402 suum
822 1347 997 1402 virum
1052 1347 1267 1402 habeat.
1303 1347 1396 1402 Vir
1424 1362 1576 1401 uxori
1622 1346 1856 1400 debitum
1902 1345 2111 1409 reddat,
2145 1347 2217 1400 si-

635 1437 836 1493 militer
866 1448 921 1493 et
947 1454 1085 1492 uxor
1111 1439 1247 1492 viro.
1292 1437 1480 1491 Mulier
1505 1437 1588 1491 sui
1617 1439 1862 1505 corporis
1890 1446 2214 1506 potestatem

637 1545 746 1585 non
777 1531 955 1596 habet,
983 1531 1076 1585 sed
1106 1530 1208 1584 vir.
1257 1529 1516 1584 Similiter
1543 1538 1595 1583 et
1621 1529 1703 1582 vir
1735 1530 1814 1583 sui
1848 1529 2089 1598 corporis
2115 1543 2212 1596 po-

639 1629 888 1676 testatem
922 1635 1025 1675 non
1049 1621 1230 1684 habet,
1257 1620 1348 1674 sed
1377 1621 1573 1674 mulier
1595 1619 1647 1690 (I
1675 1617 1796 1673 Cor.
1827 1618 1933 1688 ιιι).
1962 1637 1979 1668 ι
2008 1619 2074 1672 Et
2097 1633 2214 1672 rur-

636 1727 768 1767 sus:
802 1729 823 1762 ι
843 1711 944 1778 Qui
979 1711 1322 1766 matrimonio
1343 1709 1661 1778 coniunctus
1686 1719 1790 1774 est,
1808 1710 2080 1779 praecipio,
2106 1725 2210 1763 non

633 1816 754 1872 ego,
786 1801 878 1856 sed
906 1802 1175 1864 Christus,
1225 1801 1506 1856 mulierem
1537 1817 1568 1855 a
1598 1802 1716 1856 viro
1764 1817 1870 1855 non
1893 1800 2206 1856 discedere:

632 1868 776 1962 quod
804 1894 848 1947 si
897 1893 1226 1958 discesserit,
1263 1895 1541 1964 innuptam
1569 1909 1905 1964 permanere,
1941 1902 2033 1948 aut
2069 1902 2215 1950 certe
2247 1868 2292 1929 Β

633 1982 754 2037 viro
773 1983 1109 2038 reconciliari
1132 1982 1341 2054 (lbid.).
1374 2003 1393 2035 ›
1428 2000 1448 2033 ι
1475 1982 1828 2037 Honorabiles
1848 1984 1992 2038 enim
2015 1985 2215 2053 nuptiae

635 2074 732 2145 (ait
763 2073 1038 2146 Salomon)
1067 2083 1124 2129 et
1151 2075 1326 2130 cubile
1352 2075 1754 2129 immaculatum
1797 2075 1982 2147 (Hebr.
2017 2076 2157 2147 xm).
2191 2096 2208 2129 ι

633 2163 1008 2219 Fornicatores
1063 2179 1297 2234 namque
1341 2172 1395 2220 et
1425 2164 1700 2220 adulteros
1739 2163 2002 2232 iudicabit
2032 2164 2214 2219 Domi-

636 2267 757 2306 nus.
790 2253 935 2308 Bona
959 2261 1041 2308 est
1067 2268 1197 2324 ergo
1236 2253 1427 2324 copula
1456 2254 1751 2325 coniugalis
1771 2295 1785 2320 ,
1827 2255 2020 2311 melior
2044 2257 2214 2312 conti-

633 2343 814 2399 nentia
846 2344 1094 2410 vidualis,
1124 2345 1416 2415 perfectior
1442 2361 1570 2400 vero
1607 2346 1887 2416 integritas
1913 2347 2210 2418 virginalis.

630 2434 712 2490 Ad
741 2437 1199 2505 comprobandum
1221 2438 1357 2502 haec,
1385 2435 1644 2492 Dominus
1669 2437 1734 2492 de
1764 2437 2080 2494 intemerato
2112 2440 2216 2494 vir-

634 2526 776 2596 ginis
803 2535 956 2580 utero
983 2526 1260 2580 nascitur:
1289 2541 1410 2580 mox
1436 2534 1615 2592 natus,
1657 2528 1726 2582 ab
1748 2528 1902 2582 Anna
1930 2529 2090 2584 vidua
2120 2529 2214 2585 be-

638 2615 906 2670 nedicitur
931 2633 943 2667 :
973 2614 1188 2684 juvenis
1234 2615 1427 2683 factus,
1462 2632 1491 2671 a
1521 2617 1945 2674 celebratoribus
1995 2621 2211 2690 nuptia-

633 2721 752 2760 rum
801 2706 1060 2762 invitatus
1095 2707 1311 2762 venisse
1363 2707 1580 2779 legitur.
1636 2708 1760 2764 Haec
1791 2711 1945 2780 juxta
1976 2711 2210 2765 litteram

633 2795 777 2848 dicta
803 2803 947 2848 sunt.
993 2793 1356 2864 Spiritualiter
1382 2812 1509 2854 vero
1548 2799 1982 2868 coniunctionem
2010 2799 2210 2855 Christi

631 2892 688 2938 et
721 2883 997 2948 Ecclesiae,
1029 2886 1083 2939 in
1111 2885 1408 2956 Scripturis
1458 2891 1640 2944 vocari
1672 2891 1887 2962 nuptias
1925 2892 2212 2948 usitatissi-

633 2988 779 3028 mum
806 2983 908 3040 est,
956 2975 1095 3030 sicut
1122 2976 1250 3032 illud
1283 2977 1334 3032 in
1365 2979 1655 3050 Evangelio
1689 2998 1702 3033 :
1741 2999 1760 3032 ι
1795 2981 1980 3037 Simile
2011 2991 2094 3038 est
2131 2999 2214 3038 re-

633 3078 796 3134 gnum
843 3064 1101 3119 cmlorum
1130 3065 1335 3121 homini
1367 3069 1501 3139 regi,
1553 3071 1645 3139 qui
1695 3070 1820 3125 fecit
1850 3074 2064 3141 nuptias
2103 3073 2211 3130 filio

631 3166 730 3206 suo
754 3151 970 3222 (Matth.
1007 3154 1166 3226 χιιι).
1201 3155 1218 3208 ›
1253 3157 1319 3211 Ει
1347 3157 1542 3213 iterum
1570 3174 1584 3213 :
1643 3178 1662 3211 ι
1696 3159 1828 3215 Cum
1851 3171 2072 3217 vocatus
2101 3163 2215 3220 fue-

634 3241 709 3295 ris
729 3242 797 3296 ad
839 3243 1072 3312 nuptias,
1105 3262 1213 3301 non
1258 3242 1567 3304 discumbas
1597 3249 1649 3303 in
1699 3249 1874 3318 primo
1902 3252 2018 3308 loco
2057 3254 2207 3324 (Luc.

633 3330 808 3399 xxiv).
843 3350 862 3382 ι
923 3332 982 3387 ln
1020 3335 1222 3405 nuptiis
1251 3336 1393 3391 enim
1426 3337 1532 3392 duo
1553 3337 1852 3409 junguntur
1879 3357 2106 3412 sponsus
2157 3353 2212 3399 et

630 3437 848 3493 sponsa.
904 3425 973 3480 Et
1022 3425 1266 3497 sponsus
1300 3431 1516 3500 quidem
1554 3440 1638 3486 est
1677 3433 1944 3501 Christus,
1995 3439 2061 3493 de
2105 3454 2210 3507 quo

627 3526 725 3580 per
748 3512 1084 3570 Psalmistam
1124 3518 1357 3574 dicitur:
1398 3540 1417 3571 ι
1454 3519 1732 3592 Tanquam
1759 3540 1988 3596 sponsus
2029 3542 2212 3596 proce-

627 3599 761 3655 dens
809 3601 875 3656 de
917 3603 1152 3661 thalamo
1201 3622 1299 3663 suo
1349 3606 1520 3679 (Psal.
1567 3612 1745 3684 xvm).
1785 3632 1803 3665 ι
1862 3614 1930 3668 Ει
1977 3614 2211 3674 Joannes

629 3693 960 3764 evangelista
1013 3714 1028 3750 :
1093 3715 1112 3747 ι
1158 3696 1260 3763 Qui
1314 3699 1476 3755 habet
1534 3718 1786 3772 sponsam
1841 3721 2072 3775 sponsus
2126 3716 2210 3764 est

628 3779 811 3850 (Joan.
851 3783 957 3855 ιιι).
995 3805 1015 3839 ι
1058 3786 1265 3857 Sponsa
1292 3804 1421 3844 vero
1462 3791 1580 3862 ejus
1613 3804 1798 3849 sancta
1839 3805 1924 3851 est
1946 3797 2205 3866 Ecclesia,

626 3873 713 3928 cui
747 3889 845 3943 per
865 3873 1188 3944 Prophetam
1211 3879 1444 3934 dicitur:
1484 3901 1502 3933 ι
1543 3882 1889 3954 Desponsabo
1912 3897 1963 3942 te
1991 3889 2119 3942 mihi
2153 3891 2205 3944 in

620 3961 829 4032 iustitia
857 3974 911 4019 et
953 3967 1242 4024 sanctitate
1264 3971 1510 4027 veritatis
1537 3972 1682 4044 (Ose.
1717 3977 1799 4046 ιι).
1836 3996 1853 4027 ι
1888 3977 1955 4033 Ει
1983 3980 2035 4033 in
2061 3981 2204 4035 Can-

628 4055 734 4111 tico
774 4059 1144 4114 canticorum:
1198 4080 1219 4113 ι
1252 4062 1408 4129 Veni,
1455 4080 1648 4134 sponsa
1677 4082 1817 4134 mea,
1864 4069 2034 4126 electa
2085 4087 2203 4127 mea

626 4146 804 4218 (Cant.
839 4151 920 4222 ιι).
961 4173 978 4204 ι
1017 4152 1308 4209 Thalamus
1331 4155 1489 4224 huius
1517 4159 1717 4227 sponsi,
1765 4168 1950 4217 uterus
1979 4164 2206 4220 inteme-

627 4241 776 4296 ratus
801 4244 1082 4314 genitricis
1119 4243 1241 4300 fuit.
1273 4247 1350 4301 De
1388 4263 1496 4317 quo
1530 4249 1610 4320 (ut
1643 4251 1897 4323 diximus)
1945 4262 2200 4324 tanquam

625 4345 854 4401 sponsus
885 4337 950 4389 de
1000 4335 1234 4392 thalamo
1279 4353 1376 4393 suo
1411 4338 1668 4397 Christus
1717 4345 2000 4412 processit.
2043 4346 2204 4403 Venit

624 4436 754 4492 ergo
778 4425 846 4478 ad
875 4425 1090 4494 nuptias
1131 4436 1344 4484 terreno
1393 4446 1542 4486 more
1571 4433 1894 4501 celebratas,
1952 4439 2080 4508 quia
2133 4439 2201 4494 ad

623 4511 1056 4584 coniungendam
1093 4517 1194 4572 sibi
1235 4517 1555 4587 Ecclesiam,
1581 4523 1742 4579 homo
1787 4524 1929 4580 inter
1949 4527 2199 4585 homines

525 4620 529 4624 ·
624 4604 896 4673 apparuit.
935 4604 1110 4662 Locus
1141 4611 1446 4680 nuptiarum
1495 4605 1734 4682 primum
1768 4616 1820 4671 in
1849 4617 2033 4674 Judaza
2073 4619 2198 4690 fuit,

622 4695 713 4748 ubi
745 4694 1002 4751 Dominus
1029 4707 1218 4766 natus,
1275 4719 1383 4758 non
1432 4705 1604 4760 solum
1650 4707 1849 4774 docuit,
1906 4711 1999 4765 sed
2034 4713 2197 4766 etiam

619 4785 850 4846 virtutes
896 4786 1042 4854 fecit,
1075 4799 1131 4844 et
1178 4793 1244 4848 de
1273 4809 1378 4864 qua
1433 4798 1657 4866 apostoli
1687 4800 1843 4855 electi
1873 4812 2018 4857 sunt.
2051 4803 2202 4862 Cele-

620 4871 868 4929 bratores
908 4885 1087 4932 autem
1113 4881 1416 4950 nuptiarum
1448 4886 1675 4955 primum
1704 4891 1930 4959 apostoli
1960 4893 2224 4962 fuerunt,

619 4962 687 5018 de
714 4963 908 5032 quibus
951 4965 1209 5025 Dominus
1257 4973 1354 5046 ait‘
1385 4975 1438 5029 in
1471 4975 1797 5049 Evangelia:
1849 5001 1868 5032 ι
1904 4983 2020 5039 Non
2071 5001 2199 5055 pos-

620 5064 746 5109 sunt
776 5055 868 5148 lilii
908 5061 1098 5148 sponsi
1126 5061 1339 5133 lugere,
1368 5070 1603 5136 quandiu
1634 5087 1756 5126 cum
1788 5073 1894 5130 illis
1929 5083 2013 5131 est
2040 5092 2200 5148 spon-

618 5158 731 5200 sus.
794 5143 984 5202 Veniet
1014 5158 1224 5220 tempus
1255 5158 1469 5224 quando
1504 5159 1780 5216 auferetur
1821 5165 1890 5219 ab
1919 5165 1998 5220 eis
2039 5143 2200 5237 spon-

617 5249 742 5300 sus,
789 5245 843 5292 et
882 5239 1342 5312 tunciejunabunt
1390 5248 1604 5319 (Matth.
1634 5251 1732 5321 ix).
1772 5271 1792 5305 ι
1839 5252 1946 5309 Sed
1974 5256 2099 5324 quia
2130 5257 2198 5312 ad

619 5324 721 5380 has
773 5329 1080 5397 spirituales
1126 5336 1344 5406 nuptias
1400 5341 1584 5395 venire
1633 5353 1792 5397 nemo
1848 5351 2043 5414 potest,
2091 5347 2197 5402 nisi

613 5415 764 5485 prius
796 5420 911 5474 zelo
936 5423 1031 5477 Dei
1076 5433 1250 5482 tactus
1274 5429 1411 5484 mala
1460 5447 1624 5501 opera
1665 5448 1940 5503 respuere,
1974 5444 2029 5490 ει
2055 5439 2193 5493 bona

614 5505 862 5564 didicerit
895 5527 1098 5579 amare,
1130 5526 1277 5573 recte
1306 5519 1358 5572 in
1385 5519 1530 5574 Cana
1561 5521 1791 5578 Galilzeaa
1839 5524 1994 5580 facta:
2029 5526 2195 5584 fuisse

614 5595 941 5657 referuntur.
975 5604 1120 5660 Cana
1155 5610 1352 5680 quippe
1392 5610 1601 5667 viculus
1629 5613 1882 5682 Galilaezc,
1940 5617 2080 5673 zelus
2110 5619 2194 5673 in-

613 5701 961 5766 terpretatur.
1003 5699 1221 5758 Caliltea
1259 5720 1492 5774 namque
1522 5709 1927 5780 transmigratio
1957 5712 2096 5767 facta
2137 5713 2189 5768 in

611 5797 798 5846 nostra
825 5792 1008 5865 lingua
1038 5795 1254 5852 dicitur.
1297 5797 1371 5851 Ex
1398 5813 1505 5868 qua
1532 5799 1976 5872 interpretatione
2006 5814 2190 5862 osten-

2228 4569 2278 4630 D

2326 618 2415 687 qui
2448 618 2562 672 zelo
2605 619 2806 674 amoris
2851 617 3184 692 Deitactns,
3238 619 3305 675 de
3343 627 3557 676 terreno
3605 635 3819 675 amore
3863 622 3924 675 ad

2324 708 2542 764 caeleste
2569 709 2895 764 desiderium
2946 709 3430 780 transmigraverit,
3455 699 3458 702 ’
3483 711 3576 780 qui
3621 711 3819 780 possit
3848 711 3924 765 di-

2323 814 2447 868 cere
2477 815 2598 853 cum
2625 798 2906 853 Psalmista
2936 817 2951 854 :
2978 819 2997 852 ‹
3036 800 3192 854 Zelus
3219 801 3412 856 domus
3434 809 3537 855 tua:
3559 803 3819 856 comedit
3846 817 3923 855 me

2323 887 2497 958 (Psal.
2533 889 2744 960 vam).
2777 909 2795 940 ι
2829 889 2896 943 Ει
2939 905 3060 944 cum
3087 889 3383 959 Apostolo:
3419 909 3439 942 ι
3472 889 3582 946 Νοε
3611 900 3816 946 autem
3844 906 3922 946 re-

2322 976 2496 1030 velata
2538 975 2674 1032 facie
2725 977 2950 1048 gloriam
2990 979 3202 1034 Domini
3249 980 3702 1049 contemplantes,
3738 989 3921 1035 trans-

2321 1065 2618 1120 formamur
2653 1081 2683 1120 a
2713 1067 2963 1121 claritate
2992 1057 3046 1121 in
3073 1067 3396 1132 claritatem,
3445 1078 3713 1138 tanquam
3749 1085 3786 1122 a
3819 1069 3921 1124 Do-

2320 1157 2451 1211 mini
2482 1157 2674 1226 spiritu
2696 1157 2781 1225 (II
2795 1156 2918 1212 Cor.
2952 1157 3013 1228 ι).
3039 1179 3058 1211 ι
3080 1159 3233 1227 Quod
3259 1167 3315 1214 et
3337 1158 3571 1215 faciebat
3595 1160 3917 1226 Psalmista,

2320 1248 2431 1318 qui,
2481 1263 2604 1302 cum
2633 1247 2840 1303 videret
2890 1251 3114 1320 impium
3142 1250 3602 1321 superexaltatum
3650 1261 3712 1306 et
3739 1252 3918 1307 eleva-

2322 1346 2433 1392 tum
2494 1338 2632 1392 sicut
2675 1339 2868 1394 cedros
2916 1339 3125 1404 Libani,
3175 1341 3356 1396 omnia
3409 1343 3738 1398 transitoria
3787 1343 3917 1398 nihil

2320 1437 2656 1498 computans,
2689 1430 3023 1487 incalescens
3075 1433 3275 1497 animo,
3307 1433 3525 1488 aiebat:
3579 1452 3600 1484 ‹
3629 1433 3910 1500 Transivi,

2318 1527 2373 1573 et
2395 1533 2521 1574 ecce
2548 1535 2653 1574 non
2679 1531 2797 1574 erat
2827 1539 2840 1574 :
2871 1521 3089 1591 quzesivi
3131 1537 3276 1587 eum,
3324 1529 3380 1576 et
3406 1537 3511 1576 non
3543 1531 3627 1578 est
3657 1524 3912 1580 inventus

2318 1608 2467 1664 locus
2493 1607 2608 1678 eius
2637 1608 2810 1680 (Psal.
2843 1611 3050 1683 xxxvr).
3081 1631 3100 1664 ι
3127 1611 3193 1666 Ει
3214 1612 3351 1666 bene
3377 1612 3464 1666 die
3501 1613 3660 1668 tertia
3686 1624 3820 1684 post
3845 1631 3902 1669 ea

2317 1717 2437 1771 quae
2467 1717 2626 1772 supra
2663 1702 3001 1773 Evangelista
3038 1706 3503 1770 commemoravit,
3555 1705 3720 1760 facta:
3747 1705 3906 1762 fuisse

2319 1795 2647 1851 referuntur.
2680 1795 2806 1851 Tria
2848 1798 3046 1868 quippe
3073 1805 3199 1853 sunt
3250 1806 3513 1868 tempora,
3550 1808 3682 1854 ante
3713 1799 3903 1871 legem,

2317 1891 2414 1945 sub
2441 1889 2555 1959 lege
2580 1899 2637 1944 et
2664 1891 2764 1945 sub
2808 1891 3000 1962 gratia.
3031 1891 3166 1958 Quia
3195 1891 3341 1946 enim
3369 1894 3435 1948 ad
3473 1891 3902 1964 coniungendam

2315 1981 2415 2036 sibi
2454 1980 2749 2036 Eeclesiam
2793 1998 2899 2038 non
2938 1991 3063 2038 ante
3089 1983 3412 2052 legem,non
3467 1985 3569 2040 sub
3607 1985 3764 2054 lege,
3813 1987 3900 2041 sed

2316 2071 2416 2126 sub
2449 2071 2622 2140 gratia
2672 2070 2814 2126 Deus
2841 2072 3074 2128 visibilis
3099 2074 3369 2144 apparuit,
3421 2082 3572 2129 recte
3619 2075 3710 2131 die
3750 2076 3901 2130 tertia

2314 2163 2381 2216 ad
2408 2161 2621 2230 nuptias
2642 2161 2852 2217 venisse
2893 2171 3372 2219 commemoratur.
3424 2164 3500 2219 De
3538 2179 3647 2235 qua
3680 2167 3899 2236 conjun-

2315 2253 2488 2308 ctione
2510 2252 2705 2309 Paulus
2732 2256 3006 2325 apostolus
3040 2257 3116 2311 ait
3141 2273 3153 2310 :
3193 2274 3211 2308 ι
3239 2255 3489 2312 JEmulor
3517 2259 3665 2313 enim
3689 2275 3781 2314 vos
3807 2259 3897 2313 Dei

2313 2344 2673 2412 aemulatione,
2709 2347 2972 2417 despondi
3021 2348 3166 2404 enim
3201 2363 3298 2404 vos
3349 2349 3443 2403 uni
3487 2348 3610 2404 viro
3637 2351 3893 2421 virginem

2312 2442 2518 2490 castam
2547 2435 2808 2492 exhibere
2837 2437 3052 2493 Christo
3078 2437 3164 2508 (ΙΙ
3191 2437 3311 2493 Cor.
3345 2437 3445 2508 xl).
3480 2457 3500 2490 ι
3544 2437 3686 2494 Hinc
3712 2441 3760 2493 in
3784 2439 3896 2492 lau-

2311 2525 2433 2580 dem
2460 2526 2713 2582 Ecclesia:
2734 2528 2930 2583 dicitur
2956 2527 3131 2601 (Cant.
3157 2543 3197 2593 ι,
3230 2527 3292 2599 ιι)
3319 2545 3332 2581 :
3373 2546 3394 2579 ‹
3416 2526 3559 2583 Ecce
3588 2537 3646 2583 tu
3676 2528 3888 2598 pulchra

2311 2631 2391 2680 es,
2421 2617 2592 2671 amica
2628 2631 2769 2684 mea,
2808 2633 2934 2673 ecce
2979 2627 3034 2672 tu
3070 2617 3320 2689 pulchra;
3351 2617 3492 2673 oculi
3523 2619 3602 2673 tui
3631 2617 3882 2674 columba-

2313 2722 2453 2761 rum.
2490 2727 2508 2760 ι
2569 2707 2638 2762 Ει
2690 2708 2886 2763 iterum
2929 2726 2944 2761 :
2999 2727 3018 2761 ι
3062 2708 3408 2765 Pnlchriores
3456 2717 3583 2764 sunt
3627 2709 3760 2764 oculi
3805 2707 3885 2762 tui

2311 2797 2455 2862 vino,
2478 2805 2534 2851 et
2553 2798 2740 2852 dentes
2769 2799 2844 2853 tui
2869 2799 3008 2854 lacte
3035 2799 3398 2856 candidiores.
3435 2818 3452 2850 ι
3493 2799 3562 2854 Ει
3581 2797 3810 2855 Joannes
3841 2799 3891 2852 in

2310 2889 2628 2961 Apocalypsi
2671 2907 2684 2944 :
2738 2909 2758 2941 ι
2797 2890 2915 2946 Vidi
2939 2901 3184 2947 sanctam
3239 2891 3516 2946 civitatem
3574 2891 3891 2957 Ierusalem,

2313 2978 2731 3035 descendentem
2763 2981 2830 3036 de
2876 2981 3032 3046 etnlo,
3071 2990 3326 3052 tanquam
3356 2997 3608 3052 sponsam
3655 2992 3896 3038 ornatam

2313 3069 2430 3123 viro
2461 3085 2558 3124 suo
2587 3071 2774 3142 (Apoc.
2823 3072 2958 3143 xxt).
2996 3091 3014 3124 ι
3069 3071 3161 3128 Vel
3187 3081 3354 3140 certe,
3385 3075 3508 3144 quia
3532 3090 3697 3130 nemo
3736 3075 3790 3130 in
3818 3076 3899 3130 bis

2315 3159 2514 3229 nuptiis
2542 3159 2805 3217 interesse
2831 3171 3048 3233 potest,
3096 3163 3202 3220 nisi
3231 3164 3324 3234 qui
3369 3163 3703 3220 individuam
3742 3166 3900 3221 trini—

2319 3258 2480 3305 tatem
2516 3252 2728 3307 Domini
2760 3255 2922 3309 l'uerit
2950 3254 3254 3322 confessus,
3287 3263 3426 3312 recte
3459 3255 3620 3311 etiam
3675 3257 3769 3312 die
3801 3265 3902 3312 ter-

2315 3344 2386 3398 tia
2417 3344 2482 3398 ad
2511 3345 2728 3415 nuptias
2768 3348 2984 3403 venisse
3013 3357 3284 3402 narratur.
3333 3348 3456 3404 Sive
3483 3346 3664 3412 aliter,
3704 3349 3778 3404 ad
3802 3350 3900 3405 hoc

2311 3434 2400 3489 die
2427 3435 2585 3488 tertia
2637 3435 2706 3490 ad
2758 3437 2974 3506 nuptias
3023 3439 3208 3492 venire
3237 3437 3425 3503 voluit,
3471 3445 3532 3492 ut
3585 3439 3899 3493 ostenderet

2311 3523 2435 3593 quia
2469 3513 2784 3592 quicunque.
2827 3526 2881 3578 in
2933 3524 3174 3580 Ecclesia
3225 3540 3322 3596 per
3371 3525 3530 3581 fidem
3587 3527 3893 3587 discumbit,

2312 3613 2628 3668 memoriam
2655 3655 2668 3679 ,
2709 3615 3041 3670 voluntatem
3084 3627 3139 3671 et
3189 3617 3520 3672 intellectum
3547 3618 3842 3672 observare
3868 3632 3897 3670 a

2310 3702 2466 3757 malis
2486 3703 2645 3758 debet
2670 3715 2724 3759 et
2753 3719 3010 3761 exercere
3039 3707 3094 3761 in
3139 3707 3296 3763 hortis
3330 3725 3346 3763 :
3376 3709 3461 3763 vel
3493 3709 3620 3778 quia
3653 3717 3764 3764 tres
3792 3709 3894 3761 vir-

2309 3802 2452 3850 tutes
2479 3795 2825 3866 principales,
2858 3798 3064 3854 scilicet
3108 3815 3282 3870 spem,
3337 3800 3496 3856 fidem
3551 3811 3608 3856 et
3660 3803 3896 3857 charita-

2310 3894 2414 3938 tcm
2470 3886 2524 3938 in
2568 3902 2666 3942 suo
2707 3903 2870 3956 opere
2913 3889 3186 3946 custodire
3236 3889 3415 3957 debet,
3455 3893 3522 3947 de
3568 3893 3765 3963 quibus
3825 3894 3894 3948 ait

2305 3975 2627 4046 Apostolus:
2674 3998 2692 4029 ‹
2728 3979 2938 4034 Maneat
2983 3981 3037 4035 in
3075 3981 3228 4036 vobis
3257 3981 3407 4047 fides,
3446 3998 3590 4053 spes,
3635 3983 3894 4046 charitas,

2306 4069 2410 4123 tria
2441 4069 2578 4135 haec,
2617 4073 2790 4143 maior
2817 4082 2998 4128 autem
3047 4075 3132 4130 his
3159 4085 3242 4131 est
3273 4077 3514 4132 charitas
3545 4076 3716 4148 (Rom.
3748 4094 3853 4134 xm
3880 4112 3892 4159 ς

2305 4158 2336 4212 Ι
2374 4159 2496 4215 Cor.
2527 4161 2669 4233 xui).
2711 4183 2728 4214 ι
2767 4162 3058 4220 Ternarius
3102 4177 3282 4220 autem
3315 4181 3571 4221 numerus
3619 4158 3894 4237 perfectus

2304 4259 2406 4317 εει,
2451 4260 2670 4323 prepter
2701 4253 2861 4309 ﬁdem
2895 4264 3096 4310 sancta:
3126 4257 3428 4312 Trinitatis.
3471 4258 3595 4313 Sive
3625 4261 3894 4314 ternarius

2303 4357 2562 4398 numerus
2589 4344 2859 4413 perfectus
2899 4354 3003 4413 est,
3033 4348 3159 4416 quia
3200 4347 3429 4419 legimus
3465 4350 3628 4418 quod,
3665 4351 3896 4404 Domino

2303 4433 2515 4488 dicente
2537 4435 2601 4488 ad
2621 4433 2814 4490 Ionam
2839 4437 3154 4506 prophetam
3187 4455 3200 4491 ε
3234 4456 3254 4489 ι
3294 4439 3438 4493 Vade
3468 4440 3521 4494 in
3561 4439 3793 4493 Niniven
3827 4437 3900 4496 cii

2304 4526 2522 4581 vitatem
2555 4543 2827 4598 magnam,
2852 4538 2908 4584 et
2943 4529 3091 4585 dices
3119 4531 3313 4600 populo
3339 4533 3464 4587 huic
3497 4548 3512 4586 :
3545 4533 3729 4587 Adhuc
3757 4549 3898 4602 qna-

2305 4615 2553 4685 draginta
2585 4617 2719 4681 dies,
2747 4629 2802 4672 et
2835 4617 3025 4674 Ninive
3045 4620 3384 4676 subvertetur
3413 4621 3559 4693 (Jan.
3596 4623 3702 4690 ιιι),
3737 4641 3758 4673 ι
3802 4623 3896 4677 illo

2305 4707 2656 4776 praedicante,
2705 4711 2888 4765 statim
2915 4727 3010 4766 rex
3058 4712 3124 4766 de
3173 4712 3310 4768 solio
3366 4729 3464 4768 suo
3495 4712 3810 4778 descendit,
3845 4724 3900 4768 et

2305 4799 2561 4868 prazcepit
2605 4800 2914 4855 triduanum
2961 4800 3227 4872 jejunium
3258 4802 3438 4859 facere
3487 4803 3701 4875 pepulo.
3768 4805 3897 4870 Quo

2306 4892 2467 4958 facto,
2501 4895 2733 4948 cessavit
2751 4895 2978 4966 populus
3002 4912 3031 4950 a
3077 4897 3314 4967 nequitia
3358 4913 3476 4963 sua,
3509 4907 3564 4953 et
3593 4911 3901 4952 conversus

2304 4993 2390 5039 est
2440 4985 2506 5040 ad
2558 4986 2864 5053 Dominum,
2911 4998 2966 5042 et
3000 4989 3273 5043 exaudivit
3313 4999 3436 5042 eum
3486 4987 3788 5051 Dominus,
3844 4997 3899 5043 et

2304 5077 2533 5132 cessavit
2569 5093 2597 5130 a
2633 5077 2810 5148 plaga.
2844 5096 2863 5128 ι
2895 5077 2961 5132 Ει
2995 5086 3111 5134 erat
3157 5086 3333 5133 mater
3369 5077 3492 5134 J‘esu
3519 5078 3612 5132 ibi.
3651 5097 3669 5129 ι
3711 5075 3903 5133 Mater

2300 5166 2428 5223 Jesu
2465 5169 2816 5240 spiritualitcr
2861 5168 3197 5240 Synagogam
3248 5169 3549 5240 signiﬁcat,
3599 5183 3716 5238 qua:
3752 5168 3897 5223 dum

2300 5274 2398 5329 per
2430 5259 2648 5316 oracula
2674 5261 3056 5330 prophetarum
3081 5262 3246 5316 Deum
3279 5263 3330 5316 in
3369 5261 3568 5316 mundo
3595 5267 3898 5314 venturum

2299 5347 2632 5417 pmdicavit,
2683 5348 2838 5416 quasi
2869 5348 2936 5403 de
2987 5351 3220 5419 quodam
3271 5350 3533 5422 spirituali
3564 5359 3718 5405 utero
3745 5348 3896 5422 legis

2300 5439 2456 5494 nobis
2502 5438 2594 5493 Dei
2623 5438 2818 5494 Filium
2854 5441 3056 5510 genuit.

2375 5547 2394 5581 ι
2433 5527 2667 5584 Vocatus
2696 5540 2782 5585 εει
2833 5539 3011 5585 autem
3067 5530 3224 5586 Jesus
3267 5541 3322 5586 et
3347 5531 3594 5603 discipuli
3643 5531 3759 5601 eius
3819 5535 3907 5589 ad”

2304 5638 2323 5674 ι
2355 5623 2590 5691 nuptias.
2632 5641 2650 5674 ι
2705 5621 2892 5678 Omnia
2923 5640 3052 5696 ergo
3089 5640 3209 5695 qua:
3239 5625 3291 5680 in
3319 5629 3456 5680 serie
3498 5625 3657 5695 huius
3687 5625 3889 5682 lectio-

2298 5711 2382 5768 nis
2417 5711 2725 5768 referuntur
2747 5753 2762 5780 ,
2799 5714 2877 5770 sic
2915 5714 3069 5784 juxta
3108 5716 3340 5772 litteram
3373 5717 3692 5788 accipienda
3732 5728 3888 5784 sunt,

2296 5811 2356 5860 ut
2387 5813 2564 5860 tanton
2601 5821 2696 5877 per
2745 5805 3192 5878 signiﬁcationem
3224 5808 3424 5881 aliquid
3457 5809 3612 5867 nobis
3653 5810 3888 5867 demon-
