4038 6352
125 325 217 380 l29

1351 327 1656 385 HOMlL-IAZ
1695 329 1782 384 DE
1818 327 2163 386 TEMPORE.

3266 331 3368 386 150

122 446 305 496 strent.
357 437 479 494 Jam
527 438 772 510 superius
833 455 930 512 per
981 440 1196 512 nuptias
1253 442 1687 513 coniunctionem
1719 446 1765 506 Α
1792 444 1924 510 lier,
1958 456 2084 498 ecce
2129 440 2272 496 ﬁlius
2303 449 2424 496 tuus
2467 441 2648 514 (Joan.
2693 441 2830 513 xix).
2865 460 2883 492 ι
2934 441 3012 496 Ac
3050 440 3096 496 si
3129 440 3377 500 diceret:

123 532 314 591 Christi
344 541 400 588 et
445 531 704 589 Ecclesia:
743 533 966 606 ﬁgurari
997 535 1253 591 diximus.
1290 535 1444 603 Quod
1471 545 1694 591 vocatus

124 627 272 683 Jesus
298 627 500 682 dicitur
549 627 615 681 ad
644 628 894 698 nuptias,
932 644 1027 699 per
1075 630 1175 684 hoc
1221 630 1522 684 declaratur
1569 629 1694 699 quia

124 719 234 774 sine
261 717 573 773 testimonio
598 716 731 788 legis
756 727 810 773 et
839 721 1225 789 prophetarum
1251 718 1306 774 in
1340 721 1540 776 mundo
1591 736 1698 774 non

125 808 378 879 apparuit.
431 807 596 875 Quasi
624 809 768 862 enim
800 818 981 879 patres
1005 811 1176 864 sancti
1221 818 1274 864 et
1302 811 1574 880 pr0phetae
1596 809 1701 864 Do-

126 901 315 954 minum
344 899 412 953 ad
443 900 660 969 nuptias
708 909 1068 964 vocaverunt,
1104 901 1317 970 quando
1373 917 1480 956 non
1526 901 1700 956 solum

125 1007 236 1048 eum
268 998 560 1045 venturum
597 990 652 1044 in
680 992 941 1046 mundum
979 993 1366 1062 praedixerunt,
1412 993 1506 1047 scd
1536 991 1700 1046 etiam

128 1090 177 1134 ut
207 1079 389 1133 venire
422 1079 739 1150 dignaretur
776 1097 874 1151 pro
927 1090 1111 1136 nostra
1147 1081 1535 1150 redemptione,
1577 1081 1704 1136 totis

126 1167 253 1222 votis
272 1176 619 1237 optaverunt.
677 1169 772 1224 Vis
817 1170 1005 1225 audire
1039 1171 1306 1240 quomodo
1349 1171 1421 1226 sit
1447 1171 1707 1226 vocatus?

127 1259 237 1312 audi
270 1258 466 1314 Isaiam
517 1261 825 1315 dicentem:
883 1281 901 1313 ι
942 1261 1159 1316 Utinam
1205 1262 1571 1332 disrumperes
1599 1275 1706 1316 coa-

129 1350 217 1416 los,
247 1359 299 1405 et
322 1349 689 1406 descenderes
735 1351 870 1424 (Isa.
897 1352 1066 1423 urv).
1105 1373 1122 1404 ι
1163 1353 1231 1407 Ει
1259 1353 1560 1418 Psalmista,
1593 1351 1709 1421 ejus

129 1446 404 1497 adventum
435 1443 779 1507 desiderans,
811 1444 924 1498 ait:
963 1461 983 1494 ι
1026 1443 1272 1508 Domine,
1319 1443 1514 1497 inclina
1541 1441 1709 1496 caelos

132 1543 258 1598 tuos,
301 1541 356 1587 et
405 1534 685 1588 descende
713 1533 888 1605 (Psal.
919 1533 1130 1605 cum).
1194 1553 1212 1586 ι
1270 1533 1488 1588 Necnon
1538 1541 1594 1586 et
1622 1533 1710 1587 ille

129 1627 447 1681 venerabilis
496 1609 662 1682 senes
707 1625 820 1695 jam
859 1629 1177 1693 moriturus,
1225 1627 1438 1682 aiebat:
1495 1645 1513 1677 ι
1555 1625 1709 1681 Salu-

132 1725 238 1771 tare
264 1726 416 1771 tuum
441 1718 791 1788 exspectabo,
827 1718 1052 1772 Domine
1081 1715 1232 1788 (Gen.
1266 1717 1436 1788 xux).
1471 1736 1489 1769 ι
1525 1717 1711 1773 Vocati

1799 536 1937 591 Ecce
1963 533 2105 603 quod
2129 548 2196 587 ex
2233 539 2284 588 te
2317 533 2614 600 assumpsi,
2659 533 2768 602 pati
2807 542 2861 588 et
2883 532 3018 588 mori
3049 539 3253 602 potest;
3279 533 3382 587 mi-

1800 624 2041 680 raculum
2085 622 2227 692 quod
2259 621 2491 690 quaeris,
2524 622 2644 676 sine
2685 622 2964 678 divinitate
3006 622 3220 692 operari
3269 637 3379 678 non

1799 724 1994 788 potest.
2023 715 2129 770 Sed
2160 728 2280 769 cum
2312 712 2405 766 Dei
2433 712 2748 782 genitricem
2781 715 3060 769 mulierem
3078 713 3257 792 vaudis'
3279 729 3382 792 ap-

1803 805 2074 876 pellatam,
2109 803 2220 858 noli
2244 802 2489 857 dubitare
2517 803 2582 856 de
2604 803 2718 872 ejus
2743 804 3072 874 virginitate,
3105 805 3231 874 quia
3252 789 3381 860 usus

1805 896 2100 966 Scriptura:
2142 904 2248 962 est,
2291 910 2482 950 omnes
2521 894 2770 961 feminas,
2805 912 2909 950 non
2941 898 3115 952 solum
3163 905 3382 967 nuptas,

1805 986 1900 1042 sed
1943 986 2107 1039 etiam
2152 985 2437 1053 innuptas,
2488 983 2743 1037 mulieres
2791 983 3092 1053 appellare,
3140 985 3280 1042 sicut
3319 985 3386 1040 de

1803 1075 1976 1147 prima
2006 1085 2178 1129 matre
2203 1074 2444 1130 omnium
2470 1073 2601 1138 Eva,
2640 1087 2762 1127 cum
2799 1071 3152 1139 furmaretur,
3180 1075 3386 1129 dictum

1805 1178 1889 1239 est
1923 1186 1936 1222 :
1975 1188 1993 1220 ε
2028 1167 2337 1222 1Ediﬁcavit
2359 1167 2617 1221 Dominus
2639 1175 2876 1232 costam,
2905 1181 3067 1235 quam
3096 1167 3295 1222 tulerat
3323 1168 3390 1223 de

1806 1261 1999 1325 Adam,
2023 1260 2075 1314 in
2104 1259 2382 1314 mulierem
2409 1253 2568 1330 (Gen.
2597 1254 2680 1328 ll).
2717 1279 2735 1311 ι
2771 1257 2920 1314 Hanc
2945 1260 3388 1316 consuetudinem

1809 1363 2026 1410 secutus
2044 1353 2349 1424 Apostolus,
2395 1351 2486 1406 Dei
2524 1352 2861 1423 genitricem,
2909 1366 3030 1420 qua:
3075 1351 3228 1421 virgo
3268 1360 3395 1406 ante

1809 1454 2043 1515 partum,
2072 1445 2222 1515 virgo
2248 1451 2369 1514 post
2384 1450 2603 1513 partum
2646 1443 2961 1512 permansit,
2995 1441 3273 1496 mulierem
3305 1458 3396 1511 ap-

1810 1534 2046 1606 pellavit,
2073 1532 2257 1588 dicens
2290 1551 2302 1587 :
2336 1550 2354 1583 ι
2391 1531 2536 1586 Misit
2558 1532 2696 1586 Deus
2735 1531 2930 1586 Filium
2974 1547 3153 1596 suum,
3194 1529 3394 1585 factum

1811 1642 1876 1681 ex
1908 1626 2160 1690 muliere,
2191 1624 2390 1679 factum
2418 1624 2516 1678 sub
2539 1623 2654 1694 lege
2680 1621 2882 1690 (Galat.
2919 1622 3016 1694 IV),
3063 1642 3081 1674 ι
3118 1637 3240 1678 cum
3277 1622 3394 1676 sine

1815 1717 1976 1772 dubio
2003 1732 2070 1772 ex
2110 1716 2316 1786 virgine
2349 1723 2508 1769 natus
2531 1713 2801 1768 credatur.
2842 1712 2959 1768 Non
2988 1713 3132 1768 enim
3164 1712 3266 1767 hoc
3297 1727 3394 1766 no-

131 1817 246 1863 sunt
271 1818 455 1864 autem
493 1825 617 1865 cum
642 1825 707 1866 eo
735 1818 790 1865 et
826 1810 1074 1880 discipuli
1103 1811 1238 1881 ejus,
1266 1811 1391 1881 quia
1422 1819 1478 1865 ut
1508 1811 1716 1866 ﬁrmior
1742 1819 1791 1878 Β
1819 1809 1962 1863 mine
1985 1809 2294 1878 corruptio,
2325 1807 2418 1862 sed
2446 1821 2607 1861 sexus
2634 1806 2970 1877 designatur.
3007 1805 3078 1862 Ut
3103 1812 3281 1859 autem
3311 1805 3395 1858 in-

133 1899 418 1955 auctoritas
445 1908 609 1966 esset,
639 1915 747 1956 non
782 1900 955 1956 solum
985 1900 1198 1956 Domini
1245 1902 1565 1966 incarnatio,
1615 1901 1712 1957 sed

133 1989 283 2042 etiam
315 2004 509 2044 eorum
551 1991 863 2061 praedicatio
891 1991 1150 2061 praedicta
1179 1990 1297 2045 fuit.
1351 1990 1445 2046 Sic
1468 1991 1610 2046 enim
1637 1992 1714 2046 ait

132 2075 288 2132 lsaias
317 2078 373 2134 in
405 2095 636 2150 persona
663 2079 874 2134 Domini
904 2097 916 2133 :
967 2098 984 2132 ι
1020 2079 1158 2134 Ecce
1187 2095 1287 2151 ego
1329 2089 1382 2135 et
1406 2081 1559 2151 pueri
1583 2081 1710 2146 mei,

133 2184 254 2237 quos
294 2171 434 2225 mihi
466 2171 611 2226 dedit
645 2171 905 2226 Dominus
954 2171 1008 2225 in
1045 2171 1258 2242 signum
1301 2179 1357 2228 et
1401 2181 1712 2243 portentum

132 2258 303 2316 lsraeli
351 2261 490 2332 (Ira.
523 2261 664 2334 vni).
698 2282 716 2314 ι

196 2371 214 2403 ι
247 2353 317 2407 Et
369 2353 658 2408 deﬁciente
691 2353 836 2418 vino,
875 2353 1008 2407 dicit
1053 2362 1226 2408 mater
1266 2352 1394 2409 Jesu
1438 2354 1503 2408 ad
1541 2367 1664 2408 eum
1697 2369 1712 2408 :

139 2463 152 2493 t
181 2441 386 2496 Vinum
433 2458 540 2497 non
567 2444 783 2498 habent.
831 2463 849 2496 ι
886 2443 996 2497 Nec
1028 2443 1251 2497 fortuitu
1280 2458 1378 2498 nec
1423 2459 1550 2498 casu
1576 2444 1718 2497 acci-

115 2535 265 2588 disse
294 2535 603 2604 putandum
633 2543 737 2599 est,
787 2542 844 2588 ut
868 2534 1100 2588 Domino
1129 2535 1377 2589 veniente
1409 2536 1474 2588 ad
1503 2533 1717 2604 nuptias

136 2627 305 2680 vinum
337 2625 622 2692 deﬁceret,
653 2625 747 2682 sed
777 2626 901 2681 ideo
930 2626 1105 2696 magis
1148 2635 1207 2680 ut
1235 2627 1448 2681 occasio
1473 2625 1714 2680 miraculi

139 2718 300 2783 fieret,
331 2725 390 2771 ut
410 2715 539 2770 dum
568 2732 740 2786 aquas
770 2716 822 2769 in
852 2716 1034 2786 vinum
1066 2725 1426 2781 converteret,
1453 2716 1595 2770 Deus
1625 2715 1716 2784 qui

139 2806 187 2860 in
217 2807 435 2862 homine
466 2805 688 2871 latebat,
717 2814 1023 2876 appareret,
1066 2805 1178 2874 ipse
1208 2805 1434 2870 scilicet,
1473 2805 1564 2875 qui
1588 2805 1717 2858 edu-

143 2901 207 2951 cit
239 2913 431 2968 panem
463 2897 529 2953 de
579 2906 744 2962 terra,
776 2904 831 2950 et
873 2895 1000 2950 vino
1045 2894 1284 2950 laetiﬁcat
1325 2909 1419 2950 cor
1455 2894 1710 2950 hominis.

147 2988 284 3043 Unde
326 2989 628 3060 intelligens
679 2999 867 3044 sancta
913 2987 1029 3056 ejus
1080 2988 1314 3058 genitrix
1345 2987 1459 3056 jam
1506 2997 1716 3058 tempus

145 3095 254 3134 esse
292 3079 540 3149 perfecta:
561 3081 760 3143 aetatis,
789 3095 896 3150 quo
943 3095 1041 3148 per
1064 3078 1321 3133 miracula
1349 3078 1584 3147 scipsum
1614 3079 1718 3133 Do-

1816 1898 2106 1969 telligatur,
2154 1914 2262 1954 non
2307 1897 2562 1967 pietatem
2591 1911 2622 1949 a
2648 1895 2880 1951 Domino
2924 1895 3086 1950 matri
3124 1903 3394 1966 negatam,

1813 1990 1907 2044 sed
1925 1989 2165 2044 ordinem
2193 1987 2458 2058 passionis
2479 1986 2894 2057 praenuntiatum
2913 2026 2928 2052 ,
2957 1993 3103 2040 recte
3128 1983 3394 2039 subditur:

1890 2104 1907 2136 ι
1942 2085 2083 2139 Dicit
2121 2092 2294 2138 mater
2318 2081 2438 2153 ejus
2469 2081 2733 2136 ministris
2767 2097 2781 2133 :
2808 2079 3176 2147 Quodcunque
3203 2075 3399 2131 dixerit

1819 2194 1838 2227 ι
1873 2176 2024 2230 vobis
2055 2174 2239 2229 facite.
2279 2193 2297 2226 ι
2324 2172 2595 2228 lntellexit
2625 2171 2770 2226 enim
2799 2170 2855 2224 in
2887 2169 2993 2224 illis
3028 2167 3241 2222 Domini
3272 2182 3396 2221 ver-

1812 2266 1918 2331 bis,
1943 2282 2002 2321 se
2032 2281 2138 2321 non
2161 2279 2282 2320 esse
2301 2271 2710 2334 exasperatam;
2736 2261 2937 2336 etvideo
2962 2258 3282 2315 ﬁducialiter
3305 2257 3402 2311 mi-

1817 2357 2004 2412 nistris
2049 2357 2363 2428 imperavit,
2418 2364 2480 2410 ut
2524 2365 2794 2425 przecepta
2835 2353 3123 2424 implerent
3169 2351 3263 2406 ﬁlii
3313 2349 3402 2418 ju—

1817 2453 2013 2508 hcntis.

1895 2564 1912 2596 ‹
1945 2543 2302 2598 Erantautem
2327 2542 2549 2612 lapideae
2569 2541 2672 2612 hyd
2682 2541 2772 2596 riae
2793 2556 2884 2596 sex
2901 2540 3086 2610 positae
3107 2538 3400 2594 secundum

1824 2655 1843 2688 ι
1880 2635 2308 2706 puriﬁcationem
2339 2633 2647 2688 Jndzeorum
2670 2673 2683 2696 ,
2713 2630 3240 2706 capientcsisingulae
3281 2645 3397 2684 me-

1825 2743 1843 2776 ι
1888 2733 2055 2779 tretas
2082 2725 2238 2780 binas
2269 2722 2355 2778 vel
2395 2731 2594 2777 ternas.
2643 2740 2662 2773 ι
2710 2720 2924 2791 Hydriae
2967 2721 3220 2774 dicuntur
3248 2733 3399 2785 vasa,

1818 2832 1970 2888 aqua:
1991 2815 2228 2885 receptui
2258 2821 2586 2884 praeparata,
2619 2820 2794 2867 tracto
2825 2809 3087 2866 vocabulo
3109 2826 3139 2864 a
3161 2812 3404 2880 proprie-

1817 2916 1930 2963 tate
1957 2907 2128 2964 ϐικωοί
2160 2905 2427 2962 sermonis
2447 2945 2462 2970 ,
2491 2903 2746 2973 quoniam
2778 2916 2915 2972 aqua
2935 2901 3122 2956 Graece
3147 2898 3286 2978 ὕδωρ
3301 2912 3404 2953 vo-

1817 3008 1991 3056 catur.
2014 2999 2279 3066 Quoniam
2309 3006 2488 3051 autem
2523 2994 2820 3050 secundum
2849 2992 3276 3063 puriﬁcationem
3307 2989 3402 3045 Ju-

1819 3091 2058 3146 drcorum
2084 3087 2272 3158 posita:
2301 3085 2640 3150 referuntur,
2670 3084 2889 3138 traditio
2918 3075 3159 3137 habebat
3185 3081 3401 3137 Judaeu-

145 3169 336 3222 minuin
386 3169 582 3224 mundo
610 3169 994 3234 innotesceret,
1043 3176 1097 3222 et
1143 3183 1248 3222 non
1300 3165 1442 3221 ﬁlius
1491 3165 1710 3237 Joseph,
1742 3169 1787 3231 C
1819 3195 1959 3244 mm,
1998 3177 2312 3234 eimaxime
2352 3175 2786 3240 pilai-ignarum,
2833 3173 2992 3228 utin
3043 3171 3306 3228 conviviis
3348 3179 3406 3226 et

146 3259 237 3312 sed
267 3259 357 3313 Dei
381 3268 435 3313 ct
479 3259 655 3314 Maria:
682 3259 908 3331 virginis
935 3258 1268 3321 crederetur,
1313 3258 1430 3312 ait:
1469 3276 1486 3308 ι
1521 3255 1714 3312 Vinum

147 3363 252 3402 non
277 3348 488 3401 habent.
520 3369 538 3400 ι
595 3349 961 3420 Spiritualiter
990 3356 1168 3402 autem
1203 3347 1451 3402 veniente
1487 3348 1715 3402 Domino

150 3441 216 3492 ad
259 3443 485 3512 nuptias,
516 3443 694 3496 vinum
743 3442 957 3506 defecit,
1011 3442 1139 3512 quia
1193 3455 1408 3495 meraca
1442 3439 1529 3494 illa
1559 3440 1714 3509 legis,

151 3545 179 3584 a
205 3531 380 3600 prisca
406 3547 500 3586 sua
526 3533 785 3588 suavitate
804 3541 860 3587 et
887 3531 1171 3586 dulcedine
1196 3529 1526 3599 desipuerat.
1551 3529 1716 3596 Quasi

150 3621 282 3674 enim
315 3621 488 3675 vinum
541 3623 718 3692 sapuit
761 3623 847 3677 lex
885 3621 1221 3691 temporibus
1265 3620 1466 3692 Moysi,
1522 3619 1712 3684 Josue,

149 3709 398 3767 Samuelis
419 3721 473 3770 et
497 3713 687 3779 David,
718 3723 773 3768 et
797 3719 1116 3768 ceterorum
1146 3712 1237 3782 qui
1270 3727 1389 3766 eam
1440 3712 1717 3768 intellexe-

156 3810 259 3856 runt
279 3813 330 3857 et
355 3812 659 3860 tenuerunt.
675 3801 795 3858 Jam
821 3819 951 3858 vero
981 3812 1224 3873 tempore
1243 3818 1350 3873 quo
1378 3803 1637 3857 D.:minus
1659 3803 1712 3857 in

163 3895 328 3950 mundo
347 3896 617 3967 apparuit,
633 3896 1040 3965 superstitiosus
1068 3893 1185 3968 [Ρη
1213 3895 1713 3968 superstitionibus]

164 3979 524 4041 Pharisaeorum
545 3986 1004 4054 excrescentihus,
1020 3997 1072 4040 et
1093 3987 1160 4041 ab
1186 4002 1370 4040 amore
1387 3986 1480 4041 Dei
1499 3985 1713 4043 Iudaeo-

161 4085 255 4128 rum
292 4077 498 4147 populis
528 4076 965 4147 frigescentibus,
990 4078 1060 4131 ab
1098 4078 1321 4147 antiquo
1369 4093 1467 4132 suo
1516 4092 1710 4146 sapore

159 4163 411 4236 defecerat,
439 4171 579 4225 sicut
601 4170 858 4225 Dominus
870 4167 1066 4224 Iudaeis
1089 4170 1506 4239 improperando
1531 4170 1669 4224 dixit
1696 4187 1708 4222 :

163 4257 284 4312 «Vos
307 4263 434 4316 estis
460 4261 550 4331 qui
577 4260 870 4331 reliquistis
889 4260 1198 4316 mandatum
1235 4260 1326 4314 Dei
1358 4245 1578 4330 propter
1602 4267 1714 4313 tra-

159 4347 356 4406 ditiones
379 4361 596 4407 vestras
637 4351 852 4423 (Matth.
878 4353 1014 4424 xu).
1054 4372 1072 4405 ι
1103 4350 1256 4418 Quod
1285 4361 1464 4405 autem
1493 4351 1569 4406 ait
1597 4365 1712 4404 ma-

159 4447 228 4492 ter
243 4439 354 4498 Jesu
387 4446 460 4500 ad
501 4460 622 4500 eum
651 4463 663 4499 :
699 4463 718 4497 ι
752 4443 947 4500 Vinum
978 4462 1084 4500 non
1115 4445 1366 4510 habent,»
1410 4459 1512 4499 vox
1534 4442 1709 4514 Syna-

159 4547 282 4604 εοεαε
307 4548 380 4592 est
401 4539 681 4594 Christum
706 4540 774 4595 ad
803 4539 1062 4594 miracula
1086 4540 1448 4609 provocantis.

223 4643 240 4676 ί
270 4623 392 4684 Dicit
434 4631 486 4684 ei
520 4629 676 4686 Iesus
703 4648 726 4685 τ’
756 4630 892 4698 Quid
920 4631 1050 4685 mihi
1075 4640 1129 4686 et
1153 4631 1268 4697 tibi,
1295 4631 1522 4686 mulier?
1543 4650 1562 4683 ι
1590 4630 1707 4686 Νοη

160 4719 392 4779 putandus
420 4729 503 4775 est
529 4721 786 4776 Dominus
820 4721 1178 4776 inhonorasse
1208 4730 1434 4776 matrem
1457 4761 1472 4786 ,
1502 4721 1594 4792 qui
1621 4720 1708 4790 ju-

160 4804 234 4859 hct
256 4808 514 4868 honorare
535 4823 809 4884 parentes,
833 4814 926 4868 sed
953 4814 1024 4867 illi
1049 4813 1241 4868 altiora
1261 4796 1523 4883 quaerenti
1545 4830 1707 4884 quam

161 4897 254 4951 sola
282 4901 583 4960 humanitas
613 4905 833 4970 habeat,
863 4905 931 4960 ad
959 4904 1215 4959 virtutem
1239 4889 1548 4960 Divinitatis
1579 4921 1706 4960 con-

165 4991 512 5061 lemplandam,
539 4997 654 5068 ejus
676 4998 872 5052 mentis
893 4997 1080 5052 oculos
1109 4995 1424 5051 sublevavit.
1453 4997 1532 5051 Ac
1561 4998 1604 5052 si
1635 4998 1715 5052 di-

162 5092 288 5137 ceret
315 5101 328 5139 :
360 5106 377 5139 ι
413 5087 554 5154 Quid
587 5089 912 5144 humanitati
951 5099 1054 5144 tute
1085 5103 1206 5144 cum
1242 5087 1539 5154 miraculo,
1569 5089 1713 5158 quod

163 5176 346 5256 quaeris,
375 5195 666 5236 commune
701 5191 806 5247 est,
832 5197 955 5236 cum
991 5183 1220 5237 virtutes
1261 5181 1475 5250 operari
1520 5181 1713 5235 divinae

163 5262 346 5323 virtutis
365 5271 478 5325 sit?
513 5291 531 5323 ι
560 5303 632 5312 --
655 5291 672 5323 ‹
713 5271 959 5327 Nondum
1005 5273 1154 5329 venit
1179 5273 1310 5327 hora
1357 5285 1498 5326 mea.
1532 5290 1551 5322 ι
1596 5271 1712 5338 Quo

162 5355 319 5425 verbo,
345 5378 450 5418 non
478 5365 612 5419 hora
642 5365 822 5420 fatalis
849 5366 931 5437 (ut
957 5367 1196 5421 haeretici
1219 5363 1526 5435 voluerunt)
1545 5363 1710 5434 signi-

164 5442 356 5516 ﬁcatur,
380 5457 474 5509 sed
499 5455 632 5511 hora
664 5457 958 5527 passionis.
995 5457 1074 5511 Ac
1104 5457 1151 5510 si
1183 5457 1387 5512 diceret
1415 5474 1428 5508 :
1463 5455 1706 5510 Nondum

164 5537 287 5592 venit
311 5540 436 5598 hora
461 5546 752 5616 passionis,
784 5559 888 5615 qua
916 5559 1046 5600 vere
1075 5545 1415 5600 manifestem
1449 5543 1577 5614 quid
1609 5545 1709 5598 lut-

165 5629 363 5690 manitas
383 5639 576 5708 possit,
605 5654 767 5708 quam
790 5654 855 5692 ex
887 5647 938 5693 te
963 5638 1248 5707 assumpsi.
1267 5637 1398 5703 Qua:
1422 5639 1553 5692 liora
1583 5646 1707 5692 tunc

167 5718 353 5792 impleta
381 5739 481 5796 est,
512 5733 728 5801 quando
758 5733 996 5803 pandens
1026 5731 1077 5786 in
1107 5745 1288 5798 cruce,
1320 5731 1453 5786 dixit.
1483 5744 1498 5783 :
1535 5750 1552 5782 ι
1593 5729 1708 5785 Mu-

1819 3271 2022 3341 nuptiis
2050 3285 2174 3323 vasa
2205 3285 2329 3323 cum
2354 3283 2494 3337 aqua
2531 3267 2883 3330 haberentur,
2909 3273 3130 3335 propter
3153 3263 3406 3334 puriﬁca-

1805 3355 2024 3415 tionem
2080 3358 2418 3422 Judaaorum,
2462 3356 2544 3409 vel
2601 3355 2926 3431 lavationem
2974 3357 3266 3418 manuum,
3319 3353 3405 3407 vel

1823 3449 2077 3520 quidquid
2101 3461 2321 3502 necesse
2340 3444 2508 3500 eSset.'
2529 3427 2796 3510 Quod'ille
2822 3429 3132 3496 Pharisaeus'
3151 3442 3204 3494 in
3229 3442 3406 3494 Evan-

1819 3519 1960 3612 gelio
1990 3537 2210 3602 indicat,
2240 3535 2330 3608 qui
2361 3535 2536 3606 ipsum
2557 3534 2758 3589 fontem
2781 3547 2935 3603 aqua:
2957 3531 3091 3586 vivae
3117 3530 3405 3585 Dominum

1821 3630 2220 3702 reprehendere
2259 3642 2424 3682 ausus
2449 3636 2564 3692 est,
2594 3639 2761 3696 quare
2792 3638 2900 3678 non
2929 3631 3074 3678 esset
3112 3622 3255 3677 lotus
3279 3629 3406 3678 ante

1821 3723 2104 3794 prandium
2129 3719 2322 3792 (Marc.
2349 3716 2466 3790 vn).
2509 3716 2616 3772 Sed
2641 3715 2766 3786 quia
2793 3713 2908 3783 jam
2937 3723 3146 3783 tempus
3171 3712 3408 3767 instabat

1819 3823 1878 3868 ut
1905 3814 1993 3868 ille
2025 3813 2115 3882 qui
2155 3812 2314 3866 homo
2342 3825 2510 3881 purus
2545 3806 2861 3871 videbatur,
2894 3819 3056 3860 verus
3095 3805 3239 3860 Deus
3283 3817 3406 3860 esse

1817 3903 2211 3968 ostenderetur,
2238 3908 2382 3955 recte
2404 3897 2744 3969 subjungitur
2775 3910 2791 3949 :
3069 3945 3074 3949 _

1892 4015 1911 4047 Ι
1945 3993 2080 4048 Dicit
2107 3993 2187 4048 eis
2219 3990 2375 4047 Iesus
2421 4007 2435 4044 :
2477 3988 2699 4059 lmplete
2751 3987 2972 4059 hydrias
3003 4001 3164 4056 aqua.
3207 3987 3275 4042 Et
3311 3985 3385 4042 im

1821 4110 1842 4146 ι
1871 4091 2152 4162 pleverunt
2171 4103 2264 4144 eas
2291 4099 2462 4155 usque
2489 4083 2556 4137 ad
2581 4098 2880 4138 summum.
2916 4102 2934 4134 ι
2975 4080 3103 4148 Quae
3125 4081 3180 4135 in
3220 4080 3405 4135 vinum

1815 4193 2092 4238 conversae
2119 4181 2264 4232 sunt.
2296 4176 2362 4230 Et
2401 4173 2620 4244 quidem
2650 4180 2866 4244 poterat
2897 4169 3159 4225 Dominus
3206 4185 3402 4224 vacuas

1815 4271 2038 4343 hydrias
2085 4267 2310 4338 implere
2359 4267 2509 4329 vino,
2557 4264 2816 4333 quoniam
2862 4271 3153 4330 antequam
3199 4271 3400 4327 essent,

1817 4362 2022 4419 creavit
2045 4375 2113 4415 ex
2147 4357 2316 4414 nihilo
2335 4398 2350 4423 ,
2382 4357 2475 4412 sed
2499 4356 2650 4428 prius
2671 4356 2831 4427 jussit
2855 4371 2952 4411 eas
2987 4355 3211 4425 implere
3236 4369 3398 4423 aqua,

1815 4463 1871 4509 et
1907 4454 1986 4509 sic
2028 4450 2295 4507 convertit
2325 4448 2376 4503 in
2404 4449 2622 4509 vinum;
2672 4447 2798 4517 quia
2829 4447 3052 4502 veniens
3079 4461 3185 4500 non
3236 4444 3400 4497 aliam

1739 4519 1788 4578 Ῑ)
1814 4543 1984 4616 legem
2005 4542 2171 4607 dedit,
2194 4554 2356 4611 quam
2377 4554 2474 4609 per
2500 4554 2713 4594 servum
2737 4552 2892 4591 suum
2917 4525 3133 4605 Moysen
3157 4525 3399 4597 dederat,

1816 4637 1910 4694 sed
1964 4637 2136 4706 ipsam
2197 4630 2557 4703 spiritualiter
2613 4625 3056 4698 interpretando,
3103 4623 3157 4676 in
3211 4620 3402 4677 melius

1814 4725 2199 4789 commutavit,
2224 4723 2349 4792 quia
2377 4719 2709 4792 spiritualem
2742 4712 3172 4784 intelligentiam,
3201 4727 3320 4782 qua:
3346 4712 3400 4767 in

1815 4834 1877 4873 ca
1925 4816 2143 4879 latebat,
2200 4813 2440 4883 aperuit,
2489 4810 2630 4862 sicut
2675 4808 2789 4875 ipse
2836 4805 2913 4858 ait
2957 4803 3012 4857 in
3068 4802 3399 4872 Evangelio:

1819 4928 1838 4960 ι
1883 4906 1998 4961 Non
2029 4905 2149 4958 veni
2198 4903 2407 4957 solvere
2445 4901 2651 4970 legem,
2695 4897 2788 4951 sed
2835 4893 3130 4965 adimplere
3177 4893 3392 4965 (Matth.

1817 5006 1894 5063 v).
1933 5019 1951 5050 ›
1983 4997 2146 5063 Quasi
2177 5009 2307 5065 ergo
2346 4991 2696 5065 Spiritualiter
2732 5003 2927 5059 aquam
2963 4989 3018 5043 in
3047 4987 3230 5041 vinum
3267 5001 3400 5042 con-

1814 5089 1997 5152 vertit,
2017 5087 2233 5157 quando
2256 5095 2377 5156 post
2395 5099 2546 5139 suam
2577 5081 3052 5143 resurrectionem,
3080 5093 3203 5133 cum
3231 5078 3396 5133 disci-

1805 5179 1954 5250 ‘pulis
1983 5177 2267 5232 ambulans
2285 5217 2299 5241 ,
2327 5174 2536 5246 aperuit
2565 5174 2645 5228 eis
2671 5188 2887 5228 sensum
2908 5211 2922 5237 ,
2949 5181 3009 5225 ut
3039 5169 3399 5239 intelligerent

1816 5273 2144 5344 Scripturas.
2191 5272 2258 5326 Et
2297 5270 2559 5339 incipiens
2587 5284 2616 5322 a
2656 5268 2836 5338 Moyse
2871 5271 2930 5320 et
2961 5265 3274 5336 prophetis.
3307 5264 3390 5316 in-

1817 5367 2216 5437 terpretabatur
2241 5363 2347 5416 illis
2377 5361 2685 5430 Scripturas
2707 5360 2760 5413 in
2789 5358 3042 5412 omnibus
3061 5371 3181 5426 quae
3211 5355 3276 5408 de
3305 5352 3397 5407 illo

1811 5468 1984 5513 erant.
2033 5457 2108 5511 De
2147 5453 2300 5522 cujus
2333 5453 2653 5508 suavissimo
2693 5458 2852 5521 gustu
2885 5458 3096 5505 tantum
3145 5443 3394 5501 inebriati

1812 5561 1956 5617 sunt,
1989 5560 2048 5604 ut
2072 5557 2259 5619 postea
2291 5548 2570 5602 dicerent:
2608 5565 2626 5596 ι
2667 5544 2855 5600 Nonne
2895 5558 2990 5598 cor
3022 5549 3265 5595 nostrum
3309 5551 3398 5588 ar-

1812 5644 1946 5699 dens
1973 5641 2176 5697 eratin
2216 5640 2372 5696 nobis
2411 5660 2429 5692 ι
2465 5639 2531 5694 de
2555 5638 2682 5694 Jesu
2706 5679 2719 5703 ,
2757 5656 2775 5687 ‹
2815 5636 2944 5690 dum
2990 5634 3301 5702 loqueretur
3340 5625 3393 5678 in

1813 5735 1918 5800 via,
1945 5744 1997 5788 et
2022 5731 2256 5804 aperiret
2286 5732 2439 5788 nobis
2464 5730 2773 5800 Scripturas
2801 5725 2950 5798 (Luc.
2985 5719 3168 5791 xxiv)?
3193 5737 3210 5768 ι
3232 5715 3397 5786 Spiri-
