4038 6352
629 279 728 335 151
1239 275 1592 334 HAYMONIS
1629 273 2113 333 HALBERSTAT.
2163 274 2383 334 EPlSC.
2420 276 2574 334 OPP.
2637 277 2817 336 PARS
2854 276 2918 334 ll.
2958 309 3027 319 —
3064 276 3295 336 HOMIL.
3818 283 3937 338 £32

632 392 850 450 tualiter
889 401 1066 449 autem
1105 391 1307 462 hydria:
1345 390 1509 447 corda
1547 390 1860 462 signiﬁcant
1886 390 2217 455 sauciorum,
2249 395 2297 454 Α
2325 390 2723 462 neglexerimns
2768 390 3018 457 salutem,
3060 391 3265 446 invenit
3303 390 3357 447 in
3398 388 3573 462 prima
3614 400 3789 449 :etate
3819 395 3934 465 hy-

630 501 751 556 quae
765 484 1040 541 continent
1059 484 1111 537 in
1138 498 1194 537 se
1208 496 1426 552 aquam,
1450 482 1501 536 id
1514 490 1600 537 est
1615 481 1897 537 scientiam
1919 479 2219 550 Scriptura-
2319 481 2492 537 driam
2516 496 2653 551 aqua
2686 480 2921 551 plenam.
2951 481 3022 535 At
3050 496 3215 547 vero,
3246 481 3293 537 si
3324 480 3527 552 aliquid
3552 483 3720 540 altius
3754 483 3935 539 intel-

631 593 775 636 rum.
839 577 990 645 Quod
1054 575 1197 630 enim
1259 589 1400 644 aqua
1464 573 1747 628 scientiam
1815 572 2216 650 Scripturarum
2319 572 2540 637 lexerit,
2570 582 2629 628 ut
2659 572 2921 643 intelligat
2952 587 3051 642 per
3094 573 3264 627 Adam
3314 574 3404 643 qui
3444 590 3511 629 ex
3550 574 3928 631 immaculata

631 668 929 741 significet,
972 666 1127 722 testis
1164 674 1248 720 est
1277 664 1554 730 Salomon,
1595 664 1688 733 qui
1713 663 1825 718 ait:
1862 682 1881 714 ι
1916 665 2066 733 Aqua
2091 677 2208 731 pro-
2315 674 2459 719 terra
2509 664 2684 718 factus
2731 672 2835 729 est,
2886 663 3169 719 Dominum
3209 663 3392 720 Jesum
3444 664 3764 731 Christum,
3818 683 3930 737 per

629 757 795 814 funda
820 772 998 812 sermo
1029 771 1095 811 ex
1122 771 1220 811 ore
1246 754 1383 821 viri,
1414 763 1470 810 et
1500 762 1714 809 torrens
1743 752 2051 808 redundans
2086 752 2212 808 fons
2317 753 2511 819 Evam,
2560 769 2682 825 qua:
2709 755 2775 810 de
2804 753 2974 810 latere
3003 754 3133 809 Adae
3179 755 3501 811 dormientis
3525 755 3767 811 formata
3803 768 3923 822 est,

630 848 908 919 sapientiae
953 845 1137 917 (Prov.
1182 846 1361 917 xvnr).
1410 864 1430 899 ι
1465 844 1597 912 Quae
1639 844 1796 899 bene»
1820 842 2043 913 lapidea:
2087 857 2211 899 esse
2312 853 2554 900 sanctam
2577 844 2899 908 Ecclesiam,
2929 860 3050 915 quae
3081 845 3148 899 de
3176 845 3343 900 latere
3381 845 3583 901 Christi
3608 849 3922 917 pendentis

622 936 956 1003 referuntur,
988 936 1113 1006 quia
1156 943 1348 990 contra
1385 935 1710 991 tentatioues
1737 932 1935 988 diaboli
1972 932 2127 988 firma
2154 943 2211 990 et
2311 936 2365 991 in
2386 951 2548 992 cruce
2571 935 2801 991 formata
2825 943 2940 1000 est,
2969 936 3186 1008 quando
3221 954 3240 988 ι
3277 953 3416 993 unus
3443 938 3675 992 militum
3707 938 3915 994 lancea

627 1027 732 1082 lixa
762 1036 892 1082 sunt
917 1027 1215 1099 praecordia
1255 1035 1589 1092 sanctorum,
1632 1026 1708 1081 illi
1732 1024 1894 1096 lapidi
1924 1025 2206 1082 adlimren-
2307 1025 2450 1081 latus
2475 1024 2592 1096 ejus
2613 1024 2846 1096 aperuit,
2873 1034 2928 1081 et
2955 1025 3211 1081 continuo
3238 1026 3404 1081 exivit
3428 1028 3649 1099 sanguis
3677 1036 3734 1082 et
3756 1046 3917 1100 aqua

623 1120 791 1185 tium,
814 1121 881 1176 de
902 1135 1010 1190 quo
1037 1119 1165 1175 dicit
1193 1119 1385 1175 Petrus
1415 1117 1689 1188 apostolus
1715 1133 1729 1171 :
1762 1136 1781 1168 ι
1813 1115 1897 1171 Ad
1917 1130 2079 1186 quem
2110 1131 2205 1172 ac—
2306 1116 2487 1189 (Joan.
2514 1117 2658 1188 xix);
2696 1136 2714 1170 ι
2743 1118 2959 1190 hydria,
2989 1133 3151 1187 quam
3178 1117 3390 1188 plenam
3414 1119 3698 1174 invenerat
3726 1136 3910 1191 aqua,

620 1213 875 1268 cedentes
904 1211 1137 1282 lapidem
1159 1210 1359 1273 vivum,
1384 1219 1439 1265 et
1460 1209 1558 1279 ipsi
1585 1217 1839 1279 tanquam
1861 1207 2067 1277 lapides
2097 1206 2204 1263 vivi

618 1302 1122 1373 supermdilicamini
1176 1302 1365 1358 domus
1407 1299 1715 1371 spirituales
1747 1298 1801 1370 (Ι
1844 1297 1992 1354 Petr.
2035 1298 2195 1369 ιι).σ›

618 1392 882 1461 Quoniam
925 1402 1076 1462 petra
1114 1393 1195 1465 (ut
1219 1392 1295 1447 ait
1316 1389 1624 1463 Apostolus)
1656 1389 1936 1446 Christum
1985 1388 2199 1460 signifi-

618 1493 710 1541 cat
737 1483 789 1556 (I
828 1481 950 1538 Cor.
989 1482 1066 1552 ιι).
1101 1483 1245 1536 Bene
1290 1489 1473 1537 autem
1515 1495 1610 1535 sex
1656 1478 1826 1534 fuisse
1867 1478 2197 1545 referuntur,

617 1574 741 1644 quia
769 1586 865 1627 sex
885 1580 1011 1627 sunt
1055 1571 1240 1627 mundi
1283 1568 1441 1638 hujus
1484 1578 1695 1635 aetates,
1735 1569 1787 1623 in
1831 1569 2028 1638 quibus
2055 1568 2198 1623 Deus

2305 1222 2564 1264 conversa
2613 1214 2697 1263 est
2746 1208 2799 1263 in
2854 1208 3060 1263 vinum.
3106 1208 3397 1279 Videamus
3433 1208 3612 1265 adhuc
3666 1210 3721 1265 in
3780 1212 3911 1281 ipsa

2302 1307 2462 1355 aetate
2506 1299 2666 1354 aliam
2710 1299 2958 1371 hydriam
2990 1314 3131 1371 aqua
3169 1300 3404 1370 plenam.
3453 1300 3711 1372 Legimus
3742 1304 3906 1358 enim

2304 1385 2457 1457 (Gen.
2495 1385 2568 1455 ιν)
2622 1388 2748 1458 quia
2790 1388 2930 1444 idem
2978 1389 3185 1460 primus
3231 1391 3392 1445 homo
3429 1400 3553 1461 post
3599 1404 3903 1460 peccatum

2301 1477 2437 1533 duos
2466 1476 2605 1533 filios
2653 1478 2858 1549 genuit,
2903 1476 3036 1534 Cain
3069 1478 3275 1534 scilicet
3318 1488 3375 1535 et
3401 1479 3554 1535 Abel.
3600 1479 3729 1534 Fuit
3753 1482 3900 1544 Abel

2298 1576 2486 1639 pastor
2513 1569 2728 1635 ovium,
2766 1577 2821 1624 et
2843 1568 2975 1624 Cain
3005 1569 3262 1638 agricola.
3302 1569 3627 1641 Tollensque
3660 1572 3799 1627 Abel
3827 1572 3900 1627 de

616 1663 957 1732 omnipotens
988 1662 1208 1734 bydrias
1238 1660 1659 1732 spirituales,,id
1691 1670 1777 1716 est
1803 1669 2023 1715 sanctos
2051 1660 2196 1714 viros
2230 1730 2261 1734 Α
2298 1659 2490 1717 ovibus
2515 1662 2629 1716 suis
2653 1660 2801 1716 etde
2846 1659 3091 1730 adipibus
3136 1678 3355 1727 earum,
3397 1663 3593 1717 obtulit
3630 1663 3899 1720 holocau-

616 1754 682 1807 ad
712 1730 951 1807 nostram
995 1730 1353 1807 eruditionem
1392 1762 1447 1806 et
1486 1751 1818 1807 ablutionem
1862 1751 2077 1806 mittere
2117 1751 2195 1805 di-
2229 1730 2271 1790 Β
2302 1761 2444 1810 stum
2498 1752 2755 1817 Domino,
2807 1750 2939 1807 Cain
2979 1760 3159 1806 autem
3191 1753 3257 1808 de
3297 1752 3543 1825 frugibus
3593 1764 3775 1810 terrm.
3828 1755 3898 1809 Et

617 1852 811 1913 gnatus
835 1851 936 1897 est.
973 1841 1157 1896 Prima
1200 1842 1386 1897 mundi
1414 1850 1547 1897 aetas
1581 1840 1683 1896 fuit
1726 1842 1792 1895 ab
1819 1840 1990 1894 Adam
2029 1855 2197 1910 usque

612 1938 682 1991 ad
708 1935 841 2001 Noe,
878 1936 1113 1991 secunda
1145 1951 1176 1990 a
1207 1934 1320 1990 Noe
1353 1951 1523 2005 usque
1570 1935 1639 1990 ad
1680 1934 1951 1989 Abraham
1978 1973 1993 1998 ,
2037 1933 2195 1989 tertia

613 2028 683 2083 ab
718 2028 991 2082 Abraham
1018 2044 1191 2097 usque
1220 2028 1286 2082 ad
1317 2028 1506 2094 David,
1534 2034 1727 2099 quarta
1769 2042 1798 2081 a
1827 2026 1993 2080 David
2025 2040 2197 2096 usque

614 2120 681 2173 ad
713 2119 1239 2191 transmigrationem
1268 2118 1607 2190 Babylonize,
1651 2119 1838 2188 quinta
1877 2134 1907 2171 a
1945 2116 2200 2172 transmi-

616 2211 861 2281 gratione
903 2209 1208 2281 Babylonia:
1250 2225 1420 2280 usque
1463 2209 1528 2263 ad
1572 2208 1858 2263 adventum
1900 2207 2099 2263 Christi
2143 2207 2197 2261 in

614 2319 812 2370 carne,
845 2311 997 2359 sexta
1042 2319 1073 2358 a
1126 2303 1299 2374 primo
1343 2303 1577 2357 adventu
1625 2300 1862 2367 Domini,
1906 2316 2013 2370 quo
2052 2300 2200 2355 venit

613 2394 879 2448 redimere
909 2395 1195 2460 mundum,
1235 2407 1405 2462 usque
1434 2392 1499 2445 ad
1525 2390 1820 2445 secundum
1851 2387 1967 2456 ejus
1997 2388 2198 2442 adven-

616 2493 748 2549 tum,
776 2500 883 2555 quo
909 2492 1170 2538 venturus
1190 2491 1274 2537 est
1302 2481 1560 2537 mundum
1579 2478 1846 2551 judicare.
1873 2478 1930 2532 ln
1962 2479 2047 2533 his
2070 2492 2200 2548 ergo

611 2576 859 2632 natatibus
884 2576 1024 2631 Deus
1045 2575 1383 2643 omnipOtens
1414 2580 1632 2627 sanctos
1657 2571 1804 2625 viros
1842 2568 2059 2624 mittere
2090 2583 2198 2623 non

613 2667 851 2730 destitit,
880 2664 977 2736 qui
994 2665 1198 2736 Spiritu
1227 2673 1414 2720 sancto
1446 2662 1693 2732 inspirati
1712 2702 1727 2726 ,
1767 2676 1964 2731 aquam
1995 2659 2204 2715 divino-

612 2772 733 2812 rum
755 2755 1092 2826 eloquiorum
1113 2755 1180 2809 ad
1205 2754 1433 2808 aliorum
1456 2752 1814 2807 eruditionem
1839 2748 2197 2805 effunderent.

610 2846 667 2903 In
696 2847 868 2917 prima
909 2853 1067 2901 mtate
1101 2846 1288 2900 mundi
1321 2843 1587 2916 legimus,
1619 2842 1745 2913 quia
1773 2841 1903 2897 fecit
1930 2839 2073 2896 Deus
2099 2840 2198 2896 ho-

613 2941 813 2996 minem
836 2940 902 2995 de
931 2939 1058 2995 limo
1090 2948 1280 3004 terrae,
1304 2939 1372 2993 ad
1401 2937 1692 3006 imaginem
1718 2945 1773 2990 et
1793 2934 2199 2991 similitudinem

610 3049 785 3090 suam.
815 3032 896 3087 Ad
935 3031 1089 3101 cujus
1115 3031 1369 3087 solatium
1396 3029 1483 3085 vel
1512 3028 1836 3098 adjutorium
1882 3042 2004 3083 cum
2038 3026 2197 3083 vellet

607 3128 789 3183 facere
833 3125 1135 3190 mulierem,
1185 3122 1410 3179 immisit
1449 3138 1700 3193 soporem
1744 3123 1799 3177 in
1849 3137 1935 3187 eo,
1983 3130 2040 3177 et
2075 3121 2197 3177 tulit

608 3235 771 3274 unam
800 3218 865 3274 de
887 3218 1051 3274 COStis
1078 3216 1225 3287 ejus,
1261 3224 1316 3271 et
1336 3214 1622 3271 mdiflcavit
1653 3230 1773 3270 cam
1801 3215 1856 3269 in
1885 3214 2188 3282 mulierem,

607 3322 664 3368 et
712 3314 893 3390 posuit
938 3326 1033 3367 eos
1076 3310 1130 3365 in
1172 3309 1423 3381 paradiso
1472 3307 1787 3377 voluptatis,
1829 3307 2197 3378 praecepitque

608 3406 712 3471 eis,
737 3405 923 3460 dicens
957 3422 971 3458 :
1013 3422 1031 3455 ‹
1067 3404 1145 3458 De
1169 3402 1316 3457 omni
1349 3402 1497 3474 ligno
1535 3400 1773 3471 paradisi
1798 3401 2100 3466 comedite,
2130 3402 2196 3456 de

605 3502 753 3574 ligno
796 3510 977 3557 autem
1026 3501 1267 3559 scientia:
1310 3499 1441 3556 boni
1508 3507 1565 3553 et
1608 3498 1735 3553 mali
1779 3513 1847 3553 ne
1890 3498 2194 3568 tetigeritis.

608 3593 939 3662 Quocunque
964 3591 1112 3647 enim
1141 3590 1227 3646 die
1265 3587 1614 3645 comederitis
1643 3603 1709 3643 ex
1739 3603 1806 3643 eo
1827 3628 1843 3654 ,
1874 3595 2048 3642 morte
2076 3602 2195 3642 mo-

606 3684 822 3739 riemini
854 3681 1009 3754 (Gen.
1044 3681 1126 3753 ιι).
1172 3700 1190 3731 ι
1222 3680 1416 3734 Postea
1443 3694 1572 3735 vero
1613 3679 1822 3735 seducti
1852 3694 1882 3732 a
1919 3686 2193 3747 serpente,

608 3789 703 3841 qui
737 3782 857 3828 erat
895 3771 1141 3829 callidior
1177 3770 1386 3826 cunctis
1420 3770 1807 3835 animantibus,
1850 3768 2195 3824 interdictum

607 3861 840 3918 fructum
881 3863 1010 3933 ligni
1045 3877 1149 3916 non
1184 3860 1356 3917 solum
1393 3863 1719 3932 tetigerunt,
1761 3860 1859 3916 sed
1899 3860 2065 3916 etiam
2104 3875 2197 3915 co-

612 3956 918 4010 mederunt.
950 3954 1016 4009 Et
1054 3953 1224 4024 aperti
1255 3961 1380 4008 sunt
1410 3952 1553 4010 oculi
1579 3968 1766 4009 eorum
1786 3993 1802 4020 ,
1829 3960 1884 4008 et
1908 3960 1970 4007 ut
1998 3967 2198 4023 cogno-

609 4056 807 4102 verunt
844 4061 905 4104 se
938 4061 1058 4103 esse
1098 4046 1289 4112 nudos,
1337 4045 1587 4100 fecerunt
1627 4045 1727 4101 sibi
1759 4045 2089 4116 perizomata
2129 4044 2198 4102 de

607 4138 755 4195 foliis
797 4139 1044 4195 ficorum.
1076 4137 1144 4193 Et
1169 4138 1295 4193 dum
1334 4136 1989 4193 deambularet‘Dominus
2012 4137 2198 4207 in'pa—

606 4229 794 4286 radiso
826 4229 895 4285 ad
918 4244 1106 4287 auram
1131 4235 1253 4299 post
1282 4228 1563 4284 meridiem
1582 4268 1598 4295 ,
1629 4225 1912 4283 abscondit
1937 4242 1995 4282 se
2023 4226 2192 4282 Adam

608 4331 830 4378 etuxor
847 4321 964 4392 ejus
994 4320 1135 4376 inter
1164 4319 1307 4392 ligna
1333 4319 1594 4390 paradisi.
1617 4318 1860 4387 Cumque
1893 4317 2195 4388 requireret

2298 1842 2534 1912 respexit
2557 1842 2817 1897 Dominus
2854 1841 2921 1896 ad
2952 1841 3108 1907 Abel,
3153 1850 3208 1897 et
3255 1843 3321 1899 ad
3368 1859 3592 1898 munera
3635 1842 3789 1912 ejus;
3823 1846 3895 1900 ad

2297 1932 2428 1989 Cain
2468 1942 2650 1988 autem
2687 1941 2743 1989 et
2781 1934 2847 1987 ad
2884 1947 3109 1987 munera
3139 1932 3256 2002 ejus
3295 1950 3400 1988 non
3429 1935 3692 2004 respexit.
3737 1935 3893 1990 Unde

2300 2025 2471 2080 iratus
2513 2024 2645 2081 Cain
2687 2034 2742 2080 et
2785 2026 2986 2082 invidia
3026 2026 3251 2093 ductus,
3308 2027 3445 2081 dixit
3492 2028 3559 2082 ad
3622 2028 3890 2084 fratrem:

2299 2116 2655 2188 Egrediamur
2697 2117 2859 2173 foras.
2887 2119 3131 2188 Cumque
3168 2128 3350 2173 essent
3377 2120 3432 2174 in
3466 2134 3631 2189 agro,
3663 2136 3893 2178 concur-

2299 2207 2719 2262 rexitadversus
2759 2205 2979 2261 fratrem
3012 2222 3190 2272 suum,
3219 2216 3274 2262 et
3294 2209 3493 2263 occidit
3528 2224 3677 2264 eum.
3712 2210 3889 2265 Dixit-

2300 2314 2406 2369 que
2432 2298 2481 2353 ei
2514 2298 2652 2353 Deus
2684 2313 2698 2352 :
2738 2298 2837 2354 Ubi
2861 2308 2945 2354 est
2971 2298 3102 2352 Abel
3135 2297 3302 2354 frater
3324 2300 3491 2356 tuus?
3520 2301 3626 2368 Qui
3654 2318 3760 2358 non
3796 2318 3889 2358 so.

2300 2389 2410 2444 lum
2451 2389 2735 2457 mendose,
2765 2390 2858 2445 sed
2904 2390 3068 2445 etiam
3098 2400 3350 2460 proterve
3375 2394 3626 2463 negavit,
3652 2394 3834 2449 dicens
3865 2408 3882 2447 :

2301 2480 2513 2536 Nescio.
2545 2479 2795 2552 Nunquid
2813 2490 2995 2535 custos
3019 2480 3203 2536 fratris
3227 2482 3332 2536 mei
3359 2483 3526 2537 sum?
3550 2483 3799 2554 Dixitque
3823 2486 3877 2540 ei

2302 2572 2445 2627 Deus
2479 2587 2494 2626 :
2526 2570 2663 2638 Quid
2708 2569 2917 2625 fecisti?
2946 2571 3087 2626 Ecce
3128 2585 3229 2625 vox
3268 2572 3548 2642 sanguinis
3591 2573 3770 2627 fratris
3801 2575 3879 2641 tui

2302 2661 2500 2716 clamat
2538 2662 2607 2716 ad
2632 2675 2719 2716 me
2748 2661 2814 2716 de
2846 2670 3009 2716 terra.
3040 2659 3194 2717 Nunc
3231 2661 3397 2734 igitur
3423 2663 3742 2718 maledictus
3772 2666 3883 2718 eris

2303 2769 2466 2825 super
2494 2764 2716 2819 terram,
2746 2768 2866 2822 quae
2887 2753 3098 2823 aperuit
3118 2769 3181 2809 os
3212 2770 3388 2819 suum,
3418 2762 3475 2810 et
3495 2756 3730 2826 suscepit
3753 2771 3883 2810 san-

2303 2846 2519 2917 guinem
2558 2842 2745 2899 fratris
2785 2844 2861 2898 tui
2893 2843 2961 2898 de
2994 2857 3157 2898 manu
3191 2853 3300 2899 tua.
3330 2843 3512 2915 Vagus
3535 2854 3590 2899 et
3626 2845 3887 2915 profugus

2303 2937 2413 2993 eris
2444 2935 2694 2993 omnibus
2724 2934 2915 2991 diebus
2945 2936 3067 2991 vita:
3089 2944 3213 2992 tuae.
3253 2935 3572 3015 Quicunque
3610 2952 3739 3006 ergo
3768 2938 3888 2993 haec

2305 3033 2558 3099 audiens,
2607 3030 2835 3103 elegerit
2883 3031 3201 3088 innocenter
3238 3042 3294 3088 et
3337 3034 3655 3105 simpliciter
3701 3036 3893 3091 vivere

2300 3108 2421 3179 cu'm
2450 3123 2617 3190 Abel,
2646 3124 2886 3179 timuerit
2922 3124 3175 3179 invidiam
3211 3125 3296 3181 vel
3324 3127 3501 3181 odium
3533 3127 3738 3182 habere
3758 3143 3893 3198 erga

2298 3214 2542 3279 fratrem,
2563 3231 2629 3270 ne
2646 3213 2851 3269 fortein
2872 3213 3250 3270 maledictione
3273 3226 3560 3285 reputetur,
3587 3231 3713 3270 cum
3749 3217 3894 3271 Cain

2299 3307 2505 3363 invenit
2530 3309 2583 3362 in
2611 3309 2786 3379 prima
2814 3316 2971 3362 actate
2999 3307 3161 3362 aliam
3186 3308 3428 3379 hydriam
3464 3322 3597 3376 aqua
3628 3307 3892 3378 plenam.

2296 3398 2368 3454 At
2417 3415 2549 3455 vero
2596 3400 2644 3454 si
2684 3400 2753 3454 ad
2797 3398 3129 3469 spiritualem
3172 3398 3577 3469 intelligentiam
3635 3399 3893 3454 animum

2298 3506 2455 3546 suum
2491 3491 2793 3556 convertit,
2829 3499 2890 3543 ut
2918 3489 3177 3561 intelligat
3201 3504 3298 3561 per
3331 3489 3463 3544 Abel
3491 3488 3781 3544 Dominum
3803 3489 3895 3546 Je-

2299 3596 2417 3635 sum
2448 3579 2764 3646 Christum;
2796 3596 2894 3651 per
2922 3579 3039 3648 ejus
3067 3580 3394 3637 occisionem
3424 3578 3635 3637 Domini
3665 3582 3893 3651 passio-

2298 3688 2421 3727 nem
2443 3712 2458 3738 ,
2487 3687 2584 3741 per
2640 3682 2840 3727 terram
2859 3712 2873 3737 ,
2905 3686 3024 3743 qua:
3054 3674 3268 3744 aperuit
3294 3688 3356 3728 os
3390 3689 3545 3729 suum
3569 3684 3623 3729 et
3646 3676 3896 3746 suscepit

2297 3766 2612 3836 sanguinem
2634 3764 2774 3834 ejus,
2801 3775 3042 3820 sanctam
3067 3764 3389 3830 Ecclesiam,
3413 3780 3532 3836 quae
3557 3764 3806 3837 quotidie
3837 3767 3892 3818 in

2298 3854 2637 3911 confessione
2657 3854 2872 3910 Domini
2900 3854 3076 3925 aperit
3095 3870 3191 3922 os;
3219 3869 3314 3927 per
3342 3854 3476 3909 Cain
3503 3869 3628 3910 vero
3649 3853 3893 3909 homici-

2299 3947 2444 4015 dam,
2470 3947 2724 4019 populum
2752 3946 3086 4013 Judaeorum,
3114 3947 3206 4018 qui
3232 3956 3456 4018 propter
3476 3946 3728 4003 invidiam
3751 3962 3893 4001 san-

2297 4040 2516 4109 guinem
2552 4040 2768 4096 Domini
2812 4040 3040 4096 fundere
3086 4054 3193 4095 non
3244 4039 3447 4113 timuit,
3492 4050 3550 4096 et
3597 4048 3895 4109 propterea

2298 4147 2468 4203 vagus
2498 4139 2555 4187 et
2581 4131 2843 4204 profugus
2863 4139 2948 4189 est
2975 4140 3260 4201 reputatus
3284 4149 3298 4186 :
3327 4132 3545 4205 hydria,
3568 4147 3725 4204 quam
3774 4134 3896 4205 ple—

2299 4240 2424 4279 nam
2455 4225 2738 4279 invenerat
2777 4239 2938 4294 aqua,
2985 4240 3245 4280 conversa
3282 4233 3367 4279 est
3402 4225 3452 4280 ei
3494 4224 3548 4279 in
3581 4225 3797 4279 vinum.
3837 4225 3895 4280 ln

2299 4313 2534 4368 secunda
2576 4322 2738 4369 relate
2781 4313 3011 4385 legimus
3065 4314 3232 4384 quod,
3273 4314 3756 4383 prmvaricantibus
3809 4315 3897 4370 his

606 4426 731 4469 eum
764 4412 938 4476 Deus,
963 4410 1152 4466 dicens
1176 4427 1190 4465 :
1214 4409 1388 4465 Adam
1406 4450 1421 4475 ,
1446 4409 1538 4463 ubi
1567 4422 1636 4501 es
1652 4408 1695 4501 ?_
1720 4407 2017 4477 Respondit
2045 4425 2057 4460 :
2084 4408 2193 4463 An-
2220 4441 2272 4501 Β
2298 4407 2392 4478 qui
2422 4407 2488 4463 de
2507 4407 2676 4477 stirpe
2697 4407 2828 4462 Adae
2873 4408 3266 4501 descenderant
3282 4417 3612 4479 praeceptum
3640 4405 3894 4501 Domini,

607 4500 740 4566 divi,
766 4499 1011 4567 Domine,
1041 4514 1232 4555 vocem
1257 4507 1429 4563 tuam,
1461 4505 1516 4552 et
1543 4495 1721 4562 timui,
1752 4511 1820 4552 eo
1844 4498 1987 4567 quod
2019 4499 2195 4553 nudus

606 4606 806 4658 essem,
831 4601 885 4647 et
909 4591 1168 4647 abscondi
1195 4604 1301 4645 me.
1326 4588 1580 4658 Dixitque
1605 4586 1654 4643 ei
1684 4587 1825 4642 Deus
1850 4605 1863 4642 :
1891 4587 2021 4655 Quis
2050 4588 2192 4643 enim

607 4681 870 4740 indicavit
907 4681 1001 4736 tibi
1026 4682 1172 4753 quod
1195 4681 1372 4736 nudus
1405 4693 1556 4733 esses
1579 4718 1595 4740 ,
1634 4678 1737 4733 nisi
1791 4678 1916 4748 quia
1943 4680 2010 4735 de
2050 4680 2193 4752 ligno

608 4772 677 4827 de
709 4788 817 4842 quo
849 4786 1215 4843 praeceperam
1252 4770 1350 4825 tibi
1402 4784 1470 4823 ne
1509 4769 1823 4825 comederes
1866 4772 2193 4826 comedisti?

603 4862 903 4937 Propterea
935 4864 1229 4920 maledicta
1251 4871 1396 4918 terra
1426 4861 1482 4917 in
1504 4877 1669 4932 opere
1699 4872 1810 4919 tuo.
1837 4862 1971 4919 Cum
2001 4880 2193 4935 opera-

606 4964 694 5012 tus
735 4954 904 5013 fueris
954 4971 1109 5022 eam,
1154 4971 1263 5011 non
1308 4956 1460 5011 dabit
1499 4956 1597 5012 tibi
1641 4957 1854 5015 fructus
1898 4970 2051 5025 suos,
2099 4959 2195 5016 sed

604 5047 790 5118 spinas
815 5057 872 5103 et
895 5047 1121 5103 tribulos
1154 5047 1478 5117 germinabit
1514 5048 1644 5115 tibi,
1681 5058 1737 5104 et
1775 5049 1829 5104 in
1858 5050 2055 5105 sudore
2079 5049 2197 5104 vul-

608 5149 695 5195 tus
722 5140 801 5195 tui
828 5138 1063 5194 vesceris
1102 5152 1240 5208 pane
1259 5176 1274 5201 ,
1305 5136 1478 5193 donec
1503 5138 1795 5194 revertaris
1817 5138 1871 5192 in
1895 5147 2096 5192 terram
2127 5138 2193 5195 de

605 5246 710 5301 qua
738 5238 985 5301 sumptus
1004 5244 1083 5295 es,
1107 5228 1237 5299 quia
1260 5238 1405 5284 terra
1425 5244 1504 5296 es,
1532 5238 1587 5284 et
1611 5229 1665 5283 in
1689 5238 1890 5284 terram
1915 5229 2047 5295 ibis;
2076 5230 2192 5300 pul-

603 5321 721 5387 vis,
748 5330 805 5377 et
837 5322 889 5374 in
919 5317 1195 5389 pulverem
1222 5321 1510 5374 reverteris
1543 5314 1696 5389 (Gen.
1732 5318 1838 5389 ιιι).
1871 5317 2189 5392 Quicunque

600 5427 734 5484 ergo
778 5412 895 5467 haec
926 5409 1180 5477 audiens,
1232 5409 1473 5464 timuerit
1511 5409 1813 5479 transgredi
1859 5418 2188 5480 prmceptum

601 5508 731 5571 Dei,
757 5512 1013 5577 reputans
1040 5504 1181 5576 apud
1210 5505 1557 5576 semetipsum
1580 5546 1595 5571 ,
1626 5515 1682 5562 et
1708 5506 1900 5563 dicens
1929 5521 1943 5561 :
1972 5507 2100 5578 quia
2138 5508 2186 5564 si

547 5668 553 5674 θ
603 5598 712 5654 illis
736 5596 959 5653 rudibus
988 5611 1054 5652 ac
1082 5596 1304 5652 novellis
1329 5612 1434 5652 non
1458 5597 1700 5669 pepercit
1733 5599 1894 5666 Deus,
1921 5597 2060 5653 forte
2082 5614 2186 5656 nec

602 5688 758 5744 nobis
778 5695 963 5746 oarcet
979 5728 994 5756 ,
1024 5689 1067 5745 si
1095 5697 1217 5759 post
1242 5688 1439 5747 multos
1465 5690 1694 5747 aliorum
1716 5706 1877 5747 casus
1894 5730 1908 5757 ,
1941 5701 2179 5746 nostram

2300 4498 2552 4554 inventus
2597 4507 2680 4554 est
2714 4498 2826 4554 Noe
2862 4499 2947 4565 vir
2987 4496 3199 4568 justus,
3245 4499 3333 4554 cui
3383 4498 3520 4554 dixit
3570 4495 3893 4553 Dominus:

2254 4614 2265 4619 -
2306 4610 2325 4643 ι
2358 4591 2509 4646 Finis
2529 4592 2796 4647 universze
2816 4591 2998 4647 carnis
3031 4592 3180 4646 venit
3204 4606 3390 4646 coram
3421 4605 3529 4657 me,
3555 4598 3611 4645 et
3632 4603 3742 4643 non
3772 4604 3898 4661 per-

2300 4683 2542 4737 manebit
2577 4683 2798 4752 spiritus
2839 4697 2992 4739 meus
3034 4682 3088 4736 in
3136 4681 3356 4737 homine
3400 4681 3454 4735 in
3501 4689 3800 4745 aeternum,
3831 4694 3897 4736 eo

2299 4775 2442 4845 quod
2463 4775 2533 4829 sit
2551 4789 2698 4830 caro.
2719 4774 2917 4830 Delebo
2945 4773 3161 4846 (inquit)
3183 4773 3383 4829 diluvio
3402 4787 3616 4829 omnem
3635 4785 3893 4829 carnem.

2298 4866 2410 4922 Fac
2436 4881 2566 4938 ergo
2593 4866 2691 4922 tibi
2721 4881 2903 4922 arcam
2928 4867 2996 4922 de
3027 4866 3189 4937 lignis
3215 4864 3461 4937 levigatis
3481 4906 3496 4932 ,
3524 4872 3580 4920 et
3611 4864 3897 4934 ingredie-

2298 4958 2376 5013 ris
2412 4973 2534 5013 eam
2565 4966 2621 5013 tu
2660 4966 2716 5014 et
2748 4958 2845 5014 ﬁlii
2875 4958 2976 5024 tui,
3001 4973 3140 5013 uxor
3163 4967 3290 5024 tua,
3328 4967 3385 5014 et
3412 4972 3607 5013 uxores
3643 4956 3899 5013 ﬁliorum

2298 5057 2549 5117 tuorum,
2571 5059 2633 5105 ut
2660 5051 2880 5123 possitis
2916 5051 3119 5106 vivere.
3152 5050 3233 5105 'l‘e
3273 5050 3421 5105 enim
3453 5048 3633 5105 inveni
3669 5047 3899 5119 ξω-

2298 5140 2354 5195 in
2382 5142 2733 5210 generatione
2765 5142 2870 5197 hac
2907 5139 3067 5214 (Gen.
3096 5139 3195 5212 vr).
3234 5158 3255 5191 ι
3283 5137 3389 5205 Qui
3416 5137 3628 5194 Domini
3648 5137 3897 5208 impleas

2288 5228 2588 5299 jussiouem
2608 5271 2624 5297 ,
2655 5246 2753 5301 per
2783 5238 3001 5286 centum
3028 5244 3201 5285 annos
3239 5229 3293 5284 in
3322 5244 3464 5285 arcae
3488 5227 3694 5283 fabrica
3717 5227 3894 5286 desuc

2294 5322 2464 5388 davit,
2490 5332 2545 5379 et
2573 5323 2628 5378 in
2650 5321 2879 5377 articulo
2908 5320 3015 5378 diei
3040 5322 3181 5377 illius
3202 5321 3478 5394 ingressus
3502 5328 3588 5375 est
3616 5319 3671 5376 in
3693 5333 3891 5376 arcam

2293 5416 2409 5485 ipse
2429 5424 2484 5470 et
2513 5414 2606 5469 filii
2638 5412 2786 5483 ejus,
2822 5430 2962 5469 uxor
2986 5412 3128 5482 ejus,
3159 5422 3215 5471 et
3241 5428 3440 5469 uxores
3477 5411 3715 5467 filiorum
3742 5410 3885 5481 ejus.

2290 5505 2544 5576 Pluitque
2588 5504 2847 5561 Dominus
2896 5504 3252 5576 quadraginta
3297 5502 3488 5559 diebus
3536 5502 3889 5571 et_quadrao

2290 5599 2440 5669 ginta
2470 5599 2717 5654 noctibus
2747 5614 2910 5669 super
2931 5607 3152 5663 terram,
3183 5604 3240 5652 et
3261 5596 3460 5652 factum
3482 5603 3566 5651 est
3595 5593 3886 5657 diluvium,

2290 5699 2610 5759 mortuaque
2638 5698 2722 5744 est
2743 5674 2923 5745 omnis
2944 5704 3095 5755 caro,
3124 5688 3176 5744 in
3201 5703 3308 5758 qua
3344 5694 3463 5741 erat
3484 5682 3708 5755 spiritus
3734 5683 3885 5736 vitae.
