4038 6352
208 315 307 370 133

1434 300 1740 359 HOMILUE
1781 299 1870 357 DE
1905 296 2252 357 TEMPORE.

3361 306 3463 362 l3}

201 424 395 480 Postea
431 433 558 475 vero
577 418 762 474 volens
781 415 921 473 scire
941 413 1053 472 Noe
1075 422 1255 471 utrum
1280 423 1588 470 cessassem
1607 426 1780 484 aquae,
1810 417 1860 477 Α
1890 410 2223 477 immolatus,
2255 410 2578 468 intellexerit
2600 412 2808 468 Domini
2839 413 3229 471 humanitatem
3262 420 3465 488 passio-

202 513 381 569 emisit
441 526 662 567 corvum
728 510 821 579 qui
878 523 985 563 non
1047 514 1133 563 est
1187 519 1441 561 reversus
1498 505 1566 560 ad
1633 518 1777 559 eum.

201 604 278 658 Ac
314 602 509 657 deinde
543 602 722 656 emisit
765 600 1004 655 secundo
1048 598 1357 654 columbam
1399 611 1521 667 qua:
1557 610 1784 666 vespere

202 711 414 752 reversa
445 704 531 750 est
553 695 619 749 ad
646 710 789 757 eum,
819 702 1043 762 portans
1073 707 1280 745 ramum
1305 689 1459 746 oliva:
1484 689 1783 744 virentibus

202 790 341 844 foliis
367 788 421 842 in
448 802 544 842 ore
571 802 690 841 suo.
713 785 969 856 Quisquis
992 799 1122 856 ergo
1152 785 1268 839 haec
1292 783 1535 847 audiens,
1560 781 1785 852 elegerit

202 880 370 950 magis
396 878 595 933 salvari
624 892 745 933 cum
773 874 961 931 electis
984 875 1189 946 paucis,
1222 875 1275 928 in
1301 872 1605 942 exemplum
1645 870 1781 937 Noe,

199 960 355 1042 quam
379 971 562 1041 perire
583 985 706 1024 cum
733 968 917 1023 multis
946 967 1213 1038 reprobis,
1245 966 1449 1021 invenit
1468 965 1521 1018 in
1545 964 1782 1019 secunda

198 1069 355 1116 aetate
381 1060 629 1132 hydriam
657 1070 804 1128 aqua'
823 1058 1059 1128 plenam.
1082 1056 1236 1125 Quod
1263 1057 1307 1111 si
1333 1057 1475 1111 hanc
1499 1055 1781 1109 historiam

198 1150 552 1219 spiritualiter
580 1147 924 1218 interpretari
956 1148 1238 1213 didicerit,
1282 1157 1343 1202 ut
1384 1146 1648 1218 intelligat
1685 1161 1783 1217 per

198 1237 304 1293 Noe
332 1238 719 1293 fabricatorem
748 1252 909 1302 arcaz,
955 1238 1239 1292 Dominum
1286 1236 1471 1292 Jesum
1509 1223 1783 1291 Christum

195 1331 584 1387 fabricatorem
624 1341 680 1386 et
725 1341 992 1391 rectorem
1054 1330 1340 1396 Ecclesiae;
1386 1344 1483 1399 per
1523 1328 1783 1383 diluvium

195 1421 332 1492 quod
363 1429 682 1493 peccatores
714 1422 962 1477 homines
984 1422 1202 1487 delevit,
1228 1421 1576 1491 baptismum,
1601 1419 1654 1473 in
1677 1433 1783 1489 quo

193 1521 413 1584 peccata
439 1512 686 1567 delentur
708 1530 722 1578 ;
745 1528 843 1583 per
864 1528 1084 1568 corvum
1105 1513 1196 1581 qui
1226 1526 1473 1583 egressus
1493 1519 1579 1565 est
1599 1521 1653 1566 et
1675 1525 1782 1565 non

192 1616 271 1662 est
289 1620 572 1671 reversus,
597 1606 881 1661 hzcreticos
894 1605 985 1675 qui
1007 1619 1072 1659 ex
1097 1604 1250 1659 nobis
1265 1603 1534 1668 exierunt,
1559 1600 1654 1657 sed
1672 1617 1782 1657 non

193 1707 438 1754 erantex
462 1697 618 1751 nobis
639 1711 736 1766 per
756 1696 1091 1761 columbam;
1117 1709 1235 1763 qua:
1262 1708 1470 1748 ramum
1501 1691 1656 1747 oliva:
1697 1690 1782 1746 vi-

1886 518 2010 558 nem
2038 504 2380 570 sustinuisse,
2421 506 2515 560 sed
2554 507 2890 563 divinitatem
2927 508 3311 580 impassibilem
3340 528 3465 582 per-

1884 595 2190 649 mansisse:
2221 595 2429 665 hydria,
2458 610 2619 666 quam
2643 598 2855 666 plenam
2886 599 3118 655 habebat
3145 617 3309 671 aqua,
3342 619 3463 659 mu-

1882 692 1995 739 tata
2021 693 2104 739 est
2125 683 2175 739 ei
2205 684 2258 738 in
2286 684 2492 739 vinum.
2520 684 2578 739 ln
2608 696 2803 755 quarta
2829 698 2986 744 aetate
3010 689 3236 760 legimus
3262 690 3312 763 (Ι
3334 690 3461 763 Reg.

1882 775 2181 849 xrx)fuisse
2207 775 2396 841 David,
2416 791 2521 831 non
2544 777 2715 831 solum
2741 779 2914 834 virum
2939 780 3152 845 fortem,
3182 785 3272 838 sed
3299 784 3463 838 etiam

1885 869 2144 924 humilem
2178 876 2233 923 et
2261 869 2686 924 misericordem.
2706 868 2806 937 Qui
2831 886 2972 935 cum,
3003 877 3288 944 reprobato
3311 874 3462 941 Saul,

1884 958 2088 1015 electus
2122 975 2153 1012 a
2193 959 2303 1014 Deo
2348 969 2492 1015 esset
2530 961 2596 1014 ad
2639 962 3002 1031 regnandum,
3038 966 3464 1033 persecutionem

1885 1066 2078 1121 passus
2106 1059 2191 1106 est
2216 1065 2247 1104 a
2280 1047 2444 1105 Saitle
2470 1051 2523 1104 in
2571 1058 2780 1105 tantum
2802 1059 2860 1106 ut
2885 1066 3007 1106 cum
3035 1052 3344 1124 frequenter
3369 1071 3465 1112 oc-

1884 1143 2068 1199 cidere
2096 1142 2272 1198 vellet.
2317 1142 2384 1197 Et
2425 1157 2549 1198 cum
2598 1142 2908 1197 tradidisset
2948 1157 3070 1197 eum
3117 1145 3373 1202 Dominus
3413 1146 3468 1201 in

1884 1250 2076 1289 manus
2103 1233 2244 1304 ejus,
2277 1242 2333 1289 et
2357 1243 2542 1304 posset
2569 1250 2691 1289 eum
2729 1234 3008 1297 occidere,
3043 1252 3147 1291 non
3184 1238 3355 1292 solum
3386 1254 3470 1294 se-

1889 1325 2019 1395 mel,
2052 1327 2146 1381 sed
2173 1326 2337 1380 etiam
2367 1327 2451 1381 bis
2480 1327 2744 1397 tertioque
2771 1326 3011 1397 pepercit
3042 1327 3090 1381 ei
3117 1338 3336 1399 propter
3364 1329 3469 1385 Do-

1887 1415 2118 1484 minmn,
2154 1419 2383 1474 dicens:
2429 1437 2448 1470 ι
2476 1419 2632 1474 Absit
2672 1409 2860 1484 a'me,
2900 1428 2957 1475 ut
3001 1420 3209 1474 mittam
3253 1436 3469 1476 manum

1883 1525 2062 1566 meam
2101 1512 2159 1566 in
2182 1512 2444 1567 christum
2487 1512 2696 1567 Domini
2744 1512 2797 1585 (1
2823 1511 2947 1584 Reg.
2977 1513 3148 1585 xxvr).
3180 1532 3198 1566 ι
3241 1512 3469 1585 Propter

1883 1604 2025 1675 quod
2053 1618 2277 1677 regnum
2307 1604 2436 1661 Saul
2462 1606 2796 1662 destructum
2822 1615 2924 1671 est,
2965 1614 3019 1661 et
3053 1621 3275 1676 regnum
3302 1605 3471 1661 David

1887 1708 2047 1766 Super
2069 1695 2236 1752 Israel
2262 1697 2550 1753 elevatum.
2584 1697 2736 1765 Quod
2772 1698 2816 1752 si
2858 1694 2923 1751 tu’
2955 1697 3070 1753 htcc
3099 1699 3343 1762 audiens,
3376 1714 3471 1753 vo-

193 1788 440 1843 rentibus
460 1786 602 1842 foliis
626 1786 836 1849 detulit,
859 1785 1165 1839 unctionem
1188 1783 1421 1853 Spiritus
1444 1784 1638 1847 sancti,
1662 1797 1781 1852 qua:
1810 1772 1857 1831 Β
1885 1786 2054 1842 lueris
2082 1786 2284 1841 imitari
2314 1787 2679 1863 humilitatem
2702 1797 2755 1842 et
2782 1788 3246 1843 mansuetudinem
3280 1787 3469 1852 David,

195 1877 448 1933 fidelibus
468 1877 521 1931 in
543 1876 810 1946 baptismo
831 1874 1025 1929 datur:
1051 1874 1239 1945 hydria
1266 1888 1404 1942 aqua
1427 1873 1603 1942 plena,
1622 1888 1782 1942 quam

193 1969 452 2029 habebat.
478 1977 679 2023 mutata
699 1979 784 2023 est
806 1967 854 2021 ei
882 1967 934 2020 in
959 1967 1159 2020 vinum.
1186 1965 1243 2019 In
1275 1965 1436 2019 tertia
1471 1974 1630 2019 aetate
1650 1965 1786 2036 legi-

191 2073 310 2113 mus
330 2057 507 2112 fuisse
532 2057 805 2111 Abraham
829 2057 1003 2110 virum
1023 2055 1250 2126 justum,
1299 2054 1386 2109 cui
1424 2054 1560 2109 dixit
1602 2056 1782 2110 Deus:

195 2169 214 2202 ‹
247 2151 526 2222 Egredere
567 2150 632 2205 de
675 2159 817 2203 terra
868 2157 989 2213 tua,
1031 2158 1085 2201 et
1130 2148 1197 2202 de
1230 2147 1549 2217 cognatione
1578 2155 1694 2208 tua,
1730 2157 1786 2201 et

190 2239 255 2294 de
281 2241 451 2294 domo
473 2239 645 2309 patris
676 2238 775 2301 tui,
797 2245 853 2290 et
874 2237 996 2291 veni
1020 2237 1074 2290 in
1102 2245 1304 2292 terram
1329 2251 1491 2305 quam
1517 2247 1787 2291 monstra-

188 2343 320 2383 vero
353 2329 450 2383 tibi
484 2327 634 2399 (Gen.
663 2327 784 2396 xu).
817 2347 834 2379 ι
870 2326 972 2393 Qui
1023 2326 1281 2381 obediens
1329 2327 1439 2380 Deo
1465 2326 1650 2380 statim
1677 2327 1789 2381 exi-

187 2418 292 2483 vit,
323 2420 579 2472 nesciens
610 2432 716 2487 quo
753 2426 1025 2485 pergeret,
1069 2423 1123 2469 et
1170 2420 1293 2468 cum
1323 2415 1494 2483 magis
1523 2430 1587 2468 ac
1616 2415 1789 2485 magis

189 2508 298 2562 ﬁde
329 2515 389 2561 et
425 2507 712 2562 dilectione
745 2508 799 2561 in
835 2507 1001 2562 Deum
1028 2507 1335 2577 proliceret,
1379 2508 1524 2562 dedit
1563 2509 1613 2562 ci
1649 2509 1790 2563 Deus

190 2598 538 2670 unigenitum
575 2597 744 2652 ﬁlium
771 2614 869 2668 per
909 2598 1385 2677 repromissionem
1425 2598 1479 2652 in
1511 2602 1789 2652 senectute

192 2705 312 2755 sua,
338 2689 561 2745 nomine
590 2690 759 2743 Isaac.
805 2689 1056 2759 Dixitque
1082 2689 1130 2743 ei
1162 2689 1304 2744 Deus
1339 2698 1524 2759 postea
1554 2686 1741 2760 (Ibid.)
1770 2703 1786 2741 :

199 2800 218 2833 ‹
240 2781 396 2835 Tolle
422 2779 757 2851 unigenitum
788 2779 955 2833 filium
988 2786 1138 2833 tuum
1162 2794 1322 2849 quem
1351 2776 1530 2849 diligis
1547 2779 1716 2844 Isaac,
1734 2787 1787 2831 et

195 2875 332 2929 vade
358 2874 413 2927 in
444 2880 644 2927 terram
668 2871 913 2936 visionis,
942 2880 1103 2941 atque
1128 2870 1322 2926 oﬂ'eres
1352 2886 1475 2925 eum
1502 2869 1575 2925 ibi
1605 2871 1658 2924 in
1686 2870 1784 2924 ho-

196 2962 521 3028 locaustum,
552 2975 715 3030 super
738 2976 903 3014 unum
929 2950 1192 3014 montium
1219 2974 1379 3029 quem
1407 2967 1783 3015 monstravere

200 3053 297 3110 tibi
326 3053 477 3124 (Gen.
496 3056 687 3123 XXII).)
712 3050 811 3118 Qui
845 3069 863 3102 ε
893 3051 1443 3122 consurgens,statim
1462 3051 1664 3105 ‘stravit
1684 3051 1787 3105 asi-

1885 1884 1944 1930 ut
1979 1891 2104 1931 cum
2150 1875 2384 1930 inimicis
2423 1876 2529 1930 tuis
2568 1891 2762 1931 nocere
2794 1876 3006 1945 possis,
3043 1886 3265 1946 propter
3302 1876 3469 1931 Deum

1886 1967 2160 2030 dimittas,
2212 1966 2465 2021 invenisti
2511 1967 2564 2029 in
2615 1975 2804 2035 quarta
2846 1975 3004 2021 mtate
3048 1967 3295 2037 hydriam
3332 1981 3472 2037 aqua

1885 2054 2120 2124 plenam.
2159 2056 2228 2109 At
2255 2071 2384 2111 vero
2415 2057 2458 2111 si
2489 2055 2620 2111 Saul
2650 2058 2937 2126 reprobum
2975 2066 3029 2111 et
3066 2057 3304 2112 invidum
3326 2098 3341 2122 ,
3376 2072 3473 2128 po-

1885 2148 2067 2219 pulum
2098 2147 2431 2213 Judazorum,
2468 2148 2558 2218 qui
2589 2147 2870 2202 Dominum
2900 2157 3216 2218 persecutus
3243 2156 3350 2213 est,
3392 2149 3474 2203 in-

1888 2238 2185 2302 tellexeris,
2214 2253 2311 2308 per
2339 2237 2506 2292 David
2534 2239 2817 2292 Dominum
2843 2235 3028 2293 Jesum
3055 2237 3349 2304 Christum,
3381 2240 3471 2309 qui

1888 2339 1972 2385 est
2001 2332 2155 2384 fortis
2184 2340 2239 2385 et
2268 2340 2458 2400 potens
2489 2332 2540 2385 in
2571 2331 2779 2401 praelio,
2814 2341 2869 2386 et
2900 2333 3159 2387 Dominus
3189 2333 3470 2395 virtutmn,

1887 2429 1940 2475 et
1981 2421 2071 2488 qui
2110 2436 2210 2490 pro
2248 2421 2684 2490 persecutoribus
2723 2419 2922 2475 Judacis
2958 2421 3243 2485 exoravit,
3289 2420 3475 2475 dicens

1892 2510 2042 2582 (Luc.
2072 2511 2261 2581 xxm):
2286 2529 2304 2561 ι
2324 2508 2506 2576 Pater,
2532 2512 2750 2581 ignosce
2777 2512 2903 2572 illis,
2928 2513 3051 2579 quia
3080 2512 3323 2567 nesciunt
3345 2511 3473 2581 quid

1890 2600 2113 2663 faciunt,
2148 2620 2167 2652 ι
2197 2608 2249 2653 et
2272 2600 2393 2655 ideo
2420 2616 2641 2670 regnum
2672 2616 2856 2655 eorum
2883 2602 3198 2672 dissipatum
3227 2610 3311 2656 est
3336 2619 3350 2655 :
3386 2618 3472 2656 re-

1888 2704 2051 2758 gnum
2083 2699 2265 2745 autem
2293 2690 2505 2743 Domini
2537 2699 2721 2745 manet
2749 2692 2801 2745 in
2831 2701 3127 2756 :cternum;
3159 2700 3348 2761 quarta
3373 2692 3471 2762 hy-

1888 2777 2025 2842 dria,
2053 2793 2214 2847 quam
2247 2778 2459 2847 plenam
2497 2780 2783 2835 inveneras
2818 2796 2986 2851 aqua,
3025 2790 3227 2835 mutata
3258 2795 3342 2836 est
3376 2782 3470 2836 tibi

1887 2867 1940 2922 in
1985 2870 2190 2922 vinum.
2237 2869 2293 2923 In
2335 2870 2523 2938 quinta
2564 2880 2722 2927 aetate
2760 2871 2985 2944 legimus
3030 2873 3135 2943 (IV
3176 2872 3299 2946 Reg.
3347 2876 3473 2940 xxv)

1887 2961 2030 3029 quod
2072 2959 2298 3030 populus
2343 2959 2651 3016 Iudaeorum
2702 2964 3083 3033 prtevaricatus
3127 2972 3211 3018 est
3254 2966 3476 3018 manda-

1888 3060 2001 3104 tum
2037 3050 2273 3113 Domini,
2305 3053 2686 3123 derelinquens
2723 3055 2889 3108 Deum
2926 3065 3140 3124 patrum
3173 3070 3393 3110 suorum
3422 3062 3476 3110 et

200 3161 330 3200 num
351 3159 529 3210 suum,
552 3146 755 3199 ducens
782 3158 964 3199 secum
987 3143 1119 3198 duos
1137 3149 1429 3212 pueros,et
1450 3141 1596 3196 Isaac
1617 3141 1783 3196 lilium
1813 3119 1856 3180 (ἶ
1890 3143 2124 3197 adorans
2154 3143 2321 3208 idola,
2360 3153 2415 3200 et
2446 3146 2564 3200 ideo
2599 3146 2821 3201 tradidit
2854 3162 2976 3203 eum
3010 3146 3266 3202 Dominus
3292 3146 3473 3201 Nabu-

202 3250 413 3290 suum.»
448 3235 690 3302 Cumque
711 3234 800 3288 die
838 3232 995 3287 tertia
1022 3233 1245 3287 elevatis
1265 3231 1436 3287 oculis
1460 3232 1683 3288 vidisset
1711 3231 1789 3285 lo-

1889 3235 2235 3288 chodonosor
2261 3235 2370 3305 regi
2399 3235 2775 3291 Chaldaeorum
2798 3278 2813 3303 ,
2849 3239 2938 3307 qui
2969 3238 3120 3293 duxit
3147 3253 3270 3292 eum
3300 3237 3474 3307 capti-

203 3343 332 3383 cum
375 3326 579 3395 procul,
612 3341 769 3395 quem
811 3326 1124 3380 ostenderat
1167 3325 1214 3379 ei
1249 3324 1413 3388 Deus,
1445 3324 1581 3378 dixit
1605 3323 1788 3393 pueris
1886 3337 2015 3375 vum
2041 3322 2094 3375 in
2124 3321 2496 3392 Babyloniam,
2538 3334 2594 3378 et
2632 3324 2931 3379 Jerusalem
2965 3326 3237 3380 civitatem
3266 3327 3478 3380 destru-

211 3417 325 3472 suis
341 3433 385 3468 ι(
408 3416 720 3486 Exspectate
739 3417 826 3471 hic
846 3432 969 3471 cum
994 3416 1176 3481 asino;
1198 3429 1298 3485 ego
1325 3421 1379 3468 et
1401 3428 1536 3482 puer
1559 3412 1683 3466 illuc
1705 3428 1790 3466 us-

208 3523 318 3579 que
353 3517 716 3580 properantes,
752 3518 1037 3577 postquam
1074 3504 1510 3568 adoraverimus.
1546 3512 1785 3557 reverte-

1892 3417 1993 3480 xit,
2020 3414 2133 3479 ubi,
2163 3424 2385 3485 propter
2408 3416 2704 3469 vindictam
2740 3415 2974 3484 peccati,
3004 3433 3102 3486 per
3133 3418 3476 3487 septuaginta

1890 3514 2063 3560 annos
2085 3506 2136 3559 in
2161 3507 2350 3576 grandi
2376 3502 2665 3559 aﬂlictione
2696 3504 2815 3559 fuit.
2848 3506 3038 3561 Postea
3065 3522 3194 3561 vero
3226 3507 3479 3562 misertus

205 3615 330 3653 mur
349 3600 414 3653 ad
448 3615 561 3654 vos.
591 3618 609 3651 ι
647 3599 858 3653 Etcum
890 3597 1230 3668 imposuisset
1274 3596 1416 3667 ligna
1454 3610 1614 3665 supra
1640 3595 1791 3648 Isaac
1890 3596 2066 3652 eidem
2115 3595 2311 3666 populo
2354 3594 2526 3661 Deus,
2576 3596 2859 3651 suscitavit
2898 3596 3080 3651 Jesum
3122 3597 3289 3652 tilium
3329 3596 3478 3652 Jose—

206 3690 370 3745 lilium
393 3704 570 3753 suum,
591 3689 844 3760 imposuit
864 3704 986 3744 eum
1009 3703 1174 3758 super
1196 3702 1367 3753 aram,
1399 3705 1418 3736 «
1440 3687 1791 3757 extenditque
1892 3685 2025 3741 dech
2061 3686 2399 3741 sacerdotem
2436 3690 2709 3756 magnum,
2750 3696 2806 3742 et
2846 3687 3143 3743 Zorobabel
3183 3687 3479 3758 principem

206 3797 421 3837 manum
445 3792 502 3837 et
540 3781 765 3849 arripuit
806 3779 1040 3851 gladium
1078 3788 1138 3833 ut
1169 3777 1476 3832 immolaret
1496 3777 1685 3831 tilium.
1726 3776 1794 3831 Et
1890 3775 2219 3841 Judteorum,
2254 3778 2342 3846 qui
2377 3777 2624 3831 eumdem
2660 3776 2714 3830 in
2747 3774 3044 3832 Jerusalem
3074 3777 3309 3843 reduxit,
3340 3787 3478 3832 tem-

212 3888 330 3929 ecce
369 3871 592 3943 angelus
613 3871 827 3925 Domini
849 3870 914 3925 de
937 3869 1075 3925 caelo
1095 3868 1793 3934 clamavit,dicens:Abra-
1892 3869 2149 3939 piumque
2188 3868 2401 3923 Domini
2444 3869 2794 3925 restauravit.
2836 3869 2987 3936 Quod
3039 3872 3082 3926 si
3127 3879 3180 3925 tu
3227 3871 3342 3926 haec
3380 3886 3479 3925 au-

214 3964 349 4028 ham,
378 3963 673 4018 Abraham.
704 3961 806 4028 Qui
838 3962 1146 4031 respondit:
1171 3961 1396 4015 Adsum.
1422 3960 1674 4030 Dixitque
1700 3959 1747 4014 ei
1775 3974 1790 4014 :
1893 3961 2066 4024 diens,
2099 3961 2344 4016 timueris
2372 3976 2621 4031 peccare,
2661 3978 2729 4017 ne
2758 3962 2897 4018 forte
2922 3972 3015 4029 aut
3044 3964 3359 4033 captivitas,
3388 3974 3482 4018 aut

209 4052 280 4109 Ne
294 4054 556 4109 extendas
581 4068 796 4107 manum
823 4061 966 4107 tuam
989 4067 1153 4122 super
1169 4066 1415 4122 puerum,
1432 4066 1605 4121 neque
1626 4051 1795 4106 facias
1893 4053 2283 4124 qualiscunque
2312 4053 2626 4123 temporalis
2657 4054 2932 4109 tribulatio
2960 4062 3179 4123 propter
3200 4062 3480 4123 peccatum

216 4144 286 4199 illi
311 4146 629 4216 quidquam.
659 4144 813 4200 hunc
851 4144 1075 4215 cognovi
1105 4144 1247 4214 quod
1277 4143 1468 4198 timeas
1497 4143 1688 4209 Deum,
1729 4159 1794 4199 eo
1895 4145 1991 4200 tibi
2022 4146 2248 4208 accidat,
2289 4146 2546 4201 invenisti
2581 4147 2631 4201 in
2663 4147 2849 4217 quinta
2880 4155 3039 4202 aetate
3066 4147 3314 4220 hydriam
3342 4162 3481 4219 aqua

211 4237 346 4306 quod
374 4250 481 4291 non
509 4235 800 4306 pepercisti
832 4234 941 4289 (ilio
966 4243 1058 4289 tuo
1086 4233 1388 4305 unigenito,
1425 4241 1648 4303 propter
1684 4248 1791 4287 me.

211 4326 539 4384 Benedicens
582 4329 893 4383 benedicam
934 4328 1053 4397 tibi,
1098 4338 1153 4382 et
1196 4326 1568 4397 multiplicabo
1610 4340 1793 4382 semen

213 4426 358 4474 tuum
386 4420 527 4474 sicut
553 4419 736 4475 stellas
756 4418 900 4485 cmli,
917 4428 973 4474 et
990 4420 1129 4474 sicut
1146 4434 1367 4475 arenam
1388 4434 1508 4488 quae
1528 4427 1612 4474 est
1632 4418 1684 4473 in
1709 4418 1795 4473 lit-

1822 4469 1871 4530 D

1893 4237 2128 4306 plenam.
2179 4235 2237 4291 Si
2283 4252 2414 4292 vero
2462 4238 2531 4292 ad
2574 4238 2820 4293 altiorem
2867 4238 3195 4293 intellectum
3244 4248 3482 4295 mentem

1898 4336 2044 4382 tuam
2072 4329 2441 4395 transtuleris,
2482 4338 2538 4384 ut
2579 4331 2848 4402 intelligas
2874 4346 2972 4402 per
2994 4331 3245 4402 pupulum
3274 4330 3483 4386 lsraeli«

1898 4420 2063 4473 ticum
2104 4435 2275 4490 genus
2328 4420 2659 4485 humanum;
2696 4437 2795 4492 per
2833 4420 3350 4487 Nabuchodonosor,
3390 4422 3481 4490 qui

215 4520 323 4566 tore
346 4512 562 4566 maris.»
588 4510 1000 4580 Conversusque
1027 4519 1344 4574 retrorsum,
1366 4527 1384 4561 ι
1405 4509 1539 4564 vidit
1563 4509 1787 4564 arietem
1822 4509 1870 4530 υ
1897 4509 2151 4580 populum
2185 4512 2498 4582 captivavit,
2540 4512 2812 4567 diabolum
2851 4512 3093 4584 ﬁgurari,
3133 4526 3231 4580 per
3256 4510 3483 4580 Babylo-

216 4601 351 4656 inter
381 4616 572 4672 vepres
611 4602 906 4657 haarentem
950 4601 1226 4666 cornibus,
1280 4614 1441 4669 quem
1484 4615 1785 4665 assumens,

217 4694 402 4749 obtulit
426 4694 801 4749 holocaustum
828 4707 928 4762 pro
956 4691 1085 4747 ﬁlio.
1103 4712 1121 4744 ι
1146 4691 1463 4760 Quicunque
1491 4706 1642 4763 ergo,
1674 4690 1791 4745 hare

122 4796 125 4799 ‘
216 4787 455 4843 audiens.
499 4785 821 4856 cogitaverit
842 4784 896 4838 in
919 4783 1081 4839 corde
1107 4798 1206 4838 suo
1235 4797 1359 4836 cum
1385 4788 1588 4851 quanto
1610 4780 1790 4836 studio

216 4876 402 4931 debeat
430 4875 543 4930 Deo
570 4876 820 4939 obedire,
859 4873 1073 4944 quando
1114 4871 1391 4927 Abraham
1419 4870 1590 4943 magis
1620 4869 1789 4926 voluit

218 4966 319 5048 Deo
341 4969 564 5024 obedire
596 4984 756 5039 quam
794 4966 905 5022 filio
927 4978 1026 5023 suo
1058 4965 1338 5037 unigenito
1362 4978 1610 5035 parcere,
1632 4962 1796 5019 habet

220 5058 268 5111 in
293 5060 451 5113 tertia
484 5066 642 5113 aetate
672 5057 921 5129 hydriam
948 5071 1088 5127 aqua
1114 5054 1348 5126 plenam.
1376 5053 1435 5109 Si
1457 5069 1587 5109 vero
1617 5053 1670 5107 in
1695 5052 1798 5108 hoc

220 5150 357 5207 facto
400 5150 634 5207 Abrahae.
674 5152 1010 5224 spiritualem
1044 5150 1378 5205 intellectum
1404 5149 1698 5218 quaesierit,
1738 5155 1798 5204 ut

218 5243 478 5315 intelligat
503 5260 600 5314 per
629 5244 901 5298 Abraham
938 5244 1103 5298 Deum
1128 5243 1372 5308 Patrem,
1421 5249 1478 5295 et
1509 5255 1616 5310 per
1648 5239 1799 5297 Isaac

221 5336 551 5406 unigenitum
582 5332 753 5389 lilium
782 5334 920 5403 ejus,
960 5336 1243 5390 Dominum
1280 5332 1463 5388 Jesum
1500 5332 1795 5400 Christum,

221 5431 306 5500 qui
344 5438 428 5485 est
464 5431 771 5503 unigenitus
815 5429 981 5485 Filius
1015 5430 1210 5495 Patris,
1253 5444 1350 5500 per
1378 5425 1800 5483 immolationem

219 5517 365 5576 Isaac
411 5520 623 5577 Domini
666 5522 992 5594 passionem,
1048 5522 1138 5591 qui
1187 5536 1286 5591 pro
1330 5520 1484 5576 nobis
1518 5534 1799 5590 passurus,

218 5610 420 5685 lignum
466 5615 522 5669 in
561 5630 669 5685 quo
702 5621 983 5685 pateretur
1014 5613 1131 5684 ipse
1161 5613 1413 5684 portavit,
1466 5613 1520 5667 in
1567 5627 1633 5667 eo
1672 5626 1802 5669 vero

222 5703 360 5774 quod
384 5701 537 5763 isaac
558 5704 769 5763 Domini
793 5719 927 5763 voce
948 5703 1233 5771 liberatus,
1256 5713 1313 5759 et
1339 5704 1481 5761 aries
1509 5717 1608 5775 pro
1632 5716 1697 5759 eo
1720 5711 1804 5761 est

1896 4604 2202 4675 niam,qu:e
2227 4605 2471 4660 confusio
2492 4608 2893 4677 interpretatur,
2923 4603 3225 4668 infernum;
3250 4603 3339 4657 ubi
3362 4601 3483 4657 dia-

1896 4696 2054 4751 bolus
2090 4712 2261 4767 genus
2291 4697 2583 4753 humanum
2622 4705 2742 4767 post
2778 4692 3277 4765 praevaricationem
3312 4692 3485 4764 capti-

1897 4802 2023 4840 vum
2051 4788 2248 4854 traxit;
2272 4803 2369 4857 per
2394 4786 2714 4852 Jerusalem,
2739 4800 2859 4856 qua:
2888 4784 3021 4838 visio
3041 4783 3189 4855 pacis
3213 4784 3483 4856 interpre-

1901 4888 2066 4945 tatur,
2117 4880 2392 4936 coelestem
2441 4879 2668 4950 patriam
2712 4895 2726 4934 :
2773 4891 2870 4948 per
2915 4872 3099 4931 Jesum
3148 4876 3482 4932 sacerdotem

1900 4986 2151 5041 magnum
2172 5011 2187 5036 ,
2231 4969 2517 5026 Dominum
2554 4977 2797 5025 nostrum
2831 4965 3013 5024 Jesum
3043 4966 3351 5033 Christum,
3391 4967 3482 5039 qui

1899 5060 2074 5117 factus
2111 5069 2193 5117 est
2226 5061 2481 5118 sacerdos
2518 5060 2572 5116 in
2604 5070 2863 5115 aeternum
2904 5060 3199 5116 secundum
3238 5059 3483 5116 ordinem

1900 5153 2297 5211 Melchisedech
2330 5153 2505 5224 (Psal.
2528 5151 2663 5223 eux),
2705 5152 2796 5223 qui
2835 5152 3038 5209 electos
3066 5167 3194 5207 suos
3223 5150 3289 5206 de
3315 5149 3486 5221 capti-

1901 5246 2067 5300 vitate
2109 5244 2417 5316 Babylonize
2458 5244 2525 5299 ad
2571 5243 2850 5299 caelestem
2896 5243 3127 5313 patriam
3171 5240 3479 5296 revocavit:

1904 5337 2093 5409 hydria
2122 5347 2235 5401 tua,
2267 5352 2385 5407 qum
2411 5337 2561 5406 prius
2590 5351 2782 5406 aquam
2812 5334 3074 5399 habebat,
3115 5345 3374 5390 conversa
3403 5338 3488 5386 est

1906 5429 2002 5484 tibi
2049 5429 2103 5483 in
2134 5428 2339 5482 vinum.
2370 5426 2427 5481 In
2467 5437 2619 5483 sexta
2658 5435 2818 5482 astate
2862 5426 3090 5496 legimus
3131 5422 3196 5497 (Ι
3228 5421 3363 5476 Tim.
3390 5419 3485 5487 ul,

1906 5522 2047 5590 quod
2065 5519 2182 5589 ipse
2204 5528 2394 5573 auctor
2408 5527 2462 5573 et
2480 5519 2786 5587 redemptor
2807 5516 3046 5571 omnium
3063 5513 3319 5569 Dominus
3330 5508 3487 5563 Jesus
3578 5590 3583 5593 ⁷

1907 5610 2175 5675 Christus,
2204 5624 2303 5682 pro
2328 5610 2635 5665 hominibus
2656 5608 2820 5665 homo
2845 5607 3037 5673 factus,
3061 5613 3251 5661 octava
3276 5600 3361 5656 die
3381 5599 3488 5691 cir-

1908 5704 2178 5761 cumcisus
2213 5711 2323 5769 est,
2369 5712 2425 5759 et
2467 5703 2739 5760 tricesima
2777 5703 2934 5757 tertia
2979 5706 3103 5770 post
3140 5698 3255 5751 haec
3299 5694 3386 5748 dio
3434 5693 3488 5748 in
