4038 6352
556 291 659 349 155

550 409 753 480 templo
781 416 1162 479 pnesentatus,
1211 416 1373 476 atque
1409 404 1592 474 legalis
1628 405 1800 458 hostia
1826 418 1926 474 pro
1947 417 2014 458 eo
2043 409 2128 456 est
2154 407 2202 462 A

549 500 754 564 oblata,
782 499 926 554 nulla
957 508 1131 553 tamen
1161 496 1484 551 necessitate
1507 503 1756 564 cogente,
1782 494 1876 548 sed
1909 500 2126 562 sponta-

549 602 654 642 nea
683 589 978 651 voluntate,
1009 594 1213 640 tantum
1245 594 1304 638 ιιι
1329 585 1498 656 legem
1531 582 1864 654 adimpleret.
1898 581 2052 648 Quod
2077 579 2124 634 si

553 678 670 734 haec
697 687 751 733 tu
781 679 1002 732 audiens
1029 677 1350 748 cogitaveris
1393 692 1515 730 cum
1542 683 1740 744 quanta
1768 673 2126 728 sollicitudine

551 777 607 822 et
630 768 805 822 studio
833 766 1103 836 Evangelii
1138 765 1335 822 debeas
1364 767 1653 820 observare
1679 771 1967 833 praecepta,
2006 773 2128 832 quae

551 874 649 929 per
679 859 846 925 ipsum
873 857 1015 910 dicta
1044 867 1198 923 sunt,
1241 857 1454 927 quando
1481 857 1593 926 ipse
1625 855 1795 925 legem
1819 869 1994 924 quam
2031 869 2127 924 per

551 964 764 1004 servum
795 947 1040 1015 dederat,
1089 965 1210 1004 cum
1259 957 1408 1003 tanta
1445 946 1718 1017 diligentia
1756 947 2006 1016 dignatus
2043 952 2127 1000 est

551 1038 869 1103 observare,
911 1039 1165 1094 invenisti
1210 1040 1264 1095 in
1313 1046 1465 1094 sexta
1502 1046 1662 1092 aetate
1702 1036 1947 1106 bydriam
1987 1050 2127 1105 aqua

548 1127 782 1198 plenam,
815 1128 1121 1183 uberiorem
1169 1137 1225 1182 et
1261 1128 1596 1183 mundiorem
1622 1125 1902 1193 omnibus,
1933 1127 1998 1182 de
2022 1141 2128 1196 qua

549 1232 656 1272 non
688 1218 862 1273 solum
895 1219 1060 1284 ablui,
1093 1219 1186 1274 sed
1216 1220 1378 1274 etiam
1417 1219 1603 1275 satiari
1631 1227 1806 1288 potes.
1847 1218 1906 1273 Si
1947 1226 2128 1276 autem

550 1307 711 1362 altius
745 1307 945 1378 aliquid
985 1309 1039 1363 in
1083 1309 1187 1364 hoc
1224 1309 1438 1364 Domini
1494 1307 1635 1363 facto
1684 1307 2014 1362 intellexeris
2069 1314 2131 1361 ut

549 1397 818 1468 intelligas
845 1400 899 1452 in
930 1413 1001 1452 eo
1017 1399 1161 1468 quod
1190 1399 1303 1467 ipse
1325 1397 1502 1466 noluit
1531 1397 1681 1467 prius
1705 1397 1759 1450 i-n
1789 1394 1989 1466 templo
2014 1410 2128 1450 ma-

552 1489 760 1543 terialis
779 1488 990 1543 aedilicii
1011 1496 1318 1544 constructo
1338 1487 1676 1558 praesentari,
1709 1501 1874 1556 quam
1896 1487 2128 1541 circum-

551 1575 841 1656 cideretdr,
863 1587 920 1634 et
937 1579 1077 1634 diem
1101 1578 1492 1650 purificationis
1512 1586 1850 1648 exspectare,
1873 1592 1994 1632 cum
2018 1591 2126 1632 non

551 1668 815 1740 indigeret
842 1688 855 1724 :
887 1670 1014 1740 quia
1045 1684 1143 1724 nos
1175 1684 1280 1724 non
1321 1684 1606 1740 possumus
1641 1665 1993 1738 spiritualiter
2021 1666 2124 1720 Ec-

551 1759 727 1816 clesia!
755 1759 849 1816 Dei
881 1759 1102 1825 sociari,
1133 1774 1236 1814 nec
1267 1760 1513 1828 corporis
1542 1767 1596 1814 et
1626 1757 1901 1828 sanguinis
1927 1755 2127 1811 Christi
2154 1750 2201 1810 B

548 1851 840 1920 participes
870 1849 983 1904 ﬁeri
1004 1890 1019 1916 ,
1059 1850 1162 1904 nisi
1201 1849 1352 1920 prius
1386 1864 1484 1919 per
1507 1847 1836 1918 baptismum
1866 1846 2126 1902 fuerimus

551 1938 619 1991 ab
655 1938 904 2009 originali
940 1929 1162 2008 peccato
1201 1937 1446 1992 mundati
1485 1954 1498 1990 :
1542 1935 1734 2007 hydria
1781 1950 1941 2005 quam
1987 1949 2128 2006 aqua

549 2028 770 2099 plenam,
793 2030 1062 2094 habebas,
1097 2037 1305 2084 mutata
1348 2037 1432 2084 est
1477 2028 1572 2083 tibi
1600 2029 1654 2082 in
1684 2027 1866 2082 vinum
1904 2029 2126 2082 bonum.

551 2121 704 2187 Quod
732 2122 775 2176 si
807 2122 982 2176 adhuc
1003 2121 1204 2192 aliquid
1229 2121 1494 2193 sacratius
1518 2120 1849 2191 perscrutari
1872 2118 2127 2184 volueris,

552 2218 608 2262 nt
633 2209 897 2279 intelligas
917 2210 970 2263 in
1003 2224 1068 2264 eo
1088 2210 1230 2278 quod
1250 2209 1506 2263 Dominus
1525 2205 1684 2263 Jesus
1711 2206 1958 2262 Christus
1982 2206 2130 2276 prius

549 2296 718 2352 voluit
754 2297 1064 2353 circumcidi
1107 2313 1268 2367 quam
1315 2298 1368 2352 in
1409 2296 1668 2367 templum
1693 2295 1921 2350 intraret
1955 2313 1967 2349 :
2004 2296 2130 2365 quia

550 2404 648 2443 nos
674 2387 727 2443 in
755 2388 954 2458 templo
981 2397 1199 2443 aeterna:
1225 2387 1597 2452 beatitudinis,
1620 2387 1763 2456 quod
1785 2393 1868 2442 est
1891 2385 1947 2439 in
1969 2385 2129 2452 caelo,

549 2479 640 2532 ubi
670 2477 788 2532 sine
818 2478 924 2532 line
953 2477 1070 2533 laus
1109 2477 1204 2533 Dei
1245 2477 1482 2540 canitur.
1521 2489 1861 2545 nequaquam
1898 2474 2127 2529 intrabi-

549 2563 697 2636 mus,‘
723 2570 826 2624 nisi
852 2571 1177 2641 inprresenti
1205 2570 1314 2625 vita
1342 2586 1440 2642 per
1463 2568 1878 2631 confessionem,
1901 2567 2130 2622 eleemo-

551 2675 715 2731 synas
748 2668 804 2713 et
849 2669 1042 2714 caetera
1075 2652 1216 2716 bona
1252 2675 1419 2730 opera
1451 2658 1712 2714 fuerimus
1746 2657 2037 2728 purificati,
2075 2665 2132 2713 et

549 2748 698 2802 omni
723 2749 968 2803 custodia
996 2763 1091 2804 cor
1115 2759 1359 2804 nostrum
1389 2750 1802 2814 servaverimus,
1829 2761 1891 2804 ut
1913 2749 2129 2819 dignam

553 2836 664 2892 Deo
693 2837 923 2906 hostiam
945 2839 1001 2892 in
1023 2839 1162 2894 caelo
1186 2838 1382 2895 oll'erre
1404 2853 1745 2894 mereamur:
1776 2838 1988 2909 hydria,
2011 2853 2132 2908 qua:

551 2945 709 2985 versa
736 2919 850 2984 erat
880 2931 936 2986 in
956 2932 1140 2986 vinum
1164 2933 1390 2999 bonum,
1413 2939 1740 2987 commutata
1763 2941 1846 2988 est
1869 2933 1923 2988 in
1947 2932 2130 2989 vinum

552 3025 1005 3092 meracissimum,
1039 3026 1094 3080 in
1125 3035 1330 3081 tantum
1364 3035 1447 3092 ut,
1484 3026 1642 3098 hujus
1669 3027 1988 3082 suavissima
2014 3026 2131 3082 dul-

553 3115 747 3182 cedine
779 3117 1091 3186 spiritaliter
1121 3117 1444 3183 inebriatus,
1491 3133 1614 3173 cum
1651 3119 1911 3188 propheta
1953 3119 2132 3174 dicere
2158 3106 2202 3169 C

554 3208 779 3277 possis:
820 3227 838 3258 ε
866 3207 934 3262 Et
969 3208 1110 3264 calix
1156 3218 1280 3264 tuus
1327 3208 1604 3264 inebrians
1645 3223 1804 3277 quam
1845 3209 2134 3279 prteclarus

555 3299 670 3352 est!
706 3318 724 3350 ι
770 3296 955 3369 (Psal.
983 3298 1148 3370 xm.)
1192 3298 1260 3372 Et
1297 3299 1491 3354 iterum
1522 3315 1536 3351 :
1573 3317 1591 3348 ι
1618 3296 1882 3352 Fluminis
1906 3297 2136 3367 impetus

556 3389 1087 3445 laetiﬁcatcivitatem
1110 3390 1204 3445 Dei
1229 3387 1400 3460 (Ps-al.
1430 3388 1576 3460 xcv).
1609 3408 1628 3440 ι
1655 3389 1722 3443 Et
1745 3404 1965 3444 rursus:
1997 3406 2016 3440 ‹
2045 3388 2136 3443 Fi-

555 3479 612 3533 lii
636 3487 816 3534 autem
838 3480 1116 3535 hominum
1145 3479 1198 3534 in
1223 3481 1456 3552 tegmine
1483 3479 1689 3534 alarum
1715 3488 1928 3534 tuarum
1950 3494 2136 3548 spera-

554 3571 717 3637 bunt,
759 3557 1270 3628 et‘incbriabuntur
1306 3572 1375 3626 ab
1404 3572 1649 3626 ubertate
1682 3571 1871 3626 domus
1905 3581 2039 3636 tua},
2081 3579 2136 3626 et

555 3670 797 3716 torrente
833 3661 1128 3731 voluptatis
1154 3669 1259 3715 tua:
1289 3661 1498 3730 potabis
1535 3675 1629 3735 eos
1672 3658 1845 3731 (Psal.
1892 3658 2079 3731 xxxv).
2108 3679 2128 3712 ι

558 3751 672 3806 Hoc
699 3752 885 3806 vinum
914 3751 1259 3808 desiderabat
1311 3751 1400 3806 ille
1451 3751 1543 3821 qui
1579 3751 1791 3808 dicebat
1820 3751 1873 3806 in
1901 3750 2136 3806 Canticis

557 3841 896 3895 canticorum
928 3859 942 3894 :
981 3859 1000 3892 ι
1029 3839 1314 3897 Osculetur
1353 3855 1440 3896 me
1481 3840 1666 3897 osculo
1706 3841 1818 3896 oris
1852 3841 1968 3907 sui,
2009 3841 2132 3912 quia

557 3929 782 3984 meliora
821 3939 949 3985 sunt
982 3932 1153 3986 ubera
1187 3940 1276 3988 tua
1314 3932 1469 3999 vino,
1515 3930 1811 4003 fragrantia
1851 3932 2137 4004 unguentis

559 4021 781 4091 optimis
807 4021 982 4092 (Cant.
1009 4021 1071 4094 1).
1102 4042 1121 4076 ι
1152 4023 1466 4094 Quicunque
1488 4039 1616 4095 ergo
1635 4039 1732 4095 per
1752 4024 1991 4096 singulas
2009 4032 2138 4080 mta-

561 4124 643 4169 tes
671 4113 918 4192 exempla
944 4124 1254 4172 sanctorum
1282 4116 1652 4181 considerans,
1690 4114 1827 4170 bene
1864 4115 2139 4172 vivere'et

544 4203 873 4274 spiritaliter
929 4205 1177 4261 didicerit
1221 4205 1518 4276 intelligere
1571 4220 1759 4260 eorum
1813 4205 2133 4269 doctrinam,

559 4297 615 4351 iu
659 4296 885 4368 singulis
930 4297 1182 4352 :etatibus
1230 4298 1466 4352 inveniet
1508 4297 1748 4370 hydrias,
1796 4297 1863 4353 de
1911 4312 2139 4368 quarum

565 4386 817 4453 haustum
845 4394 900 4442 et
925 4387 1070 4442 ablui
1099 4395 1154 4442 et
1181 4386 1370 4441 satiari
1399 4376 1592 4456 possit.
1634 4384 2003 4441 Pulcherrime
2037 4401 2136 4441 au-

559 4485 666 4531 tem
696 4477 964 4533 mentibus
992 4487 1303 4540 sanctorum
1333 4477 1607 4542 convenit,
1649 4477 1792 4548 quod
1836 4477 1902 4532 de
1943 4477 2133 4532 iisdem
2159 4460 2214 4522 Ῑ)

558 4568 765 4639 hydriis
794 4569 991 4624 dicitur
1017 4587 1032 4622 :
1068 4587 1086 4620 ‹
1115 4566 1399 4638 Capientes
1429 4559 1652 4638 singulae
1689 4577 1946 4624 metretas
1979 4569 2134 4625 binas

559 4658 644 4712 vel
673 4668 872 4714 ternas.
903 4680 922 4713 ι
955 4661 1146 4736 Μέτρον
1167 4658 1309 4714 enim
1333 4658 1540 4725 Graece,
1567 4659 1754 4716 Latine
1777 4675 2026 4716 mensura
2055 4661 2129 4716 di-

559 4747 700 4800 citur
744 4749 905 4804 trium
946 4748 1266 4804 modiorum.
1318 4746 1436 4803 Non
1474 4747 1619 4804 enim
1657 4749 1809 4817 dicit,
1854 4750 1981 4820 quia
2017 4749 2136 4805 alite

561 4835 847 4912 capiebant
872 4835 1046 4902 binas,
1079 4845 1134 4893 et
1163 4837 1281 4893 alia:
1312 4847 1526 4904 ternas,
1563 4839 1658 4894 sed
1699 4838 1921 4910 singulae
1959 4839 2137 4907 capie-

562 4925 692 4981 bant
726 4913 986 4979 metretas
1029 4927 1182 4982 binas
1229 4928 1312 4983 vel
1348 4936 1553 4984 ternas.
1602 4927 1736 4985 Cum
1773 4929 1917 4984 enim
1963 4929 2136 4984 sancti

561 5020 688 5086 viri,
717 5018 896 5074 Patris
915 5028 969 5075 et
996 5017 1117 5073 Filii
1144 5022 1472 5076 mentionem
1497 5029 1705 5076 tantum
1730 5020 1954 5087 faciunt,
1984 5020 2141 5091 quasi

561 5112 719 5167 binas
746 5111 824 5166 vel
854 5121 1034 5167 ternas
1061 5121 1318 5167 metretas
1345 5113 1583 5183 capiunt.
1614 5112 1686 5168 At
1717 5128 1844 5168 vero
1878 5128 2003 5167 cum
2040 5110 2142 5166 Pa-

562 5190 663 5258 tris
693 5212 746 5258 et
774 5201 895 5257 Filii
925 5213 980 5257 et
1018 5202 1250 5273 Spiritus
1275 5205 1447 5259 sancti
1488 5203 1647 5260 simul
1694 5203 2022 5258 mentionem
2062 5202 2140 5258 fa-

563 5295 733 5358 ciunt,
759 5294 917 5372 iidem
941 5295 1040 5366 ipsi
1067 5305 1248 5350 ternas
1269 5302 1524 5350 metretas
1546 5295 1784 5365 capiunt.
1811 5294 1975 5361 Quasi
1995 5295 2140 5349 enim

560 5385 717 5440 binas
737 5394 991 5441 metretas
1016 5384 1181 5440 David
1205 5383 1497 5456 spiritualis
1520 5385 1710 5455 hydria
1732 5385 1998 5455 capiebat,
2017 5401 2138 5441 cum

563 5475 632 5529 de
654 5476 813 5531 Patre
840 5486 894 5530 et
921 5475 1058 5532 Filio
1088 5476 1427 5548 loquebatur,
1455 5476 1638 5532 dicens
1665 5494 1678 5530 :
1713 5496 1730 5528 ί
1762 5476 1955 5533 Omnia
1981 5479 2034 5533 in
2057 5493 2142 5534 sa-

562 5567 764 5636 pienlia
792 5566 968 5623 fecisti
1000 5567 1173 5639 (Psal.
1208 5568 1344 5640 cm).
1380 5587 1398 5619 ι
1438 5567 1599 5636 Quasi
1645 5578 1826 5626 ternas
1854 5571 1994 5627 idem
2025 5571 2141 5641 ipse

559 5657 830 5726 capiebat,
855 5672 976 5715 cum
1006 5658 1215 5716 diccbat
1243 5675 1257 5715 ς
1292 5679 1308 5713 ‹
1343 5661 1518 5719 Verbo
1546 5662 1756 5720 Domini
1786 5662 1906 5720 coeli
1937 5661 2137 5720 lirmatl

1157 294 1508 351 HAYMONIS
1549 291 2024 348 HALBERSTAT.
2066 289 2137 346 El

2234 289 2282 345 Ξ.
2345 287 2498 347 OPP.
2533 287 2714 345 PARS
2751 286 2816 343 ιι.
2853 317 2922 329 --
2957 287 3188 346 HOMIL.

3729 288 3860 344 £36

2232 409 2386 464 sunt,
2421 406 2477 453 et
2502 399 2694 469 spiritu
2719 398 2828 454 oris
2859 397 2976 467 ejus
3000 400 3178 454 Omnis
3205 399 3375 455 virtus
3403 415 3590 456 eorum
3626 401 3857 472 (Psal.

2226 489 2376 559 xxv).
2411 509 2430 540 ι
2461 487 2624 544 Binas
2653 497 2911 544 metretas
2936 489 3196 545 Dominus
3221 491 3460 545 ostendit
3486 491 3536 546 in
3569 491 3862 561 Evange-

2225 579 2320 644 lio,
2339 594 2462 634 cum
2483 579 2644 634 dicit:
2669 599 2687 629 ι
2709 578 2819 650 Ego
2841 578 3070 634 etPater
3090 595 3253 633 unum
3269 595 3456 634 sumus
3472 580 3655 651 (Joan.
3683 583 3795 649 ι).
3824 600 3848 631 ι

2227 667 2430 723 Ternas
2454 667 2712 732 ostendit,
2738 683 2860 723 cum
2890 667 3017 722 alibi
3047 668 3124 721 ait
3149 685 3162 722 :
3199 685 3217 719 ι
3245 668 3449 723 Euntcs
3474 671 3664 723 docete
3703 684 3855 723 om—

2225 772 2322 811 nes
2340 766 2548 827 gentes,
2571 757 2904 826 baptizantes
2925 771 3018 811 eos
3043 756 3097 811 in
3125 757 3338 811 nomine
3366 756 3559 826 Patris,
3583 767 3637 812 et
3657 758 3847 823 Filii,

2224 854 2278 903 et
2308 847 2542 916 Spiritus
2574 832 2745 902 sancti
2781 846 2999 918 (Matth.
3030 846 3243 920 xxvm).
3275 866 3293 898 ι
3334 847 3594 904 Doctores
3620 859 3845 903 autem

2226 937 2420 1001 sancti,
2448 936 2502 1002 id
2533 944 2616 990 est
2654 936 2918 1005 spiritales
2939 936 3159 1008 hydria,
3189 945 3375 991 ternas
3401 937 3682 1006 accipiunt
3700 951 3848 992 me.

2228 1038 2426 1096 trctas,
2465 1045 2590 1086 eum
2628 1029 2956 1085 individuam
2988 1029 3307 1085 Trinitatem
3349 1031 3471 1085 aliis
3512 1033 3848 1100 praedicant

2228 1121 2592 1188 credendam;
2638 1121 2816 1190 binas,
2856 1122 3070 1192 quando
3095 1120 3574 1177 dilectionemDei
3601 1131 3650 1177 et
3681 1137 3845 1192 pro—

2227 1213 2357 1278 ximi
2399 1213 2512 1267 suis
2547 1211 2883 1267 auditoribus
2919 1212 3320 1267 commendant.
3352 1211 3581 1266 Ministri
3622 1221 3840 1268 autem

2227 1303 2315 1370 qui
2344 1315 2439 1356 eas
2461 1300 2713 1371 implesse
2741 1300 3012 1364 dicuntur,
3052 1300 3323 1371 apostolos
3357 1301 3838 1370 signiﬁcaverunt

2226 1389 2310 1443 vel
2339 1389 2585 1444 doctores
2610 1387 2892 1454 Ecclesiae,
2925 1404 3023 1459 per
3060 1404 3290 1458 quorum
3330 1389 3634 1445 doctrinam
3668 1391 3836 1445 hau-

2228 1488 2369 1534 stum
2393 1478 2670 1549 sapientia:
2694 1479 2926 1533 mundus
2947 1479 3185 1548 accepit,
3221 1480 3290 1534 de
3319 1481 3522 1550 quibus
3552 1481 3692 1536 bene
3723 1482 3827 1536 di-

2227 1569 2405 1623 citur:
2440 1587 2458 1619 ‹
2488 1567 2556 1622 Et
2595 1568 2954 1638 impleverunt
2990 1584 3085 1624 eas
3129 1584 3300 1640 usque
3347 1571 3414 1625 ad
3453 1586 3758 1626 summum.
3797 1591 3823 1624 ι

2226 1657 2364 1726 Quia
2389 1657 2591 1712 nullum
2619 1666 2830 1729 tempus
2863 1658 2932 1713 ab
2966 1658 3121 1713 initio
3155 1659 3334 1714 saeculi
3372 1676 3601 1716 vacuum
3638 1661 3829 1719 fuisse

2229 1747 2580 1803 ostenderunt
2606 1747 2673 1802 ab
2702 1747 3005 1824 eruditione
3036 1747 3292 1815 ﬁdelium,
3328 1764 3434 1818 quo
3457 1750 3576 1804 sine
3602 1751 3822 1816 verbis,

2228 1839 2344 1895 sine
2370 1838 2632 1909 exemplis
2671 1838 3005 1908 spiritualem
3043 1839 3342 1894 doctrinam
3383 1856 3490 1895 non
3529 1839 3820 1910 pateface-

2228 1938 2367 1993 rent.
2393 1928 2520 1984 Sive
2543 1939 2692 1986 certe
2717 1944 2809 1985 eas
2840 1945 3009 2000 usque
3034 1930 3100 1984 ad
3131 1945 3396 1986 summum
3419 1932 3816 2002 impleverunt,

2227 2021 2355 2091 quia
2406 2020 2663 2092 majorem
2710 2021 3097 2096 perfectionem
3142 2022 3497 2076 ostenderunt
3543 2037 3668 2077 esse
3711 2038 3818 2092 per

2229 2111 2458 2182 gratiam
2480 2109 2614 2166 Novi
2656 2111 2989 2166 Testamenti
3015 2125 3174 2189 quam
3205 2126 3305 2182 per
3331 2110 3518 2177 Vetus,
3548 2113 3814 2182 quoniam

2229 2205 2471 2274 doctrina
2516 2206 2814 2276 Evangelii,
2843 2223 3004 2276 quam
3046 2206 3122 2261 illi
3152 2207 3602 2277 praedicaverunt,
3635 2217 3810 2263 totum

2229 2295 2487 2350 mundum
2518 2295 2806 2365 complevit
2832 2310 2847 2349 :
2872 2297 2956 2350 vel
2981 2296 3106 2366 quia
3136 2296 3191 2350 in
3217 2294 3471 2366 operibus
3495 2307 3809 2352 sanctorum

2234 2385 2367 2439 nihil
2411 2385 2478 2441 de
2512 2385 2917 2456 imperfectione
2953 2387 3022 2441 ad
3057 2386 3444 2442 ostendendum
3482 2387 3641 2444 nobis
3695 2403 3808 2444 ma-

2228 2479 2382 2550 gistri
2414 2479 2667 2535 Ecclesiae
2697 2480 3052 2550 reliquerunt.

2233 2615 2235 2619 .
2307 2587 2325 2619 ‹
2359 2569 2426 2622 Ει
2459 2569 2589 2624 dicit
2617 2570 2697 2624 eis
2724 2568 2883 2625 Jesus
2911 2585 2924 2624 :
2957 2570 3179 2626 Haurite
3209 2587 3352 2628 nunc
3380 2582 3436 2628 et
3464 2574 3607 2630 ferte
3631 2575 3792 2630 archi-

2239 2677 2257 2709 ι
2289 2658 2520 2712 triclino.
2552 2658 2618 2712 Et
2648 2659 2906 2714 tulerunt.
2937 2679 2956 2711 ι
2993 2661 3409 2717 Architriclinus
3437 2662 3637 2718 dicitur
3658 2665 3790 2734 prin-

2234 2764 2361 2820 ceps
2391 2749 2635 2816 triclinii,
2667 2751 2792 2820 quia
2817 2752 2967 2826 ἀρχὸς
2992 2751 3200 2817 Graece,
3219 2750 3410 2807 Latine
3433 2752 3636 2807 dicitur
3658 2752 3800 2822 prin-

2235 2857 2396 2912 ceps;
2461 2840 2748 2896 triclinium
2807 2849 2987 2896 autem
3038 2849 3122 2896 est
3178 2843 3369 2896 domus
3425 2853 3539 2897 tres
3597 2842 3807 2898 ordines

2233 2931 2460 2986 habens.
2495 2931 2792 2986 Possumus
2828 2945 3042 3001 quoque
3084 2931 3153 2986 ad
3192 2930 3429 2986 litteram
3463 2931 3609 2986 hunc
3634 2931 3812 2986 archi-

2236 3020 2536 3086 triclinum,
2557 3019 2790 3090 aliquem
2812 3035 2880 3074 ex
2902 3020 3195 3091 majoribus
3213 3019 3518 3076 Judzcorum
3540 3023 3813 3092 accipere,

2237 3109 2414 3179 qualis
2441 3118 2559 3163 erat
2588 3109 2914 3165 Nicodemus
2945 3109 3028 3165 vel
3053 3108 3341 3174 Gamaliel,
3378 3110 3488 3164 sive
3515 3111 3820 3181 discipulus

2236 3200 2357 3269 ejus
2389 3209 2514 3254 tunc
2563 3198 2782 3266 Saulus,
2819 3209 3005 3270 postea
3055 3215 3184 3254 vero
3224 3200 3432 3255 Paulus.
3478 3199 3821 3270 Spiritaliter

2236 3305 2362 3344 vero
2389 3289 2528 3344 sicut
2559 3305 2657 3361 per
2684 3291 3112 3346 architriclinum
3153 3291 3392 3362 magistri
3425 3289 3678 3345 Ecclesia:
3708 3293 3818 3346 de-

2234 3379 2538 3450 signantur,
2567 3379 2649 3434 sic
2681 3394 2780 3449 per
2817 3379 3106 3435 triclinium
3145 3381 3258 3450 ipsa
3287 3379 3525 3434 Ecclesia
3552 3380 3818 3448 exprimi-

2236 3480 2342 3536 tur,
2388 3487 2508 3542 quae
2546 3482 2656 3527 tres
2692 3471 2854 3528 habet
2893 3473 3130 3537 ordines,
3170 3470 3594 3542 conjugatorum,
3639 3471 3819 3525 conti-

2233 3564 2476 3618 nentium
2536 3573 2700 3634 atque
2754 3564 3044 3634 virginum.
3103 3563 3272 3618 .Iussit
3329 3572 3508 3617 autem
3554 3561 3816 3618 Dominus

2235 3655 2609 3710 architriclino
2651 3655 2834 3730 vinum
2875 3670 2941 3710 ex
2975 3671 3115 3724 aqua
3147 3654 3346 3708 factum
3375 3653 3524 3719 dare,
3553 3653 3679 3722 quia
3709 3653 3814 3707 illis

2233 3744 2535 3816 Spiritualis
2556 3745 2801 3821 doctrina
2821 3745 3248 3809 commendatur,
3271 3743 3396 3813 quia
3416 3743 3595 3797 sciunt
3614 3742 3816 3796 discer-

2236 3851 2368 3890 nere
2398 3835 2541 3890 inter
2566 3837 2733 3890 Vetus
2762 3843 2816 3890 et
2845 3835 3052 3890 Novum
3079 3834 3506 3910 Testamentum,
3538 3832 3590 3887 id
3621 3841 3703 3887 est
3732 3832 3816 3887 in-

2237 3934 2318 3980 ter
2347 3926 2515 3996 legem
2543 3936 2598 3981 et
2624 3926 2992 4002 Evangelium.

2312 4037 2330 4071 ‹
2367 4017 2438 4074 Ut
2465 4025 2643 4072 autem
2671 4017 2906 4087 gustavit
2948 4014 3349 4072 architriclinus
3387 4030 3584 4086 aquam
3628 4014 3818 4069 vinum

2245 4126 2263 4161 ε
2303 4106 2524 4173 factam,
2553 4115 2609 4162 et
2631 4121 2739 4161 non
2767 4105 2976 4161 sciebat
2995 4105 3136 4160 unde
3159 4112 3304 4160 esset
3330 4120 3344 4159 :
3373 4103 3605 4158 ministri
3635 4114 3820 4157 autem

2243 4219 2262 4252 ‹
2302 4199 2548 4255 sciebant
2573 4198 2666 4269 qui
2694 4180 2986 4252 hauserant
3009 4184 3228 4266 aquam,
3260 4204 3414 4250 vocat
3439 4208 3693 4265 sponsum
3720 4209 3820 4246 ar-

2245 4313 2264 4346 ι
2301 4292 2661 4349 chitriclinus.
2695 4309 2713 4343 ι
2744 4289 2848 4345 lste
2875 4304 3126 4359 sponsus,
3141 4288 3296 4360 juxta
3320 4288 3580 4368 litteram,
3605 4295 3666 4341 ut
3691 4287 3822 4355 qui-

2239 4385 2365 4441 dam
2395 4385 2644 4451 tradunt,
2672 4384 2936 4454 accipitur
2956 4383 3190 4438 Joannes
3218 4383 3492 4453 apostolus
3523 4401 3535 4436 :
3569 4383 3660 4452 qui
3690 4397 3824 4437 cum

2240 4478 2456 4548 nuptias
2482 4475 2728 4541 fecisset,
2778 4475 2894 4530 viso
2922 4473 3182 4530 miraculo
3210 4473 3454 4539 Domini,
3504 4473 3825 4542 relinquens

2239 4567 2474 4636 nuptias,
2509 4566 2666 4642 virgo,
2687 4578 2809 4619 eum
2845 4571 3060 4619 secutus
3088 4571 3192 4629 est,
3217 4564 3358 4618 unde
3379 4571 3435 4618 et
3455 4562 3681 4617 dilectus
3709 4561 3826 4620 Do.

2241 4655 2375 4711 mini
2425 4655 2644 4711 dicitur.
2695 4653 3022 4725 Spiritaliter
3065 4670 3196 4710 vero
3236 4655 3378 4710 idem
3421 4668 3649 4724 sponsus
3702 4653 3827 4722 ipse

2242 4745 2490 4801 Christus
2519 4731 2855 4816 intelligitur.
2891 4763 2910 4797 ‹
2939 4745 3006 4800 Et
3031 4745 3161 4800 dicit
3190 4744 3242 4801 ei
3268 4763 3281 4798 :
3307 4743 3492 4800 Omnis
3517 4745 3678 4799 homo
3702 4745 3823 4814 pri-

2245 4853 2393 4893 mum
2422 4831 2622 4893 bonum
2657 4839 2838 4893 vinum
2870 4839 3054 4908 ponit,
3079 4845 3134 4893 et
3159 4853 3282 4893 cum
3309 4837 3560 4893 inebriati
3582 4837 3786 4890 fuerint
3806 4880 3823 4905 ,

2242 4936 2372 4983 tunc
2401 4928 2454 4982 id
2483 4929 2626 4998 quod
2647 4928 2884 4984 deterius
2910 4937 3012 4984 est.
3044 4929 3122 4982 Tu
3155 4937 3334 4983 autem
3364 4929 3588 4984 servasti
3617 4929 3826 4983 bonum

2233 5019 2427 5092 vinum
2473 5035 2646 5090 usque
2698 5021 2894 5076 adhuc.
2944 5039 2962 5072 ι
2999 5019 3287 5076 Doctorum
3338 5029 3421 5075 est
3475 5020 3825 5084 discernere,

2244 5116 2503 5181 quantum
2537 5111 2696 5167 distet
2723 5111 2866 5166 inter
2898 5110 3069 5181 legem
3101 5121 3154 5166 et
3181 5109 3530 5181 Evangelium
3555 5149 3570 5175 ,
3601 5118 3655 5164 et
3681 5109 3830 5163 inter

2242 5201 2476 5256 litteram
2497 5202 2829 5257 occidentem
2850 5210 2904 5256 et
2919 5200 3181 5271 Spiritum
3195 5199 3579 5266 vivificantem,
3605 5207 3660 5254 et
3681 5198 3830 5253 inter

2242 5290 2442 5348 bonum
2455 5299 2510 5348 et
2523 5292 2740 5357 malum,
2759 5293 2837 5347 sic
2851 5292 3249 5348 architriclinus
3263 5293 3402 5347 inter
3414 5291 3597 5345 vinum
3619 5290 3831 5344 discre-

2244 5385 2445 5440 tionem
2480 5385 2668 5439 habuit
2691 5393 2745 5438 et
2785 5399 3002 5453 aquam.
3054 5384 3318 5450 Quoniam
3355 5390 3616 5452 quantum
3657 5379 3828 5435 distat

2243 5473 2385 5529 inter
2405 5488 2602 5544 aquam
2627 5482 2683 5528 et
2711 5474 3135 5538 vinum,tantum
3163 5473 3328 5528 distat
3358 5474 3500 5526 inter
3521 5470 3653 5540 legis
3671 5467 3827 5521 litte-

2242 5583 2358 5623 ram
2381 5575 2434 5624 et
2457 5565 2789 5636 spiritualem
2811 5565 3084 5636 Evangelii
3108 5564 3356 5637 gratiam.
3384 5561 3442 5616 In
3463 5558 3671 5616 Domini
3693 5572 3830 5626 ergo

2240 5659 2527 5730 praesentia
2575 5658 2689 5731 ipsa
2731 5658 2995 5714 elementa
3035 5665 3238 5712 mutata
3281 5663 3448 5717 sunt,
3490 5651 3706 5719 quando
3738 5649 3827 5702 lea
