  <div class='ocr_page' id='page_1' title='image "/cluster/home/n/w/nwhite01/storage/ocr_20150623/118/hvd.32044015466907/074.png"; bbox 0 0 4038 6352; ppageno 0'>
   <div class='ocr_carea' id='block_1_1' title="bbox 199 440 297 496">
    <p class='ocr_par' dir='ltr' id='par_1_1' title="bbox 199 440 297 496">
     <span class='ocr_line' id='line_1_1' title="bbox 199 440 297 496; baseline 0.01 -2"><span class='ocrx_word' id='word_1_1' title='bbox 199 440 297 496; x_wconf 76' lang='grc'><strong>137</strong></span> 
     </span>
    </p>
   </div>
   <div class='ocr_carea' id='block_1_2' title="bbox 1444 440 2246 497">
    <p class='ocr_par' dir='ltr' id='par_1_2' title="bbox 1444 440 2246 497">
     <span class='ocr_line' id='line_1_2' title="bbox 1444 440 2246 497; baseline 0.001 -3"><span class='ocrx_word' id='word_1_2' title='bbox 1444 440 1747 496; x_wconf 73' lang='lat' dir='ltr'><strong>HOMILUE</strong></span> <span class='ocrx_word' id='word_1_3' title='bbox 1791 440 1878 493; x_wconf 80' lang='lat' dir='ltr'><strong>DE</strong></span> <span class='ocrx_word' id='word_1_4' title='bbox 1905 440 2246 497; x_wconf 67' lang='lat' dir='ltr'><strong>&#39;l‘EMPORE.</strong></span> 
     </span>
    </p>
   </div>
   <div class='ocr_carea' id='block_1_3' title="bbox 3254 416 3454 513">
    <p class='ocr_par' dir='ltr' id='par_1_3' title="bbox 3254 416 3454 513">
     <span class='ocr_line' id='line_1_3' title="bbox 3254 416 3454 513; baseline 0.03 -6"><span class='ocrx_word' id='word_1_5' title='bbox 3254 416 3261 423; x_wconf 57' lang='grc'><strong>’</strong></span> <span class='ocrx_word' id='word_1_6' title='bbox 3354 456 3454 513; x_wconf 66' lang='lat' dir='ltr'><strong>iss</strong></span> 
     </span>
    </p>
   </div>
   <div class='ocr_carea' id='block_1_4' title="bbox 196 549 3453 630">
    <p class='ocr_par' dir='ltr' id='par_1_4' title="bbox 196 549 3453 630">
     <span class='ocr_line' id='line_1_4' title="bbox 196 549 3453 630; baseline 0.007 -24"><span class='ocrx_word' id='word_1_7' title='bbox 196 549 427 606; x_wconf 80' lang='lat' dir='ltr'><strong>carnalis</strong></span> <span class='ocrx_word' id='word_1_8' title='bbox 456 549 575 619; x_wconf 89' lang='lat' dir='ltr'><strong>ipso</strong></span> <span class='ocrx_word' id='word_1_9' title='bbox 599 549 990 619; x_wconf 74' lang='lat' dir='ltr'><strong>interpretante</strong></span> <span class='ocrx_word' id='word_1_10' title='bbox 1016 551 1332 621; x_wconf 64' lang='lat' dir='ltr'><strong>spiritaliter</strong></span> <span class='ocrx_word' id='word_1_11' title='bbox 1355 565 1439 609; x_wconf 89' lang='lat' dir='ltr'><strong>est</strong></span> <span class='ocrx_word' id='word_1_12' title='bbox 1466 555 1734 610; x_wconf 89' lang='lat' dir='ltr'><strong>intellecta</strong></span> <span class='ocrx_word' id='word_1_13' title='bbox 1755 594 1769 619; x_wconf 96' lang='lat'><strong>,</strong></span> <span class='ocrx_word' id='word_1_14' title='bbox 1799 557 1851 617; x_wconf 82' lang='grc' dir='ltr'><strong>Α</strong></span> <span class='ocrx_word' id='word_1_15' title='bbox 1876 555 2135 622; x_wconf 88' lang='lat' dir='ltr'><strong>Domine,</strong></span> <span class='ocrx_word' id='word_1_16' title='bbox 2178 566 2233 612; x_wconf 91' lang='lat' dir='ltr'><strong>et</strong></span> <span class='ocrx_word' id='word_1_17' title='bbox 2275 560 2653 630; x_wconf 81' lang='lat' dir='ltr'><strong>glorilieabunt</strong></span> <span class='ocrx_word' id='word_1_18' title='bbox 2680 581 2874 623; x_wconf 86' lang='lat' dir='ltr'><strong>nomen</strong></span> <span class='ocrx_word' id='word_1_19' title='bbox 2919 576 3065 623; x_wconf 90' lang='lat' dir='ltr'><strong>tuum</strong></span> <span class='ocrx_word' id='word_1_20' title='bbox 3096 570 3151 624; x_wconf 92' lang='lat' dir='ltr'><strong>in</strong></span> <span class='ocrx_word' id='word_1_21' title='bbox 3189 580 3453 628; x_wconf 68' lang='lat' dir='ltr'><strong>mternum</strong></span> 
     </span>
    </p>
   </div>
   <div class='ocr_carea' id='block_1_5' title="bbox 194 639 1767 717">
    <p class='ocr_par' dir='ltr' id='par_1_5' title="bbox 194 639 1767 717">
     <span class='ocr_line' id='line_1_5' title="bbox 194 639 1767 717; baseline 0.002 -21"><span class='ocrx_word' id='word_1_22' title='bbox 194 639 247 696; x_wconf 92' lang='lat' dir='ltr'><strong>in</strong></span> <span class='ocrx_word' id='word_1_23' title='bbox 266 649 501 705; x_wconf 89' lang='lat' dir='ltr'><strong>tantum,</strong></span> <span class='ocrx_word' id='word_1_24' title='bbox 527 648 589 696; x_wconf 92' lang='lat' dir='ltr'><strong>ut</strong></span> <span class='ocrx_word' id='word_1_25' title='bbox 602 641 909 711; x_wconf 87' lang='lat' dir='ltr'><strong>quicunque</strong></span> <span class='ocrx_word' id='word_1_26' title='bbox 936 643 1077 698; x_wconf 86' lang='lat' dir='ltr'><strong>hanc</strong></span> <span class='ocrx_word' id='word_1_27' title='bbox 1094 643 1430 700; x_wconf 89' lang='lat' dir='ltr'><strong>dulcedinem</strong></span> <span class='ocrx_word' id='word_1_28' title='bbox 1450 647 1767 717; x_wconf 78' lang='lat' dir='ltr'><strong>gustaverit,</strong></span> 
     </span>
    </p>
   </div>
   <div class='ocr_carea' id='block_1_6' title="bbox 195 732 1769 808">
    <p class='ocr_par' dir='ltr' id='par_1_6' title="bbox 195 732 1769 808">
     <span class='ocr_line' id='line_1_6' title="bbox 195 732 1769 808; baseline 0.005 -22"><span class='ocrx_word' id='word_1_29' title='bbox 195 732 495 787; x_wconf 81' lang='lat' dir='ltr'><strong>admiretur</strong></span> <span class='ocrx_word' id='word_1_30' title='bbox 539 742 595 788; x_wconf 90' lang='lat' dir='ltr'><strong>et</strong></span> <span class='ocrx_word' id='word_1_31' title='bbox 636 734 820 790; x_wconf 89' lang='lat' dir='ltr'><strong>dicat:</strong></span> <span class='ocrx_word' id='word_1_32' title='bbox 857 734 1046 792; x_wconf 82' lang='lat' dir='ltr'><strong>Omnis</strong></span> <span class='ocrx_word' id='word_1_33' title='bbox 1088 736 1249 794; x_wconf 89' lang='lat' dir='ltr'><strong>homo</strong></span> <span class='ocrx_word' id='word_1_34' title='bbox 1290 738 1525 808; x_wconf 91' lang='lat' dir='ltr'><strong>primum</strong></span> <span class='ocrx_word' id='word_1_35' title='bbox 1569 738 1769 794; x_wconf 90' lang='lat' dir='ltr'><strong>bonum</strong></span> 
     </span>
    </p>
   </div>
   <div class='ocr_carea' id='block_1_7' title="bbox 193 822 583 895">
    <p class='ocr_par' dir='ltr' id='par_1_7' title="bbox 193 822 583 895">
     <span class='ocr_line' id='line_1_7' title="bbox 193 822 583 895; baseline 0.003 -18"><span class='ocrx_word' id='word_1_36' title='bbox 193 822 373 878; x_wconf 89' lang='lat' dir='ltr'><strong>viuum</strong></span> <span class='ocrx_word' id='word_1_37' title='bbox 406 824 583 895; x_wconf 88' lang='lat' dir='ltr'><strong>ponit.</strong></span> 
     </span>
    </p>
   </div>
   <div class='ocr_carea' id='block_1_8' title="bbox 262 915 1769 992">
    <p class='ocr_par' dir='ltr' id='par_1_8' title="bbox 262 915 1769 992">
     <span class='ocr_line' id='line_1_8' title="bbox 262 915 1769 992; baseline 0.005 -24"><span class='ocrx_word' id='word_1_38' title='bbox 262 936 281 968; x_wconf 80' lang='grc' dir='ltr'><strong>ι</strong></span> <span class='ocrx_word' id='word_1_39' title='bbox 327 916 445 972; x_wconf 87' lang='lat' dir='ltr'><strong>Hoc</strong></span> <span class='ocrx_word' id='word_1_40' title='bbox 467 915 600 975; x_wconf 79' lang='lat' dir='ltr'><strong>fecit</strong></span> <span class='ocrx_word' id='word_1_41' title='bbox 625 918 839 975; x_wconf 86' lang='lat' dir='ltr'><strong>initium</strong></span> <span class='ocrx_word' id='word_1_42' title='bbox 869 921 1147 992; x_wconf 89' lang='lat' dir='ltr'><strong>signorum</strong></span> <span class='ocrx_word' id='word_1_43' title='bbox 1177 921 1334 977; x_wconf 87' lang='lat' dir='ltr'><strong>Jesus</strong></span> <span class='ocrx_word' id='word_1_44' title='bbox 1363 922 1418 974; x_wconf 91' lang='lat' dir='ltr'><strong>in</strong></span> <span class='ocrx_word' id='word_1_45' title='bbox 1446 921 1593 976; x_wconf 90' lang='lat' dir='ltr'><strong>Cana</strong></span> <span class='ocrx_word' id='word_1_46' title='bbox 1620 920 1769 976; x_wconf 90' lang='lat' dir='ltr'><strong>Gali-</strong></span> 
     </span>
    </p>
   </div>
   <div class='ocr_carea' id='block_1_9' title="bbox 195 1006 1769 1082">
    <p class='ocr_par' dir='ltr' id='par_1_9' title="bbox 195 1006 1769 1082">
     <span class='ocr_line' id='line_1_9' title="bbox 195 1006 1769 1082; baseline 0.005 -25"><span class='ocrx_word' id='word_1_47' title='bbox 195 1024 212 1057; x_wconf 78' lang='grc' dir='ltr'><strong>ι</strong></span> <span class='ocrx_word' id='word_1_48' title='bbox 247 1006 375 1063; x_wconf 62' lang='lat' dir='ltr'><strong>iam.</strong></span> <span class='ocrx_word' id='word_1_49' title='bbox 421 1027 442 1061; x_wconf 75' lang='grc' dir='ltr'><strong>ι</strong></span> <span class='ocrx_word' id='word_1_50' title='bbox 497 1007 729 1065; x_wconf 87' lang='lat' dir='ltr'><strong>Pulchre</strong></span> <span class='ocrx_word' id='word_1_51' title='bbox 766 1026 895 1082; x_wconf 90' lang='lat' dir='ltr'><strong>ergo</strong></span> <span class='ocrx_word' id='word_1_52' title='bbox 932 1011 1194 1067; x_wconf 89' lang='lat' dir='ltr'><strong>Dominus</strong></span> <span class='ocrx_word' id='word_1_53' title='bbox 1235 1011 1449 1066; x_wconf 89' lang='lat' dir='ltr'><strong>initium</strong></span> <span class='ocrx_word' id='word_1_54' title='bbox 1495 1011 1769 1081; x_wconf 87' lang='lat' dir='ltr'><strong>signorum</strong></span> 
     </span>
    </p>
   </div>
   <div class='ocr_carea' id='block_1_10' title="bbox 190 1100 1771 1174">
    <p class='ocr_par' dir='ltr' id='par_1_10' title="bbox 190 1100 1771 1174">
     <span class='ocr_line' id='line_1_10' title="bbox 190 1100 1771 1174; baseline 0.006 -23"><span class='ocrx_word' id='word_1_55' title='bbox 190 1113 409 1153; x_wconf 89' lang='lat' dir='ltr'><strong>suorum</strong></span> <span class='ocrx_word' id='word_1_56' title='bbox 456 1100 566 1156; x_wconf 91' lang='lat' dir='ltr'><strong>hoc</strong></span> <span class='ocrx_word' id='word_1_57' title='bbox 592 1101 852 1158; x_wconf 91' lang='lat' dir='ltr'><strong>miraculo</strong></span> <span class='ocrx_word' id='word_1_58' title='bbox 887 1103 1059 1160; x_wconf 90' lang='lat' dir='ltr'><strong>voluit</strong></span> <span class='ocrx_word' id='word_1_59' title='bbox 1105 1120 1459 1171; x_wconf 89' lang='lat' dir='ltr'><strong>consecrare,</strong></span> <span class='ocrx_word' id='word_1_60' title='bbox 1500 1114 1561 1159; x_wconf 89' lang='lat' dir='ltr'><strong>ut</strong></span> <span class='ocrx_word' id='word_1_61' title='bbox 1603 1120 1771 1174; x_wconf 87' lang='lat' dir='ltr'><strong>aquas</strong></span> 
     </span>
    </p>
   </div>
   <div class='ocr_carea' id='block_1_11' title="bbox 187 1191 1769 1267">
    <p class='ocr_par' dir='ltr' id='par_1_11' title="bbox 187 1191 1769 1267">
     <span class='ocr_line' id='line_1_11' title="bbox 187 1191 1769 1267; baseline 0.006 -26"><span class='ocrx_word' id='word_1_62' title='bbox 187 1197 420 1244; x_wconf 86' lang='lat' dir='ltr'><strong>mutaret</strong></span> <span class='ocrx_word' id='word_1_63' title='bbox 448 1191 504 1244; x_wconf 93' lang='lat' dir='ltr'><strong>in</strong></span> <span class='ocrx_word' id='word_1_64' title='bbox 534 1191 747 1259; x_wconf 79' lang='lat' dir='ltr'><strong>vinum,</strong></span> <span class='ocrx_word' id='word_1_65' title='bbox 784 1201 846 1248; x_wconf 92' lang='lat' dir='ltr'><strong>ut</strong></span> <span class='ocrx_word' id='word_1_66' title='bbox 867 1194 1050 1250; x_wconf 88' lang='lat' dir='ltr'><strong>dicant</strong></span> <span class='ocrx_word' id='word_1_67' title='bbox 1098 1194 1285 1253; x_wconf 86' lang='lat' dir='ltr'><strong>ﬁdeles</strong></span> <span class='ocrx_word' id='word_1_68' title='bbox 1325 1198 1453 1267; x_wconf 85' lang='lat' dir='ltr'><strong>quia</strong></span> <span class='ocrx_word' id='word_1_69' title='bbox 1474 1212 1581 1251; x_wconf 93' lang='lat' dir='ltr'><strong>non</strong></span> <span class='ocrx_word' id='word_1_70' title='bbox 1611 1196 1769 1251; x_wconf 89' lang='lat' dir='ltr'><strong>aliam</strong></span> 
     </span>
    </p>
   </div>
   <div class='ocr_carea' id='block_1_12' title="bbox 186 1278 1768 1359">
    <p class='ocr_par' dir='ltr' id='par_1_12' title="bbox 186 1278 1768 1359">
     <span class='ocr_line' id='line_1_12' title="bbox 186 1278 1768 1359; baseline 0.008 -27"><span class='ocrx_word' id='word_1_71' title='bbox 186 1278 358 1349; x_wconf 81' lang='lat' dir='ltr'><strong>legem</strong></span> <span class='ocrx_word' id='word_1_72' title='bbox 407 1283 559 1337; x_wconf 91' lang='lat' dir='ltr'><strong>venit</strong></span> <span class='ocrx_word' id='word_1_73' title='bbox 595 1283 821 1351; x_wconf 90' lang='lat' dir='ltr'><strong>docere,</strong></span> <span class='ocrx_word' id='word_1_74' title='bbox 872 1287 978 1342; x_wconf 90' lang='lat' dir='ltr'><strong>nisi</strong></span> <span class='ocrx_word' id='word_1_75' title='bbox 1008 1303 1171 1358; x_wconf 89' lang='lat' dir='ltr'><strong>quam</strong></span> <span class='ocrx_word' id='word_1_76' title='bbox 1214 1304 1309 1359; x_wconf 87' lang='lat' dir='ltr'><strong>per</strong></span> <span class='ocrx_word' id='word_1_77' title='bbox 1353 1304 1568 1345; x_wconf 90' lang='lat' dir='ltr'><strong>servum</strong></span> <span class='ocrx_word' id='word_1_78' title='bbox 1613 1305 1768 1345; x_wconf 93' lang='lat' dir='ltr'><strong>suum</strong></span> 
     </span>
    </p>
   </div>
   <div class='ocr_carea' id='block_1_13' title="bbox 186 1372 1811 1453">
    <p class='ocr_par' dir='ltr' id='par_1_13' title="bbox 186 1372 1811 1453">
     <span class='ocr_line' id='line_1_13' title="bbox 186 1372 1811 1453; baseline 0.006 -26"><span class='ocrx_word' id='word_1_79' title='bbox 186 1372 399 1446; x_wconf 76' lang='lat' dir='ltr'><strong>Moysen</strong></span> <span class='ocrx_word' id='word_1_80' title='bbox 428 1377 674 1444; x_wconf 84' lang='lat' dir='ltr'><strong>dederat,</strong></span> <span class='ocrx_word' id='word_1_81' title='bbox 703 1381 799 1437; x_wconf 91' lang='lat' dir='ltr'><strong>sed</strong></span> <span class='ocrx_word' id='word_1_82' title='bbox 826 1381 1000 1451; x_wconf 87' lang='lat' dir='ltr'><strong>ipsam</strong></span> <span class='ocrx_word' id='word_1_83' title='bbox 1030 1383 1387 1453; x_wconf 90' lang='lat' dir='ltr'><strong>spiritualiter</strong></span> <span class='ocrx_word' id='word_1_84' title='bbox 1407 1384 1769 1453; x_wconf 87' lang='lat' dir='ltr'><strong>interpretan-</strong></span> <span class='ocrx_word' id='word_1_85' title='bbox 1802 1428 1811 1436; x_wconf 88' lang='lat'><strong>.</strong></span> 
     </span>
    </p>
   </div>
   <div class='ocr_carea' id='block_1_14' title="bbox 184 1466 1771 1530">
    <p class='ocr_par' dir='ltr' id='par_1_14' title="bbox 184 1466 1771 1530">
     <span class='ocr_line' id='line_1_14' title="bbox 184 1466 1771 1530; baseline 0.004 -10"><span class='ocrx_word' id='word_1_86' title='bbox 184 1466 248 1521; x_wconf 92' lang='lat' dir='ltr'><strong>do</strong></span> <span class='ocrx_word' id='word_1_87' title='bbox 273 1467 328 1521; x_wconf 93' lang='lat' dir='ltr'><strong>in</strong></span> <span class='ocrx_word' id='word_1_88' title='bbox 361 1469 565 1525; x_wconf 90' lang='lat' dir='ltr'><strong>melius</strong></span> <span class='ocrx_word' id='word_1_89' title='bbox 593 1481 952 1527; x_wconf 89' lang='lat' dir='ltr'><strong>commutare.</strong></span> <span class='ocrx_word' id='word_1_90' title='bbox 998 1472 1143 1529; x_wconf 85' lang='lat' dir='ltr'><strong>Bene</strong></span> <span class='ocrx_word' id='word_1_91' title='bbox 1172 1483 1351 1530; x_wconf 89' lang='lat' dir='ltr'><strong>autem</strong></span> <span class='ocrx_word' id='word_1_92' title='bbox 1380 1475 1611 1530; x_wconf 89' lang='lat' dir='ltr'><strong>dicitur:</strong></span> <span class='ocrx_word' id='word_1_93' title='bbox 1646 1492 1664 1525; x_wconf 86' lang='grc' dir='ltr'><strong>ι</strong></span> <span class='ocrx_word' id='word_1_94' title='bbox 1703 1474 1771 1529; x_wconf 84' lang='lat' dir='ltr'><strong>Et</strong></span> 
     </span>
    </p>
   </div>
   <div class='ocr_carea' id='block_1_15' title="bbox 187 1559 1765 1635">
    <p class='ocr_par' dir='ltr' id='par_1_15' title="bbox 187 1559 1765 1635">
     <span class='ocr_line' id='line_1_15' title="bbox 187 1559 1765 1635; baseline 0.009 -25"><span class='ocrx_word' id='word_1_95' title='bbox 187 1576 205 1608; x_wconf 82' lang='grc' dir='ltr'><strong>ι</strong></span> <span class='ocrx_word' id='word_1_96' title='bbox 240 1559 613 1617; x_wconf 78' lang='lat' dir='ltr'><strong>manifeStavit</strong></span> <span class='ocrx_word' id='word_1_97' title='bbox 637 1564 865 1635; x_wconf 75' lang='lat' dir='ltr'><strong>gloriam</strong></span> <span class='ocrx_word' id='word_1_98' title='bbox 893 1582 1066 1621; x_wconf 88' lang='lat' dir='ltr'><strong>suam.</strong></span> <span class='ocrx_word' id='word_1_99' title='bbox 1105 1588 1126 1620; x_wconf 74' lang='grc' dir='ltr'><strong>ι</strong></span> <span class='ocrx_word' id='word_1_100' title='bbox 1157 1567 1549 1635; x_wconf 83' lang='lat' dir='ltr'><strong>Manifestavit,</strong></span> <span class='ocrx_word' id='word_1_101' title='bbox 1574 1569 1765 1624; x_wconf 86' lang='lat' dir='ltr'><strong>videli-</strong></span> 
     </span>
    </p>
   </div>
   <div class='ocr_carea' id='block_1_16' title="bbox 181 1646 1769 1731">
    <p class='ocr_par' dir='ltr' id='par_1_16' title="bbox 181 1646 1769 1731">
     <span class='ocr_line' id='line_1_16' title="bbox 181 1646 1769 1731; baseline 0.008 -28"><span class='ocrx_word' id='word_1_102' title='bbox 181 1657 263 1703; x_wconf 89' lang='lat' dir='ltr'><strong>cet</strong></span> <span class='ocrx_word' id='word_1_103' title='bbox 302 1667 402 1721; x_wconf 89' lang='lat' dir='ltr'><strong>per</strong></span> <span class='ocrx_word' id='word_1_104' title='bbox 433 1653 541 1709; x_wconf 86' lang='lat' dir='ltr'><strong>hoc</strong></span> <span class='ocrx_word' id='word_1_105' title='bbox 569 1646 784 1725; x_wconf 85' lang='lat' dir='ltr'><strong>signum</strong></span> <span class='ocrx_word' id='word_1_106' title='bbox 820 1658 965 1725; x_wconf 84' lang='lat' dir='ltr'><strong>quod</strong></span> <span class='ocrx_word' id='word_1_107' title='bbox 1001 1657 1119 1727; x_wconf 90' lang='lat' dir='ltr'><strong>ipse</strong></span> <span class='ocrx_word' id='word_1_108' title='bbox 1154 1669 1298 1715; x_wconf 91' lang='lat' dir='ltr'><strong>esset</strong></span> <span class='ocrx_word' id='word_1_109' title='bbox 1345 1675 1443 1715; x_wconf 84' lang='lat' dir='ltr'><strong>rex</strong></span> <span class='ocrx_word' id='word_1_110' title='bbox 1488 1660 1671 1731; x_wconf 72' lang='lat' dir='ltr'><strong>gloria:</strong></span> <span class='ocrx_word' id='word_1_111' title='bbox 1715 1669 1769 1715; x_wconf 89' lang='lat' dir='ltr'><strong>et</strong></span> 
     </span>
    </p>
   </div>
   <div class='ocr_carea' id='block_1_17' title="bbox 180 1738 1763 1821">
    <p class='ocr_par' dir='ltr' id='par_1_17' title="bbox 180 1738 1763 1821">
     <span class='ocr_line' id='line_1_17' title="bbox 180 1738 1763 1821; baseline 0.009 -29"><span class='ocrx_word' id='word_1_112' title='bbox 180 1738 441 1796; x_wconf 85' lang='lat' dir='ltr'><strong>Dominus</strong></span> <span class='ocrx_word' id='word_1_113' title='bbox 483 1744 771 1812; x_wconf 89' lang='lat' dir='ltr'><strong>virtutum,</strong></span> <span class='ocrx_word' id='word_1_114' title='bbox 802 1755 856 1802; x_wconf 91' lang='lat' dir='ltr'><strong>et</strong></span> <span class='ocrx_word' id='word_1_115' title='bbox 881 1749 996 1818; x_wconf 92' lang='lat' dir='ltr'><strong>ipse</strong></span> <span class='ocrx_word' id='word_1_116' title='bbox 1034 1759 1178 1806; x_wconf 85' lang='lat' dir='ltr'><strong>esset</strong></span> <span class='ocrx_word' id='word_1_117' title='bbox 1203 1766 1432 1821; x_wconf 90' lang='lat' dir='ltr'><strong>sponsus</strong></span> <span class='ocrx_word' id='word_1_118' title='bbox 1472 1753 1763 1809; x_wconf 66' lang='lat' dir='ltr'><strong>Ecclesiae:</strong></span> 
     </span>
    </p>
   </div>
   <div class='ocr_carea' id='block_1_18' title="bbox 180 1832 1766 1912">
    <p class='ocr_par' dir='ltr' id='par_1_18' title="bbox 180 1832 1766 1912">
     <span class='ocr_line' id='line_1_18' title="bbox 180 1832 1766 1912; baseline 0.01 -27"><span class='ocrx_word' id='word_1_119' title='bbox 180 1832 551 1890; x_wconf 82' lang='lat' dir='ltr'><strong>manifestavit</strong></span> <span class='ocrx_word' id='word_1_120' title='bbox 598 1838 739 1906; x_wconf 91' lang='lat' dir='ltr'><strong>quod</strong></span> <span class='ocrx_word' id='word_1_121' title='bbox 771 1839 886 1909; x_wconf 92' lang='lat' dir='ltr'><strong>ipse</strong></span> <span class='ocrx_word' id='word_1_122' title='bbox 918 1849 1060 1897; x_wconf 89' lang='lat' dir='ltr'><strong>esset</strong></span> <span class='ocrx_word' id='word_1_123' title='bbox 1117 1843 1207 1912; x_wconf 90' lang='lat' dir='ltr'><strong>qui</strong></span> <span class='ocrx_word' id='word_1_124' title='bbox 1235 1853 1427 1900; x_wconf 91' lang='lat' dir='ltr'><strong>cuneta</strong></span> <span class='ocrx_word' id='word_1_125' title='bbox 1480 1862 1549 1901; x_wconf 88' lang='lat' dir='ltr'><strong>ex</strong></span> <span class='ocrx_word' id='word_1_126' title='bbox 1597 1846 1766 1901; x_wconf 92' lang='lat' dir='ltr'><strong>nihilo</strong></span> 
     </span>
    </p>
   </div>
   <div class='ocr_carea' id='block_1_19' title="bbox 1876 646 3454 726">
    <p class='ocr_par' dir='ltr' id='par_1_19' title="bbox 1876 646 3454 726">
     <span class='ocr_line' id='line_1_19' title="bbox 1876 646 3454 726; baseline 0.012 -27"><span class='ocrx_word' id='word_1_127' title='bbox 1876 646 2048 719; x_wconf 80' lang='lat' dir='ltr'><strong>(Psal.</strong></span> <span class='ocrx_word' id='word_1_128' title='bbox 2082 651 2302 723; x_wconf 79' lang='lat' dir='ltr'><strong>Lxxxv).</strong></span> <span class='ocrx_word' id='word_1_129' title='bbox 2337 672 2355 705; x_wconf 75' lang='grc' dir='ltr'><strong>ι</strong></span> <span class='ocrx_word' id='word_1_130' title='bbox 2390 652 2539 710; x_wconf 87' lang='lat' dir='ltr'><strong>Hanc</strong></span> <span class='ocrx_word' id='word_1_131' title='bbox 2566 671 2777 726; x_wconf 91' lang='lat' dir='ltr'><strong>quoque</strong></span> <span class='ocrx_word' id='word_1_132' title='bbox 2801 660 3012 714; x_wconf 82' lang='lat' dir='ltr'><strong>turbam</strong></span> <span class='ocrx_word' id='word_1_133' title='bbox 3039 660 3258 717; x_wconf 84' lang='lat' dir='ltr'><strong>videbat</strong></span> <span class='ocrx_word' id='word_1_134' title='bbox 3283 662 3454 719; x_wconf 83' lang='lat' dir='ltr'><strong>Joan-</strong></span> 
     </span>
    </p>
   </div>
   <div class='ocr_carea' id='block_1_20' title="bbox 1874 741 3453 823">
    <p class='ocr_par' dir='ltr' id='par_1_20' title="bbox 1874 741 3453 823">
     <span class='ocr_line' id='line_1_20' title="bbox 1874 741 3453 823; baseline 0.011 -29"><span class='ocrx_word' id='word_1_135' title='bbox 1874 754 1970 795; x_wconf 89' lang='lat' dir='ltr'><strong>nes</strong></span> <span class='ocrx_word' id='word_1_136' title='bbox 1995 741 2050 796; x_wconf 88' lang='lat' dir='ltr'><strong>in</strong></span> <span class='ocrx_word' id='word_1_137' title='bbox 2068 742 2406 814; x_wconf 85' lang='lat' dir='ltr'><strong>Apocalypsi,</strong></span> <span class='ocrx_word' id='word_1_138' title='bbox 2435 748 2525 817; x_wconf 88' lang='lat' dir='ltr'><strong>qui</strong></span> <span class='ocrx_word' id='word_1_139' title='bbox 2548 764 2671 804; x_wconf 89' lang='lat' dir='ltr'><strong>cum</strong></span> <span class='ocrx_word' id='word_1_140' title='bbox 2693 765 2759 805; x_wconf 87' lang='lat' dir='ltr'><strong>ex</strong></span> <span class='ocrx_word' id='word_1_141' title='bbox 2781 752 3002 823; x_wconf 88' lang='lat' dir='ltr'><strong>singulis</strong></span> <span class='ocrx_word' id='word_1_142' title='bbox 3022 754 3267 812; x_wconf 88' lang='lat' dir='ltr'><strong>tribubus</strong></span> <span class='ocrx_word' id='word_1_143' title='bbox 3285 756 3453 812; x_wconf 91' lang='lat' dir='ltr'><strong>Israel</strong></span> 
     </span>
    </p>
   </div>
   <div class='ocr_carea' id='block_1_21' title="bbox 1874 828 3453 912">
    <p class='ocr_par' dir='ltr' id='par_1_21' title="bbox 1874 828 3453 912">
     <span class='ocr_line' id='line_1_21' title="bbox 1874 828 3453 912; baseline 0.014 -30"><span class='ocrx_word' id='word_1_144' title='bbox 1874 828 2155 885; x_wconf 88' lang='lat' dir='ltr'><strong>duodecim</strong></span> <span class='ocrx_word' id='word_1_145' title='bbox 2178 832 2345 888; x_wconf 90' lang='lat' dir='ltr'><strong>millia</strong></span> <span class='ocrx_word' id='word_1_146' title='bbox 2359 835 2598 907; x_wconf 82' lang='lat' dir='ltr'><strong>signatos</strong></span> <span class='ocrx_word' id='word_1_147' title='bbox 2612 838 2965 908; x_wconf 86' lang='lat' dir='ltr'><strong>describeret,</strong></span> <span class='ocrx_word' id='word_1_148' title='bbox 2981 842 3224 912; x_wconf 83' lang='lat' dir='ltr'><strong>adjunxit</strong></span> <span class='ocrx_word' id='word_1_149' title='bbox 3249 864 3262 900; x_wconf 90' lang='lat'><strong>:</strong></span> <span class='ocrx_word' id='word_1_150' title='bbox 3284 865 3302 897; x_wconf 81' lang='grc' dir='ltr'><strong>ι</strong></span> <span class='ocrx_word' id='word_1_151' title='bbox 3322 846 3453 903; x_wconf 85' lang='lat' dir='ltr'><strong>Post</strong></span> 
     </span>
    </p>
   </div>
   <div class='ocr_carea' id='block_1_22' title="bbox 1875 920 3449 1006">
    <p class='ocr_par' dir='ltr' id='par_1_22' title="bbox 1875 920 3449 1006">
     <span class='ocr_line' id='line_1_22' title="bbox 1875 920 3449 1006; baseline 0.014 -32"><span class='ocrx_word' id='word_1_152' title='bbox 1875 920 1989 975; x_wconf 66' lang='lat' dir='ltr'><strong>haec</strong></span> <span class='ocrx_word' id='word_1_153' title='bbox 2020 923 2131 978; x_wconf 91' lang='lat' dir='ltr'><strong>vidi</strong></span> <span class='ocrx_word' id='word_1_154' title='bbox 2162 927 2375 981; x_wconf 88' lang='lat' dir='ltr'><strong>turbam</strong></span> <span class='ocrx_word' id='word_1_155' title='bbox 2406 944 2655 1000; x_wconf 88' lang='lat' dir='ltr'><strong>magnam</strong></span> <span class='ocrx_word' id='word_1_156' title='bbox 2685 946 2846 1001; x_wconf 89' lang='lat' dir='ltr'><strong>quam</strong></span> <span class='ocrx_word' id='word_1_157' title='bbox 2873 950 3032 991; x_wconf 90' lang='lat' dir='ltr'><strong>nemo</strong></span> <span class='ocrx_word' id='word_1_158' title='bbox 3052 947 3265 1006; x_wconf 82' lang='lat' dir='ltr'><strong>poterat</strong></span> <span class='ocrx_word' id='word_1_159' title='bbox 3288 941 3449 996; x_wconf 89' lang='lat' dir='ltr'><strong>dinu-</strong></span> 
     </span>
    </p>
   </div>
   <div class='ocr_carea' id='block_1_23' title="bbox 1874 1020 3452 1102">
    <p class='ocr_par' dir='ltr' id='par_1_23' title="bbox 1874 1020 3452 1102">
     <span class='ocr_line' id='line_1_23' title="bbox 1874 1020 3452 1102; baseline 0.013 -37"><span class='ocrx_word' id='word_1_160' title='bbox 1874 1027 2110 1079; x_wconf 89' lang='lat' dir='ltr'><strong>merare,</strong></span> <span class='ocrx_word' id='word_1_161' title='bbox 2161 1032 2227 1072; x_wconf 82' lang='lat' dir='ltr'><strong>ex</strong></span> <span class='ocrx_word' id='word_1_162' title='bbox 2281 1020 2533 1076; x_wconf 90' lang='lat' dir='ltr'><strong>omnibus</strong></span> <span class='ocrx_word' id='word_1_163' title='bbox 2577 1025 2826 1093; x_wconf 87' lang='lat' dir='ltr'><strong>populis,</strong></span> <span class='ocrx_word' id='word_1_164' title='bbox 2875 1028 3120 1084; x_wconf 86' lang='lat' dir='ltr'><strong>tribubus</strong></span> <span class='ocrx_word' id='word_1_165' title='bbox 3156 1040 3213 1084; x_wconf 91' lang='lat' dir='ltr'><strong>et</strong></span> <span class='ocrx_word' id='word_1_166' title='bbox 3255 1030 3452 1102; x_wconf 87' lang='lat' dir='ltr'><strong>linguis</strong></span> 
     </span>
    </p>
   </div>
   <div class='ocr_carea' id='block_1_24' title="bbox 1875 1098 3450 1185">
    <p class='ocr_par' dir='ltr' id='par_1_24' title="bbox 1875 1098 3450 1185">
     <span class='ocr_line' id='line_1_24' title="bbox 1875 1098 3450 1185; baseline 0.013 -30"><span class='ocrx_word' id='word_1_167' title='bbox 1875 1098 2058 1173; x_wconf 79' lang='lat' dir='ltr'><strong>(Apoc.</strong></span> <span class='ocrx_word' id='word_1_168' title='bbox 2101 1107 2218 1178; x_wconf 84' lang='lat' dir='ltr'><strong>vn).</strong></span> <span class='ocrx_word' id='word_1_169' title='bbox 2256 1128 2274 1161; x_wconf 74' lang='grc' dir='ltr'><strong>ι</strong></span> <span class='ocrx_word' id='word_1_170' title='bbox 2332 1109 2640 1181; x_wconf 89' lang='lat' dir='ltr'><strong>Sequuntur</strong></span> <span class='ocrx_word' id='word_1_171' title='bbox 2680 1122 2858 1169; x_wconf 91' lang='lat' dir='ltr'><strong>autem</strong></span> <span class='ocrx_word' id='word_1_172' title='bbox 2908 1118 3077 1171; x_wconf 71' lang='lat' dir='ltr'><strong>turbae</strong></span> <span class='ocrx_word' id='word_1_173' title='bbox 3126 1098 3450 1185; x_wconf 76' lang='lat' dir='ltr'><strong>Domindm,</strong></span> 
     </span>
    </p>
   </div>
   <div class='ocr_carea' id='block_1_25' title="bbox 1873 1192 3449 1270">
    <p class='ocr_par' dir='ltr' id='par_1_25' title="bbox 1873 1192 3449 1270">
     <span class='ocr_line' id='line_1_25' title="bbox 1873 1192 3449 1270; baseline 0.012 -26"><span class='ocrx_word' id='word_1_174' title='bbox 1873 1192 2090 1258; x_wconf 87' lang='lat' dir='ltr'><strong>quando</strong></span> <span class='ocrx_word' id='word_1_175' title='bbox 2128 1196 2245 1265; x_wconf 87' lang='lat' dir='ltr'><strong>ejus</strong></span> <span class='ocrx_word' id='word_1_176' title='bbox 2285 1200 2511 1270; x_wconf 87' lang='lat' dir='ltr'><strong>vestigia</strong></span> <span class='ocrx_word' id='word_1_177' title='bbox 2541 1202 2894 1260; x_wconf 88' lang='lat' dir='ltr'><strong>humanitatis</strong></span> <span class='ocrx_word' id='word_1_178' title='bbox 2927 1206 3209 1262; x_wconf 88' lang='lat' dir='ltr'><strong>imitantur</strong></span> <span class='ocrx_word' id='word_1_179' title='bbox 3243 1210 3449 1265; x_wconf 83' lang='lat' dir='ltr'><strong>ﬁdeles.</strong></span> 
     </span>
    </p>
   </div>
   <div class='ocr_carea' id='block_1_26' title="bbox 1874 1279 3448 1370">
    <p class='ocr_par' dir='ltr' id='par_1_26' title="bbox 1874 1279 3448 1370">
     <span class='ocr_line' id='line_1_26' title="bbox 1874 1279 3448 1370; baseline 0.014 -34"><span class='ocrx_word' id='word_1_180' title='bbox 1874 1279 2040 1352; x_wconf 89' lang='lat' dir='ltr'><strong>Sequi</strong></span> <span class='ocrx_word' id='word_1_181' title='bbox 2070 1286 2215 1341; x_wconf 92' lang='lat' dir='ltr'><strong>enim</strong></span> <span class='ocrx_word' id='word_1_182' title='bbox 2250 1288 2561 1359; x_wconf 89' lang='lat' dir='ltr'><strong>Dominum,</strong></span> <span class='ocrx_word' id='word_1_183' title='bbox 2601 1294 2801 1350; x_wconf 90' lang='lat' dir='ltr'><strong>imitari</strong></span> <span class='ocrx_word' id='word_1_184' title='bbox 2830 1306 2936 1363; x_wconf 81' lang='lat' dir='ltr'><strong>est,</strong></span> <span class='ocrx_word' id='word_1_185' title='bbox 2960 1299 3101 1354; x_wconf 90' lang='lat' dir='ltr'><strong>sicut</strong></span> <span class='ocrx_word' id='word_1_186' title='bbox 3126 1301 3243 1370; x_wconf 89' lang='lat' dir='ltr'><strong>ipse</strong></span> <span class='ocrx_word' id='word_1_187' title='bbox 3274 1284 3404 1358; x_wconf 81' lang='lat' dir='ltr'><strong>dicit</strong></span> <span class='ocrx_word' id='word_1_188' title='bbox 3434 1321 3448 1358; x_wconf 92' lang='lat'><strong>:</strong></span> 
     </span>
    </p>
   </div>
   <div class='ocr_carea' id='block_1_27' title="bbox 1879 1374 3454 1464">
    <p class='ocr_par' dir='ltr' id='par_1_27' title="bbox 1879 1374 3454 1464">
     <span class='ocr_line' id='line_1_27' title="bbox 1879 1374 3454 1464; baseline 0.014 -38"><span class='ocrx_word' id='word_1_189' title='bbox 1879 1393 1898 1426; x_wconf 81' lang='grc' dir='ltr'><strong>ι</strong></span> <span class='ocrx_word' id='word_1_190' title='bbox 1938 1374 2039 1442; x_wconf 93' lang='lat' dir='ltr'><strong>Qui</strong></span> <span class='ocrx_word' id='word_1_191' title='bbox 2067 1379 2202 1434; x_wconf 89' lang='lat' dir='ltr'><strong>mihi</strong></span> <span class='ocrx_word' id='word_1_192' title='bbox 2236 1381 2533 1449; x_wconf 90' lang='lat' dir='ltr'><strong>ministrat,</strong></span> <span class='ocrx_word' id='word_1_193' title='bbox 2563 1400 2649 1440; x_wconf 88' lang='lat' dir='ltr'><strong>me</strong></span> <span class='ocrx_word' id='word_1_194' title='bbox 2679 1397 2938 1457; x_wconf 78' lang='lat' dir='ltr'><strong>sequatur</strong></span> <span class='ocrx_word' id='word_1_195' title='bbox 2965 1389 3146 1459; x_wconf 84' lang='lat' dir='ltr'><strong>(Joan.</strong></span> <span class='ocrx_word' id='word_1_196' title='bbox 3178 1392 3301 1464; x_wconf 86' lang='lat' dir='ltr'><strong>xu).</strong></span> <span class='ocrx_word' id='word_1_197' title='bbox 3333 1412 3351 1445; x_wconf 73' lang='grc' dir='ltr'><strong>ι</strong></span> <span class='ocrx_word' id='word_1_198' title='bbox 3387 1394 3454 1448; x_wconf 89' lang='lat' dir='ltr'><strong>Et</strong></span> 
     </span>
    </p>
   </div>
   <div class='ocr_carea' id='block_1_28' title="bbox 1871 1467 3453 1555">
    <p class='ocr_par' dir='ltr' id='par_1_28' title="bbox 1871 1467 3453 1555">
     <span class='ocr_line' id='line_1_28' title="bbox 1871 1467 3453 1555; baseline 0.014 -34"><span class='ocrx_word' id='word_1_199' title='bbox 1871 1467 2111 1524; x_wconf 90' lang='lat' dir='ltr'><strong>iterum:</strong></span> <span class='ocrx_word' id='word_1_200' title='bbox 2144 1491 2166 1524; x_wconf 82' lang='grc'>‹</span> <span class='ocrx_word' id='word_1_201' title='bbox 2202 1471 2305 1540; x_wconf 91' lang='lat' dir='ltr'><strong>Qui</strong></span> <span class='ocrx_word' id='word_1_202' title='bbox 2330 1475 2445 1530; x_wconf 85' lang='lat' dir='ltr'><strong>vult</strong></span> <span class='ocrx_word' id='word_1_203' title='bbox 2480 1478 2664 1533; x_wconf 90' lang='lat' dir='ltr'><strong>venire</strong></span> <span class='ocrx_word' id='word_1_204' title='bbox 2700 1488 2821 1549; x_wconf 88' lang='lat' dir='ltr'><strong>post</strong></span> <span class='ocrx_word' id='word_1_205' title='bbox 2858 1498 2945 1536; x_wconf 90' lang='lat' dir='ltr'><strong>me</strong></span> <span class='ocrx_word' id='word_1_206' title='bbox 2983 1472 3216 1555; x_wconf 88' lang='lat' dir='ltr'><strong>abneget</strong></span> <span class='ocrx_word' id='word_1_207' title='bbox 3241 1493 3453 1543; x_wconf 83' lang='lat' dir='ltr'><strong>semet-</strong></span> 
     </span>
    </p>
   </div>
   <div class='ocr_carea' id='block_1_29' title="bbox 1871 1559 3454 1638">
    <p class='ocr_par' dir='ltr' id='par_1_29' title="bbox 1871 1559 3454 1638">
     <span class='ocr_line' id='line_1_29' title="bbox 1871 1559 3454 1638; baseline 0.014 -25"><span class='ocrx_word' id='word_1_208' title='bbox 1871 1559 2086 1629; x_wconf 90' lang='lat' dir='ltr'><strong>ipsum,</strong></span> <span class='ocrx_word' id='word_1_209' title='bbox 2140 1572 2195 1617; x_wconf 91' lang='lat' dir='ltr'><strong>et</strong></span> <span class='ocrx_word' id='word_1_210' title='bbox 2237 1564 2387 1619; x_wconf 90' lang='lat' dir='ltr'><strong>tollat</strong></span> <span class='ocrx_word' id='word_1_211' title='bbox 2444 1583 2661 1624; x_wconf 90' lang='lat' dir='ltr'><strong>crucem</strong></span> <span class='ocrx_word' id='word_1_212' title='bbox 2713 1586 2906 1638; x_wconf 86' lang='lat' dir='ltr'><strong>suam,</strong></span> <span class='ocrx_word' id='word_1_213' title='bbox 2963 1583 3018 1629; x_wconf 88' lang='lat' dir='ltr'><strong>et</strong></span> <span class='ocrx_word' id='word_1_214' title='bbox 3069 1584 3324 1637; x_wconf 84' lang='lat' dir='ltr'><strong>sequatur</strong></span> <span class='ocrx_word' id='word_1_215' title='bbox 3365 1594 3454 1636; x_wconf 89' lang='lat' dir='ltr'><strong>me</strong></span> 
     </span>
    </p>
   </div>
   <div class='ocr_carea' id='block_1_30' title="bbox 1872 1647 3118 1723">
    <p class='ocr_par' dir='ltr' id='par_1_30' title="bbox 1872 1647 3118 1723">
     <span class='ocr_line' id='line_1_30' title="bbox 1872 1647 3118 1723; baseline 0.013 -23"><span class='ocrx_word' id='word_1_216' title='bbox 1872 1647 2024 1719; x_wconf 86' lang='lat' dir='ltr'><strong>(Luc.</strong></span> <span class='ocrx_word' id='word_1_217' title='bbox 2053 1650 2151 1723; x_wconf 80' lang='lat' dir='ltr'><strong>ix).</strong></span> <span class='ocrx_word' id='word_1_218' title='bbox 2190 1672 2209 1705; x_wconf 78' lang='grc' dir='ltr'><strong>ι</strong></span> <span class='ocrx_word' id='word_1_219' title='bbox 3108 1647 3118 1655; x_wconf 64' lang='grc'><em>’</em></span> 
     </span>
    </p>
   </div>
   <div class='ocr_carea' id='block_1_31' title="bbox 1950 1743 3447 1825">
    <p class='ocr_par' dir='ltr' id='par_1_31' title="bbox 1950 1743 3447 1825">
     <span class='ocr_line' id='line_1_31' title="bbox 1950 1743 3447 1825; baseline 0.013 -30"><span class='ocrx_word' id='word_1_220' title='bbox 1950 1762 1967 1792; x_wconf 87' lang='grc' dir='ltr'><strong>ι</strong></span> <span class='ocrx_word' id='word_1_221' title='bbox 2002 1743 2142 1799; x_wconf 87' lang='lat' dir='ltr'><strong>Ecce</strong></span> <span class='ocrx_word' id='word_1_222' title='bbox 2192 1745 2442 1816; x_wconf 91' lang='lat' dir='ltr'><strong>leprosus</strong></span> <span class='ocrx_word' id='word_1_223' title='bbox 2476 1754 2701 1809; x_wconf 90' lang='lat' dir='ltr'><strong>veniens</strong></span> <span class='ocrx_word' id='word_1_224' title='bbox 2726 1755 2987 1812; x_wconf 89' lang='lat' dir='ltr'><strong>adorabat</strong></span> <span class='ocrx_word' id='word_1_225' title='bbox 3029 1774 3185 1825; x_wconf 90' lang='lat' dir='ltr'><strong>eum,</strong></span> <span class='ocrx_word' id='word_1_226' title='bbox 3222 1759 3406 1816; x_wconf 91' lang='lat' dir='ltr'><strong>dicens</strong></span> <span class='ocrx_word' id='word_1_227' title='bbox 3436 1781 3447 1815; x_wconf 95' lang='lat'><strong>:</strong></span> 
     </span>
    </p>
   </div>
   <div class='ocr_carea' id='block_1_32' title="bbox 1880 1833 3453 1920">
    <p class='ocr_par' dir='ltr' id='par_1_32' title="bbox 1880 1833 3453 1920">
     <span class='ocr_line' id='line_1_32' title="bbox 1880 1833 3453 1920; baseline 0.016 -39"><span class='ocrx_word' id='word_1_228' title='bbox 1880 1851 1898 1881; x_wconf 76' lang='grc' dir='ltr'><strong>ι</strong></span> <span class='ocrx_word' id='word_1_229' title='bbox 1931 1833 2191 1901; x_wconf 87' lang='lat' dir='ltr'><strong>Domine,</strong></span> <span class='ocrx_word' id='word_1_230' title='bbox 2240 1838 2286 1893; x_wconf 88' lang='lat' dir='ltr'><strong>si</strong></span> <span class='ocrx_word' id='word_1_231' title='bbox 2323 1839 2438 1906; x_wconf 86' lang='lat' dir='ltr'><strong>vis,</strong></span> <span class='ocrx_word' id='word_1_232' title='bbox 2473 1851 2627 1911; x_wconf 89' lang='lat' dir='ltr'><strong>potes</strong></span> <span class='ocrx_word' id='word_1_233' title='bbox 2660 1860 2746 1900; x_wconf 89' lang='lat' dir='ltr'><strong>me</strong></span> <span class='ocrx_word' id='word_1_234' title='bbox 2783 1848 3063 1904; x_wconf 88' lang='lat' dir='ltr'><strong>mundare.</strong></span> <span class='ocrx_word' id='word_1_235' title='bbox 3099 1869 3118 1901; x_wconf 78' lang='grc' dir='ltr'><strong>ι</strong></span> <span class='ocrx_word' id='word_1_236' title='bbox 3152 1849 3209 1904; x_wconf 92' lang='lat' dir='ltr'><strong>Si</strong></span> <span class='ocrx_word' id='word_1_237' title='bbox 3245 1852 3367 1920; x_wconf 89' lang='lat' dir='ltr'><strong>quis</strong></span> <span class='ocrx_word' id='word_1_238' title='bbox 3395 1852 3453 1906; x_wconf 90' lang='lat' dir='ltr'><strong>in</strong></span> 
     </span>
    </p>
   </div>
   <div class='ocr_carea' id='block_1_33' title="bbox 176 1921 3453 2010">
    <p class='ocr_par' dir='ltr' id='par_1_33' title="bbox 176 1921 3453 2010">
     <span class='ocr_line' id='line_1_33' title="bbox 176 1921 3453 2010; baseline 0.012 -54"><span class='ocrx_word' id='word_1_239' title='bbox 176 1927 347 1994; x_wconf 58' lang='lat' dir='ltr'><strong>pom“</strong></span> <span class='ocrx_word' id='word_1_240' title='bbox 368 1942 585 1995; x_wconf 57' lang='lat' dir='ltr'><strong>creare,</strong></span> <span class='ocrx_word' id='word_1_241' title='bbox 613 1931 706 2000; x_wconf 64' lang='lat' dir='ltr'><strong>qui</strong></span> <span class='ocrx_word' id='word_1_242' title='bbox 728 1932 892 1987; x_wconf 46' lang='lat' dir='ltr'><strong>etiam</strong></span> <span class='ocrx_word' id='word_1_243' title='bbox 919 1935 1135 2003; x_wconf 68' lang='lat' dir='ltr'><strong>quando</strong></span> <span class='ocrx_word' id='word_1_244' title='bbox 1163 1936 1348 2000; x_wconf 50' lang='lat' dir='ltr'><strong>voluit,</strong></span> <span class='ocrx_word' id='word_1_245' title='bbox 1382 1938 1649 1994; x_wconf 50' lang='lat' dir='ltr'><strong>elementa</strong></span> <span class='ocrx_word' id='word_1_246' title='bbox 1675 1954 1765 2010; x_wconf 74' lang='grc' dir='ltr'><strong>ρο.</strong></span> <span class='ocrx_word' id='word_1_247' title='bbox 1792 1940 1843 2001; x_wconf 80' lang='grc' dir='ltr'><strong>Β</strong></span> <span class='ocrx_word' id='word_1_248' title='bbox 1872 1921 1974 1978; x_wconf 91' lang='lat' dir='ltr'><strong>hoc</strong></span> <span class='ocrx_word' id='word_1_249' title='bbox 2000 1924 2121 1980; x_wconf 92' lang='lat' dir='ltr'><strong>loco</strong></span> <span class='ocrx_word' id='word_1_250' title='bbox 2150 1928 2319 1983; x_wconf 90' lang='lat' dir='ltr'><strong>solam</strong></span> <span class='ocrx_word' id='word_1_251' title='bbox 2340 1930 2580 1987; x_wconf 87' lang='lat' dir='ltr'><strong>litteram</strong></span> <span class='ocrx_word' id='word_1_252' title='bbox 2609 1938 2874 1997; x_wconf 85' lang='lat' dir='ltr'><strong>altendat,</strong></span> <span class='ocrx_word' id='word_1_253' title='bbox 2910 1954 3016 1993; x_wconf 93' lang='lat' dir='ltr'><strong>non</strong></span> <span class='ocrx_word' id='word_1_254' title='bbox 3041 1955 3263 2009; x_wconf 84' lang='lat' dir='ltr'><strong>parvam</strong></span> <span class='ocrx_word' id='word_1_255' title='bbox 3290 1942 3453 1996; x_wconf 84' lang='lat' dir='ltr'><strong>ﬁdem</strong></span> 
     </span>
    </p>
   </div>
   <div class='ocr_carea' id='block_1_34' title="bbox 179 2015 1765 2088">
    <p class='ocr_par' dir='ltr' id='par_1_34' title="bbox 179 2015 1765 2088">
     <span class='ocr_line' id='line_1_34' title="bbox 179 2015 1765 2088; baseline 0.009 -19"><span class='ocrx_word' id='word_1_256' title='bbox 179 2015 272 2069; x_wconf 84' lang='lat' dir='ltr'><strong>luit</strong></span> <span class='ocrx_word' id='word_1_257' title='bbox 297 2016 613 2075; x_wconf 88' lang='lat' dir='ltr'><strong>immutare.</strong></span> <span class='ocrx_word' id='word_1_258' title='bbox 637 2020 787 2088; x_wconf 83' lang='lat' dir='ltr'><strong>Quod</strong></span> <span class='ocrx_word' id='word_1_259' title='bbox 813 2038 942 2078; x_wconf 90' lang='lat' dir='ltr'><strong>vero</strong></span> <span class='ocrx_word' id='word_1_260' title='bbox 969 2025 1256 2079; x_wconf 87' lang='lat' dir='ltr'><strong>subditur:</strong></span> <span class='ocrx_word' id='word_1_261' title='bbox 1285 2045 1304 2076; x_wconf 78' lang='grc' dir='ltr'><strong>ι</strong></span> <span class='ocrx_word' id='word_1_262' title='bbox 1333 2027 1400 2082; x_wconf 89' lang='lat' dir='ltr'><strong>Et</strong></span> <span class='ocrx_word' id='word_1_263' title='bbox 1421 2029 1765 2084; x_wconf 88' lang='lat' dir='ltr'><strong>crediderunt</strong></span> 
     </span>
    </p>
   </div>
   <div class='ocr_carea' id='block_1_35' title="bbox 180 2104 1763 2191">
    <p class='ocr_par' dir='ltr' id='par_1_35' title="bbox 180 2104 1763 2191">
     <span class='ocr_line' id='line_1_35' title="bbox 180 2104 1763 2191; baseline 0.012 -34"><span class='ocrx_word' id='word_1_264' title='bbox 180 2122 196 2154; x_wconf 80' lang='grc' dir='ltr'><strong>ι</strong></span> <span class='ocrx_word' id='word_1_265' title='bbox 230 2104 282 2158; x_wconf 90' lang='lat' dir='ltr'><strong>in</strong></span> <span class='ocrx_word' id='word_1_266' title='bbox 309 2119 442 2163; x_wconf 88' lang='lat' dir='ltr'><strong>eum</strong></span> <span class='ocrx_word' id='word_1_267' title='bbox 483 2108 728 2181; x_wconf 89' lang='lat' dir='ltr'><strong>discipuli</strong></span> <span class='ocrx_word' id='word_1_268' title='bbox 764 2111 898 2180; x_wconf 86' lang='lat' dir='ltr'><strong>ejus.</strong></span> <span class='ocrx_word' id='word_1_269' title='bbox 933 2132 953 2166; x_wconf 84' lang='grc'><strong>›</strong></span> <span class='ocrx_word' id='word_1_270' title='bbox 997 2114 1113 2169; x_wconf 80' lang='lat' dir='ltr'><strong>Non</strong></span> <span class='ocrx_word' id='word_1_271' title='bbox 1150 2119 1450 2185; x_wconf 88' lang='lat' dir='ltr'><strong>putandum</strong></span> <span class='ocrx_word' id='word_1_272' title='bbox 1501 2129 1585 2176; x_wconf 91' lang='lat' dir='ltr'><strong>est</strong></span> <span class='ocrx_word' id='word_1_273' title='bbox 1619 2123 1763 2191; x_wconf 91' lang='lat' dir='ltr'><strong>quod</strong></span> 
     </span>
    </p>
   </div>
   <div class='ocr_carea' id='block_1_36' title="bbox 174 2198 1761 2273">
    <p class='ocr_par' dir='ltr' id='par_1_36' title="bbox 174 2198 1761 2273">
     <span class='ocr_line' id='line_1_36' title="bbox 174 2198 1761 2273; baseline 0.013 -25"><span class='ocrx_word' id='word_1_274' title='bbox 174 2202 297 2251; x_wconf 90' lang='lat' dir='ltr'><strong>tunc</strong></span> <span class='ocrx_word' id='word_1_275' title='bbox 332 2198 573 2268; x_wconf 91' lang='lat' dir='ltr'><strong>primum</strong></span> <span class='ocrx_word' id='word_1_276' title='bbox 620 2201 674 2255; x_wconf 93' lang='lat' dir='ltr'><strong>in</strong></span> <span class='ocrx_word' id='word_1_277' title='bbox 706 2216 830 2257; x_wconf 93' lang='lat' dir='ltr'><strong>eum</strong></span> <span class='ocrx_word' id='word_1_278' title='bbox 869 2205 1230 2273; x_wconf 89' lang='lat' dir='ltr'><strong>crediderint,</strong></span> <span class='ocrx_word' id='word_1_279' title='bbox 1270 2210 1505 2265; x_wconf 80' lang='lat' dir='ltr'><strong>maxime</strong></span> <span class='ocrx_word' id='word_1_280' title='bbox 1535 2227 1654 2266; x_wconf 90' lang='lat' dir='ltr'><strong>cum</strong></span> <span class='ocrx_word' id='word_1_281' title='bbox 1693 2213 1761 2267; x_wconf 89' lang='lat' dir='ltr'><strong>ab</strong></span> 
     </span>
    </p>
   </div>
   <div class='ocr_carea' id='block_1_37' title="bbox 172 2288 1762 2374">
    <p class='ocr_par' dir='ltr' id='par_1_37' title="bbox 172 2288 1762 2374">
     <span class='ocr_line' id='line_1_37' title="bbox 172 2288 1762 2374; baseline 0.011 -32"><span class='ocrx_word' id='word_1_282' title='bbox 172 2288 256 2342; x_wconf 92' lang='lat' dir='ltr'><strong>illo</strong></span> <span class='ocrx_word' id='word_1_283' title='bbox 296 2293 368 2345; x_wconf 89' lang='lat' dir='ltr'><strong>ad</strong></span> <span class='ocrx_word' id='word_1_284' title='bbox 404 2294 621 2362; x_wconf 88' lang='lat' dir='ltr'><strong>nuptias</strong></span> <span class='ocrx_word' id='word_1_285' title='bbox 650 2297 828 2350; x_wconf 86' lang='lat' dir='ltr'><strong>vocati</strong></span> <span class='ocrx_word' id='word_1_286' title='bbox 875 2300 1326 2358; x_wconf 88' lang='lat' dir='ltr'><strong>esse&#39;dicantur:</strong></span> <span class='ocrx_word' id='word_1_287' title='bbox 1360 2304 1455 2359; x_wconf 90' lang='lat' dir='ltr'><strong>sed</strong></span> <span class='ocrx_word' id='word_1_288' title='bbox 1490 2305 1583 2374; x_wconf 90' lang='lat' dir='ltr'><strong>qui</strong></span> <span class='ocrx_word' id='word_1_289' title='bbox 1612 2306 1762 2374; x_wconf 88' lang='lat' dir='ltr'><strong>prius</strong></span> 
     </span>
    </p>
   </div>
   <div class='ocr_carea' id='block_1_38' title="bbox 170 2380 1763 2460">
    <p class='ocr_par' dir='ltr' id='par_1_38' title="bbox 170 2380 1763 2460">
     <span class='ocr_line' id='line_1_38' title="bbox 170 2380 1763 2460; baseline 0.013 -30"><span class='ocrx_word' id='word_1_290' title='bbox 170 2380 557 2448; x_wconf 84' lang='lat' dir='ltr'><strong>crediderant,</strong></span> <span class='ocrx_word' id='word_1_291' title='bbox 579 2385 697 2439; x_wconf 84' lang='lat' dir='ltr'><strong>viso</strong></span> <span class='ocrx_word' id='word_1_292' title='bbox 722 2388 1007 2454; x_wconf 87' lang='lat' dir='ltr'><strong>miraculo,</strong></span> <span class='ocrx_word' id='word_1_293' title='bbox 1045 2390 1255 2445; x_wconf 84' lang='lat' dir='ltr'><strong>ﬁrmius</strong></span> <span class='ocrx_word' id='word_1_294' title='bbox 1284 2394 1631 2449; x_wconf 88' lang='lat' dir='ltr'><strong>crediderunt</strong></span> <span class='ocrx_word' id='word_1_295' title='bbox 1650 2435 1665 2460; x_wconf 94' lang='lat'><strong>,</strong></span> <span class='ocrx_word' id='word_1_296' title='bbox 1708 2404 1763 2450; x_wconf 90' lang='lat' dir='ltr'><strong>et</strong></span> 
     </span>
    </p>
   </div>
   <div class='ocr_carea' id='block_1_39' title="bbox 170 2474 1803 2553">
    <p class='ocr_par' dir='ltr' id='par_1_39' title="bbox 170 2474 1803 2553">
     <span class='ocr_line' id='line_1_39' title="bbox 170 2474 1803 2553; baseline 0.013 -33"><span class='ocrx_word' id='word_1_297' title='bbox 170 2483 332 2536; x_wconf 78' lang='lat' dir='ltr'><strong>quem</strong></span> <span class='ocrx_word' id='word_1_298' title='bbox 362 2479 531 2527; x_wconf 82' lang='lat' dir='ltr'><strong>antea</strong></span> <span class='ocrx_word' id='word_1_299' title='bbox 559 2474 833 2553; x_wconf 87' lang='lat' dir='ltr'><strong>hominem</strong></span> <span class='ocrx_word' id='word_1_300' title='bbox 863 2479 1177 2547; x_wconf 87' lang='lat' dir='ltr'><strong>credebant,</strong></span> <span class='ocrx_word' id='word_1_301' title='bbox 1205 2481 1307 2536; x_wconf 91' lang='lat' dir='ltr'><strong>hoc</strong></span> <span class='ocrx_word' id='word_1_302' title='bbox 1339 2484 1549 2552; x_wconf 89' lang='lat' dir='ltr'><strong>signum</strong></span> <span class='ocrx_word' id='word_1_303' title='bbox 1580 2485 1763 2540; x_wconf 89' lang='lat' dir='ltr'><strong>viden-</strong></span> <span class='ocrx_word' id='word_1_304' title='bbox 1796 2490 1803 2494; x_wconf 85' lang='grc'><strong>’</strong></span> 
     </span>
    </p>
   </div>
   <div class='ocr_carea' id='block_1_40' title="bbox 174 2568 1617 2635">
    <p class='ocr_par' dir='ltr' id='par_1_40' title="bbox 174 2568 1617 2635">
     <span class='ocr_line' id='line_1_40' title="bbox 174 2568 1617 2635; baseline 0.011 -16"><span class='ocrx_word' id='word_1_305' title='bbox 174 2574 267 2630; x_wconf 87' lang='lat' dir='ltr'><strong>tes,</strong></span> <span class='ocrx_word' id='word_1_306' title='bbox 303 2568 481 2623; x_wconf 91' lang='lat' dir='ltr'><strong>Deum</strong></span> <span class='ocrx_word' id='word_1_307' title='bbox 508 2585 700 2626; x_wconf 87' lang='lat' dir='ltr'><strong>verum</strong></span> <span class='ocrx_word' id='word_1_308' title='bbox 725 2582 781 2627; x_wconf 91' lang='lat' dir='ltr'><strong>et</strong></span> <span class='ocrx_word' id='word_1_309' title='bbox 808 2575 1081 2631; x_wconf 87' lang='lat' dir='ltr'><strong>hominem</strong></span> <span class='ocrx_word' id='word_1_310' title='bbox 1106 2592 1227 2632; x_wconf 87' lang='lat' dir='ltr'><strong>esse</strong></span> <span class='ocrx_word' id='word_1_311' title='bbox 1254 2578 1617 2635; x_wconf 89' lang='lat' dir='ltr'><strong>crediderunt.</strong></span> 
     </span>
    </p>
   </div>
   <div class='ocr_carea' id='block_1_41' title="bbox 737 2705 1201 2762">
    <p class='ocr_par' dir='ltr' id='par_1_41' title="bbox 737 2705 1201 2762">
     <span class='ocr_line' id='line_1_41' title="bbox 737 2705 1201 2762; baseline 0.006 -3"><span class='ocrx_word' id='word_1_312' title='bbox 737 2705 1020 2761; x_wconf 82' lang='lat' dir='ltr'><strong>HOMILIA</strong></span> <span class='ocrx_word' id='word_1_313' title='bbox 1060 2707 1201 2762; x_wconf 79' lang='lat' dir='ltr'><strong>XIX.</strong></span> 
     </span>
    </p>
   </div>
   <div class='ocr_carea' id='block_1_42' title="bbox 515 2806 1420 2875">
    <p class='ocr_par' dir='ltr' id='par_1_42' title="bbox 515 2806 1420 2875">
     <span class='ocr_line' id='line_1_42' title="bbox 515 2806 1420 2875; baseline 0.006 -5"><span class='ocrx_word' id='word_1_314' title='bbox 515 2831 771 2871; x_wconf 73' lang='lat' dir='ltr'><strong>DOIIINICA</strong></span> <span class='ocrx_word' id='word_1_315' title='bbox 807 2834 869 2872; x_wconf 85' lang='grc' dir='ltr'><strong>ιιι</strong></span> <span class='ocrx_word' id='word_1_316' title='bbox 906 2833 1037 2874; x_wconf 80' lang='lat' dir='ltr'><strong>ros-r</strong></span> <span class='ocrx_word' id='word_1_317' title='bbox 1074 2806 1420 2875; x_wconf 70' lang='lat' dir='ltr'><strong>srrrumiu.</strong></span> 
     </span>
    </p>
   </div>
   <div class='ocr_carea' id='block_1_43' title="bbox 246 2926 1759 3001">
    <p class='ocr_par' dir='ltr' id='par_1_43' title="bbox 246 2926 1759 3001">
     <span class='ocr_line' id='line_1_43' title="bbox 246 2926 1759 3001; baseline 0.007 -22"><span class='ocrx_word' id='word_1_318' title='bbox 246 2926 495 2995; x_wconf 75' lang='lat' dir='ltr'><strong>(Mum.</strong></span> <span class='ocrx_word' id='word_1_319' title='bbox 534 2928 677 2999; x_wconf 81' lang='lat' dir='ltr'><strong>VIII.)</strong></span> <span class='ocrx_word' id='word_1_320' title='bbox 708 2948 727 2980; x_wconf 78' lang='grc' dir='ltr'><strong>ι</strong></span> <span class='ocrx_word' id='word_1_321' title='bbox 755 2929 812 2983; x_wconf 89' lang='lat' dir='ltr'><strong>In</strong></span> <span class='ocrx_word' id='word_1_322' title='bbox 833 2930 925 2984; x_wconf 93' lang='lat' dir='ltr'><strong>illo</strong></span> <span class='ocrx_word' id='word_1_323' title='bbox 951 2939 1209 3001; x_wconf 86' lang='lat' dir='ltr'><strong>tempore,</strong></span> <span class='ocrx_word' id='word_1_324' title='bbox 1242 2947 1362 2987; x_wconf 92' lang='lat' dir='ltr'><strong>cum</strong></span> <span class='ocrx_word' id='word_1_325' title='bbox 1394 2933 1759 2990; x_wconf 82' lang='lat' dir='ltr'><strong>descendisset</strong></span> 
     </span>
    </p>
   </div>
   <div class='ocr_carea' id='block_1_44' title="bbox 185 3015 1751 3090">
    <p class='ocr_par' dir='ltr' id='par_1_44' title="bbox 185 3015 1751 3090">
     <span class='ocr_line' id='line_1_44' title="bbox 185 3015 1751 3090; baseline 0.006 -24"><span class='ocrx_word' id='word_1_326' title='bbox 185 3035 201 3066; x_wconf 90' lang='grc' dir='ltr'><strong>ι</strong></span> <span class='ocrx_word' id='word_1_327' title='bbox 233 3015 387 3072; x_wconf 79' lang='lat' dir='ltr'><strong>Jesus</strong></span> <span class='ocrx_word' id='word_1_328' title='bbox 427 3017 495 3073; x_wconf 88' lang='lat' dir='ltr'><strong>de</strong></span> <span class='ocrx_word' id='word_1_329' title='bbox 531 3027 746 3083; x_wconf 89' lang='lat' dir='ltr'><strong>monte,</strong></span> <span class='ocrx_word' id='word_1_330' title='bbox 775 3029 972 3075; x_wconf 83' lang='lat' dir='ltr'><strong>secutae</strong></span> <span class='ocrx_word' id='word_1_331' title='bbox 1000 3030 1125 3076; x_wconf 91' lang='lat' dir='ltr'><strong>sunt</strong></span> <span class='ocrx_word' id='word_1_332' title='bbox 1147 3036 1271 3076; x_wconf 90' lang='lat' dir='ltr'><strong>eum</strong></span> <span class='ocrx_word' id='word_1_333' title='bbox 1298 3024 1470 3078; x_wconf 64' lang='lat' dir='ltr'><strong>turba:</strong></span> <span class='ocrx_word' id='word_1_334' title='bbox 1494 3024 1697 3090; x_wconf 67' lang='lat' dir='ltr'><strong>multae,</strong></span> <span class='ocrx_word' id='word_1_335' title='bbox 1732 3045 1751 3076; x_wconf 77' lang='grc' dir='ltr'><strong>ι</strong></span> 
     </span>
    </p>
   </div>
   <div class='ocr_carea' id='block_1_45' title="bbox 179 3108 1759 3186">
    <p class='ocr_par' dir='ltr' id='par_1_45' title="bbox 179 3108 1759 3186">
     <span class='ocr_line' id='line_1_45' title="bbox 179 3108 1759 3186; baseline 0.006 -26"><span class='ocrx_word' id='word_1_336' title='bbox 179 3115 232 3160; x_wconf 91' lang='lat' dir='ltr'><strong>et</strong></span> <span class='ocrx_word' id='word_1_337' title='bbox 284 3108 506 3177; x_wconf 90' lang='lat' dir='ltr'><strong>reliqua.</strong></span> <span class='ocrx_word' id='word_1_338' title='bbox 545 3109 805 3178; x_wconf 90' lang='lat' dir='ltr'><strong>Superius</strong></span> <span class='ocrx_word' id='word_1_339' title='bbox 853 3112 1183 3182; x_wconf 88' lang='lat' dir='ltr'><strong>evangelista</strong></span> <span class='ocrx_word' id='word_1_340' title='bbox 1239 3115 1484 3169; x_wconf 88' lang='lat' dir='ltr'><strong>narravit</strong></span> <span class='ocrx_word' id='word_1_341' title='bbox 1525 3116 1759 3186; x_wconf 88' lang='lat' dir='ltr'><strong>qualiter</strong></span> 
     </span>
    </p>
   </div>
   <div class='ocr_carea' id='block_1_46' title="bbox 180 3197 1756 3269">
    <p class='ocr_par' dir='ltr' id='par_1_46' title="bbox 180 3197 1756 3269">
     <span class='ocr_line' id='line_1_46' title="bbox 180 3197 1756 3269; baseline 0.006 -16"><span class='ocrx_word' id='word_1_342' title='bbox 180 3197 433 3255; x_wconf 88' lang='lat' dir='ltr'><strong>Dominus</strong></span> <span class='ocrx_word' id='word_1_343' title='bbox 454 3203 644 3257; x_wconf 89' lang='lat' dir='ltr'><strong>sedens</strong></span> <span class='ocrx_word' id='word_1_344' title='bbox 665 3203 718 3256; x_wconf 93' lang='lat' dir='ltr'><strong>in</strong></span> <span class='ocrx_word' id='word_1_345' title='bbox 735 3212 936 3269; x_wconf 90' lang='lat' dir='ltr'><strong>monte,</strong></span> <span class='ocrx_word' id='word_1_346' title='bbox 952 3205 1197 3259; x_wconf 87' lang='lat' dir='ltr'><strong>ordinem</strong></span> <span class='ocrx_word' id='word_1_347' title='bbox 1220 3215 1342 3261; x_wconf 88' lang='lat' dir='ltr'><strong>octo</strong></span> <span class='ocrx_word' id='word_1_348' title='bbox 1362 3207 1756 3262; x_wconf 85' lang='lat' dir='ltr'><strong>beatitudinum</strong></span> 
     </span>
    </p>
   </div>
   <div class='ocr_carea' id='block_1_47' title="bbox 1869 2014 3452 2095">
    <p class='ocr_par' dir='ltr' id='par_1_47' title="bbox 1869 2014 3452 2095">
     <span class='ocr_line' id='line_1_47' title="bbox 1869 2014 3452 2095; baseline 0.011 -28"><span class='ocrx_word' id='word_1_349' title='bbox 1869 2014 2126 2071; x_wconf 87' lang='lat' dir='ltr'><strong>habuisse</strong></span> <span class='ocrx_word' id='word_1_350' title='bbox 2167 2018 2412 2089; x_wconf 88' lang='lat' dir='ltr'><strong>leprosus</strong></span> <span class='ocrx_word' id='word_1_351' title='bbox 2443 2024 2544 2078; x_wconf 89' lang='lat' dir='ltr'><strong>iste</strong></span> <span class='ocrx_word' id='word_1_352' title='bbox 2573 2028 2935 2095; x_wconf 83' lang='lat' dir='ltr'><strong>cognoscitur.</strong></span> <span class='ocrx_word' id='word_1_353' title='bbox 2970 2027 3139 2084; x_wconf 89' lang='lat' dir='ltr'><strong>Deum</strong></span> <span class='ocrx_word' id='word_1_354' title='bbox 3170 2031 3313 2085; x_wconf 88' lang='lat' dir='ltr'><strong>enim</strong></span> <span class='ocrx_word' id='word_1_355' title='bbox 3343 2047 3452 2087; x_wconf 91' lang='lat' dir='ltr'><strong>non</strong></span> 
     </span>
    </p>
   </div>
   <div class='ocr_carea' id='block_1_48' title="bbox 1868 2107 3452 2194">
    <p class='ocr_par' dir='ltr' id='par_1_48' title="bbox 1868 2107 3452 2194">
     <span class='ocr_line' id='line_1_48' title="bbox 1868 2107 3452 2194; baseline 0.011 -32"><span class='ocrx_word' id='word_1_356' title='bbox 1868 2107 2157 2177; x_wconf 83' lang='lat' dir='ltr'><strong>dubitavit,</strong></span> <span class='ocrx_word' id='word_1_357' title='bbox 2182 2128 2340 2181; x_wconf 88' lang='lat' dir='ltr'><strong>quem</strong></span> <span class='ocrx_word' id='word_1_358' title='bbox 2369 2117 2594 2187; x_wconf 81' lang='lat' dir='ltr'><strong>supplex</strong></span> <span class='ocrx_word' id='word_1_359' title='bbox 2616 2118 2880 2174; x_wconf 82' lang='lat' dir='ltr'><strong>adoravit.</strong></span> <span class='ocrx_word' id='word_1_360' title='bbox 2920 2120 3031 2176; x_wconf 87' lang='lat' dir='ltr'><strong>Nec</strong></span> <span class='ocrx_word' id='word_1_361' title='bbox 3053 2122 3122 2178; x_wconf 92' lang='lat' dir='ltr'><strong>de</strong></span> <span class='ocrx_word' id='word_1_362' title='bbox 3150 2124 3267 2194; x_wconf 89' lang='lat' dir='ltr'><strong>ejus</strong></span> <span class='ocrx_word' id='word_1_363' title='bbox 3295 2124 3452 2180; x_wconf 91' lang='lat' dir='ltr'><strong>dubi-</strong></span> 
     </span>
    </p>
   </div>
   <div class='ocr_carea' id='block_1_49' title="bbox 1869 2202 3449 2283">
    <p class='ocr_par' dir='ltr' id='par_1_49' title="bbox 1869 2202 3449 2283">
     <span class='ocr_line' id='line_1_49' title="bbox 1869 2202 3449 2283; baseline 0.011 -29"><span class='ocrx_word' id='word_1_364' title='bbox 1869 2202 1999 2255; x_wconf 86' lang='lat' dir='ltr'><strong>tavit</strong></span> <span class='ocrx_word' id='word_1_365' title='bbox 2041 2212 2340 2272; x_wconf 86' lang='lat' dir='ltr'><strong>potestate,</strong></span> <span class='ocrx_word' id='word_1_366' title='bbox 2374 2224 2497 2263; x_wconf 89' lang='lat' dir='ltr'><strong>cum</strong></span> <span class='ocrx_word' id='word_1_367' title='bbox 2536 2208 2708 2265; x_wconf 91' lang='lat' dir='ltr'><strong>solam</strong></span> <span class='ocrx_word' id='word_1_368' title='bbox 2755 2214 3038 2283; x_wconf 88' lang='lat' dir='ltr'><strong>requisivit</strong></span> <span class='ocrx_word' id='word_1_369' title='bbox 3082 2216 3449 2283; x_wconf 82' lang='lat' dir='ltr'><strong>voluntatem,</strong></span> 
     </span>
    </p>
   </div>
   <div class='ocr_carea' id='block_1_50' title="bbox 1867 2291 3453 2371">
    <p class='ocr_par' dir='ltr' id='par_1_50' title="bbox 1867 2291 3453 2371">
     <span class='ocr_line' id='line_1_50' title="bbox 1867 2291 3453 2371; baseline 0.012 -27"><span class='ocrx_word' id='word_1_370' title='bbox 1867 2291 2053 2347; x_wconf 88' lang='lat' dir='ltr'><strong>dicens</strong></span> <span class='ocrx_word' id='word_1_371' title='bbox 2078 2313 2089 2346; x_wconf 95' lang='lat'><strong>:</strong></span> <span class='ocrx_word' id='word_1_372' title='bbox 2120 2315 2138 2346; x_wconf 88' lang='grc'><em>‹</em></span> <span class='ocrx_word' id='word_1_373' title='bbox 2168 2296 2415 2362; x_wconf 89' lang='lat' dir='ltr'><strong>Domine,</strong></span> <span class='ocrx_word' id='word_1_374' title='bbox 2446 2300 2491 2354; x_wconf 89' lang='lat' dir='ltr'><strong>si</strong></span> <span class='ocrx_word' id='word_1_375' title='bbox 2519 2301 2620 2366; x_wconf 91' lang='lat' dir='ltr'><strong>vis,</strong></span> <span class='ocrx_word' id='word_1_376' title='bbox 2649 2310 2805 2371; x_wconf 89' lang='lat' dir='ltr'><strong>potes</strong></span> <span class='ocrx_word' id='word_1_377' title='bbox 2832 2320 2917 2358; x_wconf 91' lang='lat' dir='ltr'><strong>me</strong></span> <span class='ocrx_word' id='word_1_378' title='bbox 2938 2307 3223 2363; x_wconf 91' lang='lat' dir='ltr'><strong>mundare.</strong></span> <span class='ocrx_word' id='word_1_379' title='bbox 3247 2328 3266 2359; x_wconf 77' lang='grc' dir='ltr'><strong>ι</strong></span> <span class='ocrx_word' id='word_1_380' title='bbox 3299 2308 3453 2364; x_wconf 89' lang='lat' dir='ltr'><strong>Unde</strong></span> 
     </span>
    </p>
   </div>
   <div class='ocr_carea' id='block_1_51' title="bbox 1866 2381 3447 2471">
    <p class='ocr_par' dir='ltr' id='par_1_51' title="bbox 1866 2381 3447 2471">
     <span class='ocr_line' id='line_1_51' title="bbox 1866 2381 3447 2471; baseline 0.013 -36"><span class='ocrx_word' id='word_1_381' title='bbox 1866 2381 2000 2438; x_wconf 84' lang='lat' dir='ltr'><strong>ﬁdes</strong></span> <span class='ocrx_word' id='word_1_382' title='bbox 2018 2388 2268 2453; x_wconf 88' lang='lat' dir='ltr'><strong>protinus</strong></span> <span class='ocrx_word' id='word_1_383' title='bbox 2288 2388 2535 2445; x_wconf 80' lang='lat' dir='ltr'><strong>effectum</strong></span> <span class='ocrx_word' id='word_1_384' title='bbox 2558 2404 2846 2449; x_wconf 85' lang='lat' dir='ltr'><strong>consecuta</strong></span> <span class='ocrx_word' id='word_1_385' title='bbox 2881 2406 2983 2462; x_wconf 89' lang='lat' dir='ltr'><strong>est,</strong></span> <span class='ocrx_word' id='word_1_386' title='bbox 3016 2415 3139 2453; x_wconf 89' lang='lat' dir='ltr'><strong>nam</strong></span> <span class='ocrx_word' id='word_1_387' title='bbox 3166 2402 3447 2471; x_wconf 88' lang='lat' dir='ltr'><strong>sequitur:</strong></span> 
     </span>
    </p>
   </div>
   <div class='ocr_carea' id='block_1_52' title="bbox 1946 2475 3447 2559">
    <p class='ocr_par' dir='ltr' id='par_1_52' title="bbox 1946 2475 3447 2559">
     <span class='ocr_line' id='line_1_52' title="bbox 1946 2475 3447 2559; baseline 0.015 -33"><span class='ocrx_word' id='word_1_388' title='bbox 1946 2493 1964 2524; x_wconf 80' lang='grc' dir='ltr'><strong>ι</strong></span> <span class='ocrx_word' id='word_1_389' title='bbox 1999 2475 2068 2528; x_wconf 87' lang='grc' dir='ltr'>Ει</span> <span class='ocrx_word' id='word_1_390' title='bbox 2095 2479 2389 2534; x_wconf 81' lang='lat' dir='ltr'><strong>extendens</strong></span> <span class='ocrx_word' id='word_1_391' title='bbox 2416 2481 2572 2538; x_wconf 84' lang='lat' dir='ltr'><strong>Jesus</strong></span> <span class='ocrx_word' id='word_1_392' title='bbox 2604 2500 2844 2553; x_wconf 89' lang='lat' dir='ltr'><strong>manum,</strong></span> <span class='ocrx_word' id='word_1_393' title='bbox 2870 2489 3048 2559; x_wconf 87' lang='lat' dir='ltr'><strong>tetigit</strong></span> <span class='ocrx_word' id='word_1_394' title='bbox 3071 2504 3195 2545; x_wconf 88' lang='lat' dir='ltr'><strong>eum</strong></span> <span class='ocrx_word' id='word_1_395' title='bbox 3221 2492 3408 2547; x_wconf 89' lang='lat' dir='ltr'><strong>dicens</strong></span> <span class='ocrx_word' id='word_1_396' title='bbox 3433 2510 3447 2546; x_wconf 92' lang='lat'><strong>:</strong></span> 
     </span>
    </p>
   </div>
   <div class='ocr_carea' id='block_1_53' title="bbox 1874 2561 3445 2651">
    <p class='ocr_par' dir='ltr' id='par_1_53' title="bbox 1874 2561 3445 2651">
     <span class='ocr_line' id='line_1_53' title="bbox 1874 2561 3445 2651; baseline 0.016 -39"><span class='ocrx_word' id='word_1_397' title='bbox 1874 2581 1893 2612; x_wconf 80' lang='grc' dir='ltr'><strong>ι</strong></span> <span class='ocrx_word' id='word_1_398' title='bbox 1930 2561 2095 2628; x_wconf 84' lang='lat' dir='ltr'><strong>Volo,</strong></span> <span class='ocrx_word' id='word_1_399' title='bbox 2129 2568 2412 2624; x_wconf 90' lang='lat' dir='ltr'><strong>mundare.</strong></span> <span class='ocrx_word' id='word_1_400' title='bbox 2452 2591 2472 2622; x_wconf 74' lang='grc' dir='ltr'><strong>ι</strong></span> <span class='ocrx_word' id='word_1_401' title='bbox 2507 2572 2606 2628; x_wconf 85' lang='lat' dir='ltr'><strong>Ubi</strong></span> <span class='ocrx_word' id='word_1_402' title='bbox 2647 2590 2769 2629; x_wconf 92' lang='lat' dir='ltr'><strong>cum</strong></span> <span class='ocrx_word' id='word_1_403' title='bbox 2802 2592 2997 2649; x_wconf 89' lang='lat' dir='ltr'><strong>magna</strong></span> <span class='ocrx_word' id='word_1_404' title='bbox 3051 2590 3310 2651; x_wconf 86' lang='lat' dir='ltr'><strong>appareat</strong></span> <span class='ocrx_word' id='word_1_405' title='bbox 3337 2583 3445 2636; x_wconf 88' lang='lat' dir='ltr'><strong>Do-</strong></span> 
     </span>
    </p>
   </div>
   <div class='ocr_carea' id='block_1_54' title="bbox 1865 2653 3446 2735">
    <p class='ocr_par' dir='ltr' id='par_1_54' title="bbox 1865 2653 3446 2735">
     <span class='ocr_line' id='line_1_54' title="bbox 1865 2653 3446 2735; baseline 0.015 -31"><span class='ocrx_word' id='word_1_406' title='bbox 1865 2653 2000 2706; x_wconf 89' lang='lat' dir='ltr'><strong>mini</strong></span> <span class='ocrx_word' id='word_1_407' title='bbox 2031 2666 2289 2723; x_wconf 87' lang='lat' dir='ltr'><strong>potestas,</strong></span> <span class='ocrx_word' id='word_1_408' title='bbox 2323 2676 2431 2715; x_wconf 92' lang='lat' dir='ltr'><strong>non</strong></span> <span class='ocrx_word' id='word_1_409' title='bbox 2460 2663 2640 2719; x_wconf 90' lang='lat' dir='ltr'><strong>minor</strong></span> <span class='ocrx_word' id='word_1_410' title='bbox 2669 2667 2786 2735; x_wconf 87' lang='lat' dir='ltr'><strong>ejus</strong></span> <span class='ocrx_word' id='word_1_411' title='bbox 2823 2668 3128 2725; x_wconf 87' lang='lat' dir='ltr'><strong>declaratur</strong></span> <span class='ocrx_word' id='word_1_412' title='bbox 3150 2672 3446 2728; x_wconf 88' lang='lat' dir='ltr'><strong>humilitas.</strong></span> 
     </span>
    </p>
   </div>
   <div class='ocr_carea' id='block_1_55' title="bbox 1862 2740 3447 2834">
    <p class='ocr_par' dir='ltr' id='par_1_55' title="bbox 1862 2740 3447 2834">
     <span class='ocr_line' id='line_1_55' title="bbox 1862 2740 3447 2834; baseline 0.016 -38"><span class='ocrx_word' id='word_1_413' title='bbox 1862 2740 2157 2814; x_wconf 90' lang='lat' dir='ltr'><strong>Leprosum</strong></span> <span class='ocrx_word' id='word_1_414' title='bbox 2187 2751 2364 2816; x_wconf 89' lang='lat' dir='ltr'><strong>enim,</strong></span> <span class='ocrx_word' id='word_1_415' title='bbox 2414 2768 2576 2821; x_wconf 86' lang='lat' dir='ltr'><strong>quem</strong></span> <span class='ocrx_word' id='word_1_416' title='bbox 2621 2756 2706 2810; x_wconf 85' lang='lat' dir='ltr'><strong>lex</strong></span> <span class='ocrx_word' id='word_1_417' title='bbox 2753 2766 2909 2813; x_wconf 82' lang='lat' dir='ltr'><strong>extra</strong></span> <span class='ocrx_word' id='word_1_418' title='bbox 2946 2770 3125 2816; x_wconf 88' lang='lat' dir='ltr'><strong>castra</strong></span> <span class='ocrx_word' id='word_1_419' title='bbox 3161 2764 3447 2834; x_wconf 90' lang='lat' dir='ltr'><strong>ejiciebat,</strong></span> 
     </span>
    </p>
   </div>
   <div class='ocr_carea' id='block_1_56' title="bbox 1863 2841 3446 2925">
    <p class='ocr_par' dir='ltr' id='par_1_56' title="bbox 1863 2841 3446 2925">
     <span class='ocr_line' id='line_1_56' title="bbox 1863 2841 3446 2925; baseline 0.014 -36"><span class='ocrx_word' id='word_1_420' title='bbox 1863 2850 2023 2904; x_wconf 88' lang='lat' dir='ltr'><strong>quem</strong></span> <span class='ocrx_word' id='word_1_421' title='bbox 2049 2841 2241 2896; x_wconf 69' lang='lat' dir='ltr'><strong>scriba:</strong></span> <span class='ocrx_word' id='word_1_422' title='bbox 2274 2850 2329 2897; x_wconf 85' lang='lat' dir='ltr'><strong>et</strong></span> <span class='ocrx_word' id='word_1_423' title='bbox 2366 2843 2625 2901; x_wconf 64' lang='lat' dir='ltr'><strong>Pharisaei</strong></span> <span class='ocrx_word' id='word_1_424' title='bbox 2652 2849 2739 2902; x_wconf 83' lang='lat' dir='ltr'><strong>vix</strong></span> <span class='ocrx_word' id='word_1_425' title='bbox 2772 2851 3042 2920; x_wconf 88' lang='lat' dir='ltr'><strong>respicere</strong></span> <span class='ocrx_word' id='word_1_426' title='bbox 3063 2853 3446 2925; x_wconf 84' lang='lat' dir='ltr'><strong>dignabantur,</strong></span> 
     </span>
    </p>
   </div>
   <div class='ocr_carea' id='block_1_57' title="bbox 1861 2924 3450 3017">
    <p class='ocr_par' dir='ltr' id='par_1_57' title="bbox 1861 2924 3450 3017">
     <span class='ocr_line' id='line_1_57' title="bbox 1861 2924 3450 3017; baseline 0.017 -40"><span class='ocrx_word' id='word_1_427' title='bbox 1861 2924 1952 2979; x_wconf 90' lang='lat' dir='ltr'><strong>ille</strong></span> <span class='ocrx_word' id='word_1_428' title='bbox 1976 2935 2193 2998; x_wconf 87' lang='lat' dir='ltr'><strong>tangere</strong></span> <span class='ocrx_word' id='word_1_429' title='bbox 2221 2948 2328 2987; x_wconf 92' lang='lat' dir='ltr'><strong>non</strong></span> <span class='ocrx_word' id='word_1_430' title='bbox 2360 2939 2647 3005; x_wconf 87' lang='lat' dir='ltr'><strong>recusavit,</strong></span> <span class='ocrx_word' id='word_1_431' title='bbox 2672 2940 2764 3009; x_wconf 94' lang='lat' dir='ltr'><strong>qui</strong></span> <span class='ocrx_word' id='word_1_432' title='bbox 2795 2956 2921 2996; x_wconf 91' lang='lat' dir='ltr'><strong>eum</strong></span> <span class='ocrx_word' id='word_1_433' title='bbox 2950 2924 3215 3000; x_wconf 87' lang='lat' dir='ltr'><strong>mundare</strong></span> <span class='ocrx_word' id='word_1_434' title='bbox 3237 2957 3450 3017; x_wconf 70' lang='lat' dir='ltr'><strong>poterat</strong></span> 
     </span>
    </p>
   </div>
   <div class='ocr_carea' id='block_1_58' title="bbox 1862 3017 3449 3103">
    <p class='ocr_par' dir='ltr' id='par_1_58' title="bbox 1862 3017 3449 3103">
     <span class='ocr_line' id='line_1_58' title="bbox 1862 3017 3449 3103; baseline 0.016 -33"><span class='ocrx_word' id='word_1_435' title='bbox 1862 3017 1979 3072; x_wconf 89' lang='lat' dir='ltr'><strong>sine</strong></span> <span class='ocrx_word' id='word_1_436' title='bbox 2007 3028 2172 3088; x_wconf 88' lang='lat' dir='ltr'><strong>tactu,</strong></span> <span class='ocrx_word' id='word_1_437' title='bbox 2205 3028 2497 3085; x_wconf 90' lang='lat' dir='ltr'><strong>ostendens</strong></span> <span class='ocrx_word' id='word_1_438' title='bbox 2540 3032 2665 3099; x_wconf 89' lang='lat' dir='ltr'><strong>quia</strong></span> <span class='ocrx_word' id='word_1_439' title='bbox 2693 3031 2811 3103; x_wconf 89' lang='lat' dir='ltr'><strong>ejus</strong></span> <span class='ocrx_word' id='word_1_440' title='bbox 2840 3044 3015 3091; x_wconf 90' lang='lat' dir='ltr'><strong>tactus</strong></span> <span class='ocrx_word' id='word_1_441' title='bbox 3050 3038 3197 3093; x_wconf 89' lang='lat' dir='ltr'><strong>salus</strong></span> <span class='ocrx_word' id='word_1_442' title='bbox 3223 3050 3307 3094; x_wconf 89' lang='lat' dir='ltr'><strong>est</strong></span> <span class='ocrx_word' id='word_1_443' title='bbox 3331 3056 3449 3095; x_wconf 90' lang='lat' dir='ltr'><strong>cre-</strong></span> 
     </span>
    </p>
   </div>
   <div class='ocr_carea' id='block_1_59' title="bbox 1862 3108 3445 3202">
    <p class='ocr_par' dir='ltr' id='par_1_59' title="bbox 1862 3108 3445 3202">
     <span class='ocr_line' id='line_1_59' title="bbox 1862 3108 3445 3202; baseline 0.016 -40"><span class='ocrx_word' id='word_1_444' title='bbox 1862 3108 2131 3168; x_wconf 84' lang='lat' dir='ltr'><strong>dentibus.</strong></span> <span class='ocrx_word' id='word_1_445' title='bbox 2160 3115 2428 3183; x_wconf 74' lang='lat' dir='ltr'><strong>Quaeritur</strong></span> <span class='ocrx_word' id='word_1_446' title='bbox 2479 3136 2647 3192; x_wconf 91' lang='lat' dir='ltr'><strong>quare</strong></span> <span class='ocrx_word' id='word_1_447' title='bbox 2672 3125 2930 3183; x_wconf 91' lang='lat' dir='ltr'><strong>Dominus</strong></span> <span class='ocrx_word' id='word_1_448' title='bbox 2959 3128 3229 3198; x_wconf 89' lang='lat' dir='ltr'><strong>leprosum</strong></span> <span class='ocrx_word' id='word_1_449' title='bbox 3253 3132 3445 3202; x_wconf 87' lang='lat' dir='ltr'><strong>tetige-</strong></span> 
     </span>
    </p>
   </div>
   <div class='ocr_carea' id='block_1_60' title="bbox 1862 3200 3443 3290">
    <p class='ocr_par' dir='ltr' id='par_1_60' title="bbox 1862 3200 3443 3290">
     <span class='ocr_line' id='line_1_60' title="bbox 1862 3200 3443 3290; baseline 0.017 -38"><span class='ocrx_word' id='word_1_450' title='bbox 1862 3200 1955 3266; x_wconf 87' lang='lat' dir='ltr'><strong>rit,</strong></span> <span class='ocrx_word' id='word_1_451' title='bbox 1986 3218 2106 3257; x_wconf 90' lang='lat' dir='ltr'><strong>cum</strong></span> <span class='ocrx_word' id='word_1_452' title='bbox 2138 3204 2229 3277; x_wconf 21' lang='lat' dir='ltr'><strong>lex,</strong></span> <span class='ocrx_word' id='word_1_453' title='bbox 2250 3212 2528 3281; x_wconf 71' lang='lat' dir='ltr'><strong>praecipiat</strong></span> <span class='ocrx_word' id='word_1_454' title='bbox 2554 3230 2677 3268; x_wconf 91' lang='lat' dir='ltr'><strong>eum</strong></span> <span class='ocrx_word' id='word_1_455' title='bbox 2712 3233 2817 3272; x_wconf 91' lang='lat' dir='ltr'><strong>non</strong></span> <span class='ocrx_word' id='word_1_456' title='bbox 2858 3222 3124 3290; x_wconf 84' lang='lat' dir='ltr'><strong>tangere?</strong></span> <span class='ocrx_word' id='word_1_457' title='bbox 3164 3222 3443 3290; x_wconf 91' lang='lat' dir='ltr'><strong>Primum,</strong></span> 
     </span>
    </p>
   </div>
   <div class='ocr_carea' id='block_1_61' title="bbox 186 3289 3448 3378">
    <p class='ocr_par' dir='ltr' id='par_1_61' title="bbox 186 3289 3448 3378">
     <span class='ocr_line' id='line_1_61' title="bbox 186 3289 3448 3378; baseline 0.013 -51"><span class='ocrx_word' id='word_1_458' title='bbox 186 3289 404 3342; x_wconf 51' lang='lat' dir='ltr'><strong>tradidi;</strong></span> <span class='ocrx_word' id='word_1_459' title='bbox 424 3329 439 3352; x_wconf 60' lang='lat'><strong>,</strong></span> <span class='ocrx_word' id='word_1_460' title='bbox 468 3291 650 3346; x_wconf 68' lang='lat' dir='ltr'><strong>dicens</strong></span> <span class='ocrx_word' id='word_1_461' title='bbox 677 3310 690 3346; x_wconf 71' lang='grc' dir='ltr'>ε</span> <span class='ocrx_word' id='word_1_462' title='bbox 724 3310 743 3343; x_wconf 82' lang='grc'><strong>(</strong></span> <span class='ocrx_word' id='word_1_463' title='bbox 775 3291 924 3346; x_wconf 52' lang='lat' dir='ltr'><strong>Beati</strong></span> <span class='ocrx_word' id='word_1_464' title='bbox 953 3309 1215 3363; x_wconf 65' lang='lat' dir='ltr'><strong>pauperes</strong></span> <span class='ocrx_word' id='word_1_465' title='bbox 1244 3295 1437 3364; x_wconf 73' lang='grc' dir='ltr'>ερίι-ίιυ</span> <span class='ocrx_word' id='word_1_466' title='bbox 1456 3336 1471 3359; x_wconf 67' lang='grc'><strong><em>,</em></strong></span> <span class='ocrx_word' id='word_1_467' title='bbox 1502 3298 1755 3365; x_wconf 72' lang='lat' dir='ltr'><strong>quoniam</strong></span> <span class='ocrx_word' id='word_1_468' title='bbox 1783 3304 1828 3366; x_wconf 75' lang='grc' dir='ltr'><strong>ρ</strong></span> <span class='ocrx_word' id='word_1_469' title='bbox 1860 3299 1919 3343; x_wconf 80' lang='grc' dir='ltr'><strong>ιιι</strong></span> <span class='ocrx_word' id='word_1_470' title='bbox 1940 3291 2259 3351; x_wconf 88' lang='lat' dir='ltr'><strong>humilitatis</strong></span> <span class='ocrx_word' id='word_1_471' title='bbox 2280 3307 2333 3352; x_wconf 89' lang='lat' dir='ltr'><strong>et</strong></span> <span class='ocrx_word' id='word_1_472' title='bbox 2354 3304 2742 3369; x_wconf 85' lang='lat' dir='ltr'><strong>compassionis</strong></span> <span class='ocrx_word' id='word_1_473' title='bbox 2766 3289 3069 3378; x_wconf 84' lang='lat' dir='ltr'><strong>exemplum</strong></span> <span class='ocrx_word' id='word_1_474' title='bbox 3092 3314 3243 3368; x_wconf 91' lang='lat' dir='ltr'><strong>nobis</strong></span> <span class='ocrx_word' id='word_1_475' title='bbox 3266 3289 3448 3370; x_wconf 54' lang='lat' dir='ltr'><strong>osten?</strong></span> 
     </span>
    </p>
   </div>
   <div class='ocr_carea' id='block_1_62' title="bbox 189 3377 1758 3459">
    <p class='ocr_par' dir='ltr' id='par_1_62' title="bbox 189 3377 1758 3459">
     <span class='ocr_line' id='line_1_62' title="bbox 189 3377 1758 3459; baseline 0.01 -29"><span class='ocrx_word' id='word_1_476' title='bbox 189 3377 425 3445; x_wconf 88' lang='lat' dir='ltr'><strong>ipsorum</strong></span> <span class='ocrx_word' id='word_1_477' title='bbox 451 3389 533 3434; x_wconf 89' lang='lat' dir='ltr'><strong>est</strong></span> <span class='ocrx_word' id='word_1_478' title='bbox 560 3398 775 3452; x_wconf 89' lang='lat' dir='ltr'><strong>regnum</strong></span> <span class='ocrx_word' id='word_1_479' title='bbox 804 3385 1066 3440; x_wconf 82' lang='lat' dir='ltr'><strong>caelorum</strong></span> <span class='ocrx_word' id='word_1_480' title='bbox 1089 3386 1398 3459; x_wconf 53' lang='lat' dir='ltr'><strong>(Matt/av),</strong></span> <span class='ocrx_word' id='word_1_481' title='bbox 1436 3408 1453 3440; x_wconf 79' lang='grc' dir='ltr'><strong>ι</strong></span> <span class='ocrx_word' id='word_1_482' title='bbox 1487 3396 1540 3444; x_wconf 92' lang='lat' dir='ltr'><strong>et</strong></span> <span class='ocrx_word' id='word_1_483' title='bbox 1562 3400 1758 3444; x_wconf 61' lang='lat' dir='ltr'><strong>caetera</strong></span> 
     </span>
    </p>
   </div>
   <div class='ocr_carea' id='block_1_63' title="bbox 189 3474 1758 3548">
    <p class='ocr_par' dir='ltr' id='par_1_63' title="bbox 189 3474 1758 3548">
     <span class='ocr_line' id='line_1_63' title="bbox 189 3474 1758 3548; baseline 0.009 -28"><span class='ocrx_word' id='word_1_484' title='bbox 189 3482 306 3536; x_wconf 68' lang='lat' dir='ltr'><strong>quae</strong></span> <span class='ocrx_word' id='word_1_485' title='bbox 321 3480 628 3539; x_wconf 84' lang='lat' dir='ltr'><strong>sequuntur.</strong></span> <span class='ocrx_word' id='word_1_486' title='bbox 645 3474 711 3527; x_wconf 83' lang='lat' dir='ltr'><strong>Et</strong></span> <span class='ocrx_word' id='word_1_487' title='bbox 733 3484 929 3530; x_wconf 88' lang='lat' dir='ltr'><strong>utvera</strong></span> <span class='ocrx_word' id='word_1_488' title='bbox 946 3491 1066 3531; x_wconf 90' lang='lat' dir='ltr'><strong>esse</strong></span> <span class='ocrx_word' id='word_1_489' title='bbox 1084 3477 1368 3532; x_wconf 89' lang='lat' dir='ltr'><strong>crederent</strong></span> <span class='ocrx_word' id='word_1_490' title='bbox 1382 3480 1565 3548; x_wconf 69' lang='lat' dir='ltr'><strong>quaain</strong></span> <span class='ocrx_word' id='word_1_491' title='bbox 1580 3479 1758 3536; x_wconf 90' lang='lat' dir='ltr'><strong>verbis</strong></span> 
     </span>
    </p>
   </div>
   <div class='ocr_carea' id='block_1_64' title="bbox 186 3563 1755 3642">
    <p class='ocr_par' dir='ltr' id='par_1_64' title="bbox 186 3563 1755 3642">
     <span class='ocr_line' id='line_1_64' title="bbox 186 3563 1755 3642; baseline 0.008 -27"><span class='ocrx_word' id='word_1_492' title='bbox 186 3563 481 3629; x_wconf 87' lang='lat' dir='ltr'><strong>audierant,</strong></span> <span class='ocrx_word' id='word_1_493' title='bbox 502 3578 891 3637; x_wconf 91' lang='lat' dir='ltr'><strong>consequenter</strong></span> <span class='ocrx_word' id='word_1_494' title='bbox 917 3569 1241 3626; x_wconf 73' lang='lat' dir='ltr'><strong>miraculum</strong></span> <span class='ocrx_word' id='word_1_495' title='bbox 1272 3570 1562 3642; x_wconf 89' lang='lat' dir='ltr'><strong>adjuugere</strong></span> <span class='ocrx_word' id='word_1_496' title='bbox 1592 3589 1755 3628; x_wconf 83' lang='lat' dir='ltr'><strong>cura-</strong></span> 
     </span>
    </p>
   </div>
   <div class='ocr_carea' id='block_1_65' title="bbox 185 3654 1757 3727">
    <p class='ocr_par' dir='ltr' id='par_1_65' title="bbox 185 3654 1757 3727">
     <span class='ocr_line' id='line_1_65' title="bbox 185 3654 1757 3727; baseline 0.008 -22"><span class='ocrx_word' id='word_1_497' title='bbox 185 3654 295 3719; x_wconf 87' lang='lat' dir='ltr'><strong>vit,</strong></span> <span class='ocrx_word' id='word_1_498' title='bbox 340 3656 523 3711; x_wconf 90' lang='lat' dir='ltr'><strong>dicens</strong></span> <span class='ocrx_word' id='word_1_499' title='bbox 553 3676 565 3711; x_wconf 90' lang='lat'><strong>:</strong></span> <span class='ocrx_word' id='word_1_500' title='bbox 605 3677 623 3709; x_wconf 79' lang='grc' dir='ltr'><strong>ι</strong></span> <span class='ocrx_word' id='word_1_501' title='bbox 651 3657 719 3711; x_wconf 82' lang='grc' dir='ltr'>Ει</span> <span class='ocrx_word' id='word_1_502' title='bbox 746 3658 1108 3715; x_wconf 89' lang='lat' dir='ltr'><strong>descendente</strong></span> <span class='ocrx_word' id='word_1_503' title='bbox 1132 3676 1197 3715; x_wconf 91' lang='lat' dir='ltr'><strong>eo</strong></span> <span class='ocrx_word' id='word_1_504' title='bbox 1227 3662 1291 3715; x_wconf 84' lang='lat' dir='ltr'><strong>de</strong></span> <span class='ocrx_word' id='word_1_505' title='bbox 1322 3672 1533 3727; x_wconf 88' lang='lat' dir='ltr'><strong>monte,</strong></span> <span class='ocrx_word' id='word_1_506' title='bbox 1559 3671 1757 3718; x_wconf 67' lang='lat' dir='ltr'><strong>secutae</strong></span> 
     </span>
    </p>
   </div>
   <div class='ocr_carea' id='block_1_66' title="bbox 186 3748 1754 3821">
    <p class='ocr_par' dir='ltr' id='par_1_66' title="bbox 186 3748 1754 3821">
     <span class='ocr_line' id='line_1_66' title="bbox 186 3748 1754 3821; baseline 0.005 -21"><span class='ocrx_word' id='word_1_507' title='bbox 186 3756 300 3800; x_wconf 89' lang='lat' dir='ltr'><strong>sunt</strong></span> <span class='ocrx_word' id='word_1_508' title='bbox 326 3762 446 3802; x_wconf 92' lang='lat' dir='ltr'><strong>eum</strong></span> <span class='ocrx_word' id='word_1_509' title='bbox 475 3748 647 3805; x_wconf 63' lang='lat' dir='ltr'><strong>turbae</strong></span> <span class='ocrx_word' id='word_1_510' title='bbox 679 3750 879 3806; x_wconf 67' lang='lat' dir='ltr'><strong>multm.</strong></span> <span class='ocrx_word' id='word_1_511' title='bbox 916 3773 934 3802; x_wconf 76' lang='grc' dir='ltr'><strong>ι</strong></span> <span class='ocrx_word' id='word_1_512' title='bbox 971 3751 1073 3808; x_wconf 90' lang='lat' dir='ltr'><strong>Ubi</strong></span> <span class='ocrx_word' id='word_1_513' title='bbox 1101 3752 1453 3821; x_wconf 87' lang='lat' dir='ltr'><strong>spiritualiter</strong></span> <span class='ocrx_word' id='word_1_514' title='bbox 1483 3763 1754 3818; x_wconf 88' lang='lat' dir='ltr'><strong>montem,</strong></span> 
     </span>
    </p>
   </div>
   <div class='ocr_carea' id='block_1_67' title="bbox 191 3832 1755 3918">
    <p class='ocr_par' dir='ltr' id='par_1_67' title="bbox 191 3832 1755 3918">
     <span class='ocr_line' id='line_1_67' title="bbox 191 3832 1755 3918; baseline 0.006 -26"><span class='ocrx_word' id='word_1_515' title='bbox 191 3840 234 3893; x_wconf 88' lang='lat' dir='ltr'><strong>in</strong></span> <span class='ocrx_word' id='word_1_516' title='bbox 263 3856 365 3910; x_wconf 89' lang='lat' dir='ltr'><strong>quo</strong></span> <span class='ocrx_word' id='word_1_517' title='bbox 392 3843 657 3900; x_wconf 91' lang='lat' dir='ltr'><strong>Dominus</strong></span> <span class='ocrx_word' id='word_1_518' title='bbox 689 3847 856 3912; x_wconf 88' lang='lat' dir='ltr'><strong>sedit,</strong></span> <span class='ocrx_word' id='word_1_519' title='bbox 885 3847 1079 3902; x_wconf 59' lang='lat' dir='ltr'><strong>caelum</strong></span> <span class='ocrx_word' id='word_1_520' title='bbox 1106 3832 1403 3918; x_wconf 84' lang='lat' dir='ltr'><strong>intelligere</strong></span> <span class='ocrx_word' id='word_1_521' title='bbox 1433 3863 1720 3918; x_wconf 88' lang='lat' dir='ltr'><strong>possumus</strong></span> <span class='ocrx_word' id='word_1_522' title='bbox 1739 3889 1755 3915; x_wconf 94' lang='lat'><strong>,</strong></span> 
     </span>
    </p>
   </div>
   <div class='ocr_carea' id='block_1_68' title="bbox 197 3929 1753 4009">
    <p class='ocr_par' dir='ltr' id='par_1_68' title="bbox 197 3929 1753 4009">
     <span class='ocr_line' id='line_1_68' title="bbox 197 3929 1753 4009; baseline 0.007 -27"><span class='ocrx_word' id='word_1_523' title='bbox 197 3929 237 3984; x_wconf 92' lang='lat' dir='ltr'><strong>in</strong></span> <span class='ocrx_word' id='word_1_524' title='bbox 256 3948 357 4001; x_wconf 89' lang='lat' dir='ltr'><strong>quo</strong></span> <span class='ocrx_word' id='word_1_525' title='bbox 377 3950 503 3990; x_wconf 91' lang='lat' dir='ltr'><strong>cum</strong></span> <span class='ocrx_word' id='word_1_526' title='bbox 530 3935 691 3990; x_wconf 81' lang='lat' dir='ltr'><strong>Patre</strong></span> <span class='ocrx_word' id='word_1_527' title='bbox 716 3939 945 4004; x_wconf 89' lang='lat' dir='ltr'><strong>mansit,</strong></span> <span class='ocrx_word' id='word_1_528' title='bbox 987 3948 1043 3993; x_wconf 92' lang='lat' dir='ltr'><strong>et</strong></span> <span class='ocrx_word' id='word_1_529' title='bbox 1065 3948 1248 3993; x_wconf 90' lang='lat' dir='ltr'><strong>manet</strong></span> <span class='ocrx_word' id='word_1_530' title='bbox 1272 3954 1487 4008; x_wconf 89' lang='lat' dir='ltr'><strong>semper</strong></span> <span class='ocrx_word' id='word_1_531' title='bbox 1510 3940 1753 4009; x_wconf 61' lang='lat' dir='ltr'><strong>aequalis.</strong></span> 
     </span>
    </p>
   </div>
   <div class='ocr_carea' id='block_1_69' title="bbox 195 4021 1755 4101">
    <p class='ocr_par' dir='ltr' id='par_1_69' title="bbox 195 4021 1755 4101">
     <span class='ocr_line' id='line_1_69' title="bbox 195 4021 1755 4101; baseline 0.006 -25"><span class='ocrx_word' id='word_1_532' title='bbox 195 4021 322 4080; x_wconf 88' lang='lat' dir='ltr'><strong>Tunc</strong></span> <span class='ocrx_word' id='word_1_533' title='bbox 346 4034 530 4082; x_wconf 90' lang='lat' dir='ltr'><strong>autem</strong></span> <span class='ocrx_word' id='word_1_534' title='bbox 553 4027 621 4083; x_wconf 90' lang='lat' dir='ltr'><strong>de</strong></span> <span class='ocrx_word' id='word_1_535' title='bbox 644 4037 828 4084; x_wconf 88' lang='lat' dir='ltr'><strong>monte</strong></span> <span class='ocrx_word' id='word_1_536' title='bbox 850 4030 1148 4095; x_wconf 90' lang='lat' dir='ltr'><strong>descendit,</strong></span> <span class='ocrx_word' id='word_1_537' title='bbox 1172 4031 1390 4099; x_wconf 78' lang='lat' dir='ltr'><strong>qaando</strong></span> <span class='ocrx_word' id='word_1_538' title='bbox 1416 4039 1636 4101; x_wconf 83' lang='lat' dir='ltr'><strong>prOpter</strong></span> <span class='ocrx_word' id='word_1_539' title='bbox 1658 4047 1755 4087; x_wconf 86' lang='lat' dir='ltr'><strong>nos</strong></span> 
     </span>
    </p>
   </div>
   <div class='ocr_carea' id='block_1_70' title="bbox 191 4123 1755 4194">
    <p class='ocr_par' dir='ltr' id='par_1_70' title="bbox 191 4123 1755 4194">
     <span class='ocr_line' id='line_1_70' title="bbox 191 4123 1755 4194; baseline 0.007 -26"><span class='ocrx_word' id='word_1_540' title='bbox 191 4125 237 4169; x_wconf 88' lang='lat' dir='ltr'><strong>et</strong></span> <span class='ocrx_word' id='word_1_541' title='bbox 275 4128 490 4189; x_wconf 88' lang='lat' dir='ltr'><strong>propter</strong></span> <span class='ocrx_word' id='word_1_542' title='bbox 520 4130 764 4176; x_wconf 88' lang='lat' dir='ltr'><strong>nostram</strong></span> <span class='ocrx_word' id='word_1_543' title='bbox 803 4123 1030 4177; x_wconf 88' lang='lat' dir='ltr'><strong>salutem</strong></span> <span class='ocrx_word' id='word_1_544' title='bbox 1066 4124 1121 4177; x_wconf 92' lang='lat' dir='ltr'><strong>in</strong></span> <span class='ocrx_word' id='word_1_545' title='bbox 1148 4123 1392 4178; x_wconf 87' lang='lat' dir='ltr'><strong>convalle</strong></span> <span class='ocrx_word' id='word_1_546' title='bbox 1437 4124 1755 4194; x_wconf 88' lang='lat' dir='ltr'><strong>plorationis</strong></span> 
     </span>
    </p>
   </div>
   <div class='ocr_carea' id='block_1_71' title="bbox 193 4209 1752 4287">
    <p class='ocr_par' dir='ltr' id='par_1_71' title="bbox 193 4209 1752 4287">
     <span class='ocr_line' id='line_1_71' title="bbox 193 4209 1752 4287; baseline 0.009 -29"><span class='ocrx_word' id='word_1_547' title='bbox 193 4209 421 4276; x_wconf 86' lang='lat' dir='ltr'><strong>veniens,</strong></span> <span class='ocrx_word' id='word_1_548' title='bbox 468 4210 863 4275; x_wconf 87' lang='lat' dir='ltr'><strong>humanitatem</strong></span> <span class='ocrx_word' id='word_1_549' title='bbox 905 4223 1144 4269; x_wconf 87' lang='lat' dir='ltr'><strong>nostram</strong></span> <span class='ocrx_word' id='word_1_550' title='bbox 1190 4218 1509 4287; x_wconf 89' lang='lat' dir='ltr'><strong>assumpsit,</strong></span> <span class='ocrx_word' id='word_1_551' title='bbox 1560 4211 1621 4272; x_wconf 80' lang='lat' dir='ltr'><strong>ut</strong></span> <span class='ocrx_word' id='word_1_552' title='bbox 1661 4219 1752 4287; x_wconf 90' lang='lat' dir='ltr'><strong>qui</strong></span> 
     </span>
    </p>
   </div>
   <div class='ocr_carea' id='block_1_72' title="bbox 193 4295 1757 4376">
    <p class='ocr_par' dir='ltr' id='par_1_72' title="bbox 193 4295 1757 4376">
     <span class='ocr_line' id='line_1_72' title="bbox 193 4295 1757 4376; baseline 0.009 -26"><span class='ocrx_word' id='word_1_553' title='bbox 193 4295 457 4356; x_wconf 85' lang='lat' dir='ltr'><strong>invisibilis</strong></span> <span class='ocrx_word' id='word_1_554' title='bbox 472 4304 657 4358; x_wconf 87' lang='lat' dir='ltr'><strong>eratin</strong></span> <span class='ocrx_word' id='word_1_555' title='bbox 673 4305 809 4371; x_wconf 89' lang='lat' dir='ltr'><strong>suis,</strong></span> <span class='ocrx_word' id='word_1_556' title='bbox 823 4305 1050 4361; x_wconf 89' lang='lat' dir='ltr'><strong>visibilis</strong></span> <span class='ocrx_word' id='word_1_557' title='bbox 1074 4317 1358 4376; x_wconf 87' lang='lat' dir='ltr'><strong>appareret</strong></span> <span class='ocrx_word' id='word_1_558' title='bbox 1381 4309 1435 4362; x_wconf 90' lang='lat' dir='ltr'><strong>in</strong></span> <span class='ocrx_word' id='word_1_559' title='bbox 1455 4310 1683 4364; x_wconf 86' lang='lat' dir='ltr'><strong>nostris:</strong></span> <span class='ocrx_word' id='word_1_560' title='bbox 1702 4319 1757 4364; x_wconf 91' lang='lat' dir='ltr'><strong>et</strong></span> 
     </span>
    </p>
   </div>
   <div class='ocr_carea' id='block_1_73' title="bbox 193 4396 1754 4466">
    <p class='ocr_par' dir='ltr' id='par_1_73' title="bbox 193 4396 1754 4466">
     <span class='ocr_line' id='line_1_73' title="bbox 193 4396 1754 4466; baseline 0.01 -25"><span class='ocrx_word' id='word_1_561' title='bbox 193 4400 332 4456; x_wconf 82' lang='lat' dir='ltr'><strong>quem</strong></span> <span class='ocrx_word' id='word_1_562' title='bbox 359 4408 469 4448; x_wconf 91' lang='lat' dir='ltr'><strong>non</strong></span> <span class='ocrx_word' id='word_1_563' title='bbox 495 4406 810 4463; x_wconf 89' lang='lat' dir='ltr'><strong>poteramus</strong></span> <span class='ocrx_word' id='word_1_564' title='bbox 826 4396 1009 4454; x_wconf 78' lang='lat' dir='ltr'><strong>videre</strong></span> <span class='ocrx_word' id='word_1_565' title='bbox 1045 4398 1099 4451; x_wconf 90' lang='lat' dir='ltr'><strong>in</strong></span> <span class='ocrx_word' id='word_1_566' title='bbox 1127 4415 1223 4453; x_wconf 89' lang='lat' dir='ltr'><strong>sua</strong></span> <span class='ocrx_word' id='word_1_567' title='bbox 1240 4400 1541 4466; x_wconf 87' lang='lat' dir='ltr'><strong>altitudine,</strong></span> <span class='ocrx_word' id='word_1_568' title='bbox 1562 4401 1754 4457; x_wconf 87' lang='lat' dir='ltr'><strong>saltem</strong></span> 
     </span>
    </p>
   </div>
   <div class='ocr_carea' id='block_1_74' title="bbox 194 4488 1754 4561">
    <p class='ocr_par' dir='ltr' id='par_1_74' title="bbox 194 4488 1754 4561">
     <span class='ocr_line' id='line_1_74' title="bbox 194 4488 1754 4561; baseline 0.012 -30"><span class='ocrx_word' id='word_1_569' title='bbox 194 4491 622 4549; x_wconf 85' lang='lat' dir='ltr'><strong>cognosceremus</strong></span> <span class='ocrx_word' id='word_1_570' title='bbox 668 4488 725 4542; x_wconf 91' lang='lat' dir='ltr'><strong>in</strong></span> <span class='ocrx_word' id='word_1_571' title='bbox 776 4497 962 4544; x_wconf 90' lang='lat' dir='ltr'><strong>nostra</strong></span> <span class='ocrx_word' id='word_1_572' title='bbox 1010 4489 1344 4547; x_wconf 87' lang='lat' dir='ltr'><strong>inﬁrmitate.</strong></span> <span class='ocrx_word' id='word_1_573' title='bbox 1403 4492 1557 4548; x_wconf 92' lang='lat' dir='ltr'><strong>Unde</strong></span> <span class='ocrx_word' id='word_1_574' title='bbox 1599 4492 1754 4561; x_wconf 84' lang='lat' dir='ltr'><strong>juxta</strong></span> 
     </span>
    </p>
   </div>
   <div class='ocr_carea' id='block_1_75' title="bbox 1860 3381 3446 3468">
    <p class='ocr_par' dir='ltr' id='par_1_75' title="bbox 1860 3381 3446 3468">
     <span class='ocr_line' id='line_1_75' title="bbox 1860 3381 3446 3468; baseline 0.017 -35"><span class='ocrx_word' id='word_1_575' title='bbox 1860 3381 2031 3447; x_wconf 87' lang='lat' dir='ltr'><strong>deret,</strong></span> <span class='ocrx_word' id='word_1_576' title='bbox 2060 3400 2157 3438; x_wconf 89' lang='lat' dir='ltr'><strong>nec</strong></span> <span class='ocrx_word' id='word_1_577' title='bbox 2186 3387 2558 3457; x_wconf 80' lang='lat' dir='ltr'><strong>despiciendas</strong></span> <span class='ocrx_word' id='word_1_578' title='bbox 2585 3397 2862 3462; x_wconf 86' lang='lat' dir='ltr'><strong>proximos</strong></span> <span class='ocrx_word' id='word_1_579' title='bbox 2896 3409 3118 3468; x_wconf 86' lang='lat' dir='ltr'><strong>propter</strong></span> <span class='ocrx_word' id='word_1_580' title='bbox 3142 3404 3446 3460; x_wconf 90' lang='lat' dir='ltr'><strong>debilitates</strong></span> 
     </span>
    </p>
   </div>
   <div class='ocr_carea' id='block_1_76' title="bbox 1861 3471 3442 3557">
    <p class='ocr_par' dir='ltr' id='par_1_76' title="bbox 1861 3471 3442 3557">
     <span class='ocr_line' id='line_1_76' title="bbox 1861 3471 3442 3557; baseline 0.015 -32"><span class='ocrx_word' id='word_1_581' title='bbox 1861 3471 2070 3541; x_wconf 88' lang='lat' dir='ltr'><strong>aliquas</strong></span> <span class='ocrx_word' id='word_1_582' title='bbox 2096 3476 2413 3533; x_wconf 81' lang='lat' dir='ltr'><strong>declararet.</strong></span> <span class='ocrx_word' id='word_1_583' title='bbox 2449 3482 2652 3538; x_wconf 85' lang='lat' dir='ltr'><strong>Deinde</strong></span> <span class='ocrx_word' id='word_1_584' title='bbox 2670 3525 2684 3549; x_wconf 91' lang='lat'><strong>,</strong></span> <span class='ocrx_word' id='word_1_585' title='bbox 2719 3498 2777 3539; x_wconf 88' lang='lat' dir='ltr'><strong>ut</strong></span> <span class='ocrx_word' id='word_1_586' title='bbox 2806 3504 2912 3542; x_wconf 88' lang='lat' dir='ltr'><strong>non</strong></span> <span class='ocrx_word' id='word_1_587' title='bbox 2941 3504 3189 3557; x_wconf 89' lang='lat' dir='ltr'><strong>servum,</strong></span> <span class='ocrx_word' id='word_1_588' title='bbox 3214 3495 3307 3547; x_wconf 90' lang='lat' dir='ltr'><strong>sed</strong></span> <span class='ocrx_word' id='word_1_589' title='bbox 3337 3494 3442 3549; x_wconf 86' lang='lat' dir='ltr'><strong>Do—</strong></span> 
     </span>
    </p>
   </div>
   <div class='ocr_carea' id='block_1_77' title="bbox 1860 3566 3442 3652">
    <p class='ocr_par' dir='ltr' id='par_1_77' title="bbox 1860 3566 3442 3652">
     <span class='ocr_line' id='line_1_77' title="bbox 1860 3566 3442 3652; baseline 0.016 -34"><span class='ocrx_word' id='word_1_590' title='bbox 1860 3566 2070 3622; x_wconf 89' lang='lat' dir='ltr'><strong>minum</strong></span> <span class='ocrx_word' id='word_1_591' title='bbox 2098 3568 2232 3641; x_wconf 89' lang='lat' dir='ltr'><strong>legis</strong></span> <span class='ocrx_word' id='word_1_592' title='bbox 2255 3587 2315 3627; x_wconf 93' lang='lat' dir='ltr'><strong>se</strong></span> <span class='ocrx_word' id='word_1_593' title='bbox 2334 3590 2454 3629; x_wconf 90' lang='lat' dir='ltr'><strong>esse</strong></span> <span class='ocrx_word' id='word_1_594' title='bbox 2480 3578 2823 3648; x_wconf 88' lang='lat' dir='ltr'><strong>ostenderet,</strong></span> <span class='ocrx_word' id='word_1_595' title='bbox 2865 3584 2956 3652; x_wconf 91' lang='lat' dir='ltr'><strong>qui</strong></span> <span class='ocrx_word' id='word_1_596' title='bbox 2997 3598 3118 3638; x_wconf 91' lang='lat' dir='ltr'><strong>cum</strong></span> <span class='ocrx_word' id='word_1_597' title='bbox 3145 3588 3442 3644; x_wconf 88' lang='lat' dir='ltr'><strong>secundum</strong></span> 
     </span>
    </p>
   </div>
   <div class='ocr_carea' id='block_1_78' title="bbox 1857 3652 3443 3748">
    <p class='ocr_par' dir='ltr' id='par_1_78' title="bbox 1857 3652 3443 3748">
     <span class='ocr_line' id='line_1_78' title="bbox 1857 3652 3443 3748; baseline 0.017 -41"><span class='ocrx_word' id='word_1_598' title='bbox 1857 3652 2033 3723; x_wconf 88' lang='lat' dir='ltr'><strong>legem</strong></span> <span class='ocrx_word' id='word_1_599' title='bbox 2077 3659 2413 3729; x_wconf 88' lang='lat' dir='ltr'><strong>ambularet,</strong></span> <span class='ocrx_word' id='word_1_600' title='bbox 2456 3666 2619 3721; x_wconf 87' lang='lat' dir='ltr'><strong>etiam</strong></span> <span class='ocrx_word' id='word_1_601' title='bbox 2666 3684 2829 3740; x_wconf 87' lang='lat' dir='ltr'><strong>supra</strong></span> <span class='ocrx_word' id='word_1_602' title='bbox 2870 3672 3043 3743; x_wconf 89' lang='lat' dir='ltr'><strong>legem</strong></span> <span class='ocrx_word' id='word_1_603' title='bbox 3093 3691 3443 3748; x_wconf 91' lang='lat' dir='ltr'><strong>quoscunque</strong></span> 
     </span>
    </p>
   </div>
   <div class='ocr_carea' id='block_1_79' title="bbox 1856 3749 3442 3836">
    <p class='ocr_par' dir='ltr' id='par_1_79' title="bbox 1856 3749 3442 3836">
     <span class='ocr_line' id='line_1_79' title="bbox 1856 3749 3442 3836; baseline 0.016 -34"><span class='ocrx_word' id='word_1_604' title='bbox 1856 3749 2047 3812; x_wconf 88' lang='lat' dir='ltr'><strong>vellet,</strong></span> <span class='ocrx_word' id='word_1_605' title='bbox 2081 3753 2390 3813; x_wconf 89' lang='lat' dir='ltr'><strong>mundaret.</strong></span> <span class='ocrx_word' id='word_1_606' title='bbox 2424 3757 2574 3826; x_wconf 84' lang='lat' dir='ltr'><strong>Quod</strong></span> <span class='ocrx_word' id='word_1_607' title='bbox 2622 3772 2800 3818; x_wconf 88' lang='lat' dir='ltr'><strong>autem</strong></span> <span class='ocrx_word' id='word_1_608' title='bbox 2850 3766 2968 3820; x_wconf 81' lang='lat' dir='ltr'><strong>ait:</strong></span> <span class='ocrx_word' id='word_1_609' title='bbox 3003 3786 3021 3818; x_wconf 87' lang='grc'><strong>‹</strong></span> <span class='ocrx_word' id='word_1_610' title='bbox 3064 3769 3229 3836; x_wconf 80' lang='lat' dir='ltr'><strong>Volo,</strong></span> <span class='ocrx_word' id='word_1_611' title='bbox 3280 3788 3442 3827; x_wconf 82' lang='lat' dir='ltr'><strong>mun-</strong></span> 
     </span>
    </p>
   </div>
   <div class='ocr_carea' id='block_1_80' title="bbox 1859 3841 3442 3937">
    <p class='ocr_par' dir='ltr' id='par_1_80' title="bbox 1859 3841 3442 3937">
     <span class='ocr_line' id='line_1_80' title="bbox 1859 3841 3442 3937; baseline 0.015 -42"><span class='ocrx_word' id='word_1_612' title='bbox 1859 3841 2007 3907; x_wconf 83' lang='lat' dir='ltr'><strong>dare,</strong></span> <span class='ocrx_word' id='word_1_613' title='bbox 2044 3863 2061 3895; x_wconf 71' lang='grc' dir='ltr'><strong>ι</strong></span> <span class='ocrx_word' id='word_1_614' title='bbox 2090 3859 2197 3899; x_wconf 91' lang='lat' dir='ltr'><strong>non</strong></span> <span class='ocrx_word' id='word_1_615' title='bbox 2227 3847 2386 3902; x_wconf 90' lang='lat' dir='ltr'><strong>simul</strong></span> <span class='ocrx_word' id='word_1_616' title='bbox 2407 3849 2743 3923; x_wconf 89' lang='lat' dir='ltr'><strong>jungendum</strong></span> <span class='ocrx_word' id='word_1_617' title='bbox 2776 3866 2859 3912; x_wconf 91' lang='lat' dir='ltr'><strong>est</strong></span> <span class='ocrx_word' id='word_1_618' title='bbox 2886 3859 3274 3937; x_wconf 44' lang='lat' dir='ltr'><strong>et.legendum,</strong></span> <span class='ocrx_word' id='word_1_619' title='bbox 3307 3864 3442 3920; x_wconf 82' lang='lat' dir='ltr'><strong>Volo</strong></span> 
     </span>
    </p>
   </div>
   <div class='ocr_carea' id='block_1_81' title="bbox 1856 3935 3444 4021">
    <p class='ocr_par' dir='ltr' id='par_1_81' title="bbox 1856 3935 3444 4021">
     <span class='ocr_line' id='line_1_81' title="bbox 1856 3935 3444 4021; baseline 0.016 -34"><span class='ocrx_word' id='word_1_620' title='bbox 1856 3935 2150 4001; x_wconf 89' lang='lat' dir='ltr'><strong>mundare,</strong></span> <span class='ocrx_word' id='word_1_621' title='bbox 2195 3948 2255 3992; x_wconf 92' lang='lat' dir='ltr'><strong>ut</strong></span> <span class='ocrx_word' id='word_1_622' title='bbox 2300 3942 2517 4009; x_wconf 90' lang='lat' dir='ltr'><strong>quidam</strong></span> <span class='ocrx_word' id='word_1_623' title='bbox 2568 3943 2886 4004; x_wconf 83' lang='lat' dir='ltr'><strong>Latinorum</strong></span> <span class='ocrx_word' id='word_1_624' title='bbox 2928 3935 3295 4021; x_wconf 88' lang='lat' dir='ltr'><strong>putaverunt,</strong></span> <span class='ocrx_word' id='word_1_625' title='bbox 3347 3957 3444 4011; x_wconf 91' lang='lat' dir='ltr'><strong>sed</strong></span> 
     </span>
    </p>
   </div>
   <div class='ocr_carea' id='block_1_82' title="bbox 1856 4026 3443 4104">
    <p class='ocr_par' dir='ltr' id='par_1_82' title="bbox 1856 4026 3443 4104">
     <span class='ocr_line' id='line_1_82' title="bbox 1856 4026 3443 4104; baseline 0.017 -27"><span class='ocrx_word' id='word_1_626' title='bbox 1856 4026 2007 4093; x_wconf 85' lang='lat' dir='ltr'><strong>prius</strong></span> <span class='ocrx_word' id='word_1_627' title='bbox 2061 4027 2346 4086; x_wconf 91' lang='lat' dir='ltr'><strong>dicendum</strong></span> <span class='ocrx_word' id='word_1_628' title='bbox 2394 4052 2413 4083; x_wconf 82' lang='grc' dir='ltr'><strong>ι</strong></span> <span class='ocrx_word' id='word_1_629' title='bbox 2452 4032 2620 4101; x_wconf 88' lang='lat' dir='ltr'><strong>Volo,</strong></span> <span class='ocrx_word' id='word_1_630' title='bbox 2663 4058 2679 4089; x_wconf 73' lang='grc' dir='ltr'><strong>ι</strong></span> <span class='ocrx_word' id='word_1_631' title='bbox 2735 4041 2926 4098; x_wconf 87' lang='lat' dir='ltr'><strong>deinde</strong></span> <span class='ocrx_word' id='word_1_632' title='bbox 2975 4044 3314 4101; x_wconf 82' lang='lat' dir='ltr'><strong>inferendum</strong></span> <span class='ocrx_word' id='word_1_633' title='bbox 3359 4058 3443 4104; x_wconf 90' lang='lat' dir='ltr'><strong>est</strong></span> 
     </span>
    </p>
   </div>
   <div class='ocr_carea' id='block_1_83' title="bbox 1863 4119 3437 4211">
    <p class='ocr_par' dir='ltr' id='par_1_83' title="bbox 1863 4119 3437 4211">
     <span class='ocr_line' id='line_1_83' title="bbox 1863 4119 3437 4211; baseline 0.018 -45"><span class='ocrx_word' id='word_1_634' title='bbox 1863 4134 1881 4165; x_wconf 75' lang='grc' dir='ltr'><strong>ι</strong></span> <span class='ocrx_word' id='word_1_635' title='bbox 1914 4119 2193 4174; x_wconf 88' lang='lat' dir='ltr'><strong>mundare.</strong></span> <span class='ocrx_word' id='word_1_636' title='bbox 2223 4143 2244 4170; x_wconf 69' lang='grc' dir='ltr'><strong>ι</strong></span> <span class='ocrx_word' id='word_1_637' title='bbox 2278 4123 2356 4177; x_wconf 86' lang='lat' dir='ltr'><strong>Ad</strong></span> <span class='ocrx_word' id='word_1_638' title='bbox 2383 4125 2589 4196; x_wconf 86' lang='lat' dir='ltr'><strong>singula</strong></span> <span class='ocrx_word' id='word_1_639' title='bbox 2613 4146 2743 4200; x_wconf 85' lang='lat' dir='ltr'><strong>ergo</strong></span> <span class='ocrx_word' id='word_1_640' title='bbox 2774 4134 2937 4188; x_wconf 89' lang='lat' dir='ltr'><strong>verba</strong></span> <span class='ocrx_word' id='word_1_641' title='bbox 2991 4136 3189 4207; x_wconf 89' lang='lat' dir='ltr'><strong>leprosi</strong></span> <span class='ocrx_word' id='word_1_642' title='bbox 3228 4140 3437 4211; x_wconf 84' lang='lat' dir='ltr'><strong>singula</strong></span> 
     </span>
    </p>
   </div>
   <div class='ocr_carea' id='block_1_84' title="bbox 1860 4209 3437 4289">
    <p class='ocr_par' dir='ltr' id='par_1_84' title="bbox 1860 4209 3437 4289">
     <span class='ocr_line' id='line_1_84' title="bbox 1860 4209 3437 4289; baseline 0.016 -28"><span class='ocrx_word' id='word_1_643' title='bbox 1860 4209 2121 4265; x_wconf 76' lang='lat' dir='ltr'><strong>Dominus</strong></span> <span class='ocrx_word' id='word_1_644' title='bbox 2163 4216 2458 4285; x_wconf 89' lang='lat' dir='ltr'><strong>respondit.</strong></span> <span class='ocrx_word' id='word_1_645' title='bbox 2506 4218 2777 4289; x_wconf 86' lang='lat' dir='ltr'><strong>Leprosus</strong></span> <span class='ocrx_word' id='word_1_646' title='bbox 2811 4225 2955 4280; x_wconf 88' lang='lat' dir='ltr'><strong>enim</strong></span> <span class='ocrx_word' id='word_1_647' title='bbox 2997 4227 3246 4283; x_wconf 85' lang='lat' dir='ltr'><strong>dixerat:</strong></span> <span class='ocrx_word' id='word_1_648' title='bbox 3277 4249 3295 4281; x_wconf 86' lang='grc' dir='ltr'><strong>ι</strong></span> <span class='ocrx_word' id='word_1_649' title='bbox 3324 4209 3437 4286; x_wconf 86' lang='lat' dir='ltr'><strong>Do-</strong></span> 
     </span>
    </p>
   </div>
   <div class='ocr_carea' id='block_1_85' title="bbox 1857 4300 3439 4391">
    <p class='ocr_par' dir='ltr' id='par_1_85' title="bbox 1857 4300 3439 4391">
     <span class='ocr_line' id='line_1_85' title="bbox 1857 4300 3439 4391; baseline 0.016 -40"><span class='ocrx_word' id='word_1_650' title='bbox 1857 4300 2022 4365; x_wconf 88' lang='lat' dir='ltr'><strong>mine,</strong></span> <span class='ocrx_word' id='word_1_651' title='bbox 2056 4301 2100 4355; x_wconf 91' lang='lat' dir='ltr'><strong>si</strong></span> <span class='ocrx_word' id='word_1_652' title='bbox 2131 4303 2229 4357; x_wconf 91' lang='lat' dir='ltr'><strong>vis.</strong></span> <span class='ocrx_word' id='word_1_653' title='bbox 2268 4324 2291 4356; x_wconf 72' lang='grc' dir='ltr'><strong>ι</strong></span> <span class='ocrx_word' id='word_1_654' title='bbox 2322 4304 2581 4364; x_wconf 91' lang='lat' dir='ltr'><strong>Dominus</strong></span> <span class='ocrx_word' id='word_1_655' title='bbox 2606 4315 2920 4383; x_wconf 90' lang='lat' dir='ltr'><strong>respondit:</strong></span> <span class='ocrx_word' id='word_1_656' title='bbox 2957 4337 2975 4368; x_wconf 88' lang='grc'><strong>‹</strong></span> <span class='ocrx_word' id='word_1_657' title='bbox 3007 4316 3161 4375; x_wconf 83' lang='lat' dir='ltr'><strong>Volo.</strong></span> <span class='ocrx_word' id='word_1_658' title='bbox 3193 4340 3212 4372; x_wconf 74' lang='grc' dir='ltr'><strong>ι</strong></span> <span class='ocrx_word' id='word_1_659' title='bbox 3238 4320 3439 4391; x_wconf 81' lang='lat' dir='ltr'><strong>Lepro-</strong></span> 
     </span>
    </p>
   </div>
   <div class='ocr_carea' id='block_1_86' title="bbox 1856 4389 3436 4479">
    <p class='ocr_par' dir='ltr' id='par_1_86' title="bbox 1856 4389 3436 4479">
     <span class='ocr_line' id='line_1_86' title="bbox 1856 4389 3436 4479; baseline 0.011 -34"><span class='ocrx_word' id='word_1_660' title='bbox 1856 4407 1949 4445; x_wconf 87' lang='lat' dir='ltr'><strong>sus</strong></span> <span class='ocrx_word' id='word_1_661' title='bbox 1982 4392 2207 4457; x_wconf 83' lang='lat' dir='ltr'><strong>dixerat,</strong></span> <span class='ocrx_word' id='word_1_662' title='bbox 2244 4413 2262 4446; x_wconf 80' lang='grc' dir='ltr'><strong>ι</strong></span> <span class='ocrx_word' id='word_1_663' title='bbox 2294 4389 2455 4453; x_wconf 81' lang='lat' dir='ltr'><strong>Potes</strong></span> <span class='ocrx_word' id='word_1_664' title='bbox 2482 4403 2759 4458; x_wconf 86' lang='lat' dir='ltr'><strong>mundare.</strong></span> <span class='ocrx_word' id='word_1_665' title='bbox 2793 4426 2813 4458; x_wconf 86' lang='grc'>›</span> <span class='ocrx_word' id='word_1_666' title='bbox 2848 4407 3105 4465; x_wconf 90' lang='lat' dir='ltr'><strong>Dominus</strong></span> <span class='ocrx_word' id='word_1_667' title='bbox 3140 4389 3436 4479; x_wconf 83' lang='lat' dir='ltr'><strong>respondit,</strong></span> 
     </span>
    </p>
   </div>
   <div class='ocr_carea' id='block_1_87' title="bbox 1864 4482 3434 4560">
    <p class='ocr_par' dir='ltr' id='par_1_87' title="bbox 1864 4482 3434 4560">
     <span class='ocr_line' id='line_1_87' title="bbox 1864 4482 3434 4560; baseline 0.013 -26"><span class='ocrx_word' id='word_1_668' title='bbox 1864 4503 1880 4533; x_wconf 84' lang='grc' dir='ltr'><strong>ι</strong></span> <span class='ocrx_word' id='word_1_669' title='bbox 1919 4482 2195 4552; x_wconf 82' lang='lat' dir='ltr'><strong>Mundare,</strong></span> <span class='ocrx_word' id='word_1_670' title='bbox 2219 4506 2237 4538; x_wconf 78' lang='grc' dir='ltr'><strong>ι</strong></span> <span class='ocrx_word' id='word_1_671' title='bbox 2258 4488 2581 4560; x_wconf 78' lang='lat' dir='ltr'><strong>imperativo</strong></span> <span class='ocrx_word' id='word_1_672' title='bbox 2605 4495 2808 4551; x_wconf 87' lang='lat' dir='ltr'><strong>scilicet</strong></span> <span class='ocrx_word' id='word_1_673' title='bbox 2822 4500 2998 4554; x_wconf 92' lang='lat' dir='ltr'><strong>modo.</strong></span> <span class='ocrx_word' id='word_1_674' title='bbox 3026 4518 3044 4551; x_wconf 81' lang='grc' dir='ltr'><strong>ι</strong></span> <span class='ocrx_word' id='word_1_675' title='bbox 3064 4500 3131 4553; x_wconf 88' lang='grc' dir='ltr'>Ει</span> <span class='ocrx_word' id='word_1_676' title='bbox 3152 4500 3434 4554; x_wconf 84' lang='lat' dir='ltr'><strong>confestim</strong></span> 
     </span>
    </p>
   </div>
   <div class='ocr_carea' id='block_1_88' title="bbox 196 4575 3436 4654">
    <p class='ocr_par' dir='ltr' id='par_1_88' title="bbox 196 4575 3436 4654">
     <span class='ocr_line' id='line_1_88' title="bbox 196 4575 3436 4654; baseline 0.006 -29"><span class='ocrx_word' id='word_1_677' title='bbox 196 4579 462 4637; x_wconf 73' lang='lat' dir='ltr'><strong>congruam</strong></span> <span class='ocrx_word' id='word_1_678' title='bbox 496 4575 783 4642; x_wconf 87' lang='lat' dir='ltr'><strong>rationem,</strong></span> <span class='ocrx_word' id='word_1_679' title='bbox 824 4578 924 4633; x_wconf 87' lang='lat' dir='ltr'><strong>soli</strong></span> <span class='ocrx_word' id='word_1_680' title='bbox 953 4578 1197 4650; x_wconf 71' lang='lat' dir='ltr'><strong>discipuli</strong></span> <span class='ocrx_word' id='word_1_681' title='bbox 1230 4582 1283 4635; x_wconf 85' lang='lat' dir='ltr'><strong>in</strong></span> <span class='ocrx_word' id='word_1_682' title='bbox 1314 4592 1495 4638; x_wconf 61' lang='lat' dir='ltr'><strong>monte</strong></span> <span class='ocrx_word' id='word_1_683' title='bbox 1521 4587 1588 4640; x_wconf 74' lang='lat' dir='ltr'><strong>ad</strong></span> <span class='ocrx_word' id='word_1_684' title='bbox 1628 4602 1750 4642; x_wconf 72' lang='lat' dir='ltr'><strong>eum</strong></span> <span class='ocrx_word' id='word_1_685' title='bbox 1783 4653 1800 4654; x_wconf 18' lang='grc' dir='ltr'>ί</span> <span class='ocrx_word' id='word_1_686' title='bbox 1858 4576 2111 4630; x_wconf 89' lang='lat' dir='ltr'><strong>mundata</strong></span> <span class='ocrx_word' id='word_1_687' title='bbox 2143 4587 2227 4633; x_wconf 90' lang='lat' dir='ltr'><strong>est</strong></span> <span class='ocrx_word' id='word_1_688' title='bbox 2254 4580 2395 4649; x_wconf 88' lang='lat' dir='ltr'><strong>lepra</strong></span> <span class='ocrx_word' id='word_1_689' title='bbox 2428 4584 2563 4654; x_wconf 90' lang='lat' dir='ltr'><strong>ejus.</strong></span> <span class='ocrx_word' id='word_1_690' title='bbox 2591 4607 2608 4637; x_wconf 73' lang='grc' dir='ltr'><strong>ι</strong></span> <span class='ocrx_word' id='word_1_691' title='bbox 2635 4587 2781 4643; x_wconf 86' lang='lat' dir='ltr'><strong>Inter</strong></span> <span class='ocrx_word' id='word_1_692' title='bbox 2806 4590 2987 4645; x_wconf 89' lang='lat' dir='ltr'><strong>dicere</strong></span> <span class='ocrx_word' id='word_1_693' title='bbox 3014 4598 3195 4644; x_wconf 90' lang='lat' dir='ltr'><strong>autem</strong></span> <span class='ocrx_word' id='word_1_694' title='bbox 3222 4592 3436 4647; x_wconf 89' lang='lat' dir='ltr'><strong>Domini</strong></span> 
     </span>
    </p>
   </div>
   <div class='ocr_carea' id='block_1_89' title="bbox 194 4653 3436 4743">
    <p class='ocr_par' dir='ltr' id='par_1_89' title="bbox 194 4653 3436 4743">
     <span class='ocr_line' id='line_1_89' title="bbox 194 4653 3436 4743; baseline 0.014 -50"><span class='ocrx_word' id='word_1_695' title='bbox 194 4668 551 4730; x_wconf 54' lang='lat' dir='ltr'><strong>accesserunt,</strong></span> <span class='ocrx_word' id='word_1_696' title='bbox 584 4667 699 4732; x_wconf 53' lang='lat' dir='ltr'><strong>sed,</strong></span> <span class='ocrx_word' id='word_1_697' title='bbox 743 4682 808 4725; x_wconf 62' lang='lat' dir='ltr'><strong>eo</strong></span> <span class='ocrx_word' id='word_1_698' title='bbox 838 4669 1196 4727; x_wconf 66' lang='lat' dir='ltr'><strong>descendeme</strong></span> <span class='ocrx_word' id='word_1_699' title='bbox 1215 4674 1281 4729; x_wconf 71' lang='lat' dir='ltr'><strong>de</strong></span> <span class='ocrx_word' id='word_1_700' title='bbox 1317 4686 1530 4743; x_wconf 52' lang='lat' dir='ltr'><strong>monte,</strong></span> <span class='ocrx_word' id='word_1_701' title='bbox 1569 4681 1750 4737; x_wconf 50' lang='lat' dir='ltr'><strong>mnum</strong></span> <span class='ocrx_word' id='word_1_702' title='bbox 1778 4653 1831 4713; x_wconf 93' lang='lat' dir='ltr'><strong>D</strong></span> <span class='ocrx_word' id='word_1_703' title='bbox 1855 4675 1910 4720; x_wconf 92' lang='lat' dir='ltr'><strong>et</strong></span> <span class='ocrx_word' id='word_1_704' title='bbox 1937 4666 2137 4734; x_wconf 82' lang='lat' dir='ltr'><strong>facere,</strong></span> <span class='ocrx_word' id='word_1_705' title='bbox 2163 4671 2308 4725; x_wconf 88' lang='lat' dir='ltr'><strong>nulla</strong></span> <span class='ocrx_word' id='word_1_706' title='bbox 2337 4683 2422 4729; x_wconf 89' lang='lat' dir='ltr'><strong>est</strong></span> <span class='ocrx_word' id='word_1_707' title='bbox 2450 4653 2746 4731; x_wconf 75' lang='lat' dir='ltr'><strong>differentia</strong></span> <span class='ocrx_word' id='word_1_708' title='bbox 2780 4698 2790 4731; x_wconf 89' lang='lat'><strong>:</strong></span> <span class='ocrx_word' id='word_1_709' title='bbox 2830 4700 2849 4729; x_wconf 88' lang='grc'><em>‹</em></span> <span class='ocrx_word' id='word_1_710' title='bbox 2882 4680 3026 4734; x_wconf 89' lang='lat' dir='ltr'><strong>Dixit</strong></span> <span class='ocrx_word' id='word_1_711' title='bbox 3051 4681 3191 4736; x_wconf 91' lang='lat' dir='ltr'><strong>enim</strong></span> <span class='ocrx_word' id='word_1_712' title='bbox 3214 4692 3269 4737; x_wconf 91' lang='lat' dir='ltr'><strong>et</strong></span> <span class='ocrx_word' id='word_1_713' title='bbox 3291 4683 3436 4739; x_wconf 78' lang='lat' dir='ltr'><strong>facta</strong></span> 
     </span>
    </p>
   </div>
   <div class='ocr_carea' id='block_1_90' title="bbox 196 4748 1749 4829">
    <p class='ocr_par' dir='ltr' id='par_1_90' title="bbox 196 4748 1749 4829">
     <span class='ocr_line' id='line_1_90' title="bbox 196 4748 1749 4829; baseline 0.015 -29"><span class='ocrx_word' id='word_1_714' title='bbox 196 4748 343 4806; x_wconf 66' lang='lat' dir='ltr'><strong>turba:</strong></span> <span class='ocrx_word' id='word_1_715' title='bbox 377 4761 581 4809; x_wconf 70' lang='lat' dir='ltr'><strong>secutae</strong></span> <span class='ocrx_word' id='word_1_716' title='bbox 625 4766 752 4810; x_wconf 88' lang='lat' dir='ltr'><strong>sunt</strong></span> <span class='ocrx_word' id='word_1_717' title='bbox 780 4772 903 4812; x_wconf 87' lang='lat' dir='ltr'><strong>eum</strong></span> <span class='ocrx_word' id='word_1_718' title='bbox 932 4774 947 4812; x_wconf 92' lang='lat'><strong>:</strong></span> <span class='ocrx_word' id='word_1_719' title='bbox 979 4760 1104 4829; x_wconf 88' lang='lat' dir='ltr'><strong>quia</strong></span> <span class='ocrx_word' id='word_1_720' title='bbox 1141 4772 1266 4818; x_wconf 90' lang='lat' dir='ltr'><strong>ante</strong></span> <span class='ocrx_word' id='word_1_721' title='bbox 1302 4780 1456 4820; x_wconf 87' lang='lat' dir='ltr'><strong>suam</strong></span> <span class='ocrx_word' id='word_1_722' title='bbox 1494 4768 1749 4823; x_wconf 89' lang='lat' dir='ltr'><strong>incarna-</strong></span> 
     </span>
    </p>
   </div>
   <div class='ocr_carea' id='block_1_91' title="bbox 194 4838 1751 4924">
    <p class='ocr_par' dir='ltr' id='par_1_91' title="bbox 194 4838 1751 4924">
     <span class='ocr_line' id='line_1_91' title="bbox 194 4838 1751 4924; baseline 0.017 -34"><span class='ocrx_word' id='word_1_723' title='bbox 194 4838 370 4899; x_wconf 84' lang='lat' dir='ltr'><strong>tionem</strong></span> <span class='ocrx_word' id='word_1_724' title='bbox 403 4855 568 4904; x_wconf 90' lang='lat' dir='ltr'><strong>notus</strong></span> <span class='ocrx_word' id='word_1_725' title='bbox 598 4848 652 4904; x_wconf 91' lang='lat' dir='ltr'><strong>in</strong></span> <span class='ocrx_word' id='word_1_726' title='bbox 688 4848 871 4905; x_wconf 79' lang='lat' dir='ltr'><strong>Judaea</strong></span> <span class='ocrx_word' id='word_1_727' title='bbox 901 4859 1111 4907; x_wconf 88' lang='lat' dir='ltr'><strong>tantum</strong></span> <span class='ocrx_word' id='word_1_728' title='bbox 1150 4866 1266 4910; x_wconf 88' lang='lat' dir='ltr'><strong>erat</strong></span> <span class='ocrx_word' id='word_1_729' title='bbox 1292 4846 1462 4924; x_wconf 83' lang='lat' dir='ltr'><strong>Deus,</strong></span> <span class='ocrx_word' id='word_1_730' title='bbox 1503 4869 1557 4915; x_wconf 94' lang='lat' dir='ltr'><strong>et</strong></span> <span class='ocrx_word' id='word_1_731' title='bbox 1586 4860 1751 4916; x_wconf 88' lang='lat' dir='ltr'><strong>lsrael</strong></span> 
     </span>
    </p>
   </div>
   <div class='ocr_carea' id='block_1_92' title="bbox 193 4938 1755 5020">
    <p class='ocr_par' dir='ltr' id='par_1_92' title="bbox 193 4938 1755 5020">
     <span class='ocr_line' id='line_1_92' title="bbox 193 4938 1755 5020; baseline 0.014 -35"><span class='ocrx_word' id='word_1_732' title='bbox 193 4943 425 5002; x_wconf 84' lang='lat' dir='ltr'><strong>magnum</strong></span> <span class='ocrx_word' id='word_1_733' title='bbox 465 4952 663 4994; x_wconf 91' lang='lat' dir='ltr'><strong>nomen</strong></span> <span class='ocrx_word' id='word_1_734' title='bbox 702 4938 818 5009; x_wconf 88' lang='lat' dir='ltr'><strong>ejus</strong></span> <span class='ocrx_word' id='word_1_735' title='bbox 848 4960 860 4995; x_wconf 92' lang='lat'><strong>:</strong></span> <span class='ocrx_word' id='word_1_736' title='bbox 892 4950 949 4995; x_wconf 89' lang='lat' dir='ltr'><strong>at</strong></span> <span class='ocrx_word' id='word_1_737' title='bbox 979 4957 1109 4997; x_wconf 88' lang='lat' dir='ltr'><strong>vero</strong></span> <span class='ocrx_word' id='word_1_738' title='bbox 1128 4984 1141 5009; x_wconf 91' lang='lat'><strong>,</strong></span> <span class='ocrx_word' id='word_1_739' title='bbox 1172 4955 1454 5017; x_wconf 87' lang='lat' dir='ltr'><strong>postquam</strong></span> <span class='ocrx_word' id='word_1_740' title='bbox 1480 4965 1650 5020; x_wconf 90' lang='lat' dir='ltr'><strong>usque</strong></span> <span class='ocrx_word' id='word_1_741' title='bbox 1679 4952 1755 5007; x_wconf 86' lang='lat' dir='ltr'><strong>ad</strong></span> 
     </span>
    </p>
   </div>
   <div class='ocr_carea' id='block_1_93' title="bbox 193 5029 1745 5109">
    <p class='ocr_par' dir='ltr' id='par_1_93' title="bbox 193 5029 1745 5109">
     <span class='ocr_line' id='line_1_93' title="bbox 193 5029 1745 5109; baseline 0.014 -32"><span class='ocrx_word' id='word_1_742' title='bbox 193 5033 411 5083; x_wconf 86' lang='lat' dir='ltr'><strong>nostram</strong></span> <span class='ocrx_word' id='word_1_743' title='bbox 436 5029 728 5087; x_wconf 90' lang='lat' dir='ltr'><strong>humanam</strong></span> <span class='ocrx_word' id='word_1_744' title='bbox 767 5044 1016 5089; x_wconf 88' lang='lat' dir='ltr'><strong>naturam</strong></span> <span class='ocrx_word' id='word_1_745' title='bbox 1041 5039 1419 5093; x_wconf 88' lang='lat' dir='ltr'><strong>assumendam</strong></span> <span class='ocrx_word' id='word_1_746' title='bbox 1442 5042 1745 5109; x_wconf 89' lang='lat' dir='ltr'><strong>descendit,</strong></span> 
     </span>
    </p>
   </div>
   <div class='ocr_carea' id='block_1_94' title="bbox 192 5118 1755 5191">
    <p class='ocr_par' dir='ltr' id='par_1_94' title="bbox 192 5118 1755 5191">
     <span class='ocr_line' id='line_1_94' title="bbox 192 5118 1755 5191; baseline 0.013 -24"><span class='ocrx_word' id='word_1_747' title='bbox 192 5118 419 5179; x_wconf 87' lang='lat' dir='ltr'><strong>protinus</strong></span> <span class='ocrx_word' id='word_1_748' title='bbox 466 5135 565 5191; x_wconf 90' lang='lat' dir='ltr'><strong>per</strong></span> <span class='ocrx_word' id='word_1_749' title='bbox 605 5122 765 5178; x_wconf 76' lang='lat' dir='ltr'><strong>(idem</strong></span> <span class='ocrx_word' id='word_1_750' title='bbox 814 5124 995 5179; x_wconf 79' lang='lat' dir='ltr'><strong>multae</strong></span> <span class='ocrx_word' id='word_1_751' title='bbox 1035 5126 1205 5181; x_wconf 68' lang='lat' dir='ltr'><strong>turbte</strong></span> <span class='ocrx_word' id='word_1_752' title='bbox 1242 5142 1366 5183; x_wconf 91' lang='lat' dir='ltr'><strong>eum</strong></span> <span class='ocrx_word' id='word_1_753' title='bbox 1398 5142 1597 5187; x_wconf 81' lang='lat' dir='ltr'><strong>secutae</strong></span> <span class='ocrx_word' id='word_1_754' title='bbox 1629 5143 1755 5190; x_wconf 91' lang='lat' dir='ltr'><strong>sunt</strong></span> 
     </span>
    </p>
   </div>
   <div class='ocr_carea' id='block_1_95' title="bbox 194 5206 1748 5288">
    <p class='ocr_par' dir='ltr' id='par_1_95' title="bbox 194 5206 1748 5288">
     <span class='ocr_line' id='line_1_95' title="bbox 194 5206 1748 5288; baseline 0.015 -33"><span class='ocrx_word' id='word_1_755' title='bbox 194 5206 472 5263; x_wconf 87' lang='lat' dir='ltr'><strong>nationum.</strong></span> <span class='ocrx_word' id='word_1_756' title='bbox 500 5210 578 5265; x_wconf 91' lang='lat' dir='ltr'><strong>De</strong></span> <span class='ocrx_word' id='word_1_757' title='bbox 601 5212 797 5282; x_wconf 87' lang='lat' dir='ltr'><strong>quibus</strong></span> <span class='ocrx_word' id='word_1_758' title='bbox 819 5213 945 5268; x_wconf 88' lang='lat' dir='ltr'><strong>olim</strong></span> <span class='ocrx_word' id='word_1_759' title='bbox 974 5214 1140 5272; x_wconf 83' lang='lat' dir='ltr'><strong>Isaias</strong></span> <span class='ocrx_word' id='word_1_760' title='bbox 1166 5216 1508 5288; x_wconf 66' lang='lat' dir='ltr'><strong>praedixerat,</strong></span> <span class='ocrx_word' id='word_1_761' title='bbox 1536 5210 1748 5279; x_wconf 85' lang='lat' dir='ltr'><strong>dicens:</strong></span> 
     </span>
    </p>
   </div>
   <div class='ocr_carea' id='block_1_96' title="bbox 198 5295 1751 5380">
    <p class='ocr_par' dir='ltr' id='par_1_96' title="bbox 198 5295 1751 5380">
     <span class='ocr_line' id='line_1_96' title="bbox 198 5295 1751 5380; baseline 0.012 -29"><span class='ocrx_word' id='word_1_762' title='bbox 198 5311 214 5341; x_wconf 72' lang='grc' dir='ltr'><strong>ι</strong></span> <span class='ocrx_word' id='word_1_763' title='bbox 245 5295 305 5352; x_wconf 85' lang='lat' dir='ltr'><strong>Et</strong></span> <span class='ocrx_word' id='word_1_764' title='bbox 328 5302 431 5355; x_wconf 89' lang='lat' dir='ltr'><strong>erit</strong></span> <span class='ocrx_word' id='word_1_765' title='bbox 455 5301 511 5356; x_wconf 92' lang='lat' dir='ltr'><strong>in</strong></span> <span class='ocrx_word' id='word_1_766' title='bbox 542 5304 848 5360; x_wconf 88' lang='lat' dir='ltr'><strong>novissimis</strong></span> <span class='ocrx_word' id='word_1_767' title='bbox 886 5306 1073 5362; x_wconf 90' lang='lat' dir='ltr'><strong>diebus</strong></span> <span class='ocrx_word' id='word_1_768' title='bbox 1106 5319 1441 5380; x_wconf 67' lang='lat' dir='ltr'><strong>prmparatus</strong></span> <span class='ocrx_word' id='word_1_769' title='bbox 1478 5328 1632 5368; x_wconf 88' lang='lat' dir='ltr'><strong>mons</strong></span> <span class='ocrx_word' id='word_1_770' title='bbox 1657 5315 1751 5371; x_wconf 90' lang='lat' dir='ltr'><strong>do-</strong></span> 
     </span>
    </p>
   </div>
   <div class='ocr_carea' id='block_1_97' title="bbox 193 5391 1748 5476">
    <p class='ocr_par' dir='ltr' id='par_1_97' title="bbox 193 5391 1748 5476">
     <span class='ocr_line' id='line_1_97' title="bbox 193 5391 1748 5476; baseline 0.013 -36"><span class='ocrx_word' id='word_1_771' title='bbox 193 5402 296 5444; x_wconf 87' lang='lat' dir='ltr'><strong>mus</strong></span> <span class='ocrx_word' id='word_1_772' title='bbox 316 5391 525 5447; x_wconf 84' lang='lat' dir='ltr'><strong>Domini</strong></span> <span class='ocrx_word' id='word_1_773' title='bbox 554 5395 608 5447; x_wconf 93' lang='lat' dir='ltr'><strong>in</strong></span> <span class='ocrx_word' id='word_1_774' title='bbox 636 5394 839 5451; x_wconf 81' lang='lat' dir='ltr'><strong>ve‘rtice</strong></span> <span class='ocrx_word' id='word_1_775' title='bbox 866 5400 1151 5466; x_wconf 89' lang='lat' dir='ltr'><strong>montium,</strong></span> <span class='ocrx_word' id='word_1_776' title='bbox 1191 5410 1247 5456; x_wconf 93' lang='lat' dir='ltr'><strong>et</strong></span> <span class='ocrx_word' id='word_1_777' title='bbox 1270 5401 1569 5458; x_wconf 87' lang='lat' dir='ltr'><strong>elevabitur</strong></span> <span class='ocrx_word' id='word_1_778' title='bbox 1588 5420 1748 5476; x_wconf 91' lang='lat' dir='ltr'><strong>super</strong></span> 
     </span>
    </p>
   </div>
   <div class='ocr_carea' id='block_1_98' title="bbox 193 5478 1742 5551">
    <p class='ocr_par' dir='ltr' id='par_1_98' title="bbox 193 5478 1742 5551">
     <span class='ocr_line' id='line_1_98' title="bbox 193 5478 1742 5551; baseline 0.014 -22"><span class='ocrx_word' id='word_1_779' title='bbox 193 5478 366 5547; x_wconf 89' lang='lat' dir='ltr'><strong>colles,</strong></span> <span class='ocrx_word' id='word_1_780' title='bbox 412 5492 467 5539; x_wconf 92' lang='lat' dir='ltr'><strong>et</strong></span> <span class='ocrx_word' id='word_1_781' title='bbox 496 5485 742 5541; x_wconf 90' lang='lat' dir='ltr'><strong>sublimis</strong></span> <span class='ocrx_word' id='word_1_782' title='bbox 771 5487 877 5541; x_wconf 92' lang='lat' dir='ltr'><strong>erit</strong></span> <span class='ocrx_word' id='word_1_783' title='bbox 916 5489 1089 5544; x_wconf 87' lang='lat' dir='ltr'><strong>valde.</strong></span> <span class='ocrx_word' id='word_1_784' title='bbox 1138 5491 1205 5545; x_wconf 89' lang='lat' dir='ltr'><strong>Et</strong></span> <span class='ocrx_word' id='word_1_785' title='bbox 1247 5493 1467 5547; x_wconf 88' lang='lat' dir='ltr'><strong>venient</strong></span> <span class='ocrx_word' id='word_1_786' title='bbox 1504 5497 1571 5548; x_wconf 87' lang='lat' dir='ltr'><strong>ad</strong></span> <span class='ocrx_word' id='word_1_787' title='bbox 1622 5512 1742 5551; x_wconf 90' lang='lat' dir='ltr'><strong>eum</strong></span> 
     </span>
    </p>
   </div>
   <div class='ocr_carea' id='block_1_99' title="bbox 193 5574 1749 5652">
    <p class='ocr_par' dir='ltr' id='par_1_99' title="bbox 193 5574 1749 5652">
     <span class='ocr_line' id='line_1_99' title="bbox 193 5574 1749 5652; baseline 0.013 -28"><span class='ocrx_word' id='word_1_788' title='bbox 193 5586 360 5632; x_wconf 87' lang='lat' dir='ltr'><strong>omnes</strong></span> <span class='ocrx_word' id='word_1_789' title='bbox 388 5574 598 5650; x_wconf 86' lang='lat' dir='ltr'><strong>gentes,</strong></span> <span class='ocrx_word' id='word_1_790' title='bbox 623 5591 676 5635; x_wconf 91' lang='lat' dir='ltr'><strong>et</strong></span> <span class='ocrx_word' id='word_1_791' title='bbox 705 5582 859 5635; x_wconf 91' lang='lat' dir='ltr'><strong>ibunt</strong></span> <span class='ocrx_word' id='word_1_792' title='bbox 887 5581 1069 5652; x_wconf 90' lang='lat' dir='ltr'><strong>populi</strong></span> <span class='ocrx_word' id='word_1_793' title='bbox 1096 5584 1281 5651; x_wconf 91' lang='lat' dir='ltr'><strong>multi,</strong></span> <span class='ocrx_word' id='word_1_794' title='bbox 1314 5594 1369 5641; x_wconf 90' lang='lat' dir='ltr'><strong>et</strong></span> <span class='ocrx_word' id='word_1_795' title='bbox 1398 5586 1579 5642; x_wconf 89' lang='lat' dir='ltr'><strong>dicent</strong></span> <span class='ocrx_word' id='word_1_796' title='bbox 1605 5602 1619 5641; x_wconf 96' lang='lat'><strong>:</strong></span> <span class='ocrx_word' id='word_1_797' title='bbox 1646 5589 1749 5643; x_wconf 91' lang='lat' dir='ltr'><strong>Do-</strong></span> 
     </span>
    </p>
   </div>
   <div class='ocr_carea' id='block_1_100' title="bbox 196 5668 1751 5741">
    <p class='ocr_par' dir='ltr' id='par_1_100' title="bbox 196 5668 1751 5741">
     <span class='ocr_line' id='line_1_100' title="bbox 196 5668 1751 5741; baseline 0.015 -24"><span class='ocrx_word' id='word_1_798' title='bbox 196 5668 494 5739; x_wconf 86' lang='lat' dir='ltr'><strong>musJacob,</strong></span> <span class='ocrx_word' id='word_1_799' title='bbox 527 5677 707 5731; x_wconf 89' lang='lat' dir='ltr'><strong>venite</strong></span> <span class='ocrx_word' id='word_1_800' title='bbox 728 5717 743 5741; x_wconf 94' lang='lat'><strong>,</strong></span> <span class='ocrx_word' id='word_1_801' title='bbox 775 5684 830 5732; x_wconf 90' lang='lat' dir='ltr'><strong>et</strong></span> <span class='ocrx_word' id='word_1_802' title='bbox 855 5676 1190 5732; x_wconf 86' lang='lat' dir='ltr'><strong>ambulemus</strong></span> <span class='ocrx_word' id='word_1_803' title='bbox 1219 5678 1274 5732; x_wconf 92' lang='lat' dir='ltr'><strong>in</strong></span> <span class='ocrx_word' id='word_1_804' title='bbox 1302 5680 1506 5735; x_wconf 90' lang='lat' dir='ltr'><strong>lumine</strong></span> <span class='ocrx_word' id='word_1_805' title='bbox 1536 5682 1632 5737; x_wconf 91' lang='lat' dir='ltr'><strong>Dei</strong></span> <span class='ocrx_word' id='word_1_806' title='bbox 1655 5700 1751 5741; x_wconf 91' lang='lat' dir='ltr'><strong>no-</strong></span> 
     </span>
    </p>
   </div>
   <div class='ocr_carea' id='block_1_101' title="bbox 196 5759 1752 5846">
    <p class='ocr_par' dir='ltr' id='par_1_101' title="bbox 196 5759 1752 5846">
     <span class='ocr_line' id='line_1_101' title="bbox 196 5759 1752 5846; baseline 0.017 -39"><span class='ocrx_word' id='word_1_807' title='bbox 196 5759 278 5811; x_wconf 84' lang='lat' dir='ltr'><strong>stri</strong></span> <span class='ocrx_word' id='word_1_808' title='bbox 315 5761 445 5832; x_wconf 82' lang='lat' dir='ltr'><strong>(Isa.</strong></span> <span class='ocrx_word' id='word_1_809' title='bbox 483 5767 568 5837; x_wconf 90' lang='grc' dir='ltr'>ιι).</span> <span class='ocrx_word' id='word_1_810' title='bbox 601 5787 618 5819; x_wconf 78' lang='grc' dir='ltr'><strong>ι</strong></span> <span class='ocrx_word' id='word_1_811' title='bbox 652 5769 719 5823; x_wconf 86' lang='lat' dir='ltr'><strong>Et</strong></span> <span class='ocrx_word' id='word_1_812' title='bbox 744 5768 1029 5824; x_wconf 88' lang='lat' dir='ltr'><strong>Psalmista</strong></span> <span class='ocrx_word' id='word_1_813' title='bbox 1060 5787 1075 5823; x_wconf 89' lang='lat'><strong>:</strong></span> <span class='ocrx_word' id='word_1_814' title='bbox 1105 5787 1126 5820; x_wconf 76' lang='grc' dir='ltr'><strong>ι</strong></span> <span class='ocrx_word' id='word_1_815' title='bbox 1151 5767 1350 5825; x_wconf 88' lang='lat' dir='ltr'><strong>Omnes</strong></span> <span class='ocrx_word' id='word_1_816' title='bbox 1381 5782 1569 5843; x_wconf 87' lang='lat' dir='ltr'><strong>gentes</strong></span> <span class='ocrx_word' id='word_1_817' title='bbox 1589 5792 1752 5846; x_wconf 90' lang='lat' dir='ltr'><strong>quas-</strong></span> 
     </span>
    </p>
   </div>
   <div class='ocr_carea' id='block_1_102' title="bbox 198 5856 1746 5932">
    <p class='ocr_par' dir='ltr' id='par_1_102' title="bbox 198 5856 1746 5932">
     <span class='ocr_line' id='line_1_102' title="bbox 198 5856 1746 5932; baseline 0.017 -34"><span class='ocrx_word' id='word_1_818' title='bbox 198 5864 386 5921; x_wconf 73' lang='lat' dir='ltr'><strong>cunque</strong></span> <span class='ocrx_word' id='word_1_819' title='bbox 442 5856 616 5913; x_wconf 78' lang='lat' dir='ltr'><strong>fecisti</strong></span> <span class='ocrx_word' id='word_1_820' title='bbox 647 5901 660 5924; x_wconf 90' lang='lat'><strong>,</strong></span> <span class='ocrx_word' id='word_1_821' title='bbox 714 5861 931 5915; x_wconf 89' lang='lat' dir='ltr'><strong>venient</strong></span> <span class='ocrx_word' id='word_1_822' title='bbox 974 5868 1030 5916; x_wconf 94' lang='lat' dir='ltr'><strong>et</strong></span> <span class='ocrx_word' id='word_1_823' title='bbox 1075 5860 1375 5917; x_wconf 84' lang='lat' dir='ltr'><strong>adorabunt</strong></span> <span class='ocrx_word' id='word_1_824' title='bbox 1421 5880 1603 5922; x_wconf 88' lang='lat' dir='ltr'><strong>coram</strong></span> <span class='ocrx_word' id='word_1_825' title='bbox 1661 5875 1746 5932; x_wconf 88' lang='lat' dir='ltr'><strong>te,</strong></span> 
     </span>
    </p>
   </div>
   <div class='ocr_carea' id='block_1_103' title="bbox 456 5954 1047 6020">
    <p class='ocr_par' dir='ltr' id='par_1_103' title="bbox 456 5954 1047 6020">
     <span class='ocr_line' id='line_1_103' title="bbox 456 5954 1047 6020; baseline 0.014 -8"><span class='ocrx_word' id='word_1_826' title='bbox 456 5954 725 6017; x_wconf 73' lang='lat' dir='ltr'><strong>Pn‘noL.</strong></span> <span class='ocrx_word' id='word_1_827' title='bbox 773 5956 1047 6020; x_wconf 72' lang='lat' dir='ltr'><strong>CXVIII.</strong></span> 
     </span>
    </p>
   </div>
   <div class='ocr_carea' id='block_1_104' title="bbox 1857 4764 3437 4847">
    <p class='ocr_par' dir='ltr' id='par_1_104' title="bbox 1857 4764 3437 4847">
     <span class='ocr_line' id='line_1_104' title="bbox 1857 4764 3437 4847; baseline 0.011 -34"><span class='ocrx_word' id='word_1_828' title='bbox 1857 4768 2010 4826; x_wconf 91' lang='lat' dir='ltr'><strong>sunt,</strong></span> <span class='ocrx_word' id='word_1_829' title='bbox 2038 4764 2313 4818; x_wconf 89' lang='lat' dir='ltr'><strong>mandavit</strong></span> <span class='ocrx_word' id='word_1_830' title='bbox 2350 4775 2402 4819; x_wconf 91' lang='lat' dir='ltr'><strong>et</strong></span> <span class='ocrx_word' id='word_1_831' title='bbox 2428 4776 2608 4822; x_wconf 85' lang='lat' dir='ltr'><strong>creata</strong></span> <span class='ocrx_word' id='word_1_832' title='bbox 2656 4777 2780 4822; x_wconf 91' lang='lat' dir='ltr'><strong>sunt</strong></span> <span class='ocrx_word' id='word_1_833' title='bbox 2810 4767 2980 4839; x_wconf 77' lang='lat' dir='ltr'><strong>(Psal.</strong></span> <span class='ocrx_word' id='word_1_834' title='bbox 3010 4771 3207 4847; x_wconf 67' lang='grc' dir='ltr'>χχχιι).</span> <span class='ocrx_word' id='word_1_835' title='bbox 3241 4796 3261 4829; x_wconf 77' lang='grc' dir='ltr'><strong>ι</strong></span> <span class='ocrx_word' id='word_1_836' title='bbox 3293 4776 3437 4833; x_wconf 81' lang='lat' dir='ltr'><strong>Alle-</strong></span> 
     </span>
    </p>
   </div>
   <div class='ocr_carea' id='block_1_105' title="bbox 1854 4855 3434 4936">
    <p class='ocr_par' dir='ltr' id='par_1_105' title="bbox 1854 4855 3434 4936">
     <span class='ocr_line' id='line_1_105' title="bbox 1854 4855 3434 4936; baseline 0.013 -30"><span class='ocrx_word' id='word_1_837' title='bbox 1854 4855 2035 4923; x_wconf 89' lang='lat' dir='ltr'><strong>gorice</strong></span> <span class='ocrx_word' id='word_1_838' title='bbox 2058 4863 2237 4909; x_wconf 90' lang='lat' dir='ltr'><strong>autem</strong></span> <span class='ocrx_word' id='word_1_839' title='bbox 2261 4857 2505 4926; x_wconf 89' lang='lat' dir='ltr'><strong>leprosus</strong></span> <span class='ocrx_word' id='word_1_840' title='bbox 2526 4861 2627 4915; x_wconf 90' lang='lat' dir='ltr'><strong>iste</strong></span> <span class='ocrx_word' id='word_1_841' title='bbox 2644 4877 2813 4931; x_wconf 82' lang='lat' dir='ltr'><strong>genus</strong></span> <span class='ocrx_word' id='word_1_842' title='bbox 2843 4864 3088 4936; x_wconf 88' lang='lat' dir='ltr'><strong>designat</strong></span> <span class='ocrx_word' id='word_1_843' title='bbox 3118 4868 3434 4935; x_wconf 89' lang='lat' dir='ltr'><strong>humanum,</strong></span> 
     </span>
    </p>
   </div>
   <div class='ocr_carea' id='block_1_106' title="bbox 1854 4947 3438 5033">
    <p class='ocr_par' dir='ltr' id='par_1_106' title="bbox 1854 4947 3438 5033">
     <span class='ocr_line' id='line_1_106' title="bbox 1854 4947 3438 5033; baseline 0.015 -35"><span class='ocrx_word' id='word_1_844' title='bbox 1854 4947 1995 5014; x_wconf 91' lang='lat' dir='ltr'><strong>quod</strong></span> <span class='ocrx_word' id='word_1_845' title='bbox 2029 4954 2154 5002; x_wconf 92' lang='lat' dir='ltr'><strong>tunc</strong></span> <span class='ocrx_word' id='word_1_846' title='bbox 2182 4949 2388 5019; x_wconf 91' lang='lat' dir='ltr'><strong>lepram</strong></span> <span class='ocrx_word' id='word_1_847' title='bbox 2432 4955 2637 5022; x_wconf 90' lang='lat' dir='ltr'><strong>peccati</strong></span> <span class='ocrx_word' id='word_1_848' title='bbox 2680 4955 2935 5025; x_wconf 90' lang='lat' dir='ltr'><strong>incurrit,</strong></span> <span class='ocrx_word' id='word_1_849' title='bbox 2977 4962 3192 5029; x_wconf 89' lang='lat' dir='ltr'><strong>quando</strong></span> <span class='ocrx_word' id='word_1_850' title='bbox 3234 4980 3438 5033; x_wconf 64' lang='lat' dir='ltr'><strong>praece-</strong></span> 
     </span>
    </p>
   </div>
   <div class='ocr_carea' id='block_1_107' title="bbox 1852 5041 3435 5128">
    <p class='ocr_par' dir='ltr' id='par_1_107' title="bbox 1852 5041 3435 5128">
     <span class='ocr_line' id='line_1_107' title="bbox 1852 5041 3435 5128; baseline 0.015 -36"><span class='ocrx_word' id='word_1_851' title='bbox 1852 5048 2004 5108; x_wconf 87' lang='lat' dir='ltr'><strong>ptum</strong></span> <span class='ocrx_word' id='word_1_852' title='bbox 2019 5041 2228 5096; x_wconf 89' lang='lat' dir='ltr'><strong>Domini</strong></span> <span class='ocrx_word' id='word_1_853' title='bbox 2245 5045 2297 5098; x_wconf 93' lang='lat' dir='ltr'><strong>in</strong></span> <span class='ocrx_word' id='word_1_854' title='bbox 2311 5045 2560 5114; x_wconf 87' lang='lat' dir='ltr'><strong>paradiso</strong></span> <span class='ocrx_word' id='word_1_855' title='bbox 2572 5051 2911 5121; x_wconf 83' lang='lat' dir='ltr'><strong>contempsit.</strong></span> <span class='ocrx_word' id='word_1_856' title='bbox 2930 5053 3084 5111; x_wconf 90' lang='lat' dir='ltr'><strong>Unde</strong></span> <span class='ocrx_word' id='word_1_857' title='bbox 3103 5057 3261 5126; x_wconf 90' lang='lat' dir='ltr'><strong>bene,</strong></span> <span class='ocrx_word' id='word_1_858' title='bbox 3280 5058 3435 5128; x_wconf 85' lang='lat' dir='ltr'><strong>juxta</strong></span> 
     </span>
    </p>
   </div>
   <div class='ocr_carea' id='block_1_108' title="bbox 1863 5132 3437 5219">
    <p class='ocr_par' dir='ltr' id='par_1_108' title="bbox 1863 5132 3437 5219">
     <span class='ocr_line' id='line_1_108' title="bbox 1863 5132 3437 5219; baseline 0.015 -36"><span class='ocrx_word' id='word_1_859' title='bbox 1863 5132 2273 5202; x_wconf 88' lang='lat' dir='ltr'><strong>evangelistam,</strong></span> <span class='ocrx_word' id='word_1_860' title='bbox 2307 5151 2413 5191; x_wconf 92' lang='lat' dir='ltr'><strong>non</strong></span> <span class='ocrx_word' id='word_1_861' title='bbox 2442 5137 2611 5192; x_wconf 87' lang='lat' dir='ltr'><strong>solum</strong></span> <span class='ocrx_word' id='word_1_862' title='bbox 2639 5139 2901 5209; x_wconf 89' lang='lat' dir='ltr'><strong>leprosus,</strong></span> <span class='ocrx_word' id='word_1_863' title='bbox 2936 5147 3029 5200; x_wconf 90' lang='lat' dir='ltr'><strong>sed</strong></span> <span class='ocrx_word' id='word_1_864' title='bbox 3059 5148 3223 5202; x_wconf 90' lang='lat' dir='ltr'><strong>etiam</strong></span> <span class='ocrx_word' id='word_1_865' title='bbox 3245 5149 3437 5219; x_wconf 90' lang='lat' dir='ltr'><strong>plenus</strong></span> 
     </span>
    </p>
   </div>
   <div class='ocr_carea' id='block_1_109' title="bbox 1861 5221 3436 5302">
    <p class='ocr_par' dir='ltr' id='par_1_109' title="bbox 1861 5221 3436 5302">
     <span class='ocr_line' id='line_1_109' title="bbox 1861 5221 3436 5302; baseline 0.012 -25"><span class='ocrx_word' id='word_1_866' title='bbox 1861 5221 2010 5291; x_wconf 89' lang='lat' dir='ltr'><strong>lepra</strong></span> <span class='ocrx_word' id='word_1_867' title='bbox 2048 5225 2215 5282; x_wconf 81' lang='lat' dir='ltr'><strong>fuisse</strong></span> <span class='ocrx_word' id='word_1_868' title='bbox 2239 5229 2598 5284; x_wconf 88' lang='lat' dir='ltr'><strong>describitur:</strong></span> <span class='ocrx_word' id='word_1_869' title='bbox 2641 5234 2893 5302; x_wconf 88' lang='lat' dir='ltr'><strong>quoniam</strong></span> <span class='ocrx_word' id='word_1_870' title='bbox 2930 5237 3151 5293; x_wconf 82' lang='lat' dir='ltr'><strong>veniens</strong></span> <span class='ocrx_word' id='word_1_871' title='bbox 3178 5239 3436 5296; x_wconf 85' lang='lat' dir='ltr'><strong>Dominus</strong></span> 
     </span>
    </p>
   </div>
   <div class='ocr_carea' id='block_1_110' title="bbox 1860 5315 3435 5388">
    <p class='ocr_par' dir='ltr' id='par_1_110' title="bbox 1860 5315 3435 5388">
     <span class='ocr_line' id='line_1_110' title="bbox 1860 5315 3435 5388; baseline 0.009 -20"><span class='ocrx_word' id='word_1_872' title='bbox 1860 5315 1914 5369; x_wconf 92' lang='lat' dir='ltr'><strong>in</strong></span> <span class='ocrx_word' id='word_1_873' title='bbox 1943 5331 2126 5382; x_wconf 87' lang='lat' dir='ltr'><strong>carne,</strong></span> <span class='ocrx_word' id='word_1_874' title='bbox 2156 5318 2363 5373; x_wconf 86' lang='lat' dir='ltr'><strong>invenit</strong></span> <span class='ocrx_word' id='word_1_875' title='bbox 2384 5334 2551 5388; x_wconf 88' lang='lat' dir='ltr'><strong>genus</strong></span> <span class='ocrx_word' id='word_1_876' title='bbox 2578 5322 2869 5378; x_wconf 88' lang='lat' dir='ltr'><strong>humanum</strong></span> <span class='ocrx_word' id='word_1_877' title='bbox 2895 5325 3059 5380; x_wconf 84' lang='lat' dir='ltr'><strong>variis</strong></span> <span class='ocrx_word' id='word_1_878' title='bbox 3077 5328 3354 5384; x_wconf 89' lang='lat' dir='ltr'><strong>erroribus</strong></span> <span class='ocrx_word' id='word_1_879' title='bbox 3379 5339 3435 5383; x_wconf 91' lang='lat' dir='ltr'><strong>et</strong></span> 
     </span>
    </p>
   </div>
   <div class='ocr_carea' id='block_1_111' title="bbox 1859 5407 3435 5480">
    <p class='ocr_par' dir='ltr' id='par_1_111' title="bbox 1859 5407 3435 5480">
     <span class='ocr_line' id='line_1_111' title="bbox 1859 5407 3435 5480; baseline 0.008 -19"><span class='ocrx_word' id='word_1_880' title='bbox 1859 5407 2233 5477; x_wconf 82' lang='lat' dir='ltr'><strong>iniquitatibus</strong></span> <span class='ocrx_word' id='word_1_881' title='bbox 2284 5410 2645 5480; x_wconf 87' lang='lat' dir='ltr'><strong>inquinatum.</strong></span> <span class='ocrx_word' id='word_1_882' title='bbox 2706 5414 2809 5470; x_wconf 90' lang='lat' dir='ltr'><strong>Sed</strong></span> <span class='ocrx_word' id='word_1_883' title='bbox 2864 5416 3090 5472; x_wconf 90' lang='lat' dir='ltr'><strong>Domino</strong></span> <span class='ocrx_word' id='word_1_884' title='bbox 3137 5417 3203 5472; x_wconf 92' lang='lat' dir='ltr'><strong>de</strong></span> <span class='ocrx_word' id='word_1_885' title='bbox 3255 5429 3435 5474; x_wconf 87' lang='lat' dir='ltr'><strong>monte</strong></span> 
     </span>
    </p>
   </div>
   <div class='ocr_carea' id='block_1_112' title="bbox 1858 5497 3432 5579">
    <p class='ocr_par' dir='ltr' id='par_1_112' title="bbox 1858 5497 3432 5579">
     <span class='ocr_line' id='line_1_112' title="bbox 1858 5497 3432 5579; baseline 0.006 -28"><span class='ocrx_word' id='word_1_886' title='bbox 1858 5497 2251 5563; x_wconf 90' lang='lat' dir='ltr'><strong>descendente,</strong></span> <span class='ocrx_word' id='word_1_887' title='bbox 2283 5500 2336 5555; x_wconf 90' lang='lat' dir='ltr'><strong>id</strong></span> <span class='ocrx_word' id='word_1_888' title='bbox 2363 5508 2446 5557; x_wconf 89' lang='lat' dir='ltr'><strong>est</strong></span> <span class='ocrx_word' id='word_1_889' title='bbox 2472 5502 2526 5557; x_wconf 91' lang='lat' dir='ltr'><strong>in</strong></span> <span class='ocrx_word' id='word_1_890' title='bbox 2550 5519 2711 5560; x_wconf 89' lang='lat' dir='ltr'><strong>carne</strong></span> <span class='ocrx_word' id='word_1_891' title='bbox 2737 5516 3029 5576; x_wconf 88' lang='lat' dir='ltr'><strong>apparente</strong></span> <span class='ocrx_word' id='word_1_892' title='bbox 3047 5549 3061 5574; x_wconf 92' lang='lat'><strong>,</strong></span> <span class='ocrx_word' id='word_1_893' title='bbox 3100 5509 3343 5579; x_wconf 85' lang='lat' dir='ltr'><strong>leprosus</strong></span> <span class='ocrx_word' id='word_1_894' title='bbox 3382 5510 3432 5566; x_wconf 93' lang='lat' dir='ltr'><strong>ei</strong></span> 
     </span>
    </p>
   </div>
   <div class='ocr_carea' id='block_1_113' title="bbox 1853 5581 3434 5668">
    <p class='ocr_par' dir='ltr' id='par_1_113' title="bbox 1853 5581 3434 5668">
     <span class='ocr_line' id='line_1_113' title="bbox 1853 5581 3434 5668; baseline 0.008 -23"><span class='ocrx_word' id='word_1_895' title='bbox 1853 5594 2091 5647; x_wconf 86' lang='lat' dir='ltr'><strong>occurrit</strong></span> <span class='ocrx_word' id='word_1_896' title='bbox 2131 5614 2142 5645; x_wconf 90' lang='lat'><strong>:</strong></span> <span class='ocrx_word' id='word_1_897' title='bbox 2188 5596 2312 5662; x_wconf 83' lang='lat' dir='ltr'><strong>quia</strong></span> <span class='ocrx_word' id='word_1_898' title='bbox 2358 5596 2621 5651; x_wconf 82' lang='lat' dir='ltr'><strong>intellexit</strong></span> <span class='ocrx_word' id='word_1_899' title='bbox 2665 5581 2833 5668; x_wconf 83' lang='lat' dir='ltr'><strong>genus</strong></span> <span class='ocrx_word' id='word_1_900' title='bbox 2885 5602 3180 5655; x_wconf 89' lang='lat' dir='ltr'><strong>humanum</strong></span> <span class='ocrx_word' id='word_1_901' title='bbox 3223 5609 3334 5655; x_wconf 90' lang='lat' dir='ltr'><strong>tam</strong></span> <span class='ocrx_word' id='word_1_902' title='bbox 3364 5616 3434 5657; x_wconf 82' lang='lat' dir='ltr'><strong>ex</strong></span> 
     </span>
    </p>
   </div>
   <div class='ocr_carea' id='block_1_114' title="bbox 1852 5684 3430 5761">
    <p class='ocr_par' dir='ltr' id='par_1_114' title="bbox 1852 5684 3430 5761">
     <span class='ocr_line' id='line_1_114' title="bbox 1852 5684 3430 5761; baseline 0.007 -22"><span class='ocrx_word' id='word_1_903' title='bbox 1852 5684 2050 5739; x_wconf 72' lang='lat' dir='ltr'><strong>Iudaeis</strong></span> <span class='ocrx_word' id='word_1_904' title='bbox 2078 5702 2239 5756; x_wconf 86' lang='lat' dir='ltr'><strong>quam</strong></span> <span class='ocrx_word' id='word_1_905' title='bbox 2284 5702 2349 5742; x_wconf 86' lang='lat' dir='ltr'><strong>ex</strong></span> <span class='ocrx_word' id='word_1_906' title='bbox 2377 5691 2627 5759; x_wconf 84' lang='lat' dir='ltr'><strong>gentibus</strong></span> <span class='ocrx_word' id='word_1_907' title='bbox 2646 5692 2944 5761; x_wconf 90' lang='lat' dir='ltr'><strong>iniquitatis</strong></span> <span class='ocrx_word' id='word_1_908' title='bbox 2971 5694 3118 5761; x_wconf 88' lang='lat' dir='ltr'><strong>lepra</strong></span> <span class='ocrx_word' id='word_1_909' title='bbox 3144 5690 3430 5761; x_wconf 91' lang='lat' dir='ltr'><strong>pollutum,</strong></span> 
     </span>
    </p>
   </div>
   <div class='ocr_carea' id='block_1_115' title="bbox 1856 5781 3432 5858">
    <p class='ocr_par' dir='ltr' id='par_1_115' title="bbox 1856 5781 3432 5858">
     <span class='ocr_line' id='line_1_115' title="bbox 1856 5781 3432 5858; baseline 0.004 -22"><span class='ocrx_word' id='word_1_910' title='bbox 1856 5781 2012 5836; x_wconf 91' lang='lat' dir='ltr'><strong>aliter</strong></span> <span class='ocrx_word' id='word_1_911' title='bbox 2051 5786 2451 5840; x_wconf 88' lang='lat' dir='ltr'><strong>mundationem</strong></span> <span class='ocrx_word' id='word_1_912' title='bbox 2494 5788 2686 5842; x_wconf 72' lang='lat' dir='ltr'><strong>anima:</strong></span> <span class='ocrx_word' id='word_1_913' title='bbox 2731 5802 2788 5842; x_wconf 88' lang='lat' dir='ltr'><strong>se</strong></span> <span class='ocrx_word' id='word_1_914' title='bbox 2824 5804 2930 5843; x_wconf 90' lang='lat' dir='ltr'><strong>non</strong></span> <span class='ocrx_word' id='word_1_915' title='bbox 2963 5801 3123 5857; x_wconf 89' lang='lat' dir='ltr'><strong>posse</strong></span> <span class='ocrx_word' id='word_1_916' title='bbox 3154 5787 3432 5858; x_wconf 87' lang='lat' dir='ltr'><strong>accipere,</strong></span> 
     </span>
    </p>
   </div>
   <div class='ocr_carea' id='block_1_116' title="bbox 1857 5873 3437 5947">
    <p class='ocr_par' dir='ltr' id='par_1_116' title="bbox 1857 5873 3437 5947">
     <span class='ocr_line' id='line_1_116' title="bbox 1857 5873 3437 5947; baseline 0.004 -21"><span class='ocrx_word' id='word_1_917' title='bbox 1857 5873 1959 5928; x_wconf 90' lang='lat' dir='ltr'><strong>nisi</strong></span> <span class='ocrx_word' id='word_1_918' title='bbox 1994 5889 2089 5943; x_wconf 91' lang='lat' dir='ltr'><strong>per</strong></span> <span class='ocrx_word' id='word_1_919' title='bbox 2132 5875 2250 5944; x_wconf 91' lang='lat' dir='ltr'><strong>ejus</strong></span> <span class='ocrx_word' id='word_1_920' title='bbox 2281 5878 2438 5931; x_wconf 81' lang='lat' dir='ltr'><strong>iidem</strong></span> <span class='ocrx_word' id='word_1_921' title='bbox 2471 5878 2560 5946; x_wconf 87' lang='lat' dir='ltr'><strong>qui</strong></span> <span class='ocrx_word' id='word_1_922' title='bbox 2592 5887 2872 5947; x_wconf 87' lang='lat' dir='ltr'><strong>peceatum</strong></span> <span class='ocrx_word' id='word_1_923' title='bbox 2902 5893 3006 5932; x_wconf 91' lang='lat' dir='ltr'><strong>non</strong></span> <span class='ocrx_word' id='word_1_924' title='bbox 3041 5877 3200 5945; x_wconf 79' lang='lat' dir='ltr'><strong>fecit,</strong></span> <span class='ocrx_word' id='word_1_925' title='bbox 3230 5892 3328 5935; x_wconf 89' lang='lat' dir='ltr'><strong>nec</strong></span> <span class='ocrx_word' id='word_1_926' title='bbox 3356 5879 3437 5933; x_wconf 85' lang='lat' dir='ltr'><strong>iu-</strong></span> 
     </span>
    </p>
   </div>
   <div class='ocr_carea' id='block_1_117' title="bbox 3118 5977 3158 6039">
    <p class='ocr_par' dir='ltr' id='par_1_117' title="bbox 3118 5977 3158 6039">
     <span class='ocr_line' id='line_1_117' title="bbox 3118 5977 3158 6039; baseline 0 0"><span class='ocrx_word' id='word_1_927' title='bbox 3118 5977 3158 6039; x_wconf 74' lang='lat'><strong>5</strong></span> 
     </span>
    </p>
   </div>
  </div>
