4038 6352
576 413 680 480 {39
784 364 795 377 ’

1209 421 1555 481 HAYMONIS
1592 424 2068 482 HALBERSTAT.
2112 424 2324 481 EPISC.
2363 422 2514 479 OPP.
2559 420 2735 477 PARS
2774 423 2839 476 ll.
2873 453 2943 463 -—
2980 421 3214 479 HOMIL.

3776 416 3882 475 N0

575 550 772 600 Ventus
799 544 1060 599 estdoins
1086 543 1137 597 in
1169 558 1265 599 ore
1290 543 1428 613 ejus,
1471 554 1606 601 teste
1632 544 1893 616 Apostolo
1926 546 2015 617 qui
2039 546 2115 599 ait
2141 564 2154 599 :
2185 554 2236 612 Α
2261 543 2545 601 crederent
2594 543 2647 598 in
2695 543 3089 611 mandatorem,
3138 540 3365 597 salutem
3414 538 3749 597 invenirem
3784 557 3802 594 :
3832 542 3879 597 si

583 650 603 690 ἀ
634 635 755 694 Non
792 646 873 693 est
919 637 1191 692 distinctio
1228 635 1398 694 Judaei
1439 647 1493 694 et
1529 637 1725 695 Grteei.
1771 636 1973 695 Omnes
2010 638 2158 692 enim

578 738 969 804 peccaverunt,
1028 739 1081 787 et
1116 740 1275 803 egent
1303 730 1471 803 gloria
1512 732 1644 798 Dei,
1678 731 1957 801 justiticati
1992 730 2159 801 gratis

578 840 674 896 per
693 820 921 895 gratiam
935 820 1126 893 ipsius,
1140 832 1239 893 per
1251 821 1673 893 redemptionem
1692 834 1812 893 qua:
1830 830 1915 877 est
1934 821 1989 875 in
2003 820 2159 877 Chri-

580 924 665 971 Sto
691 910 818 970 Jesu
846 912 1028 985 (Rom.
1054 913 1134 985 ι).
1171 913 1314 988 aned
1344 914 1623 981 Dominus,
1652 913 1740 984 qui
1773 913 1999 970 salutem
2032 927 2161 968 con-

576 1005 715 1064 ferre
740 1013 983 1073 venerat,
1018 1022 1123 1063 non
1151 1007 1471 1079 dedignatus
1500 1014 1583 1062 est
1607 1014 1831 1077 tangere
1858 1004 2156 1076 leprosum,

574 1108 775 1154 ut'eum
806 1099 873 1154 ad
898 1097 1127 1154 salutem
1160 1098 1499 1168 proveheret.
1525 1096 1687 1164 Quasi
1716 1098 1859 1151 enim
1886 1096 2158 1168 leprosum

576 1194 848 1265 tangendo
876 1193 1103 1257 curavit,
1134 1191 1348 1262 quando
1374 1200 1469 1261 per
1502 1192 1622 1255 hoc,
1652 1190 1794 1260 quod
1818 1198 2015 1245 nostra:
2038 1203 2160 1245 ear-

575 1276 659 1341 nis
689 1283 1094 1341 similitudinem
1128 1282 1449 1354 assumpsit,
1499 1298 1527 1335 τι
1560 1281 1797 1351 peccatis
1838 1281 2031 1335 anima:
2060 1292 2161 1335 nos

575 1374 842 1431 liberavit.
894 1374 961 1430 Et
1004 1374 1094 1445 qui
1136 1371 1308 1429 verbo
1350 1372 1623 1444 leprosum
1671 1387 1866 1429 curare
1910 1381 2158 1443 poterat,

576 1470 848 1539 tangendo
878 1480 1069 1523 curare
1113 1458 1303 1521 maluit
1329 1484 1341 1520 :
1374 1466 1498 1535 quia
1535 1479 1633 1535 per
1661 1464 1767 1520 hoc
1796 1458 1938 1536 quod
1969 1464 2159 1520 morti-

573 1560 754 1615 cinum
784 1564 983 1615 nostra:
1009 1558 1189 1613 carnis
1225 1557 1493 1626 suscepit,
1524 1572 1553 1610 a
1582 1560 1932 1626 peccatorum
1954 1563 2159 1611 conta-

573 1656 731 1725 gione
752 1669 850 1709 nos
876 1652 1199 1723 purifieavit,
1223 1651 1517 1706 ostendens
1540 1650 1775 1720 seipsum
1799 1662 1919 1704 esse
1946 1646 2011 1703 de
2054 1662 2161 1718 quo

573 1756 668 1816 per
692 1738 885 1800 Isaiam
911 1741 1091 1797 fuerat
1118 1742 1503 1813 prophetatum
1531 1758 1543 1793 :
1579 1758 1597 1790 ‹
1627 1738 1872 1793 Vidimus
1900 1752 2022 1792 eum
2053 1752 2161 1793 non

572 1839 860 1893 habentem
890 1837 1149 1905 speciem,
1169 1849 1346 1903 neque
1374 1832 1644 1893 decorem,
1666 1824 2162 1887 etdesideravimus

570 1943 692 1983 eum
730 1932 1041 1998 despectum
1075 1935 1130 1981 et
1158 1923 1511 1980 novissimum
1544 1924 1813 1987 virorum,
1854 1922 2031 1976 virum
2060 1923 2158 1976 d0-

571 2017 744 2075 lorum
765 2028 819 2074 et
841 2019 1103 2074 scientem
1130 2016 1520 2072 infirmitatem.
1548 2014 1613 2069 Et
1631 2014 1783 2085 quasi
1813 2012 2159 2069 absconditus

571 2110 750 2164 vultus
783 2109 900 2181 ejus
925 2114 981 2164 et
1000 2108 1304 2179 despectus,
1330 2108 1472 2162 unde
1495 2121 1595 2161 nec
1624 2105 1988 2175 reputavimus
2009 2119 2153 2160 eum.

571 2205 714 2259 Vere
738 2202 1025 2275 la'nguores
1057 2211 1271 2257 nostros
1308 2202 1421 2271 ipse
1449 2194 1588 2265 tulit,
1621 2208 1675 2254 et
1702 2196 1917 2253 dolores
1944 2206 2158 2252 nostros

572 2284 685 2367 ipse
716 2296 971 2367 portavit.
1003 2292 1070 2350 Et
1100 2310 1198 2351 nos
1219 2295 1677 2364 putavimus‘eum
1708 2291 1859 2362 quasi
1884 2289 2158 2361 leprosum

569 2397 623 2443 et
653 2400 970 2457 percussum
1000 2402 1030 2440 a
1062 2386 1174 2441 Deo
1198 2392 1253 2439 et
1284 2382 1645 2439 humiliatum.
1678 2384 1795 2453 ipse
1826 2390 2003 2436 autem
2036 2379 2157 2435 vul-

571 2487 794 2535 neratus
821 2486 905 2534 est
930 2486 1153 2549 propter
1179 2484 1399 2547 peccata
1429 2486 1615 2532 nostra
1636 2518 1650 2543 ,
1675 2476 1889 2530 attritus
1916 2482 1999 2530 est
2029 2489 2156 2544 pro-

570 2580 690 2641 pter
734 2571 938 2627 scelera
988 2578 1169 2626 nostra
1214 2564 1359 2640 (Ita.
1406 2569 1514 2639 Li).
1554 2566 1572 2621 ὸ
1609 2566 1747 2625 Hinc
1792 2575 1848 2621 et
1887 2565 2160 2636 aposwlus

570 2663 764 2719 Petrus
795 2664 908 2718 ait:
941 2684 959 2714 ι
988 2661 1217 2719 Peccata
1240 2666 1437 2719 nostra
1468 2660 1582 2731 ipse
1608 2661 1827 2732 pertulit
1852 2661 1907 2715 in
1935 2670 2162 2729 corpore

576 2766 675 2812 Suo
707 2771 873 2827 super
895 2751 1120 2827 lignum,
1152 2766 1211 2811 ut
1240 2756 1479 2828 peccatis
1508 2755 1729 2820 mortui,
1764 2753 1987 2823 justitiae
2008 2752 2159 2808 viva-

572 2868 713 2919 mus,
746 2852 898 2924 cujus
929 2851 1098 2907 livore
1135 2851 1309 2907 sanati
1336 2866 1524 2905 sumus
1551 2846 1603 2919 (1
1635 2845 1779 2919 Patr.
1807 2845 1887 2919 ιι).
1925 2866 1943 2897 ι

649 2966 669 2998 ‹
703 2944 863 3001 Etait
890 2940 1150 3000 illi:Vide
1180 2944 1383 2999 nemini
1409 2940 1749 3008 dixeris,sed
1766 2939 2160 3006 vade,0stende

578 3058 595 3090 ‹
634 3047 685 3095 te
713 3037 1003 3105 sacerdoti,
1028 3046 1084 3092 et
1109 3035 1242 3093 offer
1265 3048 1464 3095 munus
1493 3034 1635 3106 quod
1671 3034 1927 3105 praecepit
1953 3032 2162 3105 Moyses

578 3150 596 3181 ι
634 3131 688 3185 in
722 3130 1089 3185 testimonium
1125 3128 1252 3183 illis.
1284 3149 1301 3179 ι
1334 3127 1472 3195 Quid
1510 3136 1594 3183 est
1620 3127 1765 3182 enim
1802 3128 1945 3196 quod
1976 3123 2158 3179 Domi-

569 3239 690 3288 nus,
721 3223 811 3293 qui
839 3218 966 3276 alibi
997 3229 1188 3275 sanato
1207 3218 1427 3275 homine
1453 3235 1483 3272 a
1511 3217 1719 3289 legione
1745 3217 2002 3273 daemonis
2025 3232 2163 3286 prae-
2194 3203 2203 3213 ’

2260 643 2437 690 autem
2482 635 2704 690 credere
2741 634 2966 699 nollent,
3016 634 3409 689 inexcusabiles
3452 640 3670 691 essent.
3710 631 3880 690 Unde

2259 726 2397 781 bene
2424 722 2622 781 dicitur
2647 744 2659 779 :
2690 742 2710 777 ι
2738 724 2796 779 in
2818 726 3183 780 testimonium
3204 723 3332 791 illis,
3358 742 3377 777 ι
3405 724 3462 780 id
3487 734 3572 781 est
3592 722 3877 782 sacerdo-

2260 820 2421 874 tibus.
2452 817 2622 873 Aliter
2645 834 2740 889 per
2767 826 3028 883 montem,
3059 817 3113 871 in
3136 831 3244 887 quo
3270 816 3531 873 Dominus
3551 818 3874 890 discipulos

2259 910 2461 977 docuit,
2494 908 2775 966 sublimior
2816 906 3059 965 doctrina
3099 909 3388 981 accipitur,
3416 910 3508 966 ubi
3551 911 3657 967 soli
3693 913 3873 968 disci-

2259 1001 2367 1073 puli
2398 1010 2741 1059 accesserunt
2763 1020 2777 1057 :
2799 1005 2925 1074 quia
2953 1004 3111 1059 illi'in
3141 1002 3513 1076 spiritualibus
3536 1008 3719 1063 rebus
3739 1016 3872 1062 sunt

2260 1098 2580 1166 instruendi,
2611 1098 2702 1170 qui
2731 1112 2828 1171 per
2855 1099 3164 1155 diuturnam
3190 1102 3600 1159 meditationem
3624 1115 3735 1158 eas
3769 1118 3869 1158 ea-

2259 1204 2388 1263 pere
2417 1190 2645 1261 possint.
2679 1188 2781 1258 Qui
2812 1198 2990 1248 autem
3014 1191 3223 1263 parvuli
3251 1205 3377 1250 sunt
3402 1194 3456 1249 in
3484 1209 3650 1250 sensu
3676 1204 3739 1251 et
3765 1203 3872 1250 ter-

2262 1284 2378 1340 reni
2408 1283 2462 1339 in
2495 1282 2623 1350 fide,
2654 1283 2810 1354 quasi
2840 1284 2895 1339 in
2924 1284 3259 1341 convallibus
3284 1293 3411 1341 sunt
3436 1286 3787 1354 instruendi,
3814 1287 3868 1341 id

2263 1385 2346 1431 est
2391 1376 2444 1432 in
2478 1374 2839 1447 apertioribus
2887 1377 3169 1432 sententiis
3213 1378 3485 1433 monendi.
3538 1376 3702 1433 Unde
3739 1391 3869 1433 cum

2262 1468 2316 1523 in
2341 1468 2613 1524 montibus
2632 1467 2921 1538 discipulos
2942 1469 3144 1536 docuit,
3160 1478 3217 1524 et
3233 1470 3288 1524 in
3310 1469 3656 1526 convallibus
3676 1470 3869 1541 lepro-

2264 1575 2383 1617 sum
2413 1561 2640 1625 curavit,
2690 1560 2926 1616 ostendit
2953 1561 3006 1614 in
3032 1560 3415 1633 praedicatione
3442 1561 3600 1631 juxta
3631 1561 3865 1631 capaci-

2263 1661 2427 1709 tatem
2454 1653 2778 1718 auditorum,
2796 1651 3151 1710 formandum
3181 1666 3300 1708 esse
3324 1666 3637 1708 sermonem
3664 1653 3863 1709 docto-

2264 1762 2402 1803 rum.
2456 1744 2571 1802 Non
2622 1746 2765 1802 enim
2820 1755 3041 1817 propter
3080 1745 3350 1817 perfectos
3399 1747 3690 1803 deserendi
3733 1755 3864 1804 sunt

2265 1837 2587 1909 imperfecti,
2637 1837 2733 1892 sed
2780 1837 2960 1906 potius
3006 1850 3129 1892 cum
3180 1837 3287 1893 illis
3334 1837 3641 1909 corrigendi
3692 1846 3863 1910 atque

2185 1918 2235 1983 B
2265 1928 2545 1985 tolerandi.
2598 1927 2700 1996 Qui
2746 1928 2892 1983 enim
2934 1928 3070 1984 tales
3114 1936 3264 1994 sunt,
3313 1936 3374 1983 ut
3418 1942 3542 1985 cum
3589 1930 3860 2001 apostolis

2263 2019 2451 2076 audire
2476 2019 2688 2091 possint
2713 2036 2726 2073 :
2770 2038 2788 2074 ι
2823 2016 2990 2075 Vobis
3015 2018 3202 2075 datum
3235 2027 3320 2074 est
3340 2034 3499 2076 nosse
3524 2022 3856 2093 mysterium

2260 2112 2410 2183 regni
2458 2110 2554 2166 Dei
2583 2110 2734 2181 (Luc.
2765 2110 2853 2184 v),
2893 2132 2912 2164 ι
2948 2110 3108 2166 altius
3132 2119 3189 2166 et
3212 2110 3532 2183 profundius
3564 2113 3620 2167 in
3645 2112 3855 2185 allego-

2261 2203 2463 2257 riarum
2511 2202 2650 2273 typis
2690 2209 2745 2257 et
2772 2201 2958 2274 figuris
2999 2208 3125 2258 sunt
3167 2203 3490 2259 instruendi.
3518 2203 3624 2271 Qui
3670 2214 3854 2260 autem

2260 2293 2471 2364 parvuli
2499 2298 2625 2348 sunt
2643 2300 2824 2359 sensit,
2860 2293 2973 2349 sola
3000 2293 3179 2349 littera
3206 2300 3336 2349 sunt
3359 2294 3688 2361 instruendi,
3711 2295 3852 2366 quod

2260 2388 2424 2443 etiam
2482 2385 2742 2442 Dominus
2800 2386 2927 2443 alibi
2985 2400 3086 2443 suo
3140 2386 3389 2458 exemplo
3445 2403 3545 2444 nos
3610 2387 3843 2454 instruit,

2262 2479 2475 2551 quando
2496 2479 2708 2535 cuidam
2731 2476 2929 2534 dicenti
2953 2475 3167 2551 (Matth.
3187 2478 3303 2545 nx)
3328 2491 3344 2533 :
3373 2495 3393 2531 ι
3414 2476 3672 2551 Magister
3691 2480 3840 2543 bene,

2263 2574 2391 2642 quid
2421 2570 2668 2629 faciendo
2705 2573 2872 2628 vitam
2901 2579 3159 2627 aeternam
3189 2573 3520 2644 possidebo?
3556 2594 3579 2627 ι
3616 2572 3751 2644 quasi
3776 2573 3833 2627 in

2264 2665 2506 2723 convalle
2538 2667 2711 2737 posito
2756 2665 3052 2737 respondit,
3081 2665 3268 2722 dicens
3294 2688 3307 2720 ς
3339 2686 3357 2719 ι
3387 2652 3795 2723 Mandatanosti
3816 2684 3833 2718 ι

2264 2756 2381 2811 Non
2407 2758 2640 2812 occides.
2683 2755 2801 2813 Non
2831 2757 3175 2813 adulterabis.
3209 2756 3326 2813 Non
3361 2756 3553 2814 falsum
3606 2759 3841 2814 testimo-

2263 2850 2411 2904 nium
2439 2849 2608 2916 dices,
2639 2865 2746 2904 non
2770 2848 3121 2920 concupisces
3148 2848 3261 2905 rem
3290 2850 3521 2921 proximi
3556 2853 3658 2918 tui,
3693 2870 3711 2904 ι
3745 2860 3843 2907 etc.

2266 2938 2370 2996 Sed
2389 2938 2478 2997 illo
2496 2940 2856 3012 respondente
2882 2960 2892 2995 :
2926 2961 2944 2993 ‹
2967 2940 3096 2999 Haec
3116 2941 3299 2997 omnia
3316 2940 3580 2998 custodiri
3604 2957 3635 2996 a
3660 2940 3847 3012 juven.

2267 3038 2380 3088 tute
2407 3045 2544 3099 mea,
2593 3054 2611 3085 ι
2650 3033 2898 3105 protinus
2921 3043 3159 3090 montem
3210 3022 3556 3105 perfectionis
3590 3033 3852 3099 ostendit,

2248 3116 2591 3194 subjiciens:
2627 3145 2643 3176 ι
2682 3125 2873 3181 Adhuc
2901 3140 3068 3181 unum
3110 3126 3211 3183 tibi
3240 3122 3430 3183 deest:
3456 3125 3514 3181 Si
3549 3127 3632 3182 vis
3670 3125 3856 3196 perfe-

2266 3225 2385 3272 ctus
2435 3230 2573 3283 esse,
2620 3218 2753 3274 vade
2796 3226 2851 3273 et
2889 3218 3060 3274 vende
3090 3219 3274 3276 omnia
3315 3230 3430 3291 qum
3472 3217 3667 3284 habes,
3700 3228 3761 3273 et
3791 3219 3860 3274 da

562 3317 736 3387 cepit,
762 3315 950 3371 dicens
971 3311 1167 3387 (Marc.
1196 3308 1249 3385 ν)
1279 3332 1291 3366 :
1318 3332 1336 3363 ι
1364 3307 1514 3367 Vade
1538 3312 1591 3367 in
1619 3312 1895 3367 civitatem
1920 3310 1987 3365 ad
2017 3320 2159 3377 tuos,
2188 3301 2234 3365 C
2265 3308 2613 3379 pauperibus,
2656 3317 2712 3365 et
2754 3309 2983 3366 habebis
3015 3311 3330 3365 thesaurum
3359 3311 3412 3365 in
3439 3309 3608 3375 ctelo,
3635 3320 3695 3366 et
3730 3309 3862 3365 veni

569 3402 902 3464 etannuntia
924 3407 1002 3462 eis
1022 3415 1221 3477 quanta
1247 3404 1341 3460 tibi
1366 3404 1555 3461 fecerit
1576 3402 1738 3469 Deus,
1766 3425 1784 3457 ι
1814 3419 1957 3458 nunc
1980 3411 2159 3458 autem

572 3498 784 3571 leproso
818 3498 1009 3554 curato
1050 3497 1221 3552 dicit:
1255 3515 1271 3547 ι
1308 3494 1443 3573 Vide
1482 3495 1684 3551 nemini
1722 3495 1965 3550 dixeris?
2003 3514 2019 3545 ι
2052 3492 2160 3549 Nos

572 3588 826 3644 nimirum
846 3578 904 3643 in
932 3589 1035 3644 hoc
1062 3586 1206 3643 facto
1228 3588 1471 3652 instruit,
1495 3603 1630 3656 quos
1654 3584 1963 3655 frequenter
1985 3584 2162 3641 inanis

573 3680 740 3751 gloria
773 3688 963 3743 tentat,
998 3678 1293 3734 ostendens
1324 3678 1487 3732 etiam
1519 3678 1572 3731 in
1596 3676 1738 3732 bono
1765 3692 1928 3746 opere
1950 3675 2162 3745 jactan-

572 3772 705 3827 tiam
752 3774 871 3827 esse
896 3764 1223 3842 fugiendam.
1260 3768 1314 3825 Si
1344 3770 1488 3824 enim
1513 3768 1632 3835 ille,
1667 3766 1757 3839 qui
1786 3777 1841 3823 ut
1871 3764 2037 3823 Filius
2068 3767 2162 3823 Dei

568 3865 890 3935 jactantiam
942 3879 1050 3919 nor-
1099 3865 1354 3931 timebat,
1412 3863 1730 3919 miraculum
1776 3880 1933 3919 suum
1980 3863 2162 3919 occul-

572 3969 689 4015 tare
713 3954 1024 4030 praecepit,
1068 3957 1239 4035 multo
1280 3957 1454 4029 magis
1492 3973 1591 4013 nos
1632 3972 1769 4028 quos
1817 3954 1951 4011 vana
1992 3955 2162 4026 gloria

574 4050 817 4120 subrepit
853 4041 1171 4121 iactantiam
1214 4063 1404 4104 cavere
1438 4048 1697 4104 debemus
1719 4090 1733 4115 ,
1770 4058 1829 4103 ut
1867 4049 2162 4104 secundum

572 4141 714 4215 quod
765 4142 878 4213 ipse
926 4141 1003 4195 ait
1042 4159 1055 4217 ς
1102 4159 1119 4191 ‹
1155 4138 1371 4195 Neseiat
1419 4138 1638 4194 sinistra
1696 4149 1784 4194 tua
1831 4140 1960 4209 quid
2002 4138 2165 4194 faciet

576 4233 798 4288 dextera
840 4240 931 4287 tua
972 4228 1202 4303 (Matth.
1246 4232 1353 4301 vi).
1394 4251 1411 4282 ι
1457 4228 1592 4284 Hinc
1638 4230 1832 4285 iterum
1875 4229 2158 4303 admonet,

572 4322 758 4378 dicens
781 4304 800 4378 ί
825 4342 843 4373 ‹
875 4318 954 4377 τυ
990 4330 1171 4376 autem
1211 4337 1332 4376 cum
1356 4320 1632 4385 oraveris,
1676 4321 1814 4374 intra
1843 4318 1898 4374 in
1939 4319 2163 4374 cubicu-

581 4431 685 4469 .um
713 4455 729 4480 ,
772 4423 845 4479 et,
882 4408 1260 4478 clausoostio,
1291 4428 1387 4467 ora
1429 4409 1643 4466 Patrem
1674 4420 1859 4473 tuum,
1907 4416 1959 4464 et
2000 4408 2165 4465 Pater

576 4516 721 4572 tuus,
744 4502 841 4576 qui
870 4494 1017 4559 videt
1046 4504 1103 4557 in
1132 4503 1467 4568 abscondito,
1499 4502 1687 4558 reddet
1718 4503 1810 4557 tibi
1839 4500 2018 4572 (Ibid.
2045 4502 2083 4572 ).
2126 4488 2156 4553 5

570 4600 628 4655 1n
663 4615 728 4655 eo
762 4614 888 4654 vero
912 4596 1054 4670 quod
1083 4594 1159 4651 ait
1192 4616 1209 4667 φ
1249 4596 1423 4661 Vade,
1448 4594 1671 4650 ostende
1702 4601 1754 4649 te
1798 4593 2098 4658 sacerdoti,
2136 4612 2155 4646 ι

2268 3414 2493 3472 sequere
2534 3416 2640 3458 me.
2678 3422 2696 3455 ι
2742 3401 2810 3457 Et
2836 3403 2963 3473 quia
2994 3404 3137 3459 hunc
3161 3412 3400 3459 montem
3428 3400 3637 3459 didieilc
3664 3414 3859 3457 ascen-

2267 3495 2419 3561 dunt,
2451 3493 2542 3565 qui
2586 3508 2768 3551 amore
2797 3494 3109 3551 divitiarum
3150 3500 3278 3552 sunt
3320 3495 3561 3561 onerati,
3592 3494 3731 3551 abiit
3773 3492 3862 3549 ille

2268 3586 2442 3643 tristis
2462 3628 2475 3653 ,
2506 3602 2571 3643 eo
2599 3588 2740 3659 quod
2770 3585 2968 3644 multas
3008 3588 3233 3645 haberet
3259 3588 3653 3660 possessiones.
3685 3585 3860 3658 Hujus

2266 3692 2481 3747 quoque
2511 3677 2815 3748 exemplum
2857 3675 3057 3736 Paulus
3091 3678 3383 3749 Apostolus
3425 3688 3662 3745 secutus,
3702 3677 3861 3748 quasi

2268 3784 2387 3824 cum
2436 3768 2758 3839 quibusdam
2804 3769 2857 3825 in
2903 3766 3237 3828 convallibus
3286 3772 3623 3837 morabatur,
3662 3770 3864 3841 quibus

2265 3860 2516 3916 dicebat:
2547 3879 2565 3913 ‹
2602 3861 2716 3932 Ego
2742 3861 2918 3929 vobis,
2965 3861 3179 3929 fratres,
3210 3866 3319 3919 non
3348 3862 3499 3933 potui
3524 3859 3674 3933 loqui
3700 3861 3865 3931 quasi

2255 3951 2661 4022 'spiritualibus,
2715 3952 2807 4008 sed
2850 3951 3005 4023 quasi
3049 3953 3383 4010 carnalibus.
3426 3951 3704 4023 Tanquam
3732 3964 3864 4021 par—

2272 4044 2410 4099 vulis
2448 4043 2503 4099 in
2533 4043 2750 4100 Christo
2781 4044 2865 4100 lac
2906 4044 3058 4101 vobis
3097 4053 3286 4117 potum
3335 4044 3479 4112 dedi,
3526 4059 3633 4101 non
3676 4057 3867 4099 escam

2275 4134 2327 4205 (1
2370 4132 2496 4190 Cor.
2526 4134 2632 4207 ιιι).
2670 4155 2689 4189 ι
2726 4136 2891 4203 Quasi
2920 4153 3041 4192 cum
3092 4136 3215 4193 aliis
3260 4144 3502 4195 montem
3545 4135 3869 4192 ascenderat

2269 4227 2462 4298 quibus
2503 4229 2754 4285 dicebat:
2786 4247 2805 4280 ‹
2840 4226 3172 4301 Sapientiam
3194 4229 3468 4301 loquimur
3493 4226 3642 4285 inter
3672 4226 3860 4298 perfe-

2269 4331 2385 4379 ctos
2410 4322 2461 4395 (1
2489 4320 2610 4378 Cor.
2664 4322 2746 4395 ιι).
2782 4342 2801 4376 ι
2838 4321 3114 4379 Moraliter
3135 4330 3313 4379 autem
3344 4322 3588 4394 leprosu‘r
3628 4320 3732 4376 iste
3776 4318 3870 4390 qui

2269 4414 2497 4472 Domino
2522 4415 2588 4470 de
2614 4423 2799 4471 monte
2826 4415 3190 4472 descendente
3219 4414 3476 4481 occurrit,
3506 4426 3869 4483 unumquem-

2269 4522 2374 4577 que
2401 4509 2673 4581 significat
2716 4517 3076 4579 peeeatorem.
3107 4508 3263 4564 Sicut
3295 4508 3442 4564 enim
3471 4506 3619 4578 lepra
3652 4504 3870 4560 varium

2271 4600 2527 4670 exprimit
2553 4600 2789 4656 colorem
2822 4599 2873 4655 in
2905 4610 3050 4666 cute,
3084 4599 3164 4657 sic
3187 4607 3471 4672 peccatum
3492 4597 3672 4654 varias
3698 4596 3872 4654 habet

572 4691 1024 4746 considerandum
1051 4674 1164 4755 est,
1192 4687 1338 4758 quod
1367 4686 1543 4743 nullos
1574 4685 1709 4741 alios
1736 4684 2016 4750 Dominus,
2043 4682 2164 4756 qui-
2186 4666 2242 4729 D
2269 4690 2477 4760 species
2506 4690 2559 4746 in
2588 4700 2787 4746 mente.
2807 4688 2908 4757 Qui
2930 4691 3075 4747 enim
3102 4666 3453 4757 adulterium,
3483 4688 3868 4755 homicidium,

571 4788 672 4840 bus
716 4783 1066 4855 corporaliter
1109 4782 1395 4839 sanitatem
1439 4780 1711 4859 praestititz
1744 4779 1819 4855 ad
1854 4780 2162 4859 sacerdotes

572 4874 784 4931 misisse
804 4872 1016 4945 legitur,
1042 4872 1144 4929 nisi
1171 4880 1379 4929 tantum
1402 4871 1664 4943 leprosos,
1690 4873 1831 4941 quod
1856 4890 1961 4927 non
1988 4871 2164 4928 solum

572 4969 660 5024 bic
688 4964 881 5023 fecisse
904 4964 1101 5038 legitur
1116 5009 1131 5033 ,
1154 4966 1247 5023 sed
1269 4967 1431 5021 etiam
1455 4962 1604 5031 alibi,
1637 4965 1853 5035 quando
1875 4964 2062 5020 decem
2083 4963 2163 5019 vi-

572 5067 646 5121 ris
669 5064 898 5137 leprosis
918 5063 1018 5120 sibi
1050 5063 1461 5120 occurrentibus
1480 5073 1535 5116 et
1557 5059 1915 5116 clamantibus
1943 5079 1960 5111 ι
1998 5080 2009 5113 :
2036 5058 2165 5115 Jesu

571 5167 894 5230 praeceptor,
918 5156 1175 5212 miserere
1198 5155 1388 5219 nostri,
1423 5174 1440 5206 ι
1459 5153 1737 5223 praecepit,
1762 5152 1950 5206 dicens
1978 5170 1989 5205 :
2022 5172 2039 5201 ε
2065 5150 2161 5217 Ite,

571 5242 839 5305 ostendite
864 5265 958 5305 vos
981 5247 1353 5304 sacerdotibus
1379 5244 1529 5317 (Luc.
1562 5243 1711 5314 xvii),
1750 5263 1768 5294 ι
1799 5240 1941 5313 quod
1973 5244 2042 5299 ob
2074 5259 2166 5298 va-

572 5343 681 5397 rias
706 5358 897 5398 causas
927 5330 1051 5396 eum
1084 5340 1279 5394 fecisse
1306 5337 1595 5392 credimus.
1627 5333 1866 5391 Primum
1897 5346 1955 5390 ut
1986 5351 2167 5392 sacer-

571 5436 786 5493 dotibus
818 5436 1076 5489 honorem
1105 5429 1340 5485 deferret
1379 5446 1390 5481 :
1417 5418 1772 5493 secundo,'ne
1799 5420 2167 5483 contradictor

571 5526 705 5599 legis
750 5524 1060 5582 videretur:
1098 5524 1223 5594 quia
1271 5522 1403 5592 legis
1447 5512 1773 5591 praiceptum
1824 5533 1964 5590 erat,
2014 5533 2069 5577 ut
2117 5522 2163 5599 si

572 5598 695 5690 quis
715 5635 746 5673 a
776 5619 922 5689 lepra
954 5614 1243 5670 mundatus
1267 5622 1427 5679 esset,
1461 5613 1672 5668 veniret
1696 5616 1765 5668 ad
1794 5598 2158 5670 saecrddtem:

574 5712 754 5776 tertio,
788 5719 847 5763 ut
887 5708 1229 5763 sacerdotum
1264 5705 1473 5761 animos
1510 5706 1578 5759 ad
1604 5722 1754 5761 suam
1787 5705 2161 5763 crudelitatem

573 5809 912 5875 provocaret,
960 5804 1013 5853 et
1052 5813 1157 5853 non
1197 5794 1543 5855 credentibus
1588 5814 1806 5854 omnem
1854 5800 2162 5857 excusatio-

576 5908 698 5950 nem
751 5892 1004 5947 auferret.
1053 5890 1119 5947 Et
1162 5893 1406 5953 videntes
1446 5893 1716 5966 leprosum
1751 5892 2083 5959 Inundalum,
2116 5893 2164 5951 si

2265 4782 2503 4848 furtum,
2527 4782 2803 4852 rapinam,
2851 4766 3217 4856 sacrilegium,
3249 4792 3305 4841 et
3337 4784 3424 4841 his
3448 4782 3644 4840 similia
3673 4796 3873 4854 perpe-

2270 4880 2394 4937 trat,
2446 4871 2603 4940 quasi
2652 4870 2919 4944 leprosain
2950 4874 3006 4928 in
3046 4873 3227 4928 anima
3277 4882 3454 4930 cutem
3506 4872 3869 4929 demonstrat.

2236 4962 2415 5018 'Talis
2444 4962 2490 5018 si
2538 4964 2651 5018 vult
2678 4966 3084 5021 inundationem
3130 4966 3397 5036 recipere,
3429 4965 3589 5021 debet
3635 4962 3875 5020 Domino

2269 5071 2578 5123 occurrere,
2612 5057 2665 5113 id
2693 5068 2796 5126 est,
2819 5074 2941 5114 cum
2970 5058 3227 5131 laerymis
3254 5044 3309 5115 et
3333 5057 3623 5129 gemitibus
3654 5070 3712 5113 se
3740 5071 3875 5129 pec-

2270 5157 2509 5205 eatorem
2534 5165 2887 5222 cognoscere,
2927 5160 2983 5206 et
3012 5149 3227 5205 Domini
3256 5148 3687 5206 miscricordiam
3715 5161 3873 5204 com-

2271 5253 2471 5314 puncto
2498 5245 2660 5299 corde
2686 5244 2938 5310 exurare,
2970 5245 3155 5300 dicens
3175 5261 3299 5301 cum
3324 5240 3595 5317 Propheta
3620 5259 3634 5298 :
3665 5263 3683 5293 ι
3712 5240 3878 5299 Mise-

2272 5352 2392 5391 rere
2440 5336 2570 5401 mei,
2615 5332 2776 5403 Deus,
2811 5335 3104 5392 secundum
3139 5334 3391 5409 magnam
3426 5332 3873 5392 misericordiam

2273 5440 2437 5484 tuam.
2472 5426 2737 5496 Quoniam
2780 5420 3124 5498 iniquitatem
3152 5444 3329 5484 meam
3354 5443 3455 5501 ego
3493 5439 3786 5499 cognosco,
3816 5437 3876 5482 et

2270 5531 2550 5595 peceatum
2603 5537 2782 5577 meum
2825 5518 3015 5577 contra
3067 5516 3152 5578 me
3191 5530 3275 5579 est
3310 5537 3545 5593 semper.
3592 5516 3712 5576 Tibi
3765 5519 3875 5575 soli

2268 5610 2490 5689 peccavi
2516 5624 2570 5671 et
2598 5613 2795 5669 malum
2823 5630 3006 5670 coram
3045 5624 3095 5669 te
3124 5613 3229 5670 feci
3274 5610 3447 5689 (Psal.
3485 5611 3581 5683 1.):
3617 5632 3637 5665 ι
3669 5608 3736 5665 Et
3763 5609 3876 5666 ite.

2273 5726 2430 5765 rum:
2468 5730 2485 5759 ι
2520 5707 2787 5763 Delietum
2826 5702 3006 5763 meum
3044 5707 3319 5779 cognitum
3347 5704 3448 5762 tibi
3472 5704 3598 5771 feci,
3641 5712 3696 5758 et
3726 5702 3873 5774 inju-

2273 5800 2449 5856 stitias
2474 5814 2622 5855 meas
2644 5815 2751 5855 non
2780 5794 3052 5854 abscondi.
3080 5798 3224 5866 Dixi,
3241 5794 3558 5856 Confitebor
3580 5796 3869 5852 adversum

2272 5908 2357 5949 me
2387 5890 2703 5963 iniustitiam
2736 5906 2910 5948 meam
2940 5888 3193 5960 Domino,
3219 5898 3274 5949 et
3298 5894 3353 5947 tu
3384 5889 3645 5954 remisisti
3676 5886 3873 5964 impie-
