4038 6352
200 444 304 500 ιιι

1430 440 1732 503 ΒΟΜΙΙΛᾸΕ
1775 446 1864 503 DE
1903 446 2246 503 TEMPORE.

3367 450 3470 509 149.

198 563 375 611 tatem
407 557 613 626 peccati
650 556 754 612 mei
795 554 964 628 (Pal.
1004 558 1178 628 xxxi).
1216 580 1235 611 ι
1266 560 1376 615 Nec
1405 560 1566 615 debet
1597 560 1787 631 despe-
1814 563 1865 623 Α
1889 569 2095 632 septem
2124 561 2240 617 dies
2269 560 2493 618 intuitus
2512 574 2657 630 eum,
2691 564 2737 619 si
2757 563 2952 620 viderit
2975 565 3211 621 crevisse
3240 565 3465 638 lepram,

200 661 330 701 rare
358 647 590 712 veniam,
620 647 666 703 si
695 647 908 719 dignam
940 665 1044 704 non
1092 650 1389 719 neglexerit
1425 660 1586 720 agere
1619 651 1790 721 pteni-

1893 653 2054 709 addat
2105 652 2239 709 alios
2289 662 2493 725 septem
2536 655 2671 711 dies.
2702 655 2831 713 Post
2884 659 3290 727 quatuordecim
3337 674 3467 719 vero

200 739 450 793 tentiam.
483 738 617 793 Nam
648 748 907 810 quantum
932 741 1245 797 misericors
1277 742 1349 797 sit
1368 742 1631 799 Dominus
1664 758 1791 814 erga
1893 743 2007 799 dies
2041 729 2501 801 iterum'intuitus
2538 762 2681 813 eum,
2714 748 2757 802 si
2798 749 2994 805 viderit
3022 751 3195 807 adhuc
3225 766 3468 809 crescere

201 839 518 899 peccatores
553 845 879 897 conversos,
922 831 1299 887 manifestatur
1335 848 1457 887 cum
1504 833 1785 888 subditur:

207 937 226 973 t
271 921 343 976 Et
381 921 676 978 extendens
711 921 868 978 Jesus
901 938 1120 979 manum
1158 924 1339 995 tetigit
1374 938 1516 989 eum,
1552 925 1783 979 dicens-2

206 1032 227 1066 ι
266 1011 426 1079 Volo,
456 1014 737 1070 mundare.
779 1035 799 1067 ι
830 1016 901 1071 Ει
922 1017 1047 1086 quia
1078 1032 1238 1073 verus
1266 1026 1350 1073 est
1392 1019 1653 1084 medicus,
1695 1020 1786 1090 qui

200 1121 309 1161 non
340 1107 491 1162 venit
516 1122 709 1163 vocare
729 1111 925 1177 justus,
955 1112 1047 1165 sed
1079 1120 1391 1180 peccatores
1426 1113 1490 1165 ad
1516 1113 1785 1182 pmniteno

203 1196 336 1250 tiam
380 1196 593 1270 (Matth.
644 1198 741 1269 rx),
785 1212 929 1256 recte
973 1201 1245 1283 leprosum
1287 1204 1526 1275 tetigisse
1567 1205 1780 1261 dicitur.

202 1284 394 1342 Manus
423 1288 565 1342 enim
604 1288 813 1344 Domini
857 1291 913 1346 in
963 1289 1261 1363 Scripturis
1290 1294 1579 1364 aliquando
1622 1295 1787 1364 maje—

202 1378 358 1434 statis
381 1394 492 1434 suae
512 1381 829 1449 potentiam,
860 1382 1151 1454 aliquando
1173 1384 1562 1442 incarnationis
1591 1398 1786 1458 myste-

203 1472 345 1526 rium
360 1471 646 1541 signiﬁcat.
681 1473 983 1529 Potentiam
1013 1475 1313 1546 majestatis
1329 1479 1619 1549 signiﬁcat,
1638 1481 1785 1535 utait

201 1561 488 1619 Psalmista
521 1581 533 1617 :
571 1583 591 1616 ι
633 1564 693 1619 In
746 1556 941 1622 manus
985 1577 1125 1635 tuas,
1178 1570 1422 1637 Domine,
1467 1575 1783 1628 commendo

202 1656 452 1727 spiritum
493 1670 671 1711 meum
710 1655 883 1727 (Paul.
917 1658 1069 1731 xxx).
1108 1680 1126 1711 ι
1158 1661 1548 1718 lnoarnationis
1578 1672 1781 1735 myste~

203 1747 376 1812 rium,
406 1754 465 1800 ut
493 1747 629 1801 idem
669 1748 796 1804 alibi
832 1750 945 1804 ait:
985 1769 1003 1801 ι
1033 1751 1234 1807 Emitte
1273 1762 1492 1811 manum
1531 1762 1676 1809 tuam
1714 1757 1781 1812 de

201 1838 312 1893 alto
339 1838 509 1910 (Paul.
532 1841 740 1914 exuti).
772 1863 791 1894 ι
831 1839 956 1897 Vult
983 1845 1127 1899 enim
1155 1846 1294 1902 Deus
1318 1848 1581 1905 mundare
1601 1848 1777 1921 lepro-

1882 836 2115 905 lepram,
2144 837 2278 895 sciat
2303 838 2432 908 quia
2460 837 2607 908 lepra
2634 853 2993 909 perseverans
3008 850 3114 909 est,
3153 851 3210 899 et
3233 851 3360 899 tunc
3375 844 3465 920 ju-

1890 927 2032 985 dicet
2055 943 2180 987 eum
2204 928 2501 1000 leprosum,
2527 938 2582 1009 et
2602 928 2782 1000 eiiciat
2809 947 2935 989 eum
2956 942 3115 991 extra
3139 943 3346 1002 castra;
3375 951 3464 1006 ([lH

1889 1018 2129 1075 manebit
2172 1020 2386 1076 intonsa
2413 1022 2604 1097 barba,
2639 1029 2829 1093 operto
2872 1022 3068 1092 capite,
3100 1025 3271 1093 scissa
3300 1034 3465 1090 veste,

1886 1122 2074 1183 aperto
2111 1129 2225 1181 ore,
2271 1115 2605 1171 immundum
2647 1130 2707 1170 se
2743 1113 2998 1184 judicans
3041 1119 3185 1177 omni
3230 1126 3469 1190 tempore
3542 1160 3549 1167 .

1887 1206 2242 1275 separationis
2291 1222 2422 1266 suae.
2476 1206 2533 1264 Si
2582 1214 2762 1263 autem
2808 1207 3098 1265 mundatus
3149 1208 3329 1274 fuerit,
3373 1211 3467 1280 qui
3560 1198 3565 1205 ’

1886 1294 2191 1366 hujusmodi
2243 1298 2474 1353 sustinet
2518 1299 2846 1369 passionem,
2886 1298 3071 1357 veniat
3116 1299 3181 1355 ad
3223 1301 3471 1357 sacerdo-

1886 1376 2094 1455 temyet
2124 1383 2314 1440 offerat
2363 1402 2461 1457 pro
2510 1387 2893 1445 emundatione
2920 1403 3014 1443 sua
3054 1396 3263 1453 tortam
3307 1391 3463 1460 panis
3544 1400 3547 1401 '

1882 1484 1936 1530 et
1966 1478 2261 1532 sextarium
2284 1478 2387 1534 olei
2418 1479 2484 1534 ad
2520 1478 2803 1537 luminaria
2833 1481 3227 1543 concinnanda,
3256 1489 3309 1538 et
3334 1482 3464 1539 οπε-

1882 1576 1968 1623 rat
1995 1568 2129 1625 duos
2170 1586 2422 1640 passeres
2448 1572 2620 1640 vivos,
2649 1589 2815 1629 unum
2842 1590 2940 1644 pro
2983 1582 3208 1645 peccato
3236 1583 3292 1630 et
3334 1575 3471 1630 alte-

1882 1675 1997 1713 rum
2027 1660 2079 1714 in
2104 1660 2437 1717 holocausto.
2473 1662 2603 1731 Quae
2628 1664 2811 1719 omnia
2839 1664 3071 1733 qualiter
3099 1680 3242 1721 nunc
3279 1665 3333 1719 in
3359 1665 3463 1722 Ec-

1880 1747 2042 1827 clesia
2088 1750 2442 1821 spiritualiter
2484 1752 2601 1811 ﬁeri
2645 1756 2991 1823 conveniant,
3045 1757 3282 1823 breviter
3320 1774 3462 1813 nunc

1879 1843 2346 1897 commemoranda
2378 1853 2523 1899 sunt.
2554 1844 2724 1915 Lepra
2753 1836 2896 1905 enim
2929 1846 3011 1917 (ut
3041 1846 3296 1919 diximus)
3338 1863 3464 1918 pec-

200 1944 342 1996 sum,
371 1932 515 2001 quia,
548 1940 609 1985 ut
631 1933 710 1987 ait
735 1933 1042 2004 Apostolus,
1083 1954 1101 1986 ι
1130 1934 1408 1992 Neminem
1436 1939 1550 1993 vult
1576 1920 1774 2011 perire,
1804 1920 1852 1987 Β
1879 1942 2058 1987 catum
2088 1933 2384 2001 signiﬁcat;
2427 1935 2480 1990 in
2510 1935 2663 2007 cujus
2701 1953 2831 2008 ergo
2858 1946 2980 1995 cute
3011 1939 3156 2011 lepra
3202 1955 3467 2011 apparue-

199 2023 293 2075 sed
318 2035 505 2076 omnes
540 2022 611 2076 ad
636 2025 962 2095 agnitionem
988 2027 1235 2082 veritatis
1262 2031 1503 2085 converti
1558 2031 1608 2102 (1
1642 2031 1778 2088 Tim.

196 2110 281 2183 ιι).
330 2135 353 2164 ι
393 2113 546 2169 Unde
574 2115 687 2185 ipse
716 2131 813 2186 per
853 2116 1179 2188 Prophetam
1210 2122 1287 2174 ait
1323 2120 1543 2193 (Esca/2.
1574 2124 1731 2196 xvm)
1763 2142 1775 2180 :

202 2219 223 2253 ι
266 2202 404 2259 Vivo
437 2219 558 2275 ego,
590 2206 721 2261 dicit
748 2207 1205 2275 Dominuereus,
1236 2212 1360 2268 nolo
1389 2224 1621 2270 mortem
1652 2231 1780 2287 pec-

192 2293 421 2360 catoris,
454 2295 548 2351 sed
576 2297 746 2366 magis
772 2306 839 2351 ut
858 2308 1210 2355 convertatur
1242 2310 1298 2359 et
1331 2304 1496 2358 vivat.
1537 2323 1556 2358 ι
1593 2306 1661 2360 Et
1690 2307 1784 2362 ite-

190 2400 319 2440 rum
351 2402 365 2438 :
404 2403 423 2437 ι
452 2386 714 2444 Peccator
741 2406 1065 2462 quacunque
1103 2394 1191 2449 die
1218 2411 1512 2453 conversus
1540 2398 1724 2467 fuerit,
1757 2421 1778 2454 ι

187 2486 249 2533 et
275 2478 509 2549 reliqua.
540 2480 610 2536 Et
635 2481 689 2536 in
728 2483 1016 2553 Evangelia
1051 2500 1066 2539 :
1110 2505 1128 2536 ι
1170 2488 1299 2543 Dico
1328 2491 1499 2556 vobis,
1532 2492 1784 2562 gaudium

192 2570 373 2625 eritin
402 2571 544 2626 caelo
570 2588 733 2643 super
762 2591 869 2631 uno
894 2586 1181 2646 peccatore
1205 2580 1578 2648 paenitentiam
1599 2593 1787 2653 agente

194 2659 350 2732 (Luc.
384 2662 496 2734 xv).
542 2681 561 2713 ι
606 2662 721 2719 Nec
753 2675 878 2735 eget
906 2666 1166 2723 Dominus
1200 2671 1375 2740 spatio
1408 2685 1671 2727 annorum
1705 2674 1786 2728 vel

198 2752 529 2824 longitudine
560 2763 864 2825 temporum
895 2758 951 2811 in
977 2760 1315 2828 poenitentia,
1344 2762 1439 2817 sed
1467 2777 1561 2818 cor
1583 2765 1784 2820 contri-

203 2853 316 2901 tum
342 2854 397 2901 et
420 2846 763 2902 humiliatum
810 2849 955 2904 Deus
988 2864 1096 2905 non
1140 2852 1381 2921 spernit:
1405 2853 1530 2923 quia
1562 2867 1667 2909 non
1694 2870 1788 2910 no-

202 2945 326 2994 cen't
355 2939 493 2994 mala
520 2941 817 3009 praeterita,
849 2941 894 2997 si
935 2957 1043 2997 non
1070 2943 1302 3014 placent.
1332 2944 1575 3000 Primum
1603 2953 1783 3000 autem

203 3032 380 3103 tetigit
428 3032 733 3102 leprosum,
784 3042 840 3090 et
880 3037 1223 3105 postmodum
1301 3038 1599 3103 mundavit,
1656 3038 1783 3108 quia

196 3123 353 3197 prius
384 3133 614 3180 mentem
654 3137 899 3182 nostram
928 3142 1028 3197 per
1057 3143 1209 3185 suam
1244 3129 1469 3200 gratiam
1512 3131 1578 3184 ad
1608 3129 1789 3201 pinni-

198 3215 427 3270 tentiam
448 3217 707 3287 agendam
737 3217 1055 3286 inﬂammat,
1081 3229 1138 3275 et
1159 3221 1500 3291 postmodum
1516 3221 1675 3292 digne
1690 3237 1781 3292 pe-

201 3308 463 3373 tentibus,
501 3311 644 3380 quod
678 3313 1018 3380 peccavimus
1044 3328 1142 3383 per
1177 3313 1604 3368 misericordiam
1638 3314 1778 3369 rela—
1810 3275 1856 3343 c

207 3408 321 3453 xat.
360 3398 467 3455 Sed
494 3401 621 3471 quia
646 3402 760 3472 ipsa
782 3413 1006 3474 peccata
1029 3406 1148 3461 vice
1173 3404 1389 3463 Domini
1415 3405 1784 3462 sacerdotibus

204 3489 450 3545 conﬁteri
479 3491 752 3559 debemus,
787 3503 842 3550 et
879 3496 945 3550 ad
981 3510 1173 3551 eorum
1202 3495 1482 3552 consilium
1512 3496 1781 3566 preniten-

201 3581 332 3635 tiam
361 3596 542 3652 agere,
588 3592 734 3639 recte
773 3584 1155 3658 subjungitur:
1188 3606 1209 3638 σ
1242 3586 1375 3641 Vide
1405 3585 1609 3641 nemini
1636 3587 1785 3641 dixe.

200 3673 301 3738 ris,
322 3674 415 3729 sed
433 3675 588 3742 vade,
612 3679 836 3734 ostende
858 3686 910 3735 te
936 3674 1221 3745 sacerdoti,
1247 3699 1271 3733 ι
1294 3688 1401 3735 etc.
1429 3678 1592 3734 Forte
1618 3680 1779 3735 etiam

198 3774 326 3820 sunt
352 3766 618 3832 nonnulli,
648 3770 740 3838 qui
769 3768 1014 3825 suiiicere
1055 3770 1156 3826 sibi
1207 3769 1455 3835 credunt,
1498 3770 1641 3841 quod
1685 3769 1782 3825 soli

204 3850 312 3913 Deo
343 3867 670 3929 cumpuncto
708 3863 870 3918 corde
899 3871 1123 3933 peccata
1153 3878 1247 3918 sua
1275 3862 1653 3927 conﬁteantur,
1684 3877 1785 3917 nec

210 3963 267 4003 ea
280 3965 399 4005 esse
418 3965 643 4008 necesse
657 3952 1030 4010 sacerdotibus
1052 3954 1320 4020 conﬁteri,
1337 3954 1705 4009 tantummodo
1724 3963 1784 4008 ut

204 4056 235 4095 a
256 4041 414 4097 malis
440 4043 553 4098 suis
578 4045 834 4114 operibus
858 4054 1089 4101 cessent.
1108 4045 1354 4114 Quorum
1376 4045 1557 4116 opinio
1582 4046 1627 4101 si
1655 4061 1782 4101 vera

200 4149 369 4205 esset,
388 4154 729 4211 nequaquam
749 4141 1011 4199 Dominus
1032 4143 1294 4214 leprosos,
1318 4156 1455 4211 quos
1475 4154 1572 4212 per
1594 4149 1785 4196 semet-

204 4232 377 4302 ipsum
406 4234 779 4300 mundaverat,
820 4235 887 4290 ad
931 4236 1239 4291 sacerdotes
1265 4234 1515 4290 misisset.
1546 4233 1785 4304 Denique

202 4326 251 4378 si
277 4334 497 4395 peccata
533 4342 640 4382 non
667 4335 849 4383 essent
881 4327 1253 4384 sacerdotibus
1280 4327 1610 4391 conﬁtenda,
1642 4334 1698 4381 et
1718 4326 1785 4380 ad

201 4431 390 4471 eorum
426 4416 689 4487 judicium
734 4418 1080 4485 excutienda,
1123 4418 1351 4473 Paulum
1394 4428 1554 4488 quem
1601 4418 1659 4472 in
1700 4417 1787 4472 via

202 4506 378 4561 fuerat
403 4508 686 4573 allocutus,
721 4522 1063 4579 nequaquam
1083 4508 1307 4564 Ananiae
1328 4509 1594 4563 sacerdoti
1624 4508 1787 4564 desti-

1885 2022 1974 2087 rit,
2003 2021 2055 2077 id
2079 2031 2179 2089 est,
2206 2024 2258 2078 in
2282 2022 2435 2093 cujus
2464 2027 2642 2083 anima
2671 2036 2953 2098 peccatum
2980 2027 3167 2097 fuerit,
3190 2031 3370 2086 veniat
3400 2032 3470 2087 ad

1884 2111 2237 2182 sacerdotem,
2276 2117 2452 2173 locum
2479 2118 2640 2190 lepra:
2678 2121 2970 2177 ostendens
2989 2161 3003 2186 ,
3032 2121 3086 2175 id
3110 2130 3217 2187 est,
3238 2130 3469 2192 peccata

1884 2224 1977 2262 sua
2009 2209 2283 2265 humiliter
2329 2211 2379 2266 ei
2423 2210 2765 2266 conﬁteatur.
2817 2210 2920 2281 Qui
2950 2213 3203 2269 sacerdos
3231 2213 3475 2269 recludat

1884 2315 2008 2357 eum
2038 2301 2092 2356 in
2121 2302 2281 2357 domo
2307 2312 2555 2374 separata
2583 2296 2827 2363 seorsum
2870 2320 2966 2375 per
3006 2315 3213 2375 septem
3238 2306 3374 2373 dies,
3419 2306 3471 2361 id

1886 2400 1969 2445 est
1998 2393 2144 2446 omni
2194 2401 2435 2463 tempore
2478 2395 2601 2451 vita:
2647 2410 2776 2460 suae,
2820 2411 2942 2465 quae
2988 2410 3086 2467 per
3118 2408 3324 2466 septem
3353 2397 3473 2452 dies

1889 2481 2143 2549 volvitur,
2174 2480 2544 2554 paenitendum
2595 2485 2867 2539 insinuet:
2892 2493 2946 2539 et
2971 2495 3092 2556 post
3121 2494 3326 2556 septem
3357 2486 3472 2544 dies

1889 2571 2115 2628 intuitus
2137 2589 2258 2628 eum
2279 2614 2295 2640 ,
2323 2575 2369 2630 si
2396 2575 2593 2631 viderit
2621 2560 2859 2635 crevisse
2885 2575 3114 2645 lepram,
3144 2576 3307 2635 addat
3336 2575 3471 2631 alios

1888 2674 2112 2736 septem,
2142 2667 2197 2723 id
2221 2652 2324 2732 est,
2352 2666 2443 2723 ubi
2476 2668 2703 2725 iteratur
2728 2675 3033 2738 peccatum,
3065 2678 3324 2741 augeatur
3352 2684 3470 2738 pui-

1888 2756 2129 2813 nitentia:
2151 2757 2360 2813 modus.
2388 2757 2654 2826 Quoniam
2681 2759 2981 2815 districtius
3013 2757 3290 2831 judicandi
3320 2768 3469 2826 sunt,

1886 2848 1977 2918 qui
2006 2863 2104 2917 per
2127 2852 2571 2909 consuetudinem
2593 2860 2840 2921 peccant,
2874 2866 3037 2922 quam
3060 2852 3135 2909 illi
3161 2853 3254 2923 qui
3293 2853 3472 2909 subito

1886 2942 2103 2998 cadunt.
2134 2939 2263 2998 Post
2291 2944 2703 3015 quatuordecim
2723 2960 2854 3001 vero
2878 2946 2993 3002 dies
3014 2946 3213 3003 iterum
3242 2946 3470 3001 intuitus

1886 3050 2026 3099 eum,
2055 3035 2101 3090 si
2126 3035 2319 3091 viderit
2340 3037 2513 3093 adhuc
2535 3053 2782 3095 crescere
2805 3038 3033 3111 lepram,
3058 3040 3113 3099 id
3140 3046 3245 3106 est,
3276 3040 3323 3093 si
3348 3054 3472 3109 pec-

1886 3133 2067 3179 catum
2113 3124 2167 3179 in
2196 3127 2640 3182 consuetudinem
2688 3128 2883 3185 viderit
2908 3130 3129 3197 venire,
3166 3130 3302 3198 sciat
3341 3130 3469 3199 quia

1886 3214 2057 3284 lepra'
2081 3230 2435 3286 perseverans
2467 3227 2569 3273 est.
2621 3218 2833 3273 Maneat
2870 3231 3048 3275 autem
3088 3230 3240 3276 extra
3271 3231 3467 3288 castra,

1883 3305 1969 3359 vel
1983 3318 2208 3376 corpore
2231 3306 2299 3360 ab
2322 3308 2559 3362 Ecclesia
2581 3319 2877 3378 separatus,
2896 3310 2978 3365 vel
2999 3316 3029 3364 a
3046 3311 3319 3366 consortio
3344 3327 3470 3366 san-

1882 3406 2092 3453 ctorum
2117 3412 2176 3452 se
2203 3397 2256 3451 in
2287 3408 2466 3453 mente
2496 3400 2769 3471 indignum
2796 3401 3020 3469 judicet.
3062 3403 3266 3458 Habeat
3292 3405 3469 3460 inton-

1884 3502 1999 3544 sam
2026 3488 2272 3555 barbam,
2304 3500 2363 3544 ιιι
2402 3491 2480 3545 sic
2509 3491 2814 3561 squalorem
2855 3496 3183 3562 pcenitentiae
3224 3496 3385 3549 etiam
3415 3498 3469 3550 in

1884 3580 2001 3650 ipso
2030 3579 2178 3635 vultu
2227 3581 2492 3638 ostendat.
2538 3581 2739 3653 Operto
2773 3583 2969 3653 capite,
3014 3585 3140 3655 quia
3182 3586 3249 3639 ab
3295 3584 3470 3642 ofﬁcio

1881 3672 2279 3743 praedicationis
2316 3684 2531 3729 cessare
2574 3674 2761 3741 debet,
2805 3675 2895 3745 qui
2964 3675 3176 3746 pubiice
3221 3670 3465 3747 poenitet.

1884 3764 2096 3821 Maneat
2125 3774 2305 3821 autem
2352 3774 2541 3838 aperto
2584 3780 2698 3834 ore,
2746 3768 2912 3823 scissa
2941 3768 3108 3834 veste,
3160 3770 3213 3823 id
3239 3777 3341 3835 est,
3375 3784 3472 3840 per

1882 3855 2274 3913 confessionem
2295 3871 2446 3913 suam
2468 3858 2758 3929 patefaciat
2780 3860 3188 3916 conscientiam.
3213 3858 3267 3915 Si
3291 3869 3470 3916 autem

1884 3958 2109 4004 sanatus
2149 3949 2332 4016 fuerit,
2376 3949 2466 4019 qui
2515 3949 2819 4019 hujusmodi
2866 3952 3096 4007 sustinet
3142 3952 3468 4022 passionem,

1884 4042 2063 4096 veniat
2103 4043 2173 4097 ad
2207 4040 2564 4108 sacerdotem,
2611 4050 2665 4097 et
2708 4040 2902 4098 oﬂ'erat
2945 4052 3045 4113 pro
3090 4044 3472 4100 emendatione

1884 4148 1983 4188 sua
2032 4140 2227 4187 tortam
2258 4133 2451 4202 panis,
2500 4132 2749 4189 videlicet
2798 4133 3136 4208 dulcedinem
3187 4135 3472 4190 charitatis

1884 4223 2293 4295 qnibuscunque
2332 4228 2510 4294 potest
2549 4225 2842 4294 impendat,
2891 4241 2998 4280 non
3037 4224 3210 4284 solum
3255 4227 3468 4293 amicis,

1886 4318 1979 4372 sed
2011 4317 2171 4372 etiam
2200 4316 2450 4372 inimicis.
2480 4316 2549 4372 Et
2576 4316 2799 4386 pulchre
2826 4330 2924 4388 per
2952 4326 3148 4373 tortam
3173 4317 3325 4388 panis
3350 4317 3471 4372 dul-

1884 4412 2019 4467 cedo
2045 4411 2326 4467 charitatis
2365 4409 2698 4482 designatur,
2724 4412 2871 4481 quia,
2904 4410 3047 4466 sicut
3072 4412 3127 4466 in
3153 4413 3258 4465 vita
3289 4412 3467 4465 homi—

1887 4504 1971 4558 nis
2015 4503 2327 4575 principalis
2367 4510 2451 4559 est
2499 4504 2653 4574 panis
2679 4521 2691 4556 :
2717 4503 2795 4559 sic
2841 4503 2984 4558 inter
3013 4518 3203 4559 omnes
3238 4503 3467 4557 virtutes

207 4608 378 4665 naret,
412 4601 597 4657 dicens
625 4618 638 4655 :
670 4620 689 4653 ι
720 4598 870 4656 Vade
890 4601 944 4655 in
966 4600 1262 4665 civitatem,
1283 4608 1338 4655 et
1362 4600 1435 4655 ibi
1459 4600 1669 4655 dicetur
1689 4601 1784 4655 tibi
1813 4644 1863 4705 Β
1887 4595 2199 4666 principalis
2222 4602 2306 4650 est
2351 4594 2607 4649 charitas.
2639 4592 2843 4649 Oderat
2888 4594 3051 4705 etiam
3080 4600 3134 4645 et
3169 4592 3467 4696 sextarium

202 4689 335 4760 quid
361 4699 413 4745 te
435 4698 684 4762 apol-teat
709 4690 886 4746 facere
909 4690 1048 4762 (Act.
1082 4689 1179 4761 ιι).
1214 4708 1233 4741 ι
1262 4689 1418 4757 Quod
1440 4689 1589 4745 enim
1613 4690 1784 4746 conﬁ-

202 4781 443 4837 tentibus
480 4791 701 4853 peccata
742 4798 839 4837 sua
894 4781 1262 4837 sacerdotibus
1317 4781 1542 4837 multum
1593 4782 1789 4853 prosit,

203 4872 399 4941 probat
426 4871 661 4929 Iacobus
698 4873 996 4946 apostolus,
1031 4874 1252 4930 dicens;
1292 4892 1311 4926 ι
1338 4873 1683 4931 Conﬁtemini
1712 4874 1790 4929 al-

206 4976 474 5023 terutrum
502 4976 724 5039 peccata
751 4975 951 5034 vestra,
976 4975 1032 5024 et
1055 4974 1206 5022 orate
1226 4981 1326 5039 pro
1347 4967 1582 5024 invicem
1608 4975 1667 5021 ut
1687 4966 1791 5023 sal-

204 5060 411 5115 veuiini
461 5061 665 5130 (Iacob.
714 5060 793 5135 v).
842 5078 862 5114 ι
897 5060 965 5115 Et
990 5059 1265 5116 Joannes:
1298 5079 1316 5111 ι
1349 5059 1406 5115 Si
1433 5059 1789 5115 conﬁteamur

205 5160 433 5222 peccata
457 5159 668 5217 nostra,
695 5151 867 5209 ﬁdelis
898 5150 1145 5220 ctjnstus
1166 5158 1251 5206 est
1269 5150 1429 5215 Deus,
1454 5158 1516 5205 ut
1552 5151 1787 5204 dimittat

204 5251 434 5314 peccata
473 5250 691 5309 nostra,
730 5251 786 5299 et
818 5245 1074 5299 emundet
1117 5256 1216 5297 nos
1263 5241 1332 5296 ab
1380 5240 1526 5296 omni
1567 5247 1789 5309 peccato

204 5336 259 5408 (Ι
290 5336 455 5392 han.
483 5339 546 5409 ι).
595 5357 616 5389 ι
647 5337 801 5405 Quod
832 5337 1007 5391 etiam
1050 5338 1107 5390 in
1132 5335 1314 5392 Veteri
1349 5334 1699 5389 Testamento
1731 5332 1791 5386 ﬁ-

206 5436 405 5499 gurate
451 5428 872 5491 demonstratur,
921 5427 1137 5497 quando
1165 5426 1271 5481 tale
1299 5427 1364 5480 de
1392 5424 1616 5495 leprosis
1657 5437 1793 5492 prae-

205 5519 624 5591 ceptumjioyﬁ
649 5535 679 5574 a
713 5519 941 5575 Domino
979 5518 1192 5583 dicitur,
1242 5519 1321 5573 sic
1346 5518 1489 5571 enim
1534 5515 1790 5585 scriptum

205 5622 297 5671 est
321 5629 339 5668 :
364 5613 431 5668 Et
460 5612 669 5668 locutus
692 5620 776 5667 est
812 5611 1070 5667 Dominus
1099 5609 1166 5664 ad
1206 5609 1425 5680 Moysen
1457 5608 1598 5680 (Leu.
1629 5608 1749 5679 xm)
1777 5627 1790 5661 :

207 5703 310 5759 Vir
335 5706 390 5759 in
420 5703 574 5774 cujus
595 5714 719 5760 cute
742 5704 926 5760 varius
952 5701 1103 5759 color
1138 5702 1472 5771 apparuerit,
1513 5700 1689 5755 veniat
1725 5700 1791 5755 ad

208 5796 553 5851 sacerdotem
577 5804 635 5851 et
655 5796 905 5851 ostendat
939 5810 998 5850 se
1026 5793 1139 5847 illi:
1172 5793 1263 5862 qui
1305 5791 1543 5847 recludet
1569 5807 1691 5846 eum
1736 5795 1789 5845 in

211 5888 373 5943 domo
423 5897 669 5958 separata
724 5903 965 5943 seorsum
1010 5902 1107 5957 per
1145 5893 1347 5957 septem
1400 5886 1532 5950 dies,
1583 5893 1789 5953 etpost

1887 4688 2013 4753 olei,
2056 4688 2107 4741 id
2136 4695 2221 4742 est
2249 4686 2629 4742 misericordia
2674 4686 2881 4739 viscera
2912 4684 3151 4749 indutus,
3181 4683 3237 4737 iu
3262 4694 3322 4737 sc
3347 4696 3471 4754 pec-

1890 4780 2138 4837 cantibus
2179 4779 2473 4835 clementer
2521 4778 2763 4847 ignoscat
2789 4793 2802 4829 :
2828 4781 2883 4829 et
2925 4773 3027 4830 hoc
3071 4775 3137 4829 ad
3182 4773 3470 4830 luminaria

1891 4873 2278 4935 concinnanda,
2308 4879 2369 4924 ut
2398 4871 2537 4925 sicut
2558 4869 2741 4939 plures
2769 4869 3041 4938 peccando
3079 4884 3177 4924 suo
3205 4869 3473 4923 destruxit

1889 4968 2157 5039 exemplo,
2194 4968 2267 5022 ita
2293 4964 2632 5022 emendatius
2660 4963 2907 5029 vivendo,
2953 4978 3051 5017 sua
3101 4960 3472 5018 satisfactione

1890 5058 2085 5115 multos
2114 5057 2421 5115 receditlcet.
2455 5055 2658 5113 Oderat
2696 5070 2909 5126 quoque
2946 5054 3080 5111 duos
3121 5070 3370 5125 passeres
3398 5056 3474 5108 vi-

1889 5167 2004 5217 vos,
2030 5153 2081 5207 id
2105 5162 2207 5219 est,
2238 5165 2433 5221 corpus
2461 5154 2514 5204 et
2547 5149 2781 5203 animam
2822 5162 2973 5204 suam
3002 5147 3196 5203 divinae
3224 5147 3472 5203 servituti

1892 5239 2158 5313 subjiciat,
2194 5253 2251 5299 ut
2281 5244 2417 5297 sicut
2443 5241 2684 5297 exhibuit
2721 5242 2962 5297 membra
2990 5240 3083 5295 Sua
3126 5240 3329 5295 servire
3375 5240 3471 5293 im-

1894 5336 2170 5393 munditia:
2194 5345 2248 5390 et
2274 5334 2547 5404 iniquitati
2575 5334 2641 5387 ad
2672 5333 3030 5403 iniquitatem,
3064 5332 3137 5386 ita
3165 5332 3365 5386 serviat
3389 5331 3474 5399 ju-

1893 5428 2051 5482 stitire
2095 5428 2148 5481 in
2194 5421 2695 5481 sanctiﬁcationem.
2749 5418 2873 5477 Sive
2920 5429 3066 5477 certe
3110 5419 3299 5497 oﬂ‘erat
3342 5419 3476 5472 duos

1899 5536 2143 5590 passeres
2178 5519 2329 5575 vivos
2356 5537 2369 5571 ε
2395 5519 2447 5572 id
2491 5527 2592 5583 est,
2625 5515 2734 5572 duo
2780 5528 2978 5586 genera
3021 5509 3472 5582 compunctionis,

1896 5614 2103 5669 timoris
2131 5612 2338 5669 scilicet
2362 5619 2417 5667 et
2457 5611 2673 5666 amoris.
2712 5609 2791 5664 De
2817 5607 3012 5678 quibus
3052 5614 3197 5660 recte
3238 5602 3472 5658 dicitur:

1894 5704 2072 5760 Unum
2114 5720 2213 5774 pro
2239 5712 2480 5775 peccato,
2514 5712 2567 5756 et
2607 5703 2830 5756 alterum
2861 5700 2916 5754 in
2944 5696 3279 5757 holocausta,
3309 5693 3361 5747 id
3389 5704 3474 5749 est

1895 5796 1948 5848 in
1984 5793 2270 5859 sacriﬁcio,
2295 5796 2436 5864 quod
2458 5792 2783 5847 offerebatur
2798 5806 2896 5860 pro
2918 5792 3160 5857 peccato,
3184 5800 3350 5838 unum
3380 5803 3392 5838 :
3423 5794 3478 5839 ct

1897 5884 1948 5937 in
1992 5884 2285 5954 gratiarum
2330 5886 2539 5939 actione
2566 5898 2579 5933 :
2605 5884 2691 5936 ubi
2721 5896 2826 5935 non
2866 5893 2964 5948 pro
3012 5876 3202 5930 timore
3243 5876 3477 5945 peccati,
