4038 6352
556 425 657 481 ηδ

1164 423 1517 480 HAYMONIS
1554 422 2042 479 HALBERSTAT.
2084 418 2299 476 EPISC.
2335 417 2487 477 OPP.
2526 414 2726 472 PARS.
2766 414 2829 470 ll.
2888 442 2948 454 —
2991 411 3226 469 HOMIL.

3780 408 3883 463 lu

556 541 652 598 sed
674 555 776 611 pro
800 554 985 595 amore
1011 537 1105 593 Dei
1133 545 1188 592 et
1208 538 1478 595 desiderio
1495 538 1825 595 oﬁ‘erebatur
1851 553 1866 591 :
1890 537 2142 601 alterum,
2173 538 2227 599 Α
2250 534 2344 589 sed
2388 534 2443 587 in
2481 531 2628 587 omni
2668 538 2828 602 gente
2851 527 2944 600 qui
2972 533 3233 598 operatur
3266 522 3558 592 justitiam,
3585 531 3885 594 acceptus

554 635 682 706 quia
727 633 903 690 omnis
940 638 1192 702 peccator
1224 631 1377 702 prius
1426 633 1620 689 timore
1661 631 2059 702 compungitur,
2092 635 2147 685 et

553 734 680 798 post
707 740 912 782 amore.

634 878 651 908 ι
694 856 829 913 Cum
856 864 1042 913 autem
1088 858 1368 915 introisset
1389 859 1790 930 Capharnaum,
1808 856 2053 929 accessit
2082 855 2150 911 ad

562 969 583 1002 ι
626 965 748 1005 eum
777 950 1043 1018 centurio,
1081 967 1279 1024 rogans
1322 968 1470 1017 eum,
1518 960 1575 1007 et
1618 941 1804 1007 dicens
1842 968 1854 1004 :
1901 949 2145 1014 Domine,

563 1057 584 1093 ι
625 1052 761 1110 puer
784 1055 939 1096 meus
973 1040 1121 1111 jacet
1148 1041 1199 1095 in
1231 1042 1391 1097 domo
1419 1040 1772 1113 paralyticos,
1799 1048 1855 1094 et
1874 1039 2013 1093 male
2039 1047 2150 1095 tor-

562 1151 582 1185 l
622 1142 841 1204 quetur.
872 1153 893 1187 ι
928 1132 1059 1189 Post
1082 1136 1419 1190 curationem
1446 1134 1646 1205 leprosi
1677 1135 1891 1189 venitur
1912 1135 1979 1187 ad
2005 1131 2150 1186 aliud

555 1225 902 1295 miraculum,
931 1225 986 1281 in
1017 1241 1125 1297 quo
1150 1243 1258 1282 non
1279 1227 1455 1283 solum
1483 1226 1697 1282 Domini
1726 1226 1897 1282 virtus
1928 1233 2153 1296 apparet

554 1320 827 1385 miranda,
870 1319 966 1376 sed
996 1320 1161 1376 etiam
1192 1321 1526 1378 centurionis
1552 1321 1832 1376 humilitas
1868 1319 2148 1374 imitanda.

555 1408 665 1465 Sed
688 1408 927 1480 primum
967 1410 1319 1480 quaerendum
1348 1419 1433 1466 est
1472 1426 1642 1481 quare
1692 1411 1838 1466 dicat
1868 1410 2153 1465 Matthazus

559 1505 937 1560 centurionem
996 1505 1064 1559 ad
1110 1504 1398 1561 Dominum
1440 1507 1757 1572 accessisse,
1807 1522 1930 1560 cum
1978 1505 2153 1560 Lucas

555 1598 758 1652 referat
788 1596 931 1667 quod
989 1612 1097 1652 non
1129 1598 1243 1669 ipse
1271 1598 1509 1664 venerit,‘
1543 1598 1638 1653 sed
1680 1598 1923 1652 seniores
1942 1596 2155 1651 Iudaeo-

560 1703 678 1742 rum
709 1702 809 1759 pro
849 1702 908 1743 se
931 1687 1160 1742 miserit.
1197 1687 1289 1744 Sic
1320 1688 1466 1742 enim
1510 1688 1769 1758 scriptum
1811 1697 1895 1743 est
1926 1686 1980 1740 in
2007 1686 2153 1740 Luca

557 1777 711 1850 (Luc.
735 1779 833 1848 vn)
859 1797 871 1832 :
895 1778 1239 1835 Centurionis
1262 1779 1540 1849 cujusdam
1568 1796 1756 1836 servus
1784 1788 1904 1834 erat
1930 1779 2154 1833 moritu-

557 1885 671 1937 rus,
700 1871 791 1940 qui
819 1878 937 1924 erat
963 1870 1014 1925 ei
1046 1872 1334 1942 pretiosus.
1371 1872 1436 1926 Et
1468 1888 1599 1935 cum,
1623 1888 1727 1927 non
1754 1873 1977 1927 auderet
2000 1886 2153 1926 acce-

556 1961 685 2017 dere
716 1962 783 2015 ad
811 1960 994 2016 Jesum
1014 2003 1029 2027 ,
1061 1962 1211 2018 misit
1242 1963 1484 2019 seniores
1509 1946 1840 2027 Judreorum,
1884 1963 1972 2032 qui
2004 1963 2151 2017 veni-

556 2058 675 2105 rent
701 2050 769 2106 ad
796 2066 941 2117 eum,
975 2052 1220 2107 dicentes
1246 2072 1258 2106 :
1287 2052 1548 2119 Domine,
1580 2053 1801 2124 dignum
1822 2062 1927 2118 est,
1958 2062 2018 2107 ut
2053 2054 2155 2108 hoc

558 2139 633 2195 illi
649 2152 891 2211 praestes.
912 2142 1094 2214 Diligit
1117 2143 1260 2198 enim
1282 2152 1493 2216 gentem
1519 2153 1781 2209 nostram,
1815 2159 1938 2197 nam
1963 2151 2016 2198 et
2040 2159 2159 2213 syn-

559 2248 787 2304 agogam
838 2233 952 2303 ipse
1001 2233 1289 2290 aediﬁcavit
1352 2236 1524 2290 nobis.
1590 2234 1707 2291 Non
1757 2249 1886 2303 ergo
1935 2233 2156 2305 putandi

558 2332 686 2378 sunt
716 2326 989 2379 contraria
1017 2326 1364 2398 evangelista:
1387 2327 1645 2391 sensisse,
1675 2328 1767 2382 sed
1790 2342 1930 2380 unus
1956 2325 2160 2380 descri-

560 2414 643 2470 bit
689 2414 1047 2482 voluntatem,
1080 2416 1217 2472 alter
1260 2432 1440 2488 opera.
1490 2417 1643 2483 Quod
1678 2416 1823 2471 enim
1875 2416 2159 2470 Mattlncus

560 2508 736 2578 ipsum
762 2508 1062 2564 accessisse
1104 2509 1257 2574 dicit,
1285 2509 1639 2564 intentionem
1667 2508 1809 2563 illius
1848 2508 2155 2577 descripsit,

562 2604 690 2675 quia
733 2602 1013 2660 voluntate
1040 2601 1290 2657 accessit.
1317 2600 1470 2668 Quod
1514 2616 1646 2655 vero
1680 2601 1757 2654 ait
1789 2600 1981 2665 Lucas,
2016 2599 2159 2670 quod

482 2724 487 2727 »
562 2709 671 2749 non
696 2694 810 2764 ipse
832 2692 1066 2757 venerit,
1095 2691 1189 2747 sed
1215 2692 1460 2746 seniores
1500 2689 1805 2746 Iudaeorum
1837 2706 1934 2760 pro
1960 2705 2018 2745 se
2061 2689 2163 2743 mi-

564 2784 714 2847 serit,
762 2782 1127 2838 humilitatem
1153 2781 1392 2837 ostendit
1421 2780 1774 2846 centurionis,
1806 2788 1862 2835 et
1899 2780 2159 2851 quemad-

567 2876 791 2931 modum
840 2875 1136 2931 secundum
1181 2873 1419 2928 litteram
1471 2871 1670 2927 factum
1715 2874 1803 2928 sit.
1853 2872 1990 2939 Quia
2039 2887 2162 2928 cum

566 2975 713 3023 esset
756 2965 993 3038 gentilis,
1039 2979 1146 3020 non
1174 2979 1272 3035 per
1298 2964 1535 3034 seipsum
1560 2964 1629 3019 ad
1658 2963 1944 3019 Dominum
1974 2978 2164 3032 corpo-

570 3060 759 3116 raliter
785 3073 951 3115 ausus
978 3065 1063 3114 est
1106 3056 1384 3113 accedere.
1415 3055 1523 3112 Sed
1547 3055 1677 3127 quid
1717 3056 1768 3111 ei
1794 3055 2057 3111 Dominus
2084 3071 2167 3110 re-

572 3150 871 3222 sponderit,
904 3148 1186 3204 audiamus
1212 3167 1224 3203 :

2250 634 2334 682 est
2363 624 2440 680 nn
2469 624 2610 696 (Act.
2645 623 2725 694 χ).
2762 642 2782 675 ι

2326 737 2345 769 ‹
2375 717 2443 771 Et
2468 714 2801 786 respondens
2828 711 3091 774 centurio,
3123 710 3201 765 ait
3232 726 3246 762 :
3286 708 3533 774 Domine,
3566 722 3703 763 non
3754 721 3881 761 sum

2257 827 2277 860 ι
2305 809 2501 880 dignus
2529 814 2589 862 ut
2615 805 2785 861 intres
2806 805 2908 861 sub
2932 796 3136 859 tectum
3166 816 3346 857 meum
3364 841 3378 866 ,
3397 799 3491 854 sed
3517 806 3768 854 tantum
3796 797 3887 851 die

2258 921 2276 953 ι
2305 901 2502 965 verbo,
2528 907 2584 955 et
2606 898 2886 955 sanabitur
2922 912 3057 968 puer
3086 910 3257 950 meus.
3289 913 3307 945 ι
3340 893 3530 965 Magna
3567 893 3712 948 hac
3750 906 3884 947 ceno

2252 992 2485 1050 turionis
2505 990 2813 1047 declaratur
2840 988 3007 1044 fuisse
3040 986 3194 1052 ﬁdes,
3223 985 3319 1041 sed
3348 1001 3456 1041 non
3480 984 3689 1054 dispar
3720 998 3884 1038 com-

2251 1084 2512 1155 probatur
2552 1079 2848 1137 humilitas.
2873 1078 2934 1135 ln
2959 1093 3123 1150 opere
3151 1075 3315 1147 hujus
3336 1074 3695 1131 centurionis
3711 1113 3733 1140 ,
3766 1081 3881 1128 tres

2256 1174 2548 1230 imitabiles
2572 1174 2806 1229 virtutes
2831 1172 2987 1228 nobis
3014 1169 3393 1233 ostenduntur,
3440 1166 3750 1222 humilitas
3772 1165 3881 1219 sci-

2253 1264 2401 1331 licet,
2429 1263 2563 1319 ﬁdes
2587 1271 2643 1320 et
2674 1261 2980 1334 prudentia.
3016 1259 3264 1328 Magnam
3290 1257 3437 1313 enim
3468 1256 3645 1311 habet
3678 1255 3880 1310 humi-

2254 1357 2479 1423 litatem,
2500 1356 2618 1427 qui,
2633 1356 2847 1411 dicente
2867 1354 3126 1410 Domino:
3147 1372 3164 1404 c
3185 1352 3299 1423 Ego
3322 1350 3538 1413 veniam
3557 1359 3618 1405 et
3653 1350 3882 1405 curabo

2254 1465 2400 1514 eum,
2434 1468 2454 1500 ι
2484 1448 2762 1520 indignum
2789 1462 2849 1503 se
2884 1445 3153 1518 judicans,
3187 1442 3504 1513 respondit:
3533 1462 3552 1494 ‹
3597 1441 3877 1505 Domine,

2254 1557 2361 1597 non
2377 1556 2498 1596 sum
2523 1539 2719 1611 dignus
2740 1549 2798 1594 ut
2825 1540 2995 1594 intres
3022 1536 3123 1592 sub
3150 1545 3351 1591 tectum
3377 1549 3579 1591 meum.
3617 1553 3640 1584 ι
3676 1532 3878 1588 Perfe—

2255 1642 2399 1689 ctam
2425 1640 2609 1686 autem
2655 1630 2844 1689 habuit
2870 1628 3054 1693 ﬁdem,
3088 1626 3239 1697 quia,
3269 1640 3390 1681 cum
3421 1633 3570 1680 esset
3591 1622 3839 1695 gentilis
3861 1663 3873 1684 .

2256 1727 2370 1783 solo
2396 1727 2563 1782 verbo
2604 1724 2899 1780 Dominum
2945 1721 3180 1778 credidit
3218 1734 3377 1789 posse
3412 1733 3586 1780 puero
3627 1717 3877 1772 reddere

2258 1820 2570 1884 sanitatem,
2594 1817 2781 1872 dicens
2806 1833 2820 1869 :
2845 1833 2865 1866 ‹
2898 1813 3131 1868 Tantum
3156 1812 3245 1868 dic
3270 1811 3456 1875 verbo,
3491 1818 3551 1865 et
3572 1808 3877 1865 sanabitur

2180 1918 2229 1980 Β
2258 1929 2392 1985 puer
2416 1927 2589 1968 meus.
2628 1930 2645 1963 ι
2681 1907 2798 1965 Nisi
2823 1908 2968 1964 enim
2997 1906 3146 1961 illum
3167 1904 3603 1974 omnipotentem
3628 1902 3872 1957 ﬁdenter

2262 2007 2525 2070 crederet,
2546 2016 2884 2074 nequaquam
2912 2014 3013 2071 pro
3037 1997 3238 2054 servuli
3263 1996 3352 2051 sui
3381 1996 3758 2066 prosperitate
3786 2009 3874 2047 ro-

2262 2107 2503 2172 gaturus,
2548 2097 2616 2151 ad
2656 2110 2780 2151 eum
2806 2092 3144 2149 accessisset.
3169 2088 3369 2146 Habuit
3388 2087 3557 2144 etiam
3590 2102 3700 2141 non
3734 2101 3868 2157 par-

2263 2204 2385 2243 vam
2407 2186 2770 2259 prudentiam,
2798 2200 2923 2239 cum
2949 2198 3074 2239 eum
3102 2195 3264 2251 quem
3293 2178 3657 2251 corporaliter
3680 2179 3872 2233 ambu-

2261 2280 2467 2334 lantem
2485 2278 2639 2343 vidit,
2663 2277 2862 2346 ubique
2886 2290 2986 2346 per
3022 2273 3360 2330 divinitatem
3382 2286 3506 2326 esse
3531 2279 3866 2342 praesentem

2263 2369 2548 2427 intellexit.
2593 2366 2702 2423 Nec
2741 2366 2983 2423 Charitas
3008 2366 3065 2420 in
3093 2381 3160 2421 eo
3190 2363 3425 2421 defuisse
3452 2363 3729 2419 credenda
3753 2372 3859 2425 est,

2264 2461 2389 2531 quia
2419 2475 2543 2516 cum
2565 2458 2717 2513 multi
2742 2473 2842 2528 pro
2867 2472 2987 2524 sua,
3014 2469 3345 2525 suorumque
3372 2453 3617 2509 ﬁliorum
3648 2470 3709 2510 ac
3724 2454 3861 2511 chao

2265 2573 2448 2613 rorum
2487 2554 2662 2611 salute
2695 2554 2763 2608 ad
2793 2554 3084 2608 Dominum
3111 2549 3353 2620 rogaturi
3381 2549 3732 2613 accederent,
3756 2546 3851 2601 ille

2264 2665 2363 2723 pro
2387 2649 2527 2723 servi
2561 2655 2769 2715 tantum
2802 2638 3052 2701 sanitate.
3086 2642 3240 2699 Unde
3266 2640 3442 2697 adhuc
3484 2641 3541 2696 in
3584 2640 3701 2696 ﬁdei
3720 2654 3846 2695 con-

2267 2722 2469 2796 Stantia
2493 2752 2846 2810 perseverans
2874 2734 3170 2807 subjunxit,
3204 2734 3388 2790 dicens
3418 2748 3433 2787 :

2343 2851 2361 2882 «
2388 2830 2523 2885 Nam
2549 2840 2604 2885 et
2626 2844 2726 2901 ego
2752 2828 2915 2883 homo
2941 2843 3059 2883 sum
3082 2827 3184 2882 sub
3212 2832 3505 2896 potestate,
3529 2825 3737 2881 habens
3757 2825 3863 2881 sub

2275 2945 2293 2976 ι
2332 2940 2421 2981 me
2449 2923 2673 2990 milites,
2709 2931 2766 2977 et
2794 2921 2915 2977 dico
2952 2920 3111 2977 huic:
3142 2919 3308 2986 Vade,
3342 2927 3398 2973 et
3441 2918 3598 2974 vadit
3628 2938 3643 2974 :
3671 2928 3724 2976 et
3756 2918 3866 2973 alio

2275 3037 2291 3068 ι
2330 3015 2487 3081 Veni,
2524 3024 2580 3071 et
2601 3014 2788 3070 venit:
2817 3022 2872 3069 et
2900 3028 3056 3069 servo
3085 3027 3236 3067 meo:
3266 3011 3375 3067 Fac
3409 3012 3544 3077 hoc,
3570 3022 3629 3066 et
3660 3011 3809 3066 facit.
3844 3030 3861 3062 ι

2269 3108 2347 3163 Ac
2376 3109 2423 3163 si
2450 3107 2699 3163 diceret:
2735 3105 2794 3161 Si
2820 3120 2921 3176 ego
2943 3105 3037 3175 qui
3075 3105 3239 3160 homo
3280 3119 3399 3159 sum
3447 3104 3549 3158 sub
3589 3110 3870 3172 potestate

2273 3199 2555 3269 principis,
2580 3198 2754 3254 habeo
2783 3196 2884 3251 sub
2914 3211 2999 3251 me
3026 3194 3245 3261 milites,
3274 3202 3329 3249 et
3355 3194 3472 3249 dico
3492 3193 3647 3255 huic,
3688 3192 3872 3255 Vade,

653 3301 673 3334 ‹
707 3283 776 3338 Et
798 3281 875 3337 ait
904 3280 979 3335 illi
1008 3279 1169 3336 Jesus
1195 3298 1208 3334 :
1236 3280 1348 3352 Ego
1373 3280 1589 3336 veniam
1634 3289 1690 3336 et
1729 3280 1932 3336 curabo
1959 3295 2103 3335 eum.
2146 3299 2163 3331 ι

2273 3302 2329 3347 et
2351 3292 2501 3347 vadit
2532 3309 2544 3345 :
2577 3299 2633 3346 et
2657 3290 2785 3358 alio,
2811 3287 2980 3354 Veni,
3016 3296 3073 3343 et
3095 3288 3245 3342 venit
3270 3306 3282 3341 :
3311 3296 3365 3343 et
3393 3300 3544 3341 servo
3570 3300 3720 3350 meo,
3751 3284 3874 3339 Fac

571 3373 630 3429 ln
659 3373 857 3444 quibus
894 3371 1077 3428 verbis
1119 3380 1306 3428 nostra
1336 3373 1591 3444 superbia
1616 3372 1981 3436 confunditur,
2021 3373 2069 3429 si
2098 3371 2164 3427 ad

578 3466 720 3520 hanc
750 3464 1038 3520 lectionem
1062 3479 1188 3520 cum
1222 3464 1327 3519 alia
1360 3464 1642 3536 Evangelii
1668 3465 2033 3521 conferamus.
2068 3464 2169 3519 Le-

571 3559 747 3630 gimus
782 3558 927 3613 enim
975 3557 1105 3613 alibi
1152 3558 1207 3613 in
1243 3557 1535 3628 Evangelio
1572 3559 1866 3613 secundum
1902 3557 2167 3612 Joannem

574 3647 757 3721 (Joan.
799 3648 905 3716 tv),
946 3648 1090 3718 quod
1137 3657 1257 3703 erat
1304 3647 1526 3717 quidam
1574 3648 1791 3718 regulus
1840 3646 1993 3716 cujus
2028 3646 2171 3700 ﬁlius

577 3740 956 3795 inﬁrmabatur
982 3739 1386 3811 Capharnaum.
1423 3758 1442 3791 ι
1482 3738 1582 3794 llic
1604 3754 1726 3794 cum
1750 3740 1991 3794 audisset
2043 3738 2170 3807 quia

574 3831 736 3889 Jesus
761 3834 1042 3890 adveniret
1072 3848 1102 3886 a
1126 3830 1311 3887 Iudaea
1340 3831 1394 3885 in
1424 3829 1720 3897 Galilazam,
1748 3831 1883 3885 abiit
1911 3838 1967 3886 et
2009 3843 2193 3899 roga-\

581 3925 838 3992 viteum,
870 3933 930 3980 ut
971 3923 1326 3980 descenderet
1355 3929 1411 3978 et
1436 3932 1655 3977 sanaret
1697 3921 1867 3977 ﬁlium
1911 3920 2047 3991 ejus.
2081 3921 2170 3975 ln-

578 4018 815 4088 cipiebat
849 4016 995 4073 enim
1035 4014 1197 4071 mori.
1231 4014 1300 4067 Et
1326 4013 1462 4069 dixit
1482 4014 1533 4067 ei
1560 4011 1759 4069 Jesus:
1794 4013 1908 4070 Nisi
1939 4015 2091 4084 signa
2117 4022 2172 4069 ot

580 4114 827 4186 prodigia
872 4110 1153 4175 videritis,
1206 4124 1315 4163 non
1355 4108 1599 4163 creditis.
1638 4108 1703 4162 Et
1746 4108 1875 4163 ille:
1924 4108 2168 4172 Domine,

587 4206 853 4263 descende
878 4204 1195 4275 priusquam
1226 4202 1493 4257 moriatur
1533 4200 1677 4257 ﬁlius
1706 4216 1875 4257 meus.
1910 4202 2009 4257 Cui
2039 4202 2175 4257 dixit

578 4297 739 4354 Jesus
767 4314 781 4349 :
814 4294 981 4360 Vade,
1012 4293 1155 4350 ﬁlius
1182 4302 1307 4349 tuus
1340 4294 1494 4349 vivit.
1531 4314 1550 4347 ι
1582 4294 1722 4362 Quid
1749 4303 1833 4351 est
1867 4310 1995 4367 ergo
2028 4295 2170 4366 quod

581 4390 842 4448 Dominus
872 4390 940 4445 ad
984 4387 1151 4444 filium
1191 4388 1360 4463 reguli
1395 4398 1614 4461 rogatus
1656 4390 1735 4445 ire
1761 4390 1931 4446 noluit
1956 4431 1970 4456 ,
2012 4398 2068 4445 et
2105 4389 2173 4445 ad

578 4497 797 4540 servum
828 4480 1161 4537 centurionis
1207 4466 1374 4535 etiam
1413 4497 1521 4537 non
1569 4491 1789 4553 rogatus
1834 4483 1914 4538 ire
1953 4491 2174 4553 paratus

581 4575 717 4631 fuit?
743 4574 876 4645 Quis
902 4574 1048 4631 enim
1076 4575 1291 4646 ignorat
1324 4573 1547 4645 majoris
1601 4576 1886 4646 potestatis
1930 4576 2172 4647 regulum

2274 3388 2396 3454 hoc,
2420 3396 2477 3442 et
2503 3385 2662 3441 facit:
2681 3395 2887 3455 quanto
2916 3383 3088 3456 magis
3111 3392 3189 3449 tu,
3219 3380 3343 3438 cum
3367 3382 3443 3437 sis
3470 3379 3635 3445 Deus,
3660 3379 3871 3449 ubique

2273 3489 2450 3545 totus,
2473 3480 2674 3550 ubique
2695 3493 2935 3549 praesens
2954 3518 2968 3542 ,
2996 3477 3199 3546 ubique
3231 3484 3442 3547 potens,
3472 3475 3519 3530 si
3549 3463 3758 3528 diieris
3782 3475 3864 3528 in-

2274 3572 2543 3638 ﬁrmitati,
2567 3570 2799 3635 Recede,
2828 3584 3008 3625 nonne
3030 3568 3284 3624 recedet?
3309 3566 3369 3622 Si
3389 3566 3593 3622 dixeris
3617 3564 3869 3627 sanitati,

2279 3664 2432 3730 Veni,
2460 3679 2639 3720 nonne
2666 3664 2886 3719 veniet?
2910 3663 2979 3718 Et
3010 3662 3131 3718 ideo
3160 3677 3267 3717 non
3290 3669 3378 3716 est
3401 3670 3455 3716 te
3482 3673 3706 3715 necesse
3746 3672 3872 3712 cor-

2273 3769 2406 3824 pore
2441 3754 2621 3809 eundo
2665 3753 2906 3825 fatigari,
2937 3754 3028 3823 qui
3076 3752 3190 3807 solo
3239 3751 3406 3806 verbo
3444 3758 3599 3820 potes
3648 3762 3869 3804 curare.

2276 3844 2643 3915 Spiritualiter
2692 3855 2875 3901 autem
2916 3860 3014 3916 per
3056 3845 3156 3900 hos
3206 3842 3480 3912 subjectos
3530 3840 3871 3898 centurionis

2274 3938 2549 3992 naturales
2578 3938 2826 4002 virtutes,
2857 3938 2910 3991 in
2938 3937 3133 4006 quibus
3158 3936 3376 4007 quidam
3402 3934 3677 4006 gentilium
3698 3932 3874 4002 polle-

2274 4033 2423 4095 bant,
2456 4030 2760 4101 intelligere
2787 4044 3071 4099 possumus
3094 4069 3109 4094 ,
3137 4037 3196 4082 ut
3224 4036 3344 4093 est,
3376 4043 3483 4083 non
3528 4026 3835 4082 adulterari
3857 4066 3873 4092 ,

2274 4137 2384 4177 non
2413 4118 2617 4175 furtum
2662 4120 2841 4175 facere
2866 4160 2880 4183 ,
2928 4136 3034 4175 non
3066 4134 3277 4191 rapere,
3315 4134 3424 4173 non
3454 4117 3718 4178 occidere,
3786 4117 3873 4171 in-

2274 4212 2395 4283 opis
2423 4211 2692 4277 misereri,
2715 4210 2930 4266 miseris
2954 4209 3267 4277 subvenire,
3290 4217 3346 4266 et
3368 4210 3455 4265 his
3478 4207 3688 4265 similia.
3704 4206 3877 4263 Unde

2275 4304 2343 4359 de
2379 4302 2630 4359 Cornelio
2672 4302 3129 4375 gentiliJegimus
3174 4301 3313 4373 (Act.
3345 4304 3423 4374 ι),
3460 4302 3601 4373 quod
3633 4310 3757 4357 erat
3793 4302 3881 4356 vir

2270 4393 2449 4463 justus
2482 4402 2557 4449 -et
2604 4395 2778 4450 bonus
2804 4435 2820 4461 ,
2866 4394 3074 4450 faciens
3122 4393 3497 4466 eleemosynas
3542 4409 3661 4449 cum
3709 4392 3880 4449 omni

2277 4485 2438 4540 domo
2463 4499 2560 4540 sua
2590 4484 2765 4555 plebi,
2789 4498 2855 4539 ac
2882 4485 3091 4540 timens
3109 4485 3299 4540 Deum.
3329 4484 3427 4541 Vel
3457 4493 3605 4540 certe
3637 4498 3733 4553 per
3769 4484 3882 4540 hos

2280 4576 2556 4646 subjectos
2596 4577 2960 4641 centurionis,
2994 4575 3165 4634 bonas
3202 4576 3442 4632 malasve
3469 4574 3879 4647 cogitationes,

587 4684 752 4741 quam
781 4668 1189 4726 centurionem?
1210 4666 1405 4724 Nostra
1434 4669 1488 4723 in
1511 4669 1613 4725 hoc
1638 4666 1805 4735 facto,
1830 4675 1887 4723 ut
1916 4668 2171 4733 diximus,
2199 4658 2251 4716 D
2278 4684 2399 4739 qua:
2423 4667 2571 4723 cordi
2618 4675 2802 4722 nostro
2848 4682 2955 4721 non
3000 4666 3226 4734 desunt,
3259 4682 3548 4737 possumus
3594 4664 3880 4734 accipere,

584 4758 834 4831 superbia
851 4758 1224 4826 confunditur,
1243 4760 1337 4829 qui
1360 4760 1414 4815 in
1438 4760 1747 4817 hominibus
1770 4775 1877 4815 non
1902 4768 2169 4824 naturam,

585 4851 681 4906 sed
721 4849 1015 4921 potentiam
1065 4850 1491 4906 consideramus.
1544 4851 1691 4918 Quos
1737 4851 1880 4907 enim
1928 4858 2175 4920 potentes

584 4940 883 5005 cernimus,
909 4939 1222 5005 metuimus,
1244 4956 1568 4997 veneramur
1587 4951 1643 4998 et
1664 4944 2011 4997 honoramus.
2030 4942 2175 5008 Quos

590 5040 771 5089 autem
796 5047 1083 5103 pauperes,
1112 5035 1509 5091 contemnimus
1526 5076 1541 5100 ,
1564 5033 1885 5106 negligimus
1910 5042 1965 5088 et
1993 5033 2173 5102 despi-

585 5126 779 5183 cimus.
809 5125 881 5180 A-t
902 5140 1032 5181 vero
1060 5124 1231 5183 Filius
1259 5128 1373 5192 Dei,
1402 5129 1495 5198 qui
1527 5128 1595 5182 de
1623 5125 1760 5181 coelo
1794 5126 1942 5179 venit
1972 5125 2024 5178 in
2062 5131 2171 5178 ter-

582 5233 700 5273 ram
726 5226 786 5272 ut
812 5219 1118 5290 superbiam
1148 5218 1485 5291 fugiendam,
1515 5226 1572 5273 et
1593 5216 1953 5272 humilitatem
1988 5231 2173 5270 aman-

589 5309 735 5375 dam,
769 5318 933 5382 atque
955 5319 1205 5367 naturam
1227 5310 1462 5366 hominis
1488 5309 1812 5386 diligendam
1839 5308 2170 5374 ostenderet,

588 5403 657 5459 ad
693 5402 860 5459 tilium
911 5404 1082 5476 reguli
1127 5411 1346 5475 rogatus
1393 5403 1474 5457 ire
1514 5401 1715 5468 noluit,
1744 5410 1799 5457 et
1844 5401 1911 5456 ad
1957 5416 2173 5457 servum

583 5484 952 5561 centurionis,
993 5496 1161 5551 etiam
1201 5506 1325 5549 cum
1372 5508 1480 5548 non
1509 5501 1814 5563 rogaretur,
1845 5494 1925 5548 ire
1953 5502 2176 5565 paratus

588 5586 712 5643 fuit.
742 5587 1004 5643 Excelsus
1029 5588 1175 5643 enim
1201 5586 1464 5642 Dominus
1492 5584 1717 5640 humilia
1744 5602 1776 5639 a
1802 5601 1970 5657 prope
2009 5586 2179 5657 respi-

586 5680 661 5736 cit
694 5699 707 5735 :
740 5680 848 5736 alta
878 5688 1079 5745 autem,
1113 5680 1165 5733 id
1206 5686 1290 5734 est
1317 5680 1545 5749 superba
1573 5721 1587 5745 ,
1631 5697 1661 5735 a
1702 5679 1857 5753 longe
1883 5682 2180 5737 contemnit

587 5768 761 5843 (Fsal.
792 5771 1059 5839 cxxxvn),
1091 5770 1370 5838 quoniam,
1394 5771 1533 5825 sicut
1572 5771 1765 5828 Petrus
1811 5772 2084 5843 apostolus
2115 5774 2179 5828 de

586 5877 652 5919 eo
703 5871 953 5928 testatur,
1013 5881 1028 5913 ι
1066 5861 1179 5916 Non
1214 5872 1291 5916 cst
1338 5880 1686 5933 personarum
1715 5877 1969 5937 acceptor
2017 5869 2176 5929 Deus,

2282 4777 2421 4833 quas
2454 4759 2613 4815 nobis
2652 4761 2925 4831 SlllljeClaS
2951 4760 3150 4817 habere
3173 4762 3472 4817 debemus:
3499 4769 3559 4816 ut
3585 4760 3628 4815 si
3656 4758 3883 4818 dixeri-

2278 4870 2400 4909 mus
2425 4852 2605 4918 malis,
2626 4851 2904 4920 Recedite,
2934 4854 3193 4909 recedant
3218 4872 3231 4908 :
3253 4854 3434 4920 bonis,
3457 4854 3667 4918 Venite,
3693 4859 3749 4905 et
3780 4868 3885 4909 ve-

2280 4944 2468 5011 niant,
2530 4952 2586 4998 et
2630 4958 2752 4998 cum
2798 4943 2906 4999 illis
2959 4943 3414 5000 condelectemur.
3466 4942 3633 4999 Servo
3683 4951 3884 5000 autern

2279 5045 2488 5101 nostro,
2518 5034 2573 5090 id
2598 5044 2681 5091 est
2699 5036 2940 5106 corpori,
2970 5036 3235 5102 dicamus,
3260 5035 3370 5091 Fac
3393 5036 3498 5092 hoc
3523 5043 3580 5091 et
3605 5033 3791 5099 faciet,
3828 5037 3885 5104 id

2279 5135 2380 5191 est,
2414 5127 2745 5197 imperemus
2781 5137 2927 5184 utea
2956 5144 3078 5199 quae
3103 5136 3231 5184 sunt
3249 5127 3484 5199 Spiritus
3505 5126 3714 5184 Domini
3739 5141 3886 5197 perb

2274 5217 2438 5283 ﬁciat,
2454 5217 2611 5287 juxta
2635 5219 2764 5275 illud
2788 5218 3035 5291 Apostoli
3064 5239 3077 5275 :
3104 5237 3123 5272 ι
3152 5219 3369 5291 Castigo
3391 5235 3588 5290 corpus
3611 5234 3797 5275 meum
3827 5231 3886 5277 et

2274 5309 2329 5364 in
2358 5310 2675 5365 servitutem
2700 5309 2905 5381 redigo,
2946 5324 3015 5365 ne
3045 5309 3204 5376 forte,
3237 5325 3360 5365 cum
3392 5310 3514 5366 aliis
3539 5310 3887 5382 praedicave-

2277 5404 2401 5469 rim,
2437 5405 2553 5475 ipse
2584 5405 2846 5473 reprobus
2866 5402 3070 5460 eﬁiciar
3096 5403 3148 5476 (1
3174 5402 3299 5460 Cor.
3329 5404 3429 5475 ιχ).
3468 5424 3487 5457 ι

2359 5514 2377 5545 ι
2413 5495 2654 5553 Audiens
2682 5503 2862 5551 autem
2884 5494 3044 5552 Jesus
3062 5536 3079 5562 ,
3111 5496 3340 5551 miratus
3366 5504 3466 5551 est.
3504 5514 3523 5547 ι
3551 5494 3889 5553 Admirabil-

2284 5595 2372 5641 tur
2421 5587 2682 5642 Dominus
2729 5586 2891 5643 tidem
2942 5589 3297 5655 centurionis,
3343 5605 3509 5659 quam
3557 5587 3710 5644 cordi
3755 5588 3892 5659 ejus

2283 5678 2608 5737 mirabiliter
2650 5679 3063 5735 administrabat
3089 5721 3104 5746 ,
3133 5696 3243 5736 non
3285 5681 3431 5751 quod
3461 5679 3664 5751 aliquid
3692 5677 3744 5734 ei
3771 5681 3893 5735 mi-

2286 5770 2514 5826 randum
2544 5779 2709 5835 esset,
2740 5771 2831 5842 qui
2863 5781 3059 5827 cuncta
3096 5781 3355 5842 operatur
3400 5770 3744 5835 mirabiliter,
3777 5774 3890 5828 sesi

2287 5873 2345 5919 ut
2409 5863 2656 5918 eumdem
2725 5881 2823 5920 nos
2894 5866 3079 5921 mirari
3149 5868 3347 5923 debere
3403 5868 3642 5923 doceret.
3708 5863 3890 5933 Cujus
