4038 6352
182 412 285 468 145

1413 411 1720 474 HOMILUE
1766 409 1856 466 DE
1895 407 2241 463 TEMPORE.

3361 412 3465 467 “ti

179 530 341 586 ﬁdem
378 529 641 585 Dominus
689 531 983 599 admirans,
1030 536 1239 605 pariter
1287 546 1344 592 et
1398 536 1711 592 collaudans
1750 552 1763 587 :
1794 531 1849 593 A
1874 530 2017 584 niam
2048 526 2276 598 ἀίει)εηί
2325 527 2392 582 de
2422 538 2580 599 gente
2620 530 2673 587 iii
2706 540 2941 603 gentem.
2989 539 3045 585 ει
3089 531 3157 587 de
3189 546 3359 605 regno
3395 534 3464 590 ad

250 642 269 674 ‹
304 621 670 693 Sequentibus
696 638 756 679 se
786 623 921 680 dixit
946 640 961 680 :
982 625 1155 683 Arnen
1185 629 1307 685 dico
1328 629 1483 685 vobis
1501 669 1517 695 ,
1550 643 1658 683 non
1685 628 1767 681 in-

183 735 201 767 ι
230 714 354 769 veni
398 722 607 769 tantam
652 714 814 771 ﬁdem
863 716 917 771 in
960 716 1145 773 Israel.
1185 739 1203 771 ι
1232 719 1385 786 Quod
1425 735 1533 775 non
1572 720 1639 774 de
1673 732 1767 788 pa-

179 804 435 860 triarchis
462 814 518 859 et
537 806 816 876 prophetis
847 806 1010 873 dicit,
1034 810 1306 881 quondam
1337 820 1395 865 Se
1418 810 1726 865 videntibus
1748 850 1763 874 ,

175 909 227 957 et
250 899 295 954 si
321 898 492 954 Israel
519 899 710 955 videns
740 901 909 956 Deum
940 902 1362 972 interpretatur:
1391 903 1486 959 sed
1510 903 1576 958 de
1604 900 1769 958 Israel

174 993 398 1059 carnali,
426 993 480 1049 id
504 1001 589 1050 est
613 994 812 1066 pepulo
833 993 1166 1062 Judreorum,
1193 995 1276 1052 vel
1300 996 1367 1052 de
1386 996 1495 1051 illis
1517 996 1608 1066 qui
1638 1011 1770 1071 pra:-

174 1094 353 1151 sentes
380 1093 543 1141 erant
566 1126 583 1150 ,
611 1086 754 1140 inter
780 1101 918 1156 quos
945 1086 1098 1157 signa
1127 1096 1183 1143 et
1210 1086 1471 1143 miracula
1497 1086 1765 1153 faciebat,

173 1177 367 1248 quibus
379 1176 610 1232 verbum
631 1176 756 1232 vitae
780 1177 1159 1244 annuntiabat,
1175 1178 1318 1249 quod
1338 1180 1504 1235 etiam
1528 1178 1769 1249 recipere

171 1268 452 1325 nolebant.
486 1267 622 1336 Quia
659 1284 767 1323 non
812 1269 893 1324 sic
932 1270 1040 1325 cito
1087 1270 1469 1337 crediderunt,
1500 1270 1769 1341 quomodo

172 1361 444 1418 centurio.
494 1359 649 1417 Unde
701 1360 925 1430 pulchre
971 1361 1028 1416 in
1076 1361 1396 1418 centurione
1442 1377 1551 1417 non
1593 1360 1767 1416 solum

172 1451 300 1508 ﬁdes
330 1452 580 1523 gentium
606 1450 912 1508 collaudata
943 1459 1059 1519 est,
1091 1452 1188 1509 sed
1210 1452 1377 1509 etiam
1397 1452 1764 1525 prteﬁgurata,

171 1557 289 1599 cum
316 1544 558 1601 dicitur:

240 1659 258 1684 ι
299 1637 439 1693 Dico
459 1646 639 1693 autem
661 1638 815 1695 vobis
852 1640 999 1711 quod
1021 1640 1178 1697 multi
1198 1641 1416 1698 venient
1439 1643 1508 1699 ab
1556 1643 1768 1699 oriente

176 1750 194 1784 ι
225 1738 281 1786 et
304 1730 613 1795 occidente,
642 1739 698 1786 et
724 1732 1043 1789 recumbent
1077 1750 1201 1789 eum
1229 1734 1502 1790 Abraham
1538 1744 1593 1791 et
1614 1735 1766 1792 Isaac

175 1842 193 1875 ι
222 1832 277 1877 et
302 1822 477 1878 Jacob
506 1823 559 1877 in
603 1839 768 1894 regno
793 1824 1078 1881 caelorum.
1108 1846 1129 1880 ι
1163 1825 1268 1883 Per
1304 1827 1570 1883 orientem
1595 1836 1651 1883 et
1672 1844 1765 1884 oe-

1872 622 2125 694 populum
2143 620 2395 685 alterum,
2414 621 2588 677 relicti
2611 632 2737 678 sunt
2757 625 2874 680 sine
2887 623 3019 690 Deo,
3044 623 3161 679 sine
3179 621 3320 695 lege,
3342 624 3462 681 sine

1871 713 2030 780 duce,
2070 714 2190 768 sine
2212 712 2513 768 sacerdote.
2548 711 2701 769 Sicut
2722 716 2866 771 enim
2910 716 3007 773 ﬁlii
3041 716 3140 773 Dei
3169 725 3461 785 vocantur,

1872 806 1962 877 qui
2016 806 2186 877 magis
2226 806 2394 860 Deum
2431 820 2595 875 quam
2648 808 2907 863 mundum
2952 808 3211 882 diligunt,
3258 809 3338 865 sic
3364 808 3462 865 ﬁlii

1870 898 2022 969 regni
2052 899 2327 964 dicuntur,
2374 898 2467 969 qui
2509 898 2565 953 in
2610 913 2796 955 amore
2824 902 3026 957 terreni
3065 900 3219 973 regni
3248 901 3461 957 radices

1871 991 2051 1046 cordis
2076 990 2555 1061 perseverabiliter
2588 990 2989 1061 plantaverunt.
3022 992 3124 1048 Ubi
3159 1002 3341 1049 autem
3372 1000 3456 1047 ta-

1870 1081 1950 1137 les
1995 1082 2242 1137 mittendi
2279 1082 2421 1147 sint,
2452 1081 2853 1147 manifestatur,
2897 1097 3019 1137 cum
3070 1084 3455 1155 subiungitur:

1876 1193 1894 1225 ι
1933 1173 2229 1241 Ejicientur
2277 1175 2328 1229 in
2377 1174 2629 1230 tenebras
2678 1176 2995 1232 exteriores.
3030 1195 3049 1228 ι
3085 1175 3141 1230 1η
3188 1193 3296 1248 quo
3337 1176 3459 1233 Ioco

1869 1268 2340 1332 considerandum,
2372 1268 2519 1338 quia.
2543 1283 2665 1324 eum
2685 1269 2922 1323 tenebrae
2950 1282 3165 1337 semper
3188 1269 3296 1325 sint
3320 1270 3460 1325 inte-

1870 1360 2045 1415 riores
2071 1368 2125 1415 et
2174 1375 2281 1414 non
2307 1360 2627 1427 exteriores,
2660 1361 2715 1415 in
2739 1361 2990 1417 tenebras
3010 1363 3312 1419 exteriores
3331 1365 3459 1419 mit-

1871 1459 2057 1506 tuntur
2080 1460 2202 1521 post
2223 1462 2475 1517 mortem,
2499 1453 2590 1523 qui
2613 1454 2667 1507 in
2691 1453 2943 1508 tenebras
2969 1453 3280 1519 interiores,
3298 1455 3353 1510 id
3373 1467 3459 1511 est

1869 1545 1926 1600 in
1962 1546 2203 1600 czecitate
2234 1547 2454 1612 mentis,
2500 1561 2558 1602 se
2608 1547 2989 1603 coneluserunt
3017 1547 3143 1602 dum
3191 1548 3451 1604 viverent.

1869 1635 2142 1704 Qumritur
2169 1650 2347 1693 autem
2377 1655 2547 1710 quare
2597 1639 2849 1695 dicantur
2871 1640 3111 1696 tenebrm
3128 1640 3454 1707 exteriores,

1869 1747 1991 1788 cum
2015 1747 2229 1803 semper
2256 1731 2366 1787 sint
2390 1733 2696 1801 interiores,
2717 1734 2859 1789 sicut
2881 1732 3068 1790 clauso
3092 1734 3234 1790 ostio
3264 1734 3458 1789 domus

1868 1823 2196 1879 intrinsecus
2224 1824 2461 1881 tenebrae
2484 1835 2631 1892 sunt,
2660 1826 3001 1882 extrinsecus
3028 1834 3208 1881 autem
3238 1825 3350 1881 lux.
3374 1825 3456 1881 Ad

168 1914 438 1968 cidentem
468 1922 699 1983 quatuor
723 1915 909 1970 mundi
946 1924 1130 1986 partes
1171 1918 1541 1989 designantur,
1574 1919 1757 1990 a'qui-
1785 1912 1834 1973 B
1860 1913 2005 1985 quod
2052 1915 2360 1982 dicendum,
2415 1916 2543 1987 quia
2610 1915 2846 1972 tenebrte
2896 1916 3189 1971 interiores
3238 1915 3458 1971 caecitas

169 2003 263 2057 bus
290 2017 361 2058 ex
409 2004 660 2059 omnibus
687 2006 938 2076 gentibus
972 2018 1131 2063 erant
1171 2010 1224 2065 in
1270 2011 1411 2077 ﬁde,
1446 2027 1555 2068 non
1586 2012 1759 2067 solum

169 2108 260 2163 per
303 2095 753 2165 praedicationem
784 2100 1154 2169 apostolorum
1178 2143 1195 2168 ,
1235 2104 1329 2160 sed
1359 2106 1525 2160 etiam
1574 2122 1763 2162 eorum

168 2201 570 2243 successorum.
618 2189 695 2243 De
745 2190 943 2259 quibus
988 2207 1086 2263 per
1122 2193 1463 2252 Psalmistam
1516 2197 1757 2253 dicitur:

173 2298 189 2329 ι
224 2280 430 2337 Dicant
458 2282 550 2352 qui
588 2283 853 2354 redempti
881 2293 1007 2341 sunt
1030 2301 1062 2340 a
1090 2286 1344 2356 Domino,
1377 2305 1515 2359 quos
1533 2290 1764 2345 redemit

164 2371 228 2427 de
256 2388 431 2427 manu
462 2373 686 2440 inimici,
728 2374 795 2430 de
837 2377 1152 2446 regionibus
1192 2381 1543 2452 congregavit
1583 2395 1707 2444 eos;
1733 2396 1765 2435 a

166 2464 297 2519 solis
324 2473 451 2518 ortu
473 2474 527 2520 et
544 2479 762 2531 occasu,
787 2467 857 2522 ab
878 2467 1130 2537 aquilone
1150 2477 1205 2525 et
1224 2470 1364 2525 mari
1389 2468 1563 2543 (Psal.
1581 2471 1712 2539 ενι).
1741 2489 1761 2522 ι

169 2555 321 2623 Quod
365 2564 550 2610 autem
589 2571 688 2627 per
720 2558 1162 2626 praedicationem
1203 2561 1574 2632 apostolorum
1612 2562 1767 2618 multi

171 2647 234 2702 ad
258 2645 793 2713 ﬁdem,utdiximus,
813 2650 987 2703 vocati
1008 2658 1153 2717 sunt,
1175 2651 1318 2708 idem
1343 2652 1625 2708 Psalmista
1639 2652 1767 2708 alibi

173 2741 528 2805 demonstrat,
543 2753 666 2795 cum
688 2739 847 2810 dicit:
862 2759 881 2792 ι
900 2741 958 2796 In
971 2757 1187 2798 omnem
1202 2753 1403 2800 terram
1420 2747 1589 2801 exivit
1602 2761 1768 2802 sonus

173 2847 391 2897 eorum,
418 2838 476 2886 et
518 2831 575 2886 in
599 2830 735 2887 ﬁnes
771 2832 920 2889 orbis
946 2841 1106 2889 terrae
1142 2836 1306 2892 verba
1356 2852 1547 2892 eorum
1590 2837 1764 2910 (Rem.

177 2924 248 2994 ι).
277 2943 298 2975 ι
326 2923 395 2978 Ει
428 2922 645 2977 iterum.
668 2942 687 2975 ι
723 2922 842 2978 Νοη
864 2933 990 2979 sunt
1015 2925 1242 2997 loquela:
1263 2944 1440 3000 neque
1463 2944 1763 2997 sermones,

176 3030 403 3085 quorum
440 3029 547 3070 non
588 3015 876 3071 audiantur
915 3031 1078 3073 voces
1128 3034 1317 3075 eorum
1345 3018 1716 3096 (Psal.xvm).
1743 3042 1761 3075 ι

176 3106 275 3163 Vel
314 3116 478 3172 certe,
524 3115 584 3161 ut
614 3107 835 3177 quidam
879 3108 1086 3177 volunt,
1137 3112 1205 3168 ab
1238 3113 1449 3170 oriente
1493 3124 1765 3173 venerunt

1866 2007 2069 2063 mentis
2095 2008 2348 2064 dicuntur
2373 2026 2385 2061 :
2433 2008 2732 2064 exteriores
2757 2024 2887 2064 vero
2922 2023 3099 2080 preme
3124 2006 3418 2063 infernales
3438 2048 3452 2072 ,

1866 2119 1985 2173 quae
2012 2110 2166 2159 extra
2198 2118 2298 2158 nos
2330 2115 2475 2159 sunt.
2502 2102 2640 2158 Nam
2669 2103 2723 2158 in
2752 2102 2965 2157 inferno
2994 2102 3287 2159 interiores
3308 2109 3453 2169 sunt,

1865 2196 1958 2252 sed
1984 2195 2057 2250 illi
2085 2196 2175 2267 qui
2213 2195 2323 2251 illic
2350 2195 2652 2266 patiuntur,
2683 2195 2737 2249 in
2768 2195 3026 2250 tenebras
3046 2194 3366 2256 exteriores,
3402 2193 3457 2248 id

1865 2297 1947 2343 est
1964 2288 2019 2341 in
2035 2287 2328 2343 infernales
2351 2302 2543 2359 ptenas
2568 2287 2709 2342 mitti
2730 2287 3001 2342 dicuntur.
3019 2286 3158 2355 Quid
3178 2294 3359 2341 autem
3382 2285 3457 2341 ibi

1866 2378 2017 2433 missi
2039 2379 2338 2448 patiantur,
2361 2379 2785 2444 demonstratur,
2809 2393 2930 2433 cum
2961 2378 3297 2434 subint’ertur
3314 2396 3360 2432 ες
3379 2377 3457 2433 Ibi

1868 2469 1974 2524 erit
1998 2468 2153 2525 ﬂetus
2178 2480 2233 2525 et
2257 2469 2456 2525 stridor
2477 2470 2739 2525 dentium.
2764 2489 2782 2521 ι
2802 2469 2955 2526 Oculi
2985 2470 3130 2527 enim
3158 2486 3270 2542 pra:
3290 2470 3460 2527 nimio

1869 2560 2017 2616 fumo
2044 2562 2220 2617 solent
2245 2562 2534 2634 laerymari
2561 2603 2576 2629 ,
2614 2573 2666 2618 et
2702 2562 2891 2619 dentes
2917 2577 3029 2633 prae
3062 2563 3231 2619 nimio
3260 2562 3460 2635 frigore

1869 2656 2211 2711 stridescere.
2244 2654 2376 2710 Cum
2406 2670 2534 2723 ergo
2559 2655 2636 2711 ait
2666 2673 2680 2709 :
2710 2674 2729 2707 ι
2760 2654 2838 2710 1ὺί
2860 2656 2967 2710 erit
2996 2654 3152 2711 ﬁetus
3180 2664 3237 2712 et
3259 2656 3460 2714 stridor

1869 2746 2133 2811 dentium,
2165 2767 2183 2799 ι
2218 2746 2455 2802 ostendit
2495 2761 2594 2818 per
2638 2747 3013 2815 metaphoram
3055 2747 3454 2815 membrorum,

1868 2836 1995 2905 quia
2028 2836 2242 2907 reprobi
2275 2837 2327 2890 in
2353 2848 2514 2906 paena
2536 2845 2593 2891 et
2616 2836 2786 2908 frigus
2813 2836 3212 2907 inaestimabile,
3238 2847 3293 2895 et
3314 2839 3461 2896 calo-

1870 2945 1983 2984 rem
2029 2930 2422 2987 intolerabilem
2474 2932 2848 2996 sustinebunt,
2899 2931 3041 2987 sicut
3082 2945 3181 3002 per
3239 2931 3458 2988 beatum

1866 3019 1969 3076 Job
1993 3022 2192 3077 dicitur
2224 3041 2236 3076 :
2277 3042 2295 3074 ι
2324 3023 2405 3079 Ad
2429 3024 2666 3079 calorem
2690 3023 2918 3078 nimium
2947 3030 3193 3080 transeat
3211 3024 3281 3079 ab
3304 3026 3463 3095 aquis

1869 3113 2095 3180 nivium,
2122 3122 2179 3170 et
2206 3131 2379 3187 usque
2404 3115 2471 3170 ad
2504 3114 2711 3172 inferos
2743 3122 3025 3186 peccatum
3052 3114 3215 3172 illius.
3248 3114 3456 3172 Oblivi-

178 3198 410 3263 Ilebrrei,
437 3200 564 3270 quia
587 3200 747 3270 primi
777 3200 1066 3258 Dominum
1103 3215 1489 3277 cognoverunt,
1521 3209 1591 3264 ab
1619 3210 1765 3265 occi-
1805 3274 1833 3277 μ
1869 3212 2055 3260 scatur
2104 3204 2220 3273 ejus
2278 3208 2671 3263 misericordia.
2744 3206 2980 3262 Dulcedo
3041 3206 3187 3262 illius
3244 3222 3463 3264 vermes

181 3289 342 3345 dente
380 3288 632 3359 gentiles,
669 3290 795 3360 quia
834 3290 1009 3346 ultimi
1050 3274 1339 3351 Dominum
1378 3307 1759 3369 perceperunt.
1790 3274 1836 3338 (ἶ
1870 3295 2010 3368 (Job.
2057 3297 2229 3368 xxiv).
2269 3317 2288 3351 ι
2321 3298 2377 3353 Si
2415 3300 2538 3369 quis
2587 3308 2768 3355 autem
2816 3300 2883 3355 de
2932 3298 3331 3355 resurrectione
3378 3299 3461 3355 sui

184 3379 378 3446 Aliter,
414 3381 482 3435 ab
509 3381 714 3437 oriente
754 3392 1039 3449 venerunt,
1072 3386 1225 3456 quia,
1253 3386 1368 3444 Deo
1397 3398 1717 3461 protegente
1742 3432 1758 3457 ,

187 3470 329 3525 nulla
353 3470 647 3526 criminalia
674 3484 890 3543 peccata
918 3476 1341 3532 commiserunt:
1367 3478 1438 3533 ab
1458 3479 1761 3547 occidente,

182 3565 297 3635 qui,
322 3573 443 3635 post
465 3566 625 3621 multa
648 3565 849 3640 ﬂagitia
876 3578 1209 3654 perpetrata,
1243 3572 1311 3627 ad
1340 3574 1765 3642 omnipotentem

184 3657 347 3713 Deum
372 3662 904 3727 convertuntur.Vel,
924 3664 993 3718 ab
1004 3664 1241 3732 oriente,
1257 3666 1349 3736 qui
1366 3666 1435 3721 ab
1460 3666 1575 3737 ipsa
1591 3667 1765 3723 infan-

185 3750 251 3805 tia
283 3752 366 3805 vel
392 3754 623 3824 pueritia
652 3755 764 3810 Deo
797 3756 1003 3811 servit:
1032 3757 1101 3812 ab
1125 3759 1427 3826 occidente,
1458 3761 1550 3831 qui
1586 3761 1642 3817 in
1674 3778 1764 3817 se-

186 3852 390 3900 nectute
414 3845 500 3901 vel
527 3845 805 3918 decrepita
833 3855 994 3904 aetate
1034 3850 1103 3905 ad
1144 3851 1241 3907 Dei
1276 3853 1591 3910 servitutem
1631 3870 1762 3909 con-

193 3938 418 3993 vertitur.
450 3937 791 3995 Recumbere
829 3949 1010 3996 autem
1045 3957 1171 3997 eum
1215 3942 1492 4000 Abraham
1532 3954 1589 4000 et
1615 3946 1766 4001 Isaac

191 4035 235 4080 et
253 4026 417 4087 Iacob
438 4030 491 4085 in
515 4046 681 4102 regno
708 4032 990 4099 caelorum,
1013 4043 1098 4089 est
1122 4034 1177 4089 in
1197 4033 1302 4090 ﬁde
1328 4036 1763 4107 patriarcharum

191 4131 361 4191 gentes
390 4124 756 4195 requiescere,
785 4134 841 4182 et
869 4125 1021 4181 illum
1063 4128 1286 4186 credere
1318 4130 1553 4198 venisse,
1604 4146 1764 4201 quem

191 4216 343 4270 sancti
371 4216 700 4287 patriarcha:
743 4225 1030 4273 venturum
1073 4220 1552 4292 prophetaverunt.
1584 4222 1740 4278 Terri

191 4304 299 4361 bilis
342 4317 525 4364 autem
577 4310 645 4365 de
689 4308 890 4365 .Iudzeis
933 4310 1244 4381 prmdicitur
1295 4313 1598 4379 sententia,
1639 4328 1764 4373 cum

191 4395 371 4453 dicitur
396 4420 410 4455 :

260 4510 277 4541 ι
309 4490 430 4547 Filii
468 4503 649 4550 autem
695 4496 847 4567 regni
894 4496 1056 4564 hujus
1083 4494 1370 4563 ejicientur
1411 4495 1465 4550 in
1514 4496 1766 4553 tenebras

198 4595 214 4627 ι
248 4583 557 4640 exteriores.
603 4604 622 4637 ι
657 4585 823 4642 Filios
857 4587 1007 4657 regni
1034 4586 1250 4643 Judzeos
1271 4586 1421 4653 dicit,
1452 4588 1543 4657 qui
1570 4589 1767 4645 merito

195 4670 277 4727 ﬁlii
298 4676 446 4747 regni
470 4676 829 4747 appellantur,
860 4678 988 4749 quia
1019 4694 1117 4749 pro
1145 4694 1331 4735 amore
1356 4679 1508 4751 regni
1536 4681 1760 4749 terreni,

194 4764 452 4823 caelestem
481 4784 665 4839 regem
694 4771 920 4827 credere
942 4771 1255 4839 noluerunt,
1279 4772 1519 4829 dicentes
1546 4772 1721 4828 Pilato
1745 4792 1757 4827 :

198 4875 214 4906 ι
242 4856 346 4915 Νοη
375 4860 641 4919 habemus
676 4878 859 4936 regem
900 4863 1008 4919 nisi
1049 4864 1316 4919 Caesarem
1348 4862 1530 4936 (Joan.
1561 4864 1697 4937 xix).
1739 4884 1757 4915 ι

193 4946 250 5003 Ει
288 4952 481 5008 iterum
524 4969 751 5027 regnum
798 4964 1073 5011 terrenum
1120 4955 1414 5028 eligentes,
1446 4964 1502 5011 et
1542 4955 1764 5012 caeleste

194 5054 513 5114 respuentes,
564 5046 818 5103 dixerunt
862 5066 877 5102 :
913 5068 933 5100 ‹
978 5047 1120 5116 Quid
1170 5048 1463 5114 faciemus,
1496 5049 1619 5119 quia
1675 5048 1767 5104 hic

193 5134 336 5192 homo
361 5138 531 5195 multa
557 5139 713 5211 signa
755 5138 921 5196 facit?
949 5141 993 5196 si
1030 5140 1352 5196 dimittimus
1368 5153 1493 5194 eum
1516 5139 1615 5207 sic,
1642 5154 1765 5196 om-

192 5244 277 5285 nes
302 5234 526 5312 credent
562 5233 619 5289 in
646 5250 773 5290 eum
794 5275 810 5299 ,
856 5243 912 5290 et
950 5236 1170 5291 venient
1215 5233 1466 5298 Romani,
1495 5241 1549 5289 et
1581 5232 1770 5289 toilent

194 5334 424 5382 nostrum
463 5327 643 5385 locum
672 5337 730 5384 et
776 5336 992 5399 gentem
1037 5329 1219 5399 (Joan.
1251 5328 1353 5401 xt).
1392 5348 1413 5381 ι
1440 5326 1575 5382 Nam
1597 5324 1767 5382 Judaei

190 5418 278 5474 sub
312 5430 578 5492 potestate
621 5422 991 5479 Romanorum
1016 5434 1178 5479 erant
1202 5422 1519 5489 constituti,
1550 5429 1605 5476 et
1648 5421 1766 5475 ideo

191 5507 281 5565 hac
298 5514 586 5569 occasione
608 5514 841 5585 decepti,
864 5514 1147 5581 timebant,
1173 5523 1232 5570 ut
1252 5516 1298 5572 si
1324 5530 1357 5571 a
1381 5514 1640 5570 Romanis
1667 5529 1761 5569 rex

190 5614 344 5658 novus
372 5605 430 5660 in
475 5603 662 5662 Iudaea
691 5621 923 5678 regnare
952 5606 1253 5673 audiretur,
1279 5607 1681 5663 debellarentur
1709 5613 1764 5661 et

190 5705 218 5745 a
250 5709 407 5767 regno
449 5697 797 5769 ejicerentur.
825 5697 967 5771 Ergo
1008 5699 1134 5769 quia
1180 5697 1349 5755 Judtei
1386 5699 1559 5771 magis
1598 5706 1767 5755 terre-

191 5798 303 5841 num
347 5805 530 5863 regem
559 5807 721 5862 quam
757 5791 1035 5848 caelestem
1084 5792 1410 5861 dilexerunt,
1443 5809 1550 5849 non
1588 5793 1760 5849 solum

191 5878 475 5952 «Eleatem,
521 5883 616 5941 sed
660 5885 827 5941 etiam
875 5894 1153 5943 terrenum
1205 5886 1574 5957 perdiderunt.
1617 5886 1763 5954 Quo-

1865 3388 2114 3457 corporis
2135 3389 2382 3455 dubitat,
2407 3390 2579 3460 ipsam
2606 3406 2706 3460 per
2731 3391 2877 3446 hunc
2904 3390 3083 3445 locum
3114 3390 3233 3445 ﬁeri
3258 3390 3463 3445 intelli-

1865 3495 1994 3553 gere
2019 3479 2183 3535 valet.
2200 3478 2352 3536 Oculi
2382 3482 2527 3536 enim
2554 3481 2737 3537 carnei
2763 3488 2912 3547 sunt,
2936 3489 2993 3535 et
3017 3481 3207 3536 dentes
3235 3495 3302 3534 ex
3325 3482 3463 3536 ossi-

1865 3573 1985 3628 bus.
2004 3571 2174 3642 Igitur
2200 3588 2321 3626 cum
2346 3572 2503 3638 dixit,
2538 3592 2557 3623 ι
2594 3571 2664 3627 ibi
2687 3573 2792 3627 erit
2813 3570 2970 3627 ﬂetus
3004 3580 3060 3627 et
3094 3571 3299 3627 stridor
3330 3573 3461 3627 den-

1867 3664 2023 3731 tium,
2053 3684 2073 3717 ι
2109 3664 2167 3719 in
2195 3664 2385 3719 eadem
2410 3662 2600 3736 efﬁgie,
2627 3679 2731 3733 qua
2754 3664 2809 3719 in
2833 3663 3090 3735 praesenti
3112 3662 3310 3718 saeculo
3338 3678 3459 3718 ma-

1865 3771 2080 3825 nemus,
2110 3758 2345 3813 ostendit
2387 3773 2487 3813 nos
2523 3759 2576 3812 in
2624 3758 2806 3813 futuro
2835 3765 3257 3813 resurrecturos.
3309 3757 3463 3815 Unde

1864 3849 1994 3906 alibi
2025 3847 2325 3906 beatusJob
2344 3849 2515 3906 dicit:
2545 3868 2563 3901 ι
2591 3849 2767 3906 Credo
2789 3850 2933 3920 quod
2954 3849 3277 3920 Redemptor
3303 3865 3461 3907 meus

1863 3941 2030 4007 vivit,
2067 3948 2125 3997 et
2151 3940 2204 3995 in
2229 3940 2523 3995 novissimo
2557 3939 2642 3995 die
2672 3941 2737 3995 de
2766 3948 2912 3995 terra
2941 3948 3290 3996 surrecturus
3314 3955 3458 3996 sum.

1867 4033 1935 4088 Et
1977 4047 2194 4089 rursum
2235 4032 2616 4089 circumdabor
2633 4032 2772 4103 pelle
2801 4048 2945 4101 mea,
2978 4040 3034 4090 et
3055 4033 3111 4089 in
3140 4049 3306 4091 carne
3339 4051 3464 4092 mea

1865 4125 2061 4181 videbo
2088 4126 2279 4191 Deum,
2305 4140 2463 4195 quem
2501 4124 2718 4181 visurus
2754 4141 2874 4181 sum
2908 4141 3009 4198 ego
3058 4128 3207 4199 ipse,
3253 4136 3310 4183 et
3353 4145 3463 4185 non

1867 4216 2024 4284 alius,
2040 4224 2095 4273 et
2108 4214 2248 4273 oculi
2271 4217 2376 4273 mei
2400 4217 2741 4287 conspecturi
2759 4226 2885 4273 sunt
2908 4217 3053 4290 (Job.
3072 4219 3210 4291 xtx),
3234 4239 3254 4272 ι
3275 4219 3331 4275 id
3351 4228 3457 4285 est,

1868 4324 1975 4364 non
2008 4308 2115 4363 alia
2154 4308 2326 4378 ﬁgura
2354 4324 2455 4379 pro
2484 4322 2603 4375 me,
2656 4308 2752 4363 sed
2793 4323 2888 4379 egc
2928 4308 3047 4380 ipse
3090 4325 3214 4365 eum
3244 4310 3459 4367 videbo.

1868 4399 2041 4467 Quam
2064 4401 2229 4456 etiam
2245 4401 2528 4467 Dominus,
2542 4415 2665 4456 cum
2685 4410 2806 4472 post
2827 4416 2981 4456 suam
3002 4403 3458 4458 resurrectionem

1868 4492 2181 4563 loqueretur
2232 4493 2531 4565 discipulis,
2580 4493 2838 4560 ostendit,
2865 4494 3051 4549 dicens
3078 4492 3231 4566 (Luc.
3264 4494 3415 4564 xxiv)
3447 4512 3459 4546 :

1875 4606 1893 4638 ι
1928 4585 2115 4642 Videte
2153 4601 2348 4641 manus
2378 4601 2528 4641 meas
2566 4594 2622 4640 et
2660 4587 2825 4657 pedes
2853 4601 3037 4651 meos,
3062 4585 3190 4654 quia
3212 4599 3314 4655 ego
3348 4585 3462 4655 ipse

1871 4693 2009 4733 sum.
2048 4696 2071 4732 ο
2106 4677 2175 4733 Et
2208 4677 2441 4733 iterum:
2477 4697 2495 4729 ‹
2526 4677 2751 4747 Palpate
2778 4685 2834 4731 et
2866 4676 3045 4730 videte
3079 4676 3205 4744 quia
3235 4676 3462 4746 spiritus

1873 4786 2092 4826 carnem
2119 4778 2174 4826 et
2201 4786 2325 4826 ossa
2347 4784 2454 4824 non
2479 4770 2660 4834 habet,
2686 4769 2827 4823 sicut
2847 4782 2936 4823 me
2962 4766 3156 4823 videtis
3182 4767 3404 4823 habere.
3437 4789 3455 4822 ι

1945 4880 1969 4931 ⁹ι
2004 4862 2071 4917 Ει
2096 4861 2233 4915 dixit
2256 4860 2414 4916 Jesus
2440 4858 2745 4915 centurioni
2772 4875 2785 4913 :
2825 4857 2993 4926 Vade,
3015 4859 3158 4916 sicut
3179 4860 3462 4916 credidisti

1880 4972 1898 5003 ι
1935 4951 2030 5007 ﬁat
2052 4951 2167 5007 tibi.
2213 4951 2281 5006 Et
2310 4958 2534 5006 sanatus
2563 4958 2644 5006 est
2683 4964 2821 5020 puer
2859 4964 2926 5004 ex
2969 4949 3058 5006 illa
3101 4952 3256 5007 hora.
3294 4971 3313 5004 ι
3361 4950 3463 5007 Hic

1873 5042 2325 5101 considerandum
2350 5053 2437 5098 est
2461 5052 2721 5113 quantum
2748 5057 3190 5115 unumquemque
3238 5044 3461 5115 propria

1874 5138 2008 5195 ﬁdes
2028 5137 2265 5208 adjuvet,
2294 5137 2511 5209 quando
2528 5145 2739 5192 tantum
2766 5136 2973 5209 profuit
3000 5135 3199 5193 aliena.
3229 5135 3462 5208 Propter

1873 5232 2034 5288 ﬁdem
2077 5232 2224 5286 enim
2255 5229 2610 5296 centurionis,
2648 5229 2858 5285 reddita
2884 5237 2969 5283 est
3014 5242 3186 5299 puero
3226 5228 3455 5284 sanitas.

1872 5324 2033 5382 Fides
2057 5341 2289 5397 namque
2312 5339 2505 5396 magna
2528 5333 2613 5380 est
2627 5324 2823 5391 virtus,
2851 5332 2927 5391 et,
2957 5331 3021 5379 ut
3041 5324 3118 5379 ait
3142 5322 3454 5394 Apostolus,

1876 5437 1895 5469 ι
1936 5418 2051 5474 sine
2080 5434 2185 5488 qua
2208 5417 2539 5487 impossibile
2567 5426 2651 5472 est
2686 5417 2902 5489 placere
2940 5418 3051 5472 Deo
3087 5414 3276 5488 (Hebr.
3305 5416 3405 5486 xt).
3436 5435 3455 5467 ι

1874 5508 1949 5564 De
1970 5524 2075 5578 qua
2107 5509 2270 5562 etiam
2292 5523 2390 5579 per
2415 5506 2668 5565 Habacuc
2695 5510 3018 5580 prophetam
3038 5508 3238 5564 dicitur
3268 5522 3283 5561 :
3311 5526 3328 5557 ι
3360 5504 3453 5559 Ju-

1868 5609 1986 5657 stus
2024 5608 2203 5655 autem
2249 5615 2401 5656 meus
2438 5616 2506 5657 ex
2548 5600 2655 5657 ﬁde
2688 5601 2821 5656 vivit
2861 5600 3027 5674 (Hab.
3082 5602 3177 5673 ll),
3216 5619 3236 5653 ο
3286 5613 3451 5668 quam

1870 5693 2130 5748 Dominus
2151 5692 2429 5763 discipulis
2458 5694 2869 5761 commendans,
2899 5694 2975 5748 ait
3005 5711 3019 5747 :
3048 5712 3069 5745 ‹
3103 5691 3161 5746 Si
3201 5688 3456 5747 habueri-

1869 5785 1937 5840 tis
1967 5784 2127 5839 ﬁdem
2159 5784 2299 5841 sicut
2320 5801 2549 5857 granum
2573 5786 2801 5858 sinapis,
2823 5785 3077 5842 diceretis
3103 5782 3271 5838 monti
3301 5783 3454 5853 huic,

1872 5879 2066 5937 Transi
2096 5881 2242 5951 hinc,
2266 5892 2320 5938 et
2351 5884 2645 5940 transiret:
2676 5880 2857 5937 arbori
2877 5892 3054 5947 moro,
3083 5876 3375 5934 Eradicare
3397 5888 3455 5934 et
