4038 6352
574 418 668 474 in
762 380 765 381 ν

1200 415 1553 472 nummus
1589 415 2067 471 HALBERSTAT.
2112 412 2323 470 arise.
2365 418 2513 474 ore.
2556 398 2734 473 rans
2772 417 2836 472 ιι.
2877 446 2945 458 -.
2986 415 3217 471 nomn.

3778 411 3893 467 {58

570 535 968 605 tranqlantare
988 533 1043 586 in
1062 545 1233 593 mare,
1260 538 1315 583 et
1336 529 1581 584 ohediret
1595 529 1748 584 vobis
1767 529 1916 601 (Luc.
1944 530 2097 600 xvn).
2124 548 2140 578 ι
2174 534 2222 590 Α
2251 534 2314 586 de
2347 534 2612 603 sepulcro.
2658 535 2732 589 De
2770 546 2875 603 qua
2916 530 3236 587 dormitione
3263 533 3375 601 ipse
3393 547 3487 600 per
3513 533 3888 602 prophetam

570 628 637 681 Et
663 627 790 695 quia
813 626 865 679 in
893 621 1440 692 centurione'gentili,
1464 621 1702 693 gentium
1730 622 1863 676 fides
1892 629 1976 675 est
2004 637 2143 691 prae-

571 720 817 790 figurata,
843 723 985 772 recte
1008 715 1110 770 iste
1133 714 1338 785 quisic
1366 714 1605 785 perfecte
1633 714 1874 777 credidit,
1900 713 2144 769 centurio

568 813 637 870 ab
679 808 1003 881 evangelista
1057 808 1379 879 appellatur.
1427 807 1688 863 Centurio
1738 809 1878 862 enim
1924 808 2136 873 dicitur,

568 905 707 973 quod
756 904 854 958 sub
901 918 960 959 se
1007 910 1227 958 centum
1280 903 1478 957 habeat
1522 902 1736 958 milites.
1790 902 2143 957 Centenarius

566 996 760 1066 quippe
791 1009 1049 1049 numerus
1076 993 1349 1064 perfectus
1379 1000 1483 1058 est,
1505 992 1596 1063 qui
1625 993 1690 1048 dc
1714 993 1841 1046 laeva
1873 991 2067 1046 transit
2088 992 2142 1045 in

563 1088 865 1153 dexteram,
899 1095 955 1142 et
982 1086 1244 1142 circulum
1264 1086 1593 1155 exprimens,
1637 1085 1696 1139 fit
1722 1084 1773 1138 in
1807 1084 2023 1139 modum
2048 1097 2140 1137 co-

563 1194 740 1243 ronae,
794 1179 937 1233 illam
997 1192 1254 1233 coronam
1303 1178 1649 1246 exprimens,
1718 1191 1881 1245 quam
1948 1175 2143 1230 milites

548 1272 764 1326 Christi
811 1284 910 1340 pro
959 1268 1224 1339 spirituali
1273 1268 1571 1324 certamine
1621 1267 1927 1337 percepturi
1980 1273 2140 1331 sunt,

565 1379 795 1434 quorum
818 1376 959 1419 unus
1002 1362 1344 1431 loquebatur,
1382 1361 1568 1415 dicens
1601 1378 1614 1413 :
1653 1380 1671 1411 ‹
1723 1359 1928 1413 Bonum
1972 1367 2144 1413 certa-

564 1474 687 1511 men
736 1456 961 1521 eertavi,
1007 1469 1224 1510 cursum
1273 1453 1660 1516 consummavi,
1712 1452 1868 1507 fidem
1908 1452 2137 1506 servavi.

567 1548 645 1602 De
694 1547 924 1617 reliquo,
977 1546 1214 1616 reposita
1250 1552 1336 1599 est
1385 1543 1518 1597 mihi
1569 1532 1768 1598 corona
1802 1542 2025 1610 iustitia:
2056 1540 2141 1613 (11

565 1638 699 1694 Tim.
742 1638 839 1712 ιν).
872 1659 892 1692 ι

1117 1750 1400 1810 HOMILIA
1436 1751 1558 1843 XX.

824 1903 1077 1945 DOIINICA
1114 1904 1328 1953 QUABTA
1365 1903 1495 1943 POS'I'
1534 1902 1875 1953 BPIPHANIAI.

632 2004 869 2077 (Mum.
901 2003 1045 2074 vni.)
1078 2023 1097 2057 ‹
1128 2005 1184 2058 In
1216 2005 1306 2059 illo
1337 2011 1597 2073 tempore,
1642 2003 1966 2057 ascendente
2010 2000 2135 2056 Iesu

562 2119 580 2149 ι
610 2100 661 2152 in
677 2096 1000 2162 naviculam,
1020 2096 1191 2151 secuti
1206 2105 1334 2151 sunt
1357 2110 1478 2150 cum
1503 2094 1748 2164 discipuli
1762 2092 1898 2162 ejus.
1915 2093 1981 2147 Et
2003 2107 2129 2147 ecce

564 2206 583 2240 ι
616 2197 796 2244 motus
835 2203 1062 2259 magnus
1082 2186 1257 2241 factus
1282 2186 1446 2241 estin
1493 2185 1652 2249 mari,
1683 2196 1739 2238 et
1766 2184 1995 2254 reliqua.
2032 2205 2048 2235 ο
2077 2184 2134 2239 in

559 2279 717 2349 hujus
741 2279 990 2335 lectionis
1011 2280 1151 2335 serie
1176 2279 1455 2349 utriusque
1480 2292 1594 2333 sua:
1616 2285 1824 2332 naturae
1849 2279 2134 2333 veritatem

557 2371 816 2426 Dominus
848 2369 1002 2426 Iesus
1026 2371 1273 2426 Christus
1322 2372 1574 2442 dignatus
1618 2380 1701 2425 est
1729 2373 2133 2438 commendare,

555 2461 793 2516 divinam
844 2463 1054 2517 scilicet
1101 2470 1156 2516 ct
1200 2462 1513 2517 humanam.
1570 2461 1736 2528 Quasi
1786 2463 1929 2517 enim
1976 2462 2138 2518 homo

554 2568 747 2608 navem
777 2555 1040 2618 ascendit,
1091 2554 1185 2609 sed
1213 2554 1370 2624 quasi
1402 2554 1544 2608 Deus
1572 2568 1723 2615 mare
1747 2554 2089 2608 conturbavit
2120 2572 2131 2606 :

553 2647 707 2712 quasi
730 2648 893 2701 homo
921 2648 974 2700 in
1003 2662 1138 2701 nave
1169 2647 1442 2711 dormivit,
1475 2646 1567 2701 sed
1595 2647 1748 2715 quasi
1781 2646 1921 2701 Deus
1964 2647 2138 2701 ventis

555 2742 611 2790 et
635 2736 771 2790 mari
798 2736 1105 2805 imperavit.
1137 2735 1243 2790 Nec
1284 2736 1407 2790 ideo
1453 2736 1604 2791 navis
1643 2734 1879 2791 cilicium
1928 2750 2138 2789 assmu-

555 2830 682 2895 psit,
710 2836 768 2885 ut
797 2843 903 2887 non
947 2837 1133 2897 posset
1184 2844 1334 2885 mare
1386 2829 1627 2893 siccare,
1673 2829 1818 2885 sicut
1862 2827 2134 2897 quondam

554 2933 736 2973 coram
764 2916 891 2976 filiis
934 2918 1095 2973 Israel
1135 2917 1378 2974 fecerat:
1410 2920 1493 2973 vel
1538 2934 1699 2989 super
1736 2917 1929 2972 fluctus
1968 2916 2134 2971 maris

558 3009 856 3075 ambulare,
885 3010 1168 3081 quietiam
1196 3010 1378 3075 Petro,
1410 3021 1470 3065 ut
1497 3026 1659 3081 super
1708 3009 1903 3064 ﬂuctus
1945 3009 2130 3063 ambu-

555 3104 716 3167 laret,
748 3104 940 3161 tribuit
964 3121 977 3156 τ
1000 3104 1097 3159 sed
1122 3119 1243 3173 quae
1271 3103 1507 3159 hominis
1535 3111 1660 3156 sunt
1697 3102 1827 3173 egit,
1861 3109 1920 3155 ut
1944 3115 2137 3155 verum

557 3197 831 3252 hominem
863 3212 963 3267 pm
985 3199 1140 3252 nobis
1171 3196 1370 3252 factum
1402 3211 1461 3251 se
1503 3211 1623 3250 esse
1650 3195 1968 3250 insinuaret.
1994 3193 2133 3248 Alle-
2162 3251 2191 3273 η

555 3288 738 3357 gorice
764 3296 945 3345 autem
970 3288 1147 3354 navis,
1174 3303 1338 3357 quam
1369 3287 1631 3341 Dominus
1669 3286 1935 3351 ascendit,
1967 3284 2128 3341 vexil-
2161 3251 2204 3315 θ

554 3380 663 3434 lum
687 3380 865 3437 crucis
911 3380 1198 3449 significat.
1247 3380 1411 3447 Quasi
1437 3380 1582 3435 enim
1628 3394 1816 3436 navem
1871 3380 2129 3444 ascendit,

556 3472 773 3541 quando
820 3487 922 3542 pro
972 3481 1157 3529 nostra
1210 3472 1527 3528 liberatione
1559 3472 1615 3526 in
1666 3471 1810 3540 ligno
1850 3473 2030 3528 crucis
2074 3486 2135 3527 se

553 3566 749 3621 elevari
802 3566 1070 3636 permisit,
1117 3565 1256 3620 sicut
1306 3565 1425 3635 ipse
1469 3564 1669 3621 Iudaeis
1715 3566 1892 3621 dixit:
1928 3586 1948 3619 ι
1997 3566 2149 3643 Cum.

554 3652 925 3711 exaltaveritis
962 3656 1157 3710 Filium
1185 3655 1438 3719 hominis,
1473 3662 1602 3710 tunc
1650 3655 1833 3713 scietis
1859 3658 1989 3727 quia
2034 3672 2135 3729 ego

556 3762 674 3800 sum
695 3745 880 3815 (Joan.
911 3746 1049 3813 vin).
1087 3765 1108 3797 ι
1166 3744 1318 3801 Unde
1352 3747 1490 3801 bene
1534 3747 1747 3803 Marcus
1796 3763 1962 3819 prope
2007 3750 2135 3804 solis

556 3855 806 3897 occasum
845 3855 969 3894 eum
1016 3854 1210 3895 navem
1252 3842 1559 3898 ascendisse
1603 3855 2026 3911 commemorat,
2076 3853 2136 3899 ut

560 3930 830 3999 passionis
870 3930 986 4000 ejus
1031 3940 1429 3987 sacramentum
1458 3934 1781 4002 insinuaret,
1818 3937 1883 3991 de
1906 3952 2016 4006 quo
2040 3952 2138 4008 per

561 4020 876 4089 prophetam
923 4020 1159 4076 dicitur:
1197 4039 1217 4074 ι
1252 4020 1345 4077 Sol
1394 4025 1645 4095 cognovit
1694 4040 1948 4081 occasum
1978 4040 2135 4081 suum

568 4110 740 4179 (Psat.
772 4110 908 4180 cui).
947 4130 964 4163 ι
1000 4110 1181 4168 Secuti
1208 4124 1333 4169 sunt
1379 4130 1502 4169 eum
1544 4117 1791 4186 discipuli
1830 4117 1970 4187 ejus,
2010 4120 2132 4187 quia

561 4202 787 4273 vestigia
815 4202 931 4272 ejus
955 4204 1221 4272 passionis
1266 4216 1390 4261 sunt
1412 4207 1626 4263 imitati.
1666 4210 1829 4278 Sequi
1860 4211 2003 4265 enim
2030 4212 2134 4265 Do-

562 4296 785 4361 minum,
816 4296 1016 4352 imitari
1036 4307 1138 4362 est,
1167 4298 1304 4354 sicut
1332 4300 1449 4370 ipse
1481 4299 1654 4356 dicit:
1688 4320 1706 4351 ε
1734 4300 1836 4367 Qui
1868 4302 1999 4356 mihi
2036 4304 2129 4356 mi-

561 4390 776 4456 nistrat.
804 4403 891 4445 me
911 4399 1168 4461 sequawr
1186 4391 1370 4461 (Iona.
1405 4393 1526 4461 xu).
1565 4414 1582 4443 ι
1612 4394 1679 4447 Et
1708 4394 1904 4447 iterum
1930 4410 1943 4447 :
1981 4410 1999 4444 ι
2030 4394 2133 4461 Qui

559 4480 675 4534 vult
709 4481 894 4537 venire
914 4491 1036 4552 post
1070 4497 1177 4548 me,
1205 4484 1436 4553 abneget
1484 4482 1851 4552 semetipsum,
1878 4491 1934 4537 et
1982 4485 2138 4539 tollat

560 4586 773 4629 crucem
799 4588 982 4640 suam,
1012 4582 1067 4630 et
1096 4583 1353 4644 sequatur
1378 4589 1464 4628 me
1502 4572 1654 4643 (Luc.
1697 4574 1796 4645 ix).
1832 4594 1850 4625 ι
1900 4574 2004 4630 Sed
2033 4577 2136 4631 Do-

561 4665 708 4720 mino
732 4680 920 4720 navem
951 4667 1294 4730 ascendente,

639 4771 656 4803 ι
688 4752 859 4809 Motus
895 4771 1120 4827 magnus
1142 4755 1317 4811 factus
1346 4753 1504 4809 estin
1528 4755 1694 4819 mari,
1727 4774 1744 4804 ι
1775 4756 1900 4824 quia
1921 4797 1935 4821 ,
1966 4756 2056 4811 illo
2078 4756 2133 4810 in

562 4860 721 4900 cruce
746 4847 1027 4914 pendente,
1048 4845 1335 4901 cornmotio
1361 4842 1502 4899 facta
1522 4852 1605 4900 est
1632 4846 1686 4900 in
1709 4846 1903 4917 populo
1920 4846 2133 4918 Iudaic-

565 4951 703 4991 rum.
730 4936 892 5004 Quasi
936 4938 1080 4997 enim
1122 4950 1271 4989 mare
1293 4935 1561 5001 tumebat,
1589 4938 1805 5006 quando
1829 4935 2133 4993 Judmrum

563 5028 789 5099 populus
826 5028 1104 5084 fremendo
1137 5026 1405 5083 clamabat
1433 5045 1447 5082 :
1483 5048 1502 5079 ι
1554 5028 1845 5097 Cruciiige,
1879 5030 2137 5100 cmcifige

565 5119 746 5189 (Ioau.
804 5123 919 5191 xix)
955 5141 973 5172 ι
1024 5118 1203 5174 talem.
1246 5117 1477 5175 Tantum
1522 5128 1701 5176 autem
1748 5130 1925 5176 motus
1974 5122 2142 5177 maris

564 5212 863 5282 praavaluit,
899 5230 919 5264 ι
952 5218 1009 5265 ιιι
1059 5209 1301 5265 navicula
1330 5211 1633 5280 operiretur
1658 5212 1930 5266 fluctibus.
1958 5231 1974 5262 ι
2002 5211 2138 5279 Quia

566 5304 619 5358 in
658 5312 863 5358 tantum
904 5301 1145 5356 excrevit
1186 5302 1489 5371 persecutio
1534 5300 1839 5358 Iudaeorum
1868 5344 1883 5369 ,
1918 5313 1976 5359 ut
2026 5304 2141 5373 ipse

566 5394 815 5465 princeps
846 5391 1209 5461 apostolorum
1238 5392 1508 5447 Christum
1539 5402 1781 5464 negaret,
1836 5404 1893 5450 et
1941 5396 2059 5465 ipse
2084 5406 2139 5452 et

566 5483 656 5539 alii
682 5491 903 5554 propter
944 5490 1143 5537 metum
1194 5480 1498 5538 Iudaeorum
1547 5485 1601 5538 in
1645 5485 1887 5543 conclavi
1939 5489 2140 5545 reside-

569 5581 707 5630 rent.
745 5592 763 5623 ι
795 5571 912 5642 Ipse
937 5588 1067 5629 vero
1101 5574 1403 5631 dormiebat
1435 5590 1449 5629 :
1486 5595 1505 5628 ι
1546 5578 1675 5648 quia
1724 5582 2140 5637 resurrectionis

567 5680 676 5721 suae
718 5664 1011 5733 potentiam
1066 5682 1235 5737 usque
1286 5667 1339 5722 in
1406 5668 1643 5726 triduum
1702 5671 2003 5728 differebat.
2073 5674 2139 5729 Et

567 5756 788 5825 pulchre
812 5770 957 5827 mors
982 5756 1183 5815 Christi
1208 5776 1399 5816 somno
1427 5771 1795 5833 comparatur,
1826 5765 1953 5834 quia
1982 5781 2138 5822 nemo

571 5852 677 5897 tam
708 5842 861 5901 facile
896 5848 1164 5911 excitatur
1191 5866 1223 5907 a
1252 5866 1479 5917 somno,
1508 5867 1669 5923 quam
1709 5852 1798 5907 ille
1840 5856 2137 5915 resurrexit

2165 4617 2215 4676 D

2251 626 2417 685 dicit:
2457 647 2473 676 ε
2523 627 2631 696 Ego
2660 625 2886 680 dormivi
2913 633 2968 679 et
3013 634 3299 695 soporatos
3326 640 3479 687 sum,
3532 634 3587 678 et
3648 640 3885 678 exsur-

2249 717 2360 770 rexi
2387 714 2558 787 (Psal.
2605 716 2707 787 ιιι).
2742 736 2760 768 ι

2323 827 2341 857 ‹
2374 807 2440 860 Εῑ
2467 816 2812 862 accesserunt
2835 807 2900 861 ad
2931 821 3053 861 eum
3082 806 3329 877 discipuli
3352 806 3501 876 ejus,
3527 818 3585 862 et
3605 808 3883 862 suscita-

2252 919 2269 951 ‹
2301 910 2650 965 veruuteum,
2664 900 2937 955 dicentes:
2962 900 3206 965 Domine,
3223 899 3369 954 salva
3384 914 3506 966 nos,
3528 902 3835 971 perimus.
3849 921 3869 953 ι

2246 993 2361 1049 Non
2388 1003 2449 1049 ut
2469 994 2671 1064 aliquid
2704 995 2757 1048 in
2789 994 3188 1049 resurrectione
3223 991 3554 1061 eumjuvare
3584 1001 3873 1063 possent,

2241 1084 2335 1153 qui
2365 1085 2664 1154 scpropria
2716 1084 2916 1140 virtute
2970 1086 3333 1149 resuscitavit,
3382 1086 3476 1140 sed
3521 1086 3691 1155 quasi
3754 1086 3869 1157 ipsi

2243 1182 2364 1230 cum
2418 1177 2848 1243 suscitaverunt,
2897 1177 2987 1247 qui
3034 1178 3101 1231 de
3142 1177 3260 1247 ejus
3302 1178 3720 1232 resurrectione
3795 1193 3870 1231 ex

2240 1276 2395 1337 parte
2422 1268 2825 1333 dubitaverunt,
2864 1277 3008 1323 recte
3039 1269 3241 1323 dicitur
3267 1286 3281 1321 :

2243 1372 2247 1377 τ
2321 1377 2339 1410 ι
2372 1359 2438 1413 Et
2464 1360 2601 1414 dixit
2630 1361 2712 1415 eis
2745 1378 2758 1413 :
2808 1358 3027 1415 Modica:
3059 1359 3205 1426 fidei,
3230 1374 3399 1431 quare
3427 1360 3739 1416 dubitastis
3768 1362 3795 1414 ζ)
3838 1381 3857 1413 ι

2244 1452 2463 1509 Modica:
2484 1452 2608 1509 fidei
2636 1462 2747 1519 est,
2782 1455 2872 1524 qui
2917 1470 2984 1509 ex
3014 1462 3170 1524 parte
3218 1455 3413 1520 credit,
3446 1464 3501 1508 et
3555 1469 3622 1508 ex
3676 1463 3860 1525 parte

2245 1561 2349 1599 non
2380 1546 2569 1600 credit.
2620 1545 2756 1599 Nam
2811 1546 2900 1616 qui
2933 1560 2995 1600 ex
3048 1554 3162 1600 toto
3192 1546 3420 1610 dubitat,
3451 1546 3698 1601 inﬁdelis
3743 1554 3858 1600 est.

2244 1636 2464 1691 Modica:
2500 1650 2630 1705 ergo
2676 1635 2798 1689 fidei
2851 1622 3103 1704 appellati
3132 1642 3260 1688 sunt
3304 1634 3555 1704 apostoli,
3599 1637 3742 1705 quia
3773 1623 3859 1690 in

2244 1727 2360 1797 ejus
2415 1726 2817 1780 resurrectione
2869 1740 2934 1780 ex
2992 1733 3149 1793 parte
3200 1726 3625 1791 dubitaverunt,
3697 1736 3856 1782 teste

2245 1818 2515 1883 Mattiaco,
2548 1819 2640 1888 qui
2669 1818 2743 1871 ait
2774 1835 2787 1870 :
2825 1834 2844 1867 ι
2878 1816 3135 1872 Undeeim
3183 1816 3428 1886 discipuli
3480 1817 3747 1872 abierunt
3792 1818 3851 1871 in

2171 1894 2219 1953 Β
2246 1909 2539 1972 Galilaeam,
2567 1910 2621 1964 in
2652 1917 2889 1964 montem
2921 1909 3011 1964 ubi
3036 1910 3395 1965 constituerat
3432 1909 3538 1963 illis
3557 1909 3747 1977 Iesus,
3790 1920 3851 1965 et

2240 2001 2483 2056 videntes
2513 2016 2639 2055 eum
2687 2000 3082 2064 adoraverunt,
3129 2000 3346 2069 quidam
3380 2011 3564 2055 autem
3616 2003 3847 2057 dubita-

2239 2102 2431 2147 verunt
2459 2092 2672 2164 (Matth.
2702 2094 2917 2159 xxvm).
2956 2112 2973 2143 ι
3002 2092 3155 2148 Unde
3185 2093 3380 2147 merito
3402 2094 3560 2164 juxta
3587 2093 3839 2151 Marcum

2238 2183 2622 2255 evangelistam
2663 2185 2957 2240 novissime
3008 2186 3319 2255 increpatur
3371 2186 3587 2242 illorum
3639 2189 3836 2245 inere-

2238 2276 2455 2341 dulitas,
2484 2276 2754 2331 etduritia
2774 2277 2979 2342 cordis,
3003 2278 3128 2348 quia
3156 2277 3264 2343 his,
3297 2279 3387 2348 qui
3426 2279 3673 2335 viderant
3702 2297 3833 2337 eum

2241 2368 2624 2435 resurrexisse.
2677 2384 2784 2425 non
2835 2371 3202 2425 crediderunt.
3254 2371 3334 2427 De
3366 2372 3470 2427 hac
3514 2375 3832 2431 modicitate

2238 2462 2361 2516 fidei
2385 2462 2752 2532 arguebantur
2777 2461 2876 2523 illi,
2903 2463 3049 2532 quia
3089 2461 3320 2519 Domino
3360 2464 3643 2520 audierant
3678 2485 3690 2521 :
3726 2486 3743 2517 ι
3774 2467 3823 2523 0

2238 2554 2384 2608 stulti
2407 2563 2461 2607 et
2481 2553 2621 2609 tardi
2662 2555 2828 2609 corde
2855 2556 2919 2608 ad
2943 2556 3269 2611 credendum
3318 2557 3373 2611 in
3414 2559 3665 2613 omnibus
3692 2575 3810 2629 quae

2236 2645 2400 2700 locuti
2428 2655 2556 2701 sunt
2580 2646 2855 2716 propheta:
2880 2645 3031 2718 (Luc.
3055 2647 3224 2718 xxxv).
3259 2667 3382 2700 i—i
3412 2649 3569 2705 Tunc
3600 2665 3809 2719 surgens

2242 2755 2260 2787 ε
2296 2737 2576 2806 imperavit
2614 2737 2789 2791 ventis
2826 2745 2881 2791 et
2904 2739 3074 2805 mari,
3098 2746 3155 2793 et
3187 2736 3331 2794 facta
3354 2750 3436 2795 est
3460 2741 3819 2812 tranquillitas

2243 2853 2260 2883 ι
2293 2846 2509 2901 magna.
2534 2850 2553 2881 ι
2582 2829 3475 2903 Surgensenim,Dominus,’ventis
3496 2836 3699 2890 etmari
3720 2836 3823 2890 im-

2236 2922 2464 2992 peravit,
2507 2922 2725 2991 quando
2768 2934 2921 2975 suam
2966 2923 3424 2979 resurrectionem
3467 2926 3827 2982 manifestans

2235 3011 2534 3082 discinctis,
2552 3020 2608 3066 et
2628 3026 2818 3066 eorum
2842 3013 3115 3067 mentibus
3132 3013 3523 3070 dubitationem
3543 3019 3829 3085 quiescere

2236 3098 2384 3163 fecit,
2406 3106 2463 3154 et
2490 3097 2774 3154 frementis
2792 3098 3101 3156 Iudzeorum
3132 3102 3314 3172 populi
3363 3105 3625 3160 saevitiam
3671 3116 3832 3163 coin-

2238 3192 2454 3262 pressit,
2506 3191 2723 3261 impleta
2762 3192 3042 3261 prophetia
3084 3207 3204 3262 quae
3232 3193 3361 3248 dicit
3392 3213 3404 3247 :
3441 3212 3460 3244 ι
3507 3195 3676 3252 Terra
3712 3207 3838 3252 tre-

2238 3283 2375 3337 naut
2400 3290 2455 3336 et
2482 3282 2704 3351 quievit,
2749 3297 2875 3337 cum
2916 3292 3227 3353 resurgeret
3268 3286 3322 3339 in
3348 3283 3544 3355 judicio
3570 3285 3741 3351 Deus,
3762 3299 3833 3344 ut

2236 3375 2414 3435 salvos
2435 3375 2641 3431 faceret
2656 3390 2852 3430 omnes
2872 3385 3183 3433 mansuetos
3207 3386 3366 3434 terra:
3386 3378 3559 3450 (Paul.
3581 3384 3772 3455 Lxxv).
3806 3406 3826 3437 ι

2262 3516 2263 3519 η
2313 3483 2329 3514 ι
2366 3463 2537 3518 Porro
2565 3465 2812 3519 homines
2838 3466 3017 3519 mirati
3040 3476 3188 3532 sunt,
3218 3469 3459 3524 dicentes
3485 3489 3497 3524 :
3528 3470 3716 3538 Qualis
3744 3484 3831 3530 est

2243 3570 2261 3603 ι
2297 3552 2417 3617 hic,
2459 3553 2586 3621 quia
2629 3554 2774 3608 venti
2806 3563 2862 3608 et
2898 3570 3049 3612 mare
3090 3559 3348 3614 obediunt
3374 3561 3460 3614 ei?
3491 3580 3510 3613 ι
3557 3562 3674 3618 Non
3723 3566 3829 3620 hoc

2236 3646 2463 3713 apostoli
2495 3646 2695 3701 dixisse
2736 3649 2962 3718 putandi
3006 3660 3152 3714 sunt,
3182 3654 3277 3707 sed
3320 3663 3495 3710 nautae
3545 3666 3601 3711 et
3640 3660 3825 3714 caeteri

2237 3739 2326 3808 qui
2358 3748 2515 3793 erant
2540 3740 2601 3793 in.
2636 3741 2782 3795 navi.
2820 3742 2928 3797 Sed
2960 3744 3003 3797 si
3025 3744 3148 3812 quis
3176 3748 3518 3804 contentiose
3546 3749 3650 3805 hoc
3687 3766 3826 3821 apo-

2240 3834 2407 3888 stoios
2447 3833 2646 3888 dixisse
2688 3834 2977 3901 defendat,
3032 3837 3243 3891 noverit
3279 3853 3375 3894 eos
3416 3840 3665 3896 homines
3704 3858 3828 3898 esse

2238 3924 2552 3995 appellatos,
2588 3926 2716 3995 quia
2758 3926 2936 3981 adhuc
2983 3927 3218 3983 humana
3262 3930 3571 4000 sapiebaut.
3609 3932 3745 3987 Nam
3779 3935 3824 3990 si

2239 4017 2358 4086 quis
2390 4016 2696 4075 divinitatis
2751 4025 3001 4073 naturam
3048 4020 3394 4087 consideret,
3440 4037 3545 4076 non
3585 4032 3669 4076 est
3720 4024 3827 4079 hoc

2240 4110 2455 4173 mirum,
2486 4109 2530 4164 si
2556 4109 2730 4165 ventis
2742 4121 2805 4164 et
2833 4112 2969 4165 mari
2994 4112 3169 4181 potuit
3188 4113 3477 4182 imperare,
3502 4116 3595 4184 qui
3625 4125 3826 4170 cuncta

2237 4215 2299 4258 ex
2336 4199 2506 4257 nihilo
2533 4200 2707 4269 potuit
2736 4215 2945 4256 creare.
2975 4202 3092 4271 Ipse
3119 4204 3265 4258 enim
3304 4216 3423 4261 erat
3468 4208 3521 4260 in
3553 4208 3701 4272 navi,
3729 4209 3826 4279 qui

2239 4292 2291 4349 in
2340 4293 2607 4364 principio
2651 4296 2940 4349 terminum
2986 4294 3269 4350 constituit
3325 4298 3531 4361 maris,
3578 4299 3823 4355 dicens:

2243 4403 2261 4434 ε
2300 4383 2585 4455 Hucusque
2624 4387 2825 4451 venies,
2855 4396 3038 4441 etnon
3070 4389 3335 4456 procedes
3364 4390 3614 4455 amplius,
3648 4400 3703 4445 et
3736 4392 3829 4447 hic

2238 4478 2544 4550 confringes
2585 4487 2853 4535 tumentes
2898 4479 3093 4535 fluctus
3139 4487 3259 4534 tuos
3304 4481 3448 4551 (Job.
3505 4484 3759 4553 xxxviii).
3801 4504 3821 4537 δ

2239 4569 2531 4626 Possumus
2560 4588 2771 4642 quoque
2813 4582 2868 4627 et
2908 4573 3048 4628 hanc
3074 4573 3283 4628 Domini
3326 4576 3721 4646 navigationem
3756 4580 3826 4633 ad

2241 4662 2545 4732 generalem
2578 4663 2832 4718 Ecclesia:
2853 4662 3057 4718 referre
3081 4665 3530 4733 persecutionem,
3567 4669 3825 4736 quoniam

2243 4753 2396 4808 navis
2422 4752 2711 4822 aliquando
2734 4754 2972 4809 Ecclesia
2999 4755 3332 4824 designatur,
3363 4758 3503 4811 sicut
3548 4773 3645 4828 per
3691 4774 3825 4827 pro-

2242 4845 2461 4913 phetam
2488 4844 2684 4898 dicitur
2711 4863 2724 4898 :
2770 4864 2788 4897 ι
2824 4844 2927 4911 Qui
2954 4846 3284 4902 descendunt
3313 4863 3462 4903 mare
3488 4850 3539 4902 in
3572 4851 3824 4917 navibus,

2244 4934 2503 4990 facientes
2529 4936 2896 5004 operationem
2929 4937 2983 4991 in
3009 4939 3163 5006 aquis
3194 4940 3395 4995 multis.
3433 4940 3536 5010 Ipsi
3569 4938 3828 4997 viderunt

2243 5042 2405 5096 opera
2434 5027 2668 5092 Domini,
2692 5036 2751 5082 ct
2785 5028 3053 5084 mirabilia
3104 5029 3221 5097 ejus
3254 5030 3306 5084 in
3348 5031 3615 5101 profundo
3643 5031 3824 5101 (Psal.

2244 5122 2371 5188 ενι).
2413 5138 2431 5171 ι
2464 5118 2563 5186 Qui
2594 5135 2722 5191 ergo
2761 5121 2983 5192 pelagus
3027 5122 3208 5177 mundi
3251 5124 3482 5179 transire
3522 5125 3823 5192 desiderat,

2246 5209 2402 5279 hujus
2420 5211 2573 5265 navis
2596 5211 2860 5281 gremium
2886 5228 3105 5268 necesse
3128 5215 3409 5276 ascendat,
3432 5216 3485 5269 id
3510 5225 3613 5280 est,
3640 5216 3828 5272 Ecclc‘

2245 5302 2337 5357 site
2362 5302 2619 5356 membris
2639 5318 2697 5359 se
2721 5301 2823 5357 fide
2848 5311 2903 5358 et
2936 5316 3099 5373 opere
3120 5306 3311 5360 societ.
3336 5306 3501 5373 Quasi
3538 5309 3683 5362 enim
3717 5309 3825 5363 llo-

2244 5399 2421 5454 minus
2441 5412 2631 5453 navem
2679 5399 2945 5464 ascendit,
2977 5401 3193 5469 quando
3220 5402 3640 5470 prmdicantihus
3661 5405 3827 5458 disci-

2248 5491 2388 5561 pulis
2414 5491 2479 5543 ad
2520 5489 2818 5547 Ecclesiam
2849 5491 3013 5545 venit.
3056 5512 3075 5542 ι
3116 5491 3225 5547 Sed
3258 5505 3434 5549 motus
3466 5510 3700 5565 magnus
3738 5495 3824 5549 fa-

2249 5590 2366 5635 ctus
2392 5590 2476 5636 est
2499 5581 2551 5634 in
2574 5582 2731 5635 mari.
2763 5601 2781 5634 ι
2812 5581 2946 5649 Quia
2970 5586 3273 5654 persecutio
3295 5600 3649 5657 paganorum,
3674 5588 3828 5641 insti-

2248 5681 2405 5741 gante
2424 5671 2657 5736 diabolo,
2687 5682 2877 5729 contra
2906 5674 3198 5730 Ecclesiam
3227 5677 3584 5741 consurrexit,
3616 5678 3667 5730 in
3699 5687 3826 5731 tau-

2251 5773 2359 5816 tuni
2396 5782 2414 5813 ι
2448 5773 2504 5817 ιιι
2536 5764 2780 5821 navicula
2799 5768 3105 5837 operiretur
3126 5768 3395 5824 fluctibus.
3428 5791 3447 5823 ι
3472 5770 3748 5833 Videlicet,
3763 5782 3827 5826 ut

2249 5864 2526 5933 crescente
2554 5861 2948 5934 persecutione,
2980 5860 3220 5917 Ecclesia
3251 5863 3307 5917 iu
3344 5865 3533 5933 paucis
3568 5863 3823 5918 fidelibus
