4038 6352
218 380 323 436 N9

1432 332 1733 437 HOMILIE
1779 381 1866 437 DE
1908 381 2252 439 TEMPORE.

3374 389 3472 442 150

216 498 303 552 vix
332 496 497 553 iatere
517 504 731 568 posset:
759 511 858 553 nec
879 498 1103 556 auderet
1128 496 1339 569 publice
1370 512 1566 554 nomen
1593 495 1791 551 Christi
1820 499 1867 559 Α
1898 496 2129 567 praprize
2180 496 2363 553 carnis
2410 498 2663 565 stimulos,
2705 514 2801 559 sua
2862 498 3058 557 virtute
3108 514 3365 571 superare
3418 516 3474 556 se

214 590 487 655 conﬁteri,
528 590 633 647 nisi
662 591 753 662 qui
800 598 1020 661 paratus
1061 599 1207 647 esset
1253 589 1395 647 illico
1438 603 1538 661 pro
1578 587 1792 644 Christo

215 682 355 737 mori
399 700 413 735 :
463 680 607 752 quod
655 678 855 736 factum
890 680 1130 737 historiae
1172 679 1417 739 referunt
1463 678 1795 750 temporibus

214 771 534 828 Diocletiani
567 779 622 826 et
654 770 989 838 Maximiani,
1019 779 1071 827 et
1098 771 1329 827 aliorum
1368 772 1462 842 qui
1496 770 1793 827 Ecclesiam

214 879 323 919 non
350 864 697 921 mediocriter
724 862 995 936 persecuti
1024 874 1171 919 sunt.
1210 883 1228 915 ι
1262 864 1381 936 Ipse
1407 877 1537 921 vero
1564 862 1795 919 dormie-

214 954 334 1019 bat,
372 974 391 1006 ι
422 953 549 1023 quia
572 952 788 1009 virtutis
821 969 931 1010 sua:
967 954 1261 1025 potentiam
1303 968 1410 1011 non
1454 951 1790 1009 ostendebat.

214 1044 383 1114 Quasi
410 1045 556 1100 enim
587 1044 890 1101 dormiebat
919 1046 974 1101 in
998 1047 1141 1111 navi,
1186 1045 1400 1119 quando
1445 1052 1633 1103 contra
1677 1044 1795 1116 pios

212 1136 475 1209 reprobus
490 1136 785 1207 praevalere
804 1137 1168 1208 permittebat,
1192 1144 1252 1192 ut
1269 1136 1427 1192 electi
1448 1135 1513 1191 de
1533 1135 1793 1206 patientia

211 1226 500 1284 sublimius
544 1220 955 1291 coronarentur,
1003 1237 1059 1285 et
1107 1227 1320 1299 reprobi
1363 1227 1429 1283 de
1477 1225 1794 1282 crudelitate

210 1318 394 1372 acrius
423 1316 828 1373 damnarentur.
873 1336 891 1367 ι
922 1316 990 1373 Et
1017 1324 1385 1381 accesserunt,
1406 1324 1474 1371 'et
1501 1314 1795 1370 suscitave-

209 1418 340 1465 runt
370 1425 515 1475 eum,
539 1409 783 1467 dicentes
808 1424 824 1465 :
850 1411 1108 1475 Domine,
1144 1410 1291 1466 salva
1324 1424 1441 1474 nos,
1477 1408 1732 1480 perimus.
1770 1426 1788 1460 ι

210 1505 440 1573 Quando
470 1505 655 1562 fideles
692 1513 745 1563 et
786 1505 1140 1562 ecclesiastici
1174 1505 1296 1571 viri,
1341 1504 1701 1575 intelligentes
1736 1518 1794 1559 se

211 1596 359 1653 anm
392 1597 785 1670 persecutionis
812 1596 1099 1666 procellam
1131 1612 1227 1653 sua
1274 1597 1472 1651 virtute
1514 1611 1614 1651 nec
1661 1594 1794 1649 tole-

209 1703 334 1745 rare
369 1704 470 1745 nec
514 1703 773 1761 superare
815 1704 1006 1761 posse,
1054 1687 1182 1745 totis
1227 1688 1513 1747 desideriis
1557 1688 1624 1743 ad
1667 1703 1791 1744 eum

209 1777 589 1850 confugerunt,
627 1779 716 1853 qui
744 1779 820 1834 ait
849 1779 902 1833 in
930 1778 1260 1851 Evangelio:
1297 1799 1313 1830 ι
1367 1777 1495 1833 Siue
1532 1794 1619 1833 me
1660 1777 1792 1832 nihil

1894 604 2075 659 posse,
2103 589 2314 645 accedit
2343 598 2398 645 et
2418 592 2645 651 suscitat
2674 592 2983 659 Dominum,
3011 608 3132 649 cum
3161 607 3257 662 per
3278 592 3476 648 mentis
3548 662 3551 665 ι

1896 681 2234 741 devotionem
2277 680 2353 736 illi
2402 684 2873 755 appropinquans,
2923 694 2979 741 et
3008 700 3164 745 suam
3216 684 3476 755 fragilita-

1900 779 2006 831 tem
2076 771 2355 829 humiliter
2411 773 2790 845 recognoscit,
2863 783 2917 831 et
2990 775 3228 833 divinam
3288 780 3477 845 poten-

1896 863 2025 927 tiam
2093 863 2440 921 devotissime
2506 865 2850 939 deprecatur.
2927 866 2984 923 Si
3045 877 3226 924 autem
3289 884 3478 926 seuse-

1897 954 1967 1017 rit
2004 969 2103 1009 sua
2141 954 2407 1033 desideria
2448 971 2480 1010 a
2526 956 2753 1015 Domino
2789 956 3023 1025 dill‘erri,
3064 961 3248 1019 tandiu
3299 958 3479 1031 jungit

1895 1060 2083 1114 preces
2122 1045 2404 1119 precibus,
2441 1048 2793 1123 quoadusque
2828 1049 3061 1105 assiduis
3091 1052 3381 1127 gemitibus
3422 1051 3476 1106 in

1897 1137 1979 1192 sui
2001 1136 2327 1211 adjutorium
2356 1138 2595 1203 divinum
2619 1141 2817 1203 excitet
2847 1141 3128 1199 auxilium.
3158 1144 3313 1201 Unde
3339 1147 3478 1202 bene

1896 1228 2236 1300 subjungitur
2276 1246 2291 1285 :
2341 1250 2360 1282 ι
2399 1232 2550 1295 Tunc
2599 1247 2825 1304 surgens
2875 1234 3159 1307 imperavit
3205 1220 3383 1307 ventis
3419 1246 3478 1293 et

1896 1322 2056 1377 mari.
2090 1341 2109 1375 ›
2143 1321 2383 1395 Surgens
2437 1322 2716 1398 Dominus,
2746 1327 2930 1403 ventis.
2951 1338 3007 1382 et
3049 1326 3185 1383 mari
3228 1329 3478 1399 imperat,

1896 1413 2112 1484 quando
2150 1413 2409 1471 tumultus
2436 1415 2721 1487 ,malarum
2769 1418 3156 1495 cogitationum
3200 1418 3256 1472 in
3302 1403 3517 1475 anima.

1899 1503 2043 1558 fideli
2100 1504 2486 1577 conquiescere
2534 1505 2684 1562 facit.
2735 1506 2825 1565 Fit
2879 1515 3059 1565 autem
3123 1509 3483 1580 tranquillitas

1896 1615 2114 1672 magna,
2144 1600 2295 1670 quia,
2326 1601 2567 1673 expulsis
2592 1603 2855 1673 malarum
2882 1604 3264 1679 cogitationum
3287 1604 3486 1659 radici-

1895 1692 2019 1758 bus,
2041 1693 2271 1749 virtutes
2295 1694 2512 1760 animae,
2543 1710 2678 1766 quas
2704 1696 2854 1767 prius
2902 1712 3023 1753 cum
3065 1695 3353 1755 formidine
3381 1697 3481 1751 ob-

1899 1782 2172 1849 servabat,
2198 1781 2345 1838 velut
2370 1785 2693 1841 naturaliter
2716 1802 2782 1849 ex
2818 1787 2956 1847 bona
2988 1787 3374 1847 consuetudine
3403 1786 3487 1841 in-

211 1872 438 1941 potestis
470 1870 653 1935 facere
685 1870 868 1943 (Joan.
911 1871 1027 1943 xv),
1064 1892 1081 1923 ι
1118 1871 1367 1927 dicentes
1391 1869 1464 1924 illi
1497 1885 1623 1925 cum
1654 1869 1790 1924 Pro-
1824 1860 1871 1920 Β
1896 1873 2027 1944 cipit
2063 1875 2356 1941 custodire,
2387 1876 2631 1947 gaudens
2657 1894 2779 1935 cum
2801 1882 3091 1952 propheta,
3122 1889 3175 1936 et
3215 1889 3442 1936 cantans
3468 1897 3481 1934 :

208 1964 371 2034 pheta
406 1963 580 2036 (Ρωι.
607 1965 761 2038 xuu)
790 1983 806 2021 :
835 1984 853 2019 ι
882 1966 1143 2038 Exsurge,
1163 1980 1332 2039 quare
1359 1965 1658 2032 obdormis,
1684 1965 1791 2021 Do-

207 2059 394 2113 mine?
418 2073 679 2132 exsurge,
710 2065 766 2114 et
795 2073 863 2114 ne
889 2058 1118 2128 repellas
1149 2074 1201 2115 In
1238 2057 1422 2121 finem.
1457 2078 1474 2110 ι
1523 2058 1591 2114 Et
1622 2056 1747 2112 illud
1775 2072 1789 2108 :

213 2171 231 2204 ι
264 2152 535 2224 Exsurge,
564 2151 807 2215 Domine,
853 2152 1046 2223 adjuva
1083 2166 1181 2207 nos
1221 2160 1276 2209 et
1324 2152 1491 2208 libera
1549 2168 1647 2208 nos
1675 2169 1793 2225 pro-

204 2253 331 2315 pter
344 2259 541 2303 nomen
558 2252 730 2301 tuum.
758 2263 877 2296 ι-ι
906 2243 1056 2299 Tunc
1078 2258 1303 2313 surgens
1321 2244 1603 2314 imperavit
1621 2245 1793 2301 ventis

205 2345 262 2390 et
288 2338 447 2391 mari.
489 2355 507 2387 ›
547 2335 786 2406 Surgens
824 2334 967 2393 enim
1017 2333 1307 2400 Dominus,
1350 2335 1528 2389 ventis
1562 2342 1617 2388 et
1657 2333 1793 2388 mari

202 2426 523 2497 imperavit,
565 2424 778 2494 quando
805 2424 1207 2497 persecutiones
1237 2438 1568 2495 paganorum
1611 2441 1638 2477 a
1682 2425 1796 2479 dia-

202 2516 335 2572 bolo
365 2517 637 2573 excitatas
682 2515 961 2586 quiescere
1004 2514 1166 2579 fecit,
1198 2515 1482 2571 nonnullos
1510 2531 1698 2569 eorum
1731 2518 1795 2572 ad

207 2624 362 2667 suam
390 2607 556 2667 tidem
578 2616 920 2675 convertens,
946 2606 1154 2678 aliquos
1176 2607 1230 2665 in
1275 2606 1650 2663 incredulitate
1675 2624 1796 2679 per-

208 2706 526 2757 severantes
559 2696 911 2771 corporaliter
937 2698 1183 2770 puniens.
1224 2718 1241 2749 ‹
1280 2698 1345 2753 Ει
1376 2697 1516 2753 facta
1538 2708 1621 2753 est
1651 2708 1796 2753 tran-

212 2792 451 2863 quillitas
489 2810 507 2844 ι
547 2788 826 2854 Ecclesiae,
860 2789 913 2844 in
943 2796 1149 2845 tantum
1190 2800 1250 2844 ut
1289 2790 1389 2860 ipsi
1416 2790 1788 2860 imperatores,

209 2900 369 2956 reges
392 2892 449 2941 et
469 2883 745 2954 principes
766 2882 897 2955 jugo
934 2882 1256 2939 Christianae
1303 2881 1426 2943 ﬁdei
1471 2883 1609 2943 colla
1660 2885 1789 2939 sub-

211 2977 510 3040 mitterent,
557 2983 613 3030 et
647 2973 793 3045 ipsos
834 2974 1173 3044 postmodum
1204 2973 1530 3031 honorarent
1572 2974 1626 3030 in
1653 2991 1788 3046 quo-

211 3082 336 3121 rum
361 3065 791 3137 persecutionem
831 3064 982 3135 prius
1009 3075 1350 3132 exarserant,
1379 3075 1436 3121 et
1462 3066 1513 3120 in
1557 3074 1788 3133 tantum,

206 3165 269 3212 ut
312 3156 559 3213 homines
581 3158 931 3221 mirarentur,
963 3155 1202 3210 dicentes
1235 3173 1248 3209 :
1283 3175 1304 3208 ι
1334 3154 1519 3225 Qualis
1558 3168 1642 3213 est
1679 3157 1791 3225 hic,

1905 1984 1921 2015 ι
1938 2034 1941 2039 Α
1960 1964 2239 2023 Declinate
2261 1981 2292 2044 a
2310 1981 2416 2032 me,
2444 1968 2687 2040 maligni,
2712 1977 2767 2026 et
2790 1972 3075 2027 scrutabor
3096 1971 3346 2029 mandata
3389 1970 3484 2027 Dei

1896 2054 2003 2115 mei
2034 2053 2210 2126 (Ptol.
2243 2057 2455 2135 cxvrtt).
2488 2077 2503 2107 ι
2529 2078 2627 2110 -ι
2655 2059 2992 2119 Ascendente
3019 2061 3143 2118 .Iesu
3177 2062 3229 2116 in
3269 2061 3487 2116 navicu-

1896 2145 2024 2203 lam.
2056 2167 2075 2200 ι
2116 2146 2268 2203 Solet
2287 2149 2429 2229 enim
2454 2149 2507 2204 in
2537 2148 3032 2227 Scripturis'sacris
3060 2170 3162 2221 una
3187 2153 3487 2221 eademque

1898 2254 1987 2293 res
2040 2238 2309 2308 duplicem
2352 2241 2437 2295 vel
2487 2230 2750 2313 triplicem
2804 2245 3002 2300 habere
3047 2245 3483 2318 significantium,

1897 2339 2084 2402 utpote
2129 2333 2307 2399 navis,
2360 2351 2479 2405 quae
2526 2337 2816 2406 aliquando
2857 2341 3110 2398 vexillum
3154 2342 3364 2407 crucis,
3384 2341 3485 2396 ali-

1900 2424 2115 2491 quando
2141 2430 2351 2479 uterum
2382 2426 2713 2493 intemerata:
2756 2413 3007 2501 lvirginis,
3049 2431 3336 2500 aliquando
3361 2446 3485 2486 san-

1901 2521 2042 2567 etam
2073 2514 2370 2571 Ecclesiam
2393 2517 2678 2588 signiﬁcat.
2706 2517 2958 2575 Sanctam
2989 2521 3312 2587 Eeclesiam,
3331 2528 3392 2575 ut
3407 2528 3492 2575 est

1901 2606 2029 2663 illud
2053 2626 2065 2660 :
2098 2626 2116 2660 t
2146 2609 2486 2687 Ascendeute
2510 2609 2636 2667 Iesu
2659 2611 2711 2667 in
2736 2612 3039 2669 naviculam
3068 2612 3278 2684 (Matth.
3297 2611 3436 2683 vm).
3463 2632 3482 2663 ι

1898 2702 1982 2765 Ει,
2021 2721 2039 2752 ε
2076 2700 2287 2773 Sedens
2317 2696 2542 2779 docebat
2572 2707 2637 2760 de
2660 2705 2904 2761 navicula
2936 2706 3123 2761 turbas
3172 2705 3323 2773 (Luc.
3355 2706 3432 2777 v).
3464 2723 3482 2755 ι

1906 2794 2125 2873 [Iterum
2173 2796 2507 2855 intemerata:
2560 2798 2807 2875 virginis,
2860 2800 3001 2879 sicut
3052 2798 3177 2855 alibi
3229 2799 3422 2873 legitur
3465 2816 3479 2854 :

1906 2906 1923 2937 ι
1958 2888 2276 2947 Ascendens
2305 2887 2462 2949 Jesus
2493 2890 2544 2945 in
2593 2906 2808 2957 navem,
2846 2891 3216 2948 transfretavit
3258 2891 3488 2946 etvenit

1900 2980 1951 3036 iu
1984 2980 2262 3061 civitatem
2310 2997 2462 3037 suam
2518 2981 2733 3054 (Matth.
2768 2971 2922 3053 rx).ir
2974 2984 3241 3040 Vexillum
3288 2992 3489 3039 sanctae

1898 3076 2097 3147 crucis,
2135 3076 2277 3132 sicut
2307 3077 2361 3133 in
2392 3077 2495 3133 hoc
2538 3077 2687 3143 loco:
2732 3098 2749 3129 ι
2782 3078 3120 3139 Ascendente
3147 3075 3271 3133 Jesu
3304 3077 3357 3131 in
3388 3093 3487 3133 na-

1901 3170 2132 3226 viculam
2157 3168 2371 3241 (Matth.
2396 3171 2536 3243 vttr).
2569 3189 2587 3223 ι
2628 3173 2684 3227 In
2709 3187 3035 3243 unoquoque
3060 3172 3360 3245 eodemque
3382 3169 3487 3225 mi-

205 3249 341 3322 quia
362 3250 506 3306 venti
533 3258 589 3305 et
606 3264 757 3305 mare
779 3247 1041 3305 obediunt
1059 3248 1145 3303 ei?
1176 3268 1195 3299 ι
1228 3246 1334 3303 Sed
1356 3248 1497 3319 quod
1534 3250 1796 3321 generali-

1903 3264 2091 3319 raculo
2116 3272 2346 3332 utraque
2374 3264 2585 3320 Domini
2611 3275 2824 3330 natura,
2866 3266 3047 3322 divina
3072 3250 3278 3322 scilicet
3299 3272 3353 3337 et
3380 3265 3482 3319 lut-

213 3352 305 3397 ter
344 3341 412 3399 ad
451 3342 805 3401 universalem
852 3340 1151 3399 Ecclesiam
1204 3342 1436 3403 diximus
1478 3343 1751 3415 pertinere
1777 3383 1792 3408 ,

218 3440 401 3504 potest
446 3433 723 3493 moraliter
771 3437 837 3491 ad
886 3450 1325 3507 unamquamque
1373 3435 1609 3491 animam
1662 3435 1792 3506 justi

213 3528 321 3583 viri
364 3527 574 3585 referri.
617 3528 718 3597 Qui
760 3531 902 3587 enim
950 3529 1339 3587 abrenuntians
1370 3529 1702 3600 impietatem
1741 3538 1797 3586 et

210 3617 495 3675 saecularia
525 3618 824 3687 desideria,
854 3621 1098 3677 membra
1128 3636 1222 3675 sua
1260 3620 1528 3693 cruciﬁgit
1557 3637 1678 3676 cum
1714 3620 1793 3675 vi-

213 3708 308 3766 tiis
331 3717 388 3765 et
420 3710 873 3781 concupiscentiis
906 3709 1050 3781 (Cat.
1088 3711 1179 3784 v),
1215 3711 1371 3785 quasi
1406 3728 1527 3767 cum
1568 3712 1797 3767 Domino

213 3821 404 3863 navem
433 3806 753 3871 ascendens.
779 3821 930 3863 mare
959 3808 1120 3879 hujus
1164 3808 1343 3865 saeculi
1388 3809 1620 3867 transire
1650 3810 1794 3865 desi-

216 3897 386 3954 derat.
420 3896 526 3957 Sed
556 3898 740 3957 statim
764 3906 942 3959 motus
970 3914 1201 3973 magnus
1229 3902 1509 3973 consurgit
1540 3902 1593 3957 in
1636 3901 1793 3967 uetari,

214 3992 335 4061 quia
384 3991 623 4061 procella
672 3991 987 4053 temtationis
1028 4006 1096 4049 ex
1153 3991 1354 4047 invidia
1406 3992 1605 4048 diaboli
1652 4002 1794 4059 orta,

215 4094 453 4141 mentem
500 4084 605 4145 viri
656 4083 789 4154 justi
836 4101 872 4145 a
920 4085 1064 4151 bono
1116 4085 1395 4157 proposito
1457 4099 1796 4143 commovere

214 4187 385 4248 optat,
412 4179 705 4250 aliquando
728 4194 1016 4251 pravorum
1047 4179 1512 4249 persecutionibus
1537 4178 1793 4244 exterius,

214 4271 505 4344 aliquando
547 4272 780 4344 impulsu
805 4272 1074 4331 malarum
1121 4272 1509 4344 cogitationum
1551 4272 1796 4338 interius,

210 4383 603 4438 nonnunquam
641 4367 806 4424 etiam
845 4383 913 4426 ex
962 4366 1184 4437 propria
1242 4365 1538 4437 fragilitate
1583 4366 1797 4431 carnis,

213 4458 451 4514 stimulis
474 4458 611 4514 ortis
633 4458 1011 4517 tentatioaum.
1042 4457 1329 4528 Discipulis
1367 4473 1497 4530 ergo
1538 4473 1661 4517 cum
1704 4456 1804 4514 Do-

213 4548 367 4603 mino
395 4564 588 4606 navem
614 4548 1048 4615 ascendentibus,
1088 4547 1152 4607 fit
1177 4548 1469 4605 coinmotio
1511 4564 1705 4618 magna
1745 4550 1797 4604 in

1903 3370 2085 3421 mana,
2119 3356 2273 3413 nobis
2301 3358 2731 3413 commendatur.
2782 3357 2948 3427 Quasi
2997 3359 3140 3414 enim
3186 3358 3349 3412 homo
3384 3374 3485 3413 na-

1901 3463 2022 3501 vem
2068 3447 2352 3511 ascendit,
2408 3447 2499 3502 sed
2550 3449 2702 3517 quasi
2750 3450 2894 3521 Deus
2923 3465 3072 3504 mare
3102 3450 3485 3505 conturbavit:

1901 3538 2053 3609 quasi
2075 3540 2240 3597 horro
2268 3536 2328 3595 in
2352 3554 2489 3595 nave
2517 3540 2771 3601 dormivit
2797 3581 2812 3606 ,
2838 3542 2931 3597 sed
2962 3542 3115 3612 quasi
3144 3541 3285 3596 Deus
3315 3541 3491 3597 ventis

1900 3640 1956 3686 et
1980 3631 2113 3697 mari
2142 3631 2451 3701 imperavit,
2473 3640 2528 3689 et
2557 3631 2838 3701 quiescere
2861 3630 3007 3689 fecit.
3035 3632 3105 3689 Ut
3146 3631 3275 3703 quid
3309 3638 3487 3687 autem

1901 3737 2051 3781 mare
2108 3723 2632 3793 transnavigaturus,
2689 3739 2878 3779 navem
2934 3724 3225 3787 ascendere
3280 3722 3491 3781 voluit?

1903 3810 2150 3882 Nunquid
2207 3828 2314 3881 non
2369 3829 2531 3884 supra
2592 3829 2740 3871 mare
2793 3816 3029 3873 transire
3079 3823 3333 3886 poterat,
3395 3814 3489 3887 qui

1901 3904 2062 3963 Petro
2100 3905 2355 3974 prestitit
2396 3921 2559 3975 super
2608 3907 2782 3968 undas
2815 3908 2983 3971 maris
3028 3896 3348 3975 ambulare?
3382 3908 3488 3961 Aut

1902 4012 2008 4061 non
2032 4004 2248 4073 poterat
2297 3996 2410 4055 suis
2436 4011 2619 4052 coram
2660 3999 2900 4076 vestigiis
2936 4014 3088 4053 mare
3119 3998 3348 4065 siccare,
3394 3998 3487 4070 qui

1903 4102 2085 4149 coram
2113 4088 2238 4143 ﬁliis
2265 4087 2454 4154 Israel,
2485 4089 2685 4149 dudum
2716 4105 2783 4151 ex
2812 4088 3047 4163 Egypto
3067 4089 3487 4159 egredientibus,

1903 4193 2053 4237 mare
2077 4178 2323 4253 Rubrum
2350 4180 2671 4245 siccaverat,
2693 4189 2747 4235 et
2775 4181 2921 4236 sicco
2947 4182 3174 4253 vestigio
3197 4196 3292 4237 eos
3315 4191 3491 4237 trans-

1904 4270 1984 4345 ire
2023 4268 2268 4325 fecerat?
2313 4270 2533 4325 Poterat
2583 4272 2786 4343 utique,
2841 4275 2931 4327 sed
2973 4272 3093 4328 ideo
3131 4273 3490 4328 ministerium

1903 4362 2058 4425 navis
2082 4362 2394 4433 assumpsit,
2433 4364 2688 4417 nimirum
2709 4372 2769 4418 ut
2795 4360 2977 4418 omnia
3008 4380 3128 4434 qua:
3159 4372 3283 4419 sunt
3312 4364 3490 4420 homi-

1905 4455 1990 4513 nis
2020 4452 2245 4530 faciens,
2306 4468 2365 4509 se
2419 4470 2604 4509 verum
2666 4456 2937 4512 hominem
2989 4472 3109 4513 esse
3160 4457 3488 4511 ostenderet.

1906 4546 2195 4621 Postquam
2213 4546 2358 4603 enim
2384 4546 2706 4602 mirabiliter
2732 4547 2991 4602 miracula
3023 4547 3075 4599 in
3105 4546 3265 4599 terris
3290 4546 3492 4601 nostris

212 4639 357 4694 mari
384 4657 400 4693 :
432 4640 559 4710 quia
585 4649 791 4711 quanto
828 4641 1000 4710 magis
1026 4642 1258 4711 quisque
1280 4640 1332 4695 in
1364 4639 1531 4703 Deum
1561 4642 1795 4714 proiicit,
1828 4624 1879 4680 θ
1904 4638 2050 4706 fecit,
2081 4639 2147 4693 ad
2173 4654 2323 4693 mare
2353 4640 2587 4701 transiit,
2623 4649 2678 4693 ut
2716 4639 2908 4709 ingens
2949 4638 3021 4690 ibi
3054 4636 3372 4690 miraculum
3407 4636 3489 4690 fa-

215 4738 373 4786 tanto
391 4732 565 4802 magis
594 4731 801 4788 invenit
832 4733 884 4786 in
920 4731 1139 4797 sarculo,
1185 4731 1329 4801 quod
1371 4730 1559 4787 durius
1593 4741 1794 4803 portet,

210 4823 464 4892 exemplo
491 4822 853 4881 Israelitarum
874 4863 889 4889 ,
918 4823 1009 4892 qui
1042 4831 1169 4877 tunc
1204 4837 1233 4876 a
1276 4821 1560 4878 Pharaone
1602 4823 1798 4895 duplici

211 4914 400 4975 vexati
428 4922 556 4970 sunt
583 4912 890 4979 aﬂlictione,
915 4929 1037 4969 cum
1062 4928 1157 4968 eos
1190 4930 1219 4967 a
1250 4912 1431 4986 Moyse
1471 4914 1704 4969 monitos
1730 4913 1797 4967 ad

213 5009 463 5064 divinum
503 5008 732 5079 contigit
773 5007 1033 5071 auxilium
1076 5005 1415 5076 confugisse,
1461 5007 1675 5076 quando
1704 5022 1802 5077 per

214 5100 439 5172 Moysen
484 5108 541 5156 et
592 5101 771 5156 Aaron
820 5099 889 5154 ad
940 5106 1141 5155 terram
1193 5098 1629 5168 repromissionis
1682 5104 1810 5153 sunt

215 5193 419 5249 vocati.
454 5192 608 5260 Quod
636 5192 898 5251 Dominus
920 5192 1085 5247 etiam
1123 5207 1224 5253 suo
1264 5190 1512 5262 exetnplo
1550 5190 1807 5253 ostendit,

214 5288 438 5359 quando
483 5296 604 5359 post
638 5285 901 5359 jejunium
945 5287 1143 5345 diaboli
1189 5287 1516 5345 tentationes
1566 5286 1805 5357 pertulit.

214 5380 378 5451 Saepe
414 5380 559 5435 enim
601 5388 725 5452 post
758 5380 1169 5439 conversionem
1210 5395 1308 5437 nos
1342 5377 1592 5437 diabolus
1629 5376 1809 5432 acrius

215 5481 415 5538 tentet,
444 5488 583 5542 quos
612 5488 643 5527 a
666 5488 761 5529 sua
795 5471 1057 5528 servitute
1098 5471 1350 5528 recedere
1386 5470 1549 5527 dolet.
1585 5468 1691 5525 Sed
1719 5468 1807 5524 ille

212 5565 315 5638 qui
349 5581 454 5620 non
485 5565 706 5631 dormit,
738 5580 912 5635 neque
950 5563 1246 5627 dormitat,
1283 5562 1593 5623 custodiens
1622 5559 1807 5628 Israel,

210 5657 378 5729 quasi
398 5655 602 5712 dormit
626 5656 681 5711 in
726 5655 869 5721 navi,
901 5672 1023 5710 cum
1070 5665 1306 5710 mentem
1360 5654 1457 5707 viri
1491 5652 1621 5721 justi
1673 5652 1814 5708 inter

212 5748 494 5822 procellas
516 5751 874 5805 tentationum
891 5748 1078 5805 durius
1090 5747 1359 5818 permittit
1379 5745 1593 5818 fatigari
1629 5764 1640 5799 :
1666 5762 1814 5801 cum-

1908 4741 2070 4793 ceret,
2117 4740 2172 4784 et
2196 4730 2389 4784 Filium
2418 4729 2514 4783 Dei
2544 4745 2603 4784 se
2633 4744 2753 4786 esse
2781 4729 3195 4789 demonstraret,
3240 4726 3332 4797 qui
3365 4725 3494 4783 facit

1907 4826 2146 4897 prodigia
2194 4842 2406 4897 magna,
2436 4834 2490 4879 et
2540 4838 2689 4878 mare
2717 4832 2770 4876 et
2806 4818 3025 4876 ﬂumina
3077 4822 3343 4893 producit.
3389 4820 3491 4890 Qui

1908 4918 2089 4971 educit
2123 4924 2311 4970 ventos
2340 4918 2405 4971 de
2445 4915 2714 4970 thesauris
2763 4914 2893 4968 suis.
2948 4912 3063 4984 Ipse
3111 4924 3193 4969 est
3227 4916 3370 4969 enim
3402 4915 3494 4984 qui

1912 5008 2039 5064 fecit
2064 5021 2213 5060 mare
2235 5015 2290 5060 et
2313 5006 2542 5071 aridam,
2582 5005 2674 5073 qui
2718 5004 2973 5074 imposuit
3017 5006 3305 5059 terminum
3335 5004 3497 5071 mari,
3530 4988 3537 4995 ’

1914 5100 2136 5154 dicens:
2184 5117 2205 5149 ι
2239 5096 2528 5167 Hucusque
2583 5097 2788 5160 venies,
2838 5105 2891 5151 et
2941 5113 3045 5152 non
3094 5096 3354 5166 procedes
3379 5112 3497 5150 am-

1912 5190 2073 5261 plius,
2105 5197 2158 5244 et
2207 5189 2296 5244 hic
2346 5188 2655 5256 confringes
2687 5195 2957 5243 tumentes
2986 5186 3181 5242 ﬂuctus
3207 5196 3328 5242 tuos
3356 5186 3498 5257 (Job.

1911 5281 2163 5350 xxxvttt).
2193 5301 2211 5331 ι
2233 5279 2433 5352 Typice
2459 5287 2638 5333 autem
2662 5294 2758 5350 per
2774 5272 3265 5345 hanc'naviculam,
3287 5286 3345 5333 ut
3362 5278 3501 5332 dixi-

1912 5389 2050 5451 mus,
2092 5372 2341 5428 vexillum
2372 5373 2549 5428 crucis
2600 5372 2880 5443 accipitur.
2932 5371 3093 5427 Navis
3144 5373 3339 5443 quippe
3368 5386 3500 5426 con-

1911 5483 2100 5541 cavum
2126 5474 2208 5522 est
2232 5467 2458 5537 lignum,
2490 5465 2554 5521 ad
2586 5482 2749 5522 onera
2786 5480 2949 5541 super
2979 5480 3146 5534 aquas
3172 5462 3504 5532 deportanda

1912 5562 2279 5625 utilissimum,
2315 5561 2553 5617 maxime
2588 5561 2692 5615 illis
2724 5562 2776 5614 in
2804 5559 2958 5625 locis,
2993 5558 3081 5612 ubi
3114 5557 3247 5611 vada
3281 5570 3388 5609 non
3420 5569 3505 5609 re-

1911 5654 2215 5725 periuntur,
2243 5644 2629 5709 necessarium.
2662 5651 2922 5707 Dominus
2950 5660 3130 5705 autem
3155 5648 3349 5701 ﬂuctus
3388 5660 3504 5700 ma-

1915 5745 2060 5799 riuos
2090 5746 2607 5817 transnavigaturus,
2641 5759 2832 5798 navem
2881 5739 3147 5803 ascendit,
3191 5738 3339 5806 quia,
3385 5734 3494 5790 eal-

214 5857 332 5916 que
361 5842 531 5899 sentit
581 5857 686 5897 non
732 5842 903 5898 solum
952 5840 1149 5897 diaboli
1196 5839 1541 5905 tentationes,
1579 5840 1673 5894 sed
1717 5854 1816 5894 nec
1915 5836 2051 5889 catis
2081 5833 2238 5903 hujus
2286 5835 2465 5891 saeculi
2518 5834 2791 5900 (luctibus,
2841 5844 3099 5905 passurus
3129 5841 3345 5883 crucem
3388 5832 3507 5884 erat
