4038 6352
564 334 660 390 151

1192 335 1547 392 HAYMONIS
1586 336 2066 393 HALBERSTAT.
2110 337 2325 395 EPISC.
2366 339 2517 395 OPP.
2559 340 2738 396 PARS
2768 342 2833 397 Il.
2861 374 2929 383 —
2960 342 3192 400 HOMIL.

3736 356 3853 410 152

561 474 912 515 ascensurus.
962 457 1189 527 Dignum
1226 456 1424 528 quippe
1466 464 1610 522 erat,
1652 465 1713 511 ut
1762 457 1889 526 quia
1938 458 2145 527 primus
2174 467 2446 522 Avestrae
2494 476 2598 514 non
2647 461 3044 518 eonfundentur
3099 460 3281 535 (Paul.
3330 468 3481 540 un).
3512 490 3532 522 ι
3594 471 3720 539 Vel,
3778 475 3850 529 ad

560 551 727 607 homo
773 566 870 621 per
914 551 1117 620 lignum
1143 548 1367 603 vetitum
1414 549 1772 604 inobediendo
1799 557 2032 604 mortem
2058 565 2145 605 re-

558 654 801 717 pererat,
834 656 932 710 per
980 639 1184 710 lignum
1231 647 1433 694 sancta:
1479 639 1657 694 erucis
1706 640 1816 694 Deo
1859 640 2145 696 obediente

557 736 725 789 vitam
753 733 1032 802 reciperet.
1073 749 1091 781 ι
1133 730 1314 787 Secuti
1346 740 1473 786 sunt
1508 740 1686 785 autem
1739 746 1861 785 eum
1895 731 2143 803 discipuli

558 826 695 896 ejus.
735 846 753 877 ›
783 825 916 893 Quia
964 824 1106 880 sicut
1138 825 1254 895 ipse
1279 839 1381 895 pro
1406 825 1779 895 redemptione
1808 827 2020 896 generis
2045 828 2145 882 bu-

556 918 700 972 mani
728 916 858 985 pati,
891 916 1135 985 crueiﬁgi
1167 925 1221 970 et
1248 916 1384 970 mori
1415 916 1665 987 dignatus
1690 925 1792 981 est,
1832 916 1911 971 sic
1957 925 2013 972 et
2063 918 2143 972 di-

552 1004 741 1076 scipuli
775 1003 891 1073 ejus
937 1020 1036 1076 pro
1090 1005 1307 1059 nomine
1340 1004 1484 1060 illius
1516 1006 1728 1075 sibique
1776 1006 1967 1061 ovibus
1996 1022 2144 1062 eom-

551 1098 753 1163 missis,
785 1096 954 1152 multa
985 1106 1252 1153 tormenta
1308 1097 1419 1168 pati
1454 1113 1562 1153 non
1600 1098 1946 1153 distulerunt.
2006 1098 2140 1154 Nam

548 1199 604 1245 et
632 1188 824 1244 Petrus
846 1197 901 1243 et
914 1188 1175 1244 Andraeas
1193 1197 1419 1258 uterque
1439 1188 1729 1243 cruciﬁxus
1754 1190 1979 1244 exstitit.
2005 1189 2141 1245 Pau-

545 1278 790 1337 lus‘vero
832 1280 1149 1347 deeollatus,
1205 1281 1389 1335 caeteri
1436 1295 1651 1349 quoque
1699 1282 1849 1335 varia
1897 1282 2139 1352 perpessi

546 1383 672 1428 sunt
721 1381 1009 1428 tormenta.
1066 1370 1194 1427 Sive
1234 1387 1357 1428 eum
1407 1372 1575 1427 secuti
1630 1383 1772 1434 sunt,
1816 1373 1939 1443 quia
1984 1373 2140 1429 bonis

543 1468 798 1535 operibus
824 1466 1142 1531 insistendo,
1171 1465 1288 1535 ejus
1310 1464 1535 1535 vestigia
1569 1474 1693 1520 sunt
1718 1466 1938 1520 imitati.
1973 1464 2138 1535 Sequi

542 1559 688 1611 enim
719 1556 1025 1619 Dominum,
1071 1555 1269 1610 imitari
1318 1564 1421 1621 est,
1450 1556 1592 1610 sicut
1626 1556 1741 1626 ipse
1785 1556 1955 1610 dicit:
1989 1576 2006 1606 ι
2035 1555 2136 1622 Qui

546 1647 677 1701 mihi
701 1647 996 1713 ministrat,
1022 1662 1108 1702 me
1134 1656 1395 1717 sequatur
1424 1646 1742 1718 (Joan.xn).
1770 1669 1788 1701 ι
1816 1648 1884 1705 Et
1909 1649 2133 1706 iterum:

549 1757 567 1788 ι
605 1739 706 1806 Qui
732 1740 845 1794 vult
872 1742 1057 1795 venire
1086 1736 1207 1810 poSt
1227 1756 1332 1806 me,
1358 1740 1587 1811 abneget
1609 1742 1959 1812 semetipsum
1984 1742 2133 1814 (Luc.

2248 566 2371 606 eum
2401 562 2769 618 accesserunt,
2817 553 2942 623 quia
2972 563 3085 610 toto
3109 556 3229 610 nisu
3262 560 3459 614 mentis
3498 559 3617 629 ejus
3657 579 3852 619 resur-

2246 644 2542 699 rectionem
2571 644 2688 699 ﬁeri
2719 655 3062 716 optaverunt,
3111 649 3253 718 quod
3281 649 3457 707 Lucas
3492 651 3848 724 Evangelista

2245 737 2556 793 manifestat
2578 752 2699 793 cum
2730 738 2898 793 dicit:
2923 758 2940 790 ι
2968 739 3151 796 Gavisi
3167 752 3293 796 sunt
3315 744 3563 814 discipuli
3592 748 3715 802 viso
3738 747 3849 802 Do-

2243 832 2393 885 mino
2416 831 2567 901 (Luc.
2584 830 2912 903 XXIV).)——(
2941 833 3009 887 Et
3029 834 3253 890 diciteis
3277 834 3448 903 :Quid
3478 837 3650 893 timidi
3681 841 3845 906 estis,

2245 921 2469 976 modica:
2492 921 2659 976 ﬁdei?
2686 942 2705 975 ι
2732 921 2833 989 Qui
2867 939 2974 977 non
3006 925 3179 979 credit
3211 926 3443 981 infidelis
3469 928 3709 983 dicitur:
3748 932 3844 1000 qui

2241 1013 2482 1085 perfecte
2528 1015 2717 1080 credit,
2746 1031 2955 1086 magna:
2985 1014 3107 1070 ﬁdei
3137 1018 3469 1072 nominatur.
3516 1018 3618 1086 Qui
3652 1030 3845 1076 autem

2241 1124 2309 1165 ex
2340 1116 2495 1178 parte
2537 1108 2730 1174 credit,
2760 1109 2853 1163 sed
2906 1108 3144 1179 perfecte
3196 1126 3305 1164 non
3354 1110 3547 1178 credit,
3606 1113 3844 1168 modicae

2242 1199 2365 1255 ﬁdei
2395 1199 2711 1271 appellatur.
2739 1198 2997 1269 Discipuli
3019 1215 3149 1272 ergo
3173 1202 3398 1257 modicae
3427 1203 3552 1257 ﬁdei
3590 1203 3839 1269 fuerunt,

2240 1295 2457 1364 quando
2484 1293 2919 1364 Omnipotentem
2956 1304 3275 1364 praesentem
3318 1296 3711 1352 dubitaverunt
3744 1318 3757 1352 :
3788 1312 3841 1354 et

2240 1405 2362 1445 cum
2398 1388 2622 1444 Creator
2662 1404 2898 1460 praesens
2938 1398 3106 1455 esset,
3159 1398 3465 1445 creaturam
3510 1392 3836 1446 timuerunt.

2239 1482 2357 1537 Non
2401 1482 2573 1538 solum
2617 1493 2797 1537 autem
2826 1483 2938 1548 hic,
2971 1485 3327 1539 verumetiam
3356 1485 3476 1539 aliis
3504 1485 3558 1540 in
3592 1485 3733 1543 locis
3771 1488 3836 1543 de

2238 1575 2552 1629 modicitate
2574 1574 2695 1628 ﬁdei
2724 1574 3142 1645 redarguuntur.
3186 1574 3320 1628 Nam
3349 1576 3403 1630 in
3432 1576 3549 1645 ipsa
3580 1579 3836 1647 passione

2238 1664 2451 1718 Domini
2502 1662 2781 1718 modicam.
2821 1664 2982 1718 ﬁdem
3034 1664 3359 1728 habuerunt,
3393 1665 3484 1733 qui
3515 1665 3725 1720 dudum
3752 1666 3834 1721 di-

2238 1758 2470 1811 cebant:
2510 1774 2529 1807 ι
2580 1755 2783 1810 Eamus
2829 1764 2884 1811 et
2922 1772 3044 1821 nos,
3101 1766 3154 1811 et
3213 1757 3510 1811 moriamur
3558 1773 3686 1812 cum
3740 1759 3833 1813 illo

541 1829 642 1900 rx),
684 1852 701 1881 ι
735 1840 789 1885 et
813 1831 1040 1900 reliqua.
1075 1830 1226 1886 Unde
1255 1840 1309 1886 et
1338 1832 1391 1885 in
1424 1831 1539 1900 lege
1570 1833 1914 1902 praecipitur:
1954 1852 1973 1885 ι
2009 1832 2123 1889 P051

2240 1851 2420 1924 (Joan.
2471 1852 2573 1923 xi).
2612 1871 2632 1904 ι
2695 1850 2952 1906 Videntes
3013 1861 3190 1905 autem
3239 1866 3360 1905 eum
3415 1852 3826 1920 comprehendi,

540 1930 827 1984 Dominum
856 1929 1023 1983 Deum
1055 1937 1204 1983 tuum
1228 1928 1531 1982 ambulabis
1556 1929 1734 2000 (Deut.
1764 1929 1843 2002 ιι).
1867 1948 1885 1980 ι
1920 1928 2056 1985 Hinc
2079 1939 2135 1986 et

538 2024 596 2078 in
627 2022 864 2079 Cantieis
922 2024 1280 2087 canticorum,
1320 2037 1453 2077 voce
1491 2021 1746 2077 Ecclesiae
1775 2037 1972 2092 sponso
2002 2022 2133 2078 diei-

541 2122 664 2169 tur:
693 2133 712 2166 ι
750 2115 927 2170 Trahe
964 2129 1050 2169 me
1095 2123 1217 2185 post
1264 2124 1333 2180 te,
1366 2129 1649 2169 curremus
1678 2114 1735 2169 in
1785 2114 2006 2170 odorem
2037 2131 2135 2169 un-

540 2216 864 2276 guentorum
881 2215 1095 2261 tuorum
1114 2203 1290 2276 (Cant.
1322 2205 1382 2277 l).
1408 2222 1530 2258 ι-ι
1561 2205 1627 2258 Ει
1648 2220 1776 2260 ecce
1806 2214 1985 2260 motus
2012 2222 2131 2260 ma-

476 2372 481 2383 .
539 2314 677 2368 gnus
725 2297 903 2353 factus
933 2308 1020 2353 est
1058 2298 1112 2352 in
1147 2297 1307 2362 mari,
1336 2297 1411 2351 ita
1457 2306 1517 2350 ut
1543 2297 1787 2351 navicula
1828 2298 2132 2367 operiretur

537 2388 806 2445 ﬂuctibus.
843 2409 861 2441 ι
897 2388 954 2444 Si
984 2389 1128 2443 enim
1174 2403 1272 2458 per
1301 2403 1513 2453 navem,
1545 2403 1706 2458 quam
1760 2388 2017 2443 Dominus
2045 2403 2131 2444 as-

536 2483 733 2547 cendit,
768 2482 1018 2537 vexillum
1048 2482 1228 2537 crucis
1254 2481 1538 2551 accipitur,
1583 2480 1932 2536 nihilominus
1966 2489 2021 2535 et
2074 2481 2128 2535 in

539 2576 643 2630 hoc
682 2576 799 2630 loco
824 2591 921 2643 per
952 2591 1103 2629 mare
1156 2575 1385 2646 populus
1415 2574 1744 2638 Judaeorum,
1794 2575 1886 2644 qui
1932 2590 2129 2645 magna

537 2668 801 2722 seditione
839 2667 1166 2721 concutitur.
1213 2667 1438 2721 Turbati
1476 2666 1619 2720 enim
1671 2675 1796 2721 sunt
1843 2664 2034 2733 Judaei,
2075 2676 2128 2723 et

538 2759 783 2829 discipuli
808 2758 925 2828 ejus
953 2760 1141 2831 fugati.
1175 2759 1447 2829 Numquid
1480 2775 1586 2813 non
1616 2776 1767 2815 mare
1810 2759 2123 2828 ﬁuctuabat,

536 2858 772 2926 quando,
797 2855 970 2911 Pilato
1001 2857 1212 2912 dicente
1242 2855 1421 2927 (Joan.
1440 2856 1578 2926 xix),
1615 2873 1632 2906 ι
1668 2854 1878 2909 Nullam
1905 2871 2126 2911 causam

534 2953 727 3007 mortis
749 2951 1038 3006 invenioin
1063 2967 1207 3017 eum;
1233 2972 1250 3002 ι
1277 2950 1507 3019 pepulus
1527 2947 1879 3015 acclamabat,
1908 2949 2123 3004 dicens:

538 3066 557 3097 ‹
598 3045 769 3110 Tolle,
798 3044 960 3121 tolle,
993 3044 1247 3115 eruciﬁge
1290 3059 1433 3109 eum,
1467 3063 1485 3094 ι
1521 3052 1574 3098 et
1603 3062 1617 3097 :
1648 3062 1666 3093 ι
1690 3040 1749 3096 Si
1778 3041 1919 3096 hunc
1941 3040 2124 3097 dimit-

532 3138 624 3204 tis,
676 3153 783 3194 non
836 3152 896 3193 es
953 3138 1162 3193 amicus
1218 3135 1543 3191 Caesaris?»
1602 3134 1922 3189 Fluctuabat
1950 3149 2121 3200 mare,

532 3231 747 3301 quando
804 3229 894 3283 alii
929 3227 1218 3283 dicebant:
1253 3248 1271 3279 ‹
1322 3226 1434 3281 Νἱεὶ
1482 3227 1571 3282 hic
1601 3226 1763 3280 homo
1808 3225 2124 3281 malefactor

530 3330 697 3387 esset,
748 3334 1089 3390 nequaquam
1142 3319 1235 3373 tibi
1292 3334 1417 3374 eum
1476 3318 1878 3373 tradidissemus
1937 3316 2117 3389 (Joan.

531 3414 710 3487 xvm),
737 3435 754 3467 ι
787 3422 842 3469 et
874 3414 963 3467 alii
999 3413 1240 3469 dolentes
1290 3412 1542 3465 aiebant:
1578 3429 1597 3462 ι
1636 3411 1775 3465 Vere
1828 3408 1923 3465 Dei
1954 3409 2122 3465 Filius

531 3521 651 3565 erat
676 3506 990 3579 iste(Marc.
1020 3507 1133 3579 xv).
1164 3525 1285 3559 ι--ι
1306 3504 1427 3575 Ipse
1444 3519 1572 3558 vero
1595 3502 1912 3557 dormiebat.
1938 3520 1955 3553 ι
1989 3501 2122 3555 Dor-

533 3601 685 3655 milio
719 3598 921 3654 Christi
950 3606 1180 3651 mortem
1218 3594 1501 3666 signiﬁcat.
1536 3592 1687 3648 Tunc
1730 3592 1877 3646 enim
1924 3590 2121 3645 obdor-

531 3692 706 3757 mivit,
760 3691 975 3760 quando
1019 3688 1259 3758 pendens
1290 3686 1344 3739 in
1375 3700 1536 3739 cruce
1574 3683 1748 3739 dixit:
1792 3700 1812 3734 ι
1857 3679 2121 3735 Consum-

530 3793 738 3840 matum
780 3791 882 3838 est.
934 3781 1001 3837 Et
1048 3779 1304 3854 inclinato
1350 3778 1541 3847 capite,
1598 3775 1821 3830 tradidit
1869 3772 2119 3843 spiritum

534 3881 720 3951 (Joan.
751 3876 887 3948 xix).
928 3897 945 3928 ι
980 3876 1148 3931 Recte
1174 3875 1317 3930 enim
1340 3889 1487 3927 mors
1510 3871 1711 3927 Christi
1747 3883 1937 3925 somno
1966 3882 2119 3923 com-

528 3978 773 4042 paratur,
801 3968 925 4037 quia
955 3980 1111 4021 nemo
1140 3973 1249 4018 tam
1278 3962 1432 4017 facile
1454 3979 1482 4015 a
1515 3975 1704 4016 somno
1735 3956 1929 4028 surgit,
1955 3970 2118 4026 quam

532 4064 792 4120 velociter
822 4061 1071 4116 Christus
1115 4075 1146 4113 a
1192 4066 1367 4114 morte
1395 4055 1648 4111 surrexit.
1682 4052 1821 4119 Quia
1850 4050 2117 4106 excitatus

529 4167 614 4213 est
666 4167 924 4226 tanquam
975 4153 1251 4209 dormiens
1297 4150 1577 4212 Dominus,
1610 4155 1669 4201 ut
1710 4145 1786 4199 ait
1829 4144 2115 4200 Psalmista

531 4249 706 4324 (Psal.
732 4248 959 4319 Lxxvu),
991 4254 1047 4302 et
1070 4256 1326 4315 tanquam
1348 4252 1540 4313 potens
1568 4239 1880 4308 crapulatus
1911 4255 1940 4292 a
1966 4239 2113 4294 vino.

529 4342 631 4412 Qui
661 4343 825 4396 etiam
844 4355 941 4412 per
960 4341 1210 4395 eumdem
1233 4336 1362 4391 dicit
1397 4353 1409 4387 :
1450 4353 1467 4384 ι
1503 4333 1614 4403 Ego
1640 4330 1867 4386 dormivi
1896 4339 1948 4386 et
1976 4348 2114 4387 som-

527 4449 659 4488 num
688 4432 828 4502 cepi,
858 4439 915 4485 et
959 4429 1172 4485 surrexi
1215 4423 1386 4499 (Psal.
1421 4422 1523 4493 ιιι).
1553 4442 1571 4474 ι
1609 4421 1676 4476 Et
1721 4422 1956 4477 iterum:
2006 4441 2023 4474 ι
2054 4422 2113 4476 1η

529 4544 660 4598 pace
686 4528 740 4582 in
763 4525 995 4595 idipsum
1017 4522 1281 4578 dormiam
1311 4526 1364 4571 et
1401 4517 1735 4586 requiescam
1761 4515 1932 4587 (Psat.
1954 4518 2052 4586 ιν).
2088 4536 2106 4569 ι

526 4625 789 4681 Dormitio
817 4638 947 4693 ergo
990 4617 1202 4674 Domini
1229 4629 1338 4670 non
1374 4612 1441 4667 ad
1488 4611 1852 4677 Divinitatem,
1907 4613 1999 4667 sed
2045 4613 2113 4667 ad

526 4719 916 4773 humanitatem
965 4712 1217 4783 pertinet.
1278 4707 1414 4775 Quia
1463 4706 1663 4762 dormit
1718 4722 1814 4776 per
1863 4707 2112 4762 humani-

529 4820 714 4874 tatem,
744 4808 835 4879 qui
865 4817 1137 4872 nunquam
1159 4797 1414 4854 dormivit
1437 4812 1533 4868 per
1568 4795 1935 4861 Divinitatem,
1965 4796 2111 4851 Psal-

526 4904 684 4959 mista
710 4907 970 4960 testante,
993 4894 1084 4964 qui
1112 4892 1185 4945 ait
1211 4910 1223 4946 :
1264 4911 1280 4942 ι
1312 4890 1427 4944 Non
1459 4887 1690 4943 dormiet
1720 4903 1893 4957 neque
1918 4889 2111 4944 dormi-

527 4995 693 5057 tabit,
723 4992 813 5062 qui
843 4986 1080 5044 custodit
1100 4984 1264 5038 lsrael
1293 4980 1465 5053 (Psal.
1497 4980 1643 5052 cxx).
1684 4999 1805 5032 ι-‹
1837 4981 1900 5035 Ει
1930 4997 2112 5037 acces.

526 5092 715 5143 serunt
740 5083 807 5137 ad
833 5094 957 5135 eum
984 5074 1228 5147 discipuli
1269 5075 1404 5145 ejus,
1436 5082 1492 5127 et
1536 5070 1934 5127 suscitaverunt
1962 5088 2107 5137 eum,

527 5181 812 5235 dicentes:
864 5171 1112 5235 Domine,
1144 5168 1288 5223 salva
1335 5182 1453 5229 nos,
1486 5165 1743 5235 perimus.
1780 5186 1798 5216 ι
1842 5166 2110 5221 Acceden-

528 5285 609 5331 tes
650 5264 898 5336 discipuli
926 5263 1212 5318 Dominum
1246 5261 1665 5325 suscitaverunt,
1703 5259 1795 5329 qui
1836 5260 2110 5314 intellexe-

527 5370 655 5420 runt
677 5359 938 5415 saevitiam
960 5354 1268 5410 Judaeorum
1303 5369 1361 5409 se
1383 5370 1489 5408 non
1520 5368 1679 5424 posse
1699 5367 1977 5421 superare,
2004 5350 2109 5406 nisi

525 5456 643 5526 ejus
673 5450 1071 5506 resurrectione
1113 5446 1296 5521 (quam
1322 5446 1585 5501 citissime
1620 5443 1736 5498 ﬁeri
1768 5443 2107 5512 optaverunt)

527 5546 756 5598 fuissent
781 5541 1083 5598 confirmati
1114 5548 1167 5595 et
1209 5539 1484 5594 laetificati.
1518 5534 1633 5602 Vel,
1672 5543 2018 5590 accesserunt
2042 5535 2106 5586 ad

528 5654 650 5693 eum
675 5636 1064 5700 suscitandum,
1094 5633 1219 5706 quia
1250 5634 1302 5687 in
1334 5632 1449 5701 ejus
1479 5628 1866 5697 omnipotentia
1897 5625 2107 5689 confisi,

531 5739 708 5784 mente
736 5738 791 5783 et
815 5727 1079 5783 desiderio
1110 5725 1159 5780 ei
1206 5721 1571 5784 adh-.eserunt,
1608 5719 1760 5788 juxta
1793 5715 1919 5769 illud
1956 5714 2110 5768 Psal-

536 5824 704 5877 mista:
730 5841 741 5875 :
772 5842 789 5873 ι
835 5820 1088 5875 Accedite
1119 5816 1184 5870 ad
1202 5831 1325 5869 eum
1353 5822 1407 5867 et
1439 5810 1833 5870 illumiuamini,
1866 5818 1917 5860 et
1950 5808 2113 5861 facies

2238 1945 2415 2016 ligari,
2445 1944 2730 2015 ﬂagellari,
2758 1944 2951 1998 relicto
2975 1959 3062 2011 eo,
3110 1942 3361 2014 fugerunt
3406 1943 3627 2015 (Matth.
3654 1946 3826 2014 xxvi).

2235 2039 2428 2095 Petrus
2454 2037 2917 2093 autemmodicam
2942 2036 3101 2091 ﬁdem
3127 2036 3333 2101 habuit,
3356 2036 3506 2105 quia,
3530 2052 3655 2090 cum
3678 2039 3827 2107 prius

2234 2132 2461 2187 Domino
2509 2130 2735 2185 dixisset
2785 2129 3014 2200 (Ibid.):
3053 2147 3071 2179 ‹
3109 2127 3165 2182 Si
3216 2129 3518 2198 oportuerit
3563 2145 3651 2183 me
3690 2132 3822 2183 mori

2238 2236 2432 2289 tecum,
2458 2238 2564 2276 non
2597 2231 2647 2275 te
2676 2222 2902 2291 negabo,
2934 2241 2952 2271 ι
3004 2221 3165 2274 etiam
3196 2220 3263 2274 ad
3316 2236 3502 2275 vocem
3532 2222 3698 2276 unius
3725 2238 3820 2276 an-

2234 2316 2370 2372 cillae
2416 2329 2541 2369 eum
2590 2312 2827 2383 negavit.
2887 2311 2999 2367 Nec
3047 2320 3255 2366 tantum
3308 2312 3362 2366 in
3417 2313 3695 2382 passione,
3728 2314 3816 2367 sed

2232 2409 2396 2464 etiam
2452 2408 2505 2461 in
2562 2405 2963 2461 resurrectione
3030 2405 3298 2459 modicam
3354 2404 3515 2459 ﬁdem
3569 2405 3815 2462 habuisse

2232 2498 2676 2570 comprobantur,
2700 2497 2825 2567 quia
2853 2510 2976 2551 eum
3005 2505 3437 2550 resurrecturum
3480 2495 3802 2550 dubitabant.

2232 2592 2385 2648 Unde
2409 2605 2531 2645 cum
2572 2598 2695 2660 post
2735 2588 3191 2669 resurrectionem
3222 2585 3338 2656 ejus
3372 2587 3426 2642 in
3470 2588 3722 2651 conclavi,
3749 2585 3797 2639 id

2230 2695 2334 2751 est,
2364 2686 2417 2739 in
2461 2685 2621 2739 domo
2665 2682 2849 2737 clausa
2879 2682 3190 2737 sedentibus
3214 2680 3578 2750 apparuisset,
3607 2688 3779 2734 cantur

2229 2776 2344 2832 bati
2379 2780 2433 2829 et
2476 2772 2722 2827 exterriti
2766 2770 3105 2828 testimabant
3130 2783 3188 2824 se
3212 2768 3465 2838 spiritum
3494 2768 3703 2822 videre.
3730 2766 3805 2821 Ad

2229 2879 2461 2936 quorum
2488 2863 2652 2918 ﬁdem
2689 2862 3141 2926 conﬁrmandam,
3170 2859 3413 2914 ostendit
3438 2858 3518 2913 eis
3548 2872 3740 2911 manus
3761 2864 3813 2910 et

2228 2960 2413 3031 pedes,
2444 2958 2629 3012 dicens
2677 2954 2828 3027 (Luc.
2873 2954 3022 3021 xxiv)
3048 2969 3062 3007 :
3092 2972 3111 3005 ‹
3145 2950 3336 3007 Videte
3369 2967 3560 3005 manus
3597 2966 3746 3006 meas
3764 2959 3817 3003 et

2227 3050 2416 3122 pedes,
2471 3050 2597 3118 quia
2643 3048 2758 3118 ipse
2787 3062 2886 3119 ego
2916 3061 3056 3101 sum.
3086 3065 3105 3098 ι
3145 3044 3215 3100 Et
3259 3045 3488 3099 iterum:
3528 3062 3547 3093 ι
3596 3042 3818 3112 Palpate

2230 3154 2285 3201 et
2306 3146 2507 3208 videte,
2531 3143 2656 3212 quia
2699 3141 2921 3211 spiritus
2964 3154 3183 3194 carnem
3211 3147 3266 3193 et
3302 3151 3420 3192 ossa
3465 3150 3571 3189 non
3626 3136 3818 3198 habet,

2230 3238 2369 3294 sicut
2398 3252 2484 3291 me
2510 3235 2705 3290 videtis
2733 3234 2955 3289 habere.
2984 3252 3002 3283 ι
3036 3230 3146 3285 Nec
3173 3231 3240 3283 ab
3267 3230 3369 3284 hac
3413 3226 3534 3281 ﬁdei
3582 3225 3823 3279 modici-

2228 3339 2337 3386 tate
2370 3329 2604 3385 Thomas
2647 3327 2856 3382 alienus
2892 3324 3116 3387 exstitit,
3159 3322 3248 3392 qui
3287 3318 3556 3390 discipulis
3582 3333 3792 3373 narran

2226 3422 2372 3477 tibus
2399 3462 2415 3487 ,
2458 3439 2478 3472 ι
2518 3419 2760 3474 Vidimus
2786 3417 3090 3478 Dominum,
3123 3434 3140 3466 ι
3177 3429 3281 3468 non
3312 3411 3563 3476 credidit,
3595 3411 3814 3465 dicens:

2231 3532 2247 3563 ‹
2285 3510 2399 3565 Nisi
2427 3509 2615 3563 videro
2658 3506 2985 3562 inmanibus
3018 3502 3134 3572 ejus
3163 3503 3392 3558 ﬁxuram
3420 3501 3720 3564 clavorum,
3763 3508 3818 3553 et

2226 3606 2441 3661 mittam
2474 3615 2694 3656 manum
2718 3604 2897 3654 ineam
2927 3599 2980 3652 in
3006 3597 3151 3652 latus
3178 3597 3317 3667 ejus,
3370 3610 3479 3650 non
3509 3593 3753 3648 credam.
3792 3613 3809 3643 ι

2222 3697 2305 3751 Ad
2325 3694 2482 3765 cujus
2505 3692 2664 3748 ﬁdem
2698 3689 3162 3761 constipulandam
3183 3703 3304 3745 sese
3332 3684 3654 3759 palpabilem
3676 3699 3815 3753 prae—

2222 3788 2359 3855 buit,
2387 3787 2613 3842 dicens:
2645 3803 2665 3836 ι
2713 3782 2857 3839 lnfer
2903 3784 3131 3854 digitum
3188 3790 3338 3835 tuum
3387 3780 3493 3834 huc
3544 3778 3598 3832 in
3633 3777 3809 3831 locum

2220 3881 2523 3945 clavorum,
2558 3886 2614 3933 et
2639 3874 2772 3931 affer
2800 3889 3021 3930 manum
3061 3882 3210 3928 tuam
3239 3872 3295 3926 in
3336 3870 3477 3924 latus
3518 3882 3725 3931 meum,
3758 3876 3813 3921 et

2221 3971 2331 4027 noli
2347 3985 2465 4025 esse
2493 3967 2819 4032 incredulus,
2838 3965 2933 4021 sed
2952 3964 3126 4021 ﬁdelis
3143 3961 3325 4035 (Joan.
3348 3960 3465 4032 xx).
3488 3978 3593 4011 ι-
3611 3978 3631 4009 ι
3657 3957 3811 4013 Tune

2221 4077 2449 4135 surgens
2475 4060 2759 4130 imperavit
2784 4054 3041 4114 ventis'et
3076 4055 3234 4121 mari,
3265 4072 3284 4105 ι
3332 4051 3540 4108 scilicet
3589 4050 3811 4119 quando

2222 4156 2380 4211 tertia
2408 4153 2494 4208 die
2524 4166 2832 4222 resurgens,
2868 4165 2976 4205 non
3024 4148 3195 4204 solum
3226 4144 3390 4201 corda
3420 4141 3810 4212 discipulorum

2221 4244 2564 4302 conﬁrmavit
2585 4249 2641 4298 et
2665 4240 2981 4305 hetiﬁcavit,
3010 4238 3105 4295 sed
3131 4238 3297 4293 etiam
3321 4234 3581 4291 saevitiam
3623 4247 3689 4287 ac
3714 4247 3809 4286 se-

2221 4339 2478 4394 ditionem
2520 4335 2829 4390 Judaeorum
2868 4332 3256 4402 conquiescere
3312 4327 3458 4392 fecit,
3507 4306 3585 4378 et.
3611 4337 3807 4379 eorum

2218 4430 2458 4501 laetitiam
2483 4429 2540 4483 in
2566 4428 2840 4483 tristitiam
2868 4423 3164 4481 convertit:
3199 4423 3252 4476 in
3283 4429 3493 4475 tantum
3515 4425 3577 4471 ut
3616 4414 3807 4470 militi-

2218 4523 2318 4578 bus
2344 4521 2649 4592 sepulcrum
2678 4517 2891 4574 Domini
2919 4513 3366 4578 custodientibus,
3398 4520 3454 4566 et
3475 4509 3591 4579 ejus
3614 4523 3804 4563 resur-

2221 4615 2517 4671 rectionem
2541 4610 2910 4673 narrantihus,
2944 4608 3231 4679 pecuniam
3253 4604 3689 4675 spopondissem,
3719 4600 3807 4653 di-

2217 4715 2438 4763 centes:
2476 4722 2494 4755 ι
2530 4702 2705 4757 Dicite
2732 4702 2857 4772 quia
2888 4705 3153 4755 venerunt
3190 4695 3435 4764 discipuli
3475 4693 3591 4764 ejus
3617 4699 3804 4751 nocte,

2216 4806 2269 4853 et
2282 4796 2443 4852 furati
2466 4804 2802 4862 suntcorpus
2816 4792 2932 4861 ejus
2955 4789 3170 4862 (Matth.
3192 4784 3370 4857 xviu).
3396 4804 3414 4835 ι
3432 4814 3501 4825 -
3527 4801 3547 4834 ι
3567 4782 3635 4836 Ει
3656 4779 3804 4834 facta

2214 4897 2298 4945 est
2347 4885 2708 4956 tranquillitas
2737 4897 2949 4953 magna.
2980 4901 2999 4932 ι
3040 4879 3176 4947 Quia
3217 4892 3343 4948 pars
3378 4889 3569 4930 eorum
3619 4872 3712 4941 qui
3746 4872 3804 4926 in

2215 4996 2349 5036 nece
2377 4977 2590 5035 Domini
2619 4981 3029 5038 consenserant,
3079 4986 3179 5041 per
3206 4966 3645 5039 praedicationem
3669 4978 3805 5032 θρο-

2214 5074 2479 5130 stolorum
2507 5069 2575 5123 ad
2607 5069 2770 5123 ﬁdem
2799 5065 2999 5121 Christi
3029 5077 3290 5117 conversa
3315 5067 3416 5122 est,
3467 5058 3607 5113 sicut
3634 5055 3804 5109 Petro

2210 5163 2539 5234 praedicante
2568 5174 2676 5213 una
2705 5157 2792 5213 die
2842 5155 2946 5209 tria
2994 5152 3183 5219 millia,
3214 5151 3317 5206 alia
3377 5164 3505 5205 vero
3559 5146 3806 5217 quinque

2212 5254 2378 5309 millia
2420 5251 2784 5307 crediderunt.
2817 5265 2837 5299 ι
2892 5245 3063 5300 Porro
3108 5244 3356 5300 homines
3405 5240 3590 5297 mirati
3646 5247 3801 5303 sunt,

2211 5344 2451 5399 dicentes
2476 5359 2489 5393 :
2520 5337 2703 5406 Qualis
2724 5346 2809 5393 est
2829 5336 2937 5402 hic,
2965 5336 3090 5406 quia
3113 5335 3259 5389 venti
3283 5342 3338 5388 et
3359 5347 3511 5387 mare
3539 5329 3805 5386 obediunt

2210 5434 2302 5489 ei?
2340 5453 2357 5483 ι
2380 5431 2500 5487 Non
2522 5431 2627 5484 hoc
2644 5428 2873 5500 apostoli
2896 5428 3168 5490 dixerunt,
3198 5426 3292 5481 sed
3318 5432 3498 5479 nauta:
3520 5422 3610 5492 qui
3641 5430 3805 5476 erant

2212 5524 2333 5581 cuni
2376 5524 2606 5579 Domino
2631 5523 2684 5576 in
2717 5522 2860 5575 navi.
2894 5519 3029 5574 Nam
3055 5518 3281 5589 apostoli
3329 5517 3441 5587 jam
3492 5513 3676 5569 dicere
3699 5526 3804 5565 no-

2212 5625 2426 5680 verant,
2456 5614 2579 5683 quia
2609 5612 2696 5667 hic
2720 5620 2804 5667 est
2828 5610 3076 5665 Christus
3112 5607 3276 5662 Filius
3306 5605 3402 5661 Dei
3445 5603 3573 5657 vivi.
3598 5600 3801 5655 Caeteri

2214 5725 2342 5764 vero
2378 5710 2468 5779 qui
2510 5706 2899 5760 humanitatem
2940 5702 3148 5757 Domini
3184 5709 3392 5754 tantum
3426 5695 3700 5757 videbant,
3742 5699 3807 5747 et

2216 5805 2559 5860 Divinitatem
2586 5812 2689 5854 non
2718 5798 3105 5866 intelligebaut,
3138 5810 3240 5849 non
3273 5787 3675 5859 interrogando.
3700 5784 3805 5838 sed
