4038 6352
253 393 361 448 155

1467 392 1771 448 ΗΟΜΙΜΑ]
1815 393 1902 450 DE
1941 391 2288 448 TEMPOIiE.

3431 401 3530 455 154

253 505 573 562 admirando
622 505 904 586 dixerunt:
936 524 955 556 ι
989 503 1195 572 Qualis,
1224 525 1242 555 ι
1294 513 1350 560 et
1398 505 1626 576 reliqua.
1686 507 1836 563 Unde
1861 512 1912 573 Α
1939 516 2136 571 cessat,
2165 508 2349 562 dicens
2372 524 2497 563 cum
2517 509 2990 583 Psalmista(Psat.
3010 512 3196 584 xun):
3222 531 3241 564 ι
3261 513 3525 586 Exsurge,

251 600 392 655 bene
419 597 665 652 homines
685 582 955 661 dicuntur,
979 598 1105 667 quia
1130 598 1364 652 humana
1385 601 1685 668 sapiebant,
1709 617 1772 656 ac
1793 604 1839 658 si

251 691 554 745 dixissent:
589 689 694 744 lste
730 688 904 758 major
940 699 1023 743 est
1053 691 1294 760 patribus
1328 693 1549 756 nostris,
1593 694 1838 762 quicum

251 783 469 853 Moyses
491 783 684 837 baculo
713 798 882 853 aquas
909 783 1075 838 maris
1108 782 1377 849 diviserit,
1405 793 1461 839 et
1503 785 1648 839 Elias
1676 785 1838 854 pallio

249 889 424 944 aquas
449 873 732 940 Iordanis;
759 874 848 930 hic
873 874 987 929 solo
1009 875 1175 929 verbo
1202 876 1371 929 maria
1405 885 1460 931 et
1491 885 1838 946 tempestates

248 967 532 1035 quiescere
563 965 713 1020 facit.
751 964 860 1020 Sed
897 965 1012 1020 haec
1043 965 1222 1031 lectio,
1245 967 1492 1035 quamvis
1529 967 1838 1036 specialiter

246 1059 315 1112 ad
358 1059 630 1128 apostolos
672 1058 921 1114 videatur
968 1059 1261 1128 pertinere,
1319 1073 1606 1127 possumus
1653 1067 1833 1113 tamen

245 1165 369 1205 eam
398 1152 463 1204 ad
493 1152 850 1207 universalem
887 1151 1184 1208 Ecclesiam
1236 1149 1460 1207 referre.
1516 1150 1650 1204 Nam
1687 1159 1834 1220 post-

243 1257 409 1311 quam
439 1241 687 1297 Christus
713 1258 808 1313 per
846 1244 1142 1312 trophaeum
1166 1252 1367 1298 sancta:
1394 1243 1572 1298 crucis
1602 1251 1830 1298 mortem

243 1335 537 1390 devincens
575 1335 814 1390 caelestia
871 1336 1044 1405 petiit,
1099 1335 1253 1404 quasi
1305 1350 1456 1388 mare
1505 1333 1826 1388 fluctuavit:

241 1429 367 1498 quia
395 1440 596 1498 quanto
641 1431 813 1500 magis
841 1429 1080 1484 Ecclesia
1111 1428 1215 1483 ﬁde
1240 1428 1533 1483 electorum
1559 1427 1750 1492 crevit,
1774 1437 1830 1482 et

239 1535 501 1574 numerus
527 1521 858 1576 credentium
912 1520 1296 1590 multiplicatus
1346 1529 1449 1586 est,
1497 1533 1563 1572 eo
1597 1517 1826 1588 amplius

240 1611 500 1681 majorem
530 1614 957 1683 persecutionem
983 1627 1294 1682 pravorum,
1325 1621 1380 1666 et
1402 1610 1673 1666 duriorem
1703 1626 1825 1681 per-

237 1707 421 1760 fidiam
471 1695 849 1763 haereticorum
887 1707 940 1761 in
986 1707 1162 1776 seipso
1205 1705 1613 1761 consurrexisse
1639 1718 1822 1758 sense-

236 1809 380 1854 runt.
415 1801 531 1870 Ipse
585 1816 733 1866 vero,
765 1801 892 1870 quia
948 1809 1060 1854 tam
1105 1799 1334 1854 validam
1387 1799 1818 1869 persecutionem

1938 613 2106 668 quare
2133 597 2428 663 obdormis,
2478 599 2739 656 Domine?
2771 621 2790 652 ι
2826 601 2889 654 Et
2926 601 3145 657 iterum.
3202 622 3221 655 ι
3258 603 3524 678 Exsurge,

1938 687 2183 751 Domine,
2209 688 2399 757 adjuva
2427 704 2546 753 nos,
2569 709 2587 741 ›
2607 699 2661 744 et
2690 691 2915 762 reliqua.
2959 711 2978 744 ι
3011 693 3078 748 Et
3101 710 3328 766 surgens
3351 697 3525 768 impe-

1940 779 2080 834 ravit
2127 783 2302 834 ventis
2328 787 2382 834 et
2422 781 2578 846 mari,
2613 800 2630 832 ι
2676 783 2891 850 quando
2940 793 3269 842 tentamenta
3325 786 3522 846 diaboli

1938 881 2129 928 contra
2155 881 2390 928 mentem
2435 873 2536 928 viri
2563 875 2734 929 sancti
2777 876 3110 949 insurgentia
3138 884 3524 954 conquiescere

1937 961 2088 1028 facit,
2117 971 2171 1019 et
2207 979 2328 1018 cum
2358 965 2459 1020 sibi
2484 964 2653 1020 libere
2681 969 2884 1022 servire
2906 974 3187 1039 permittit.
3224 976 3312 1032 Fit
3339 988 3520 1035 autem

1936 1054 2297 1124 tranquillitas
2322 1071 2533 1127 magna,
2581 1058 2706 1127 quia
2737 1074 2801 1114 ea
2826 1076 2944 1129 quae
2986 1064 3138 1132 prius
3173 1067 3381 1135 habuit,
3411 1086 3518 1127 non

1933 1146 2050 1200 sine
2097 1147 2384 1203 formidine
2438 1150 2744 1206 observahit
2775 1157 3133 1221 postmodum,
3182 1161 3322 1216 sicut
3363 1173 3518 1218 natu-

1935 1238 2118 1293 raliter
2140 1255 2237 1310 per
2262 1242 2456 1296 bonam
2505 1246 2946 1300 consuetudinem
2977 1251 3248 1307 custodire
3293 1255 3514 1326 incepit,

1933 1329 2120 1386 dicens
2150 1347 2272 1386 cum
2324 1332 2611 1388 Psalmista
2642 1354 2654 1388 :
2709 1355 2728 1388 ι
2761 1336 3034 1395 Declinate
3077 1355 3236 1408 ame,
3273 1347 3512 1418 maligni,

1929 1430 1985 1478 et
2011 1425 2294 1479 scrutabor
2329 1425 2580 1480 mandata
2609 1427 2706 1482 Dei
2731 1429 2836 1483 mei
2877 1427 3050 1501 (Psat.
3082 1434 3293 1503 cxvm).
3327 1456 3346 1488 ι
3401 1437 3516 1495 Sic-

1929 1529 2035 1583 que
2060 1517 2464 1586 transnavigato
2490 1518 2646 1583 mari,
2671 1527 2730 1573 et
2755 1519 2913 1589 hujus
2942 1522 3122 1577 saeculi
3143 1521 3390 1582 fluctibus
3413 1529 3516 1584 cal-

1928 1609 2084 1675 catis,
2138 1610 2204 1664 ad
2248 1618 2464 1679 portum
2493 1611 2722 1667 feliciter
2762 1615 3024 1683 pervenit.
3069 1617 3146 1670 De
3193 1618 3390 1676 talibus
3416 1637 3516 1690 per

1925 1697 2242 1767 prophetam
2272 1699 2506 1754 dicitur:
2547 1717 2566 1750 ‹
2603 1700 2704 1767 Qui
2733 1702 3064 1759 descendunt
3091 1721 3243 1762 mare
3289 1710 3341 1762 in
3370 1712 3514 1765 navi-

1924 1795 2025 1850 bus
2077 1792 2337 1849 facientes
2372 1797 2740 1864 operationem
2789 1799 2844 1853 in
2881 1801 3038 1870 aquis
3064 1802 3272 1868 multis,
3303 1804 3404 1874 ipsi
3432 1806 3514 1859 vi-

231 1869 449 1943 contrai
485 1890 682 1946 electos
739 1869 928 1946 saevire
963 1889 1328 1962 permittebat,
1378 1899 1662 1961 postquam
1705 1905 1825 1945 san-
1851 1869 1900 1930 Β
1930 1889 2126 1944 derunt
2161 1906 2325 1961 Opera
2359 1893 2568 1946 Domini
2596 1901 2652 1948 et
2697 1869 2965 1949 mirabilia
3017 1895 3135 1965 ejus
3169 1897 3222 1950 in
3248 1869 3514 1966 profundo

235 1992 452 2038 ctorum
511 1985 764 2054 precibus
809 1995 894 2041 est
947 1985 1235 2051 excitatus,
1276 2000 1502 2055 surgens
1539 1986 1823 2055 imperavit

230 2076 408 2129 ventis
457 2084 512 2130 et
549 2078 724 2131 mari:
772 2077 1026 2147 quoniam
1074 2077 1246 2148 ipsam
1305 2079 1737 2148 persecutionem
1768 2087 1821 2132 et

226 2167 512 2236 perfidiam
539 2169 814 2237 quiescere
864 2168 1010 2235 fecit,
1041 2178 1097 2224 et
1138 2184 1416 2240 pacemac
1455 2170 1690 2238 quietem
1717 2160 1818 2224 sibi

228 2259 418 2313 electis
454 2261 740 2316 concessit.
784 2261 950 2316 Facta
977 2271 1061 2317 est
1089 2271 1270 2316 autem
1303 2262 1669 2331 tranquillitas
1699 2277 1818 2316 ma-

224 2367 357 2423 gna,
384 2354 510 2423 quia
539 2363 824 2424 postquam
854 2356 1128 2425 principes
1153 2364 1206 2410 et
1228 2364 1476 2427 potentes
1514 2372 1609 2426 per
1631 2371 1816 2410 eorum

223 2445 675 2515 przedicationem
715 2447 783 2501 ad
808 2447 966 2502 fidem
1003 2448 1206 2502 Christi
1235 2457 1524 2513 venerunt,
1554 2457 1703 2503 tanta
1737 2463 1820 2503 re-

227 2538 386 2606 quies
415 2539 672 2592 Eeclesize
703 2541 827 2593 data
858 2550 960 2604 est,
1005 2551 1062 2594 ut
1087 2542 1248 2595 etiam
1291 2541 1414 2611 ipsi,
1465 2541 1558 2610 qui
1588 2556 1708 2596 eam
1733 2543 1820 2597 de-

228 2635 546 2683 struxerant
580 2667 594 2690 ,
652 2629 888 2697 propriis
953 2631 1201 2684 manibus
1271 2630 1683 2685 retedificarent.
1753 2631 1819 2686 Et

230 2721 478 2790 quamvis
531 2735 679 2772 mare
721 2719 1026 2785 fluctuaret,
1081 2729 1136 2774 et
1179 2720 1413 2789 procella
1455 2731 1812 2787 excresceret,

230 2827 338 2865 non
367 2819 451 2866 est
479 2815 656 2865 merisa
690 2811 866 2873 navis,
916 2811 968 2864 in
1007 2826 1111 2881 qua
1155 2811 1414 2865 Dominus
1461 2810 1764 2865 dormiebat
1795 2828 1810 2877 ;

228 2901 358 2970 quia
386 2901 487 2954 etsi
545 2899 783 2954 Ecclesia
835 2899 1014 2970 potuit
1060 2900 1300 2954 adversis
1345 2899 1814 2968 persecutionibus

225 2993 561 3057 conturbari,
593 3007 701 3046 non
758 3000 939 3046 tamen
967 3007 997 3045 a
1040 2991 1145 3045 ﬁde
1175 2992 1533 3057 rectitudinis,
1587 2993 1812 3047 Domino

227 3086 564 3158 gubernante
599 3126 613 3150 ,
664 3085 940 3140 recedere.
992 3083 1236 3138 Fundata
1293 3085 1437 3138 enim
1484 3091 1601 3139 erat
1647 3101 1810 3156 supra

229 3177 443 3230 firmam
480 3186 711 3247 petram,
744 3177 810 3232 de
835 3192 940 3246 qua
968 3176 1253 3246 Apostolus
1287 3177 1400 3231 ait:
1437 3197 1455 3229 (
1510 3177 1670 3232 Petra
1715 3195 1809 3233 au-

227 3278 342 3323 tem
376 3278 494 3324 erat
528 3269 773 3324 Christus
804 3268 856 3339 (I
885 3267 1008 3322 Cor.
1036 3268 1112 3338 x).
1153 3289 1170 3320 ι
1203 3268 1356 3334 Quod
1391 3277 1569 3323 autem
1600 3269 1653 3322 in
1685 3285 1812 3339 apo-

1931 1979 2104 2052 (Psal.
2141 1981 2271 2053 ενι).
2305 2002 2322 2032 ι
2374 1983 2456 2038 Ad
2506 1998 2657 2038 mare
2687 1985 3036 2051 descendunt,
3094 1987 3145 2042 id
3171 1998 3274 2053 est,
3315 1990 3368 2044 in
3411 1976 3512 2046 hoc

1929 2072 2182 2127 saeculum
2212 2093 2222 2127 :
2274 2074 2328 2128 in
2380 2074 2625 2141 navibus,
2651 2075 2854 2130 scilicet
2880 2077 2934 2131 in
2961 2078 3243 2134 animabus
3269 2098 3282 2132 :
3315 2080 3512 2137 facien-

1927 2177 2008 2223 tes
2034 2169 2424 2237 operationem,
2451 2170 2659 2224 scilicet
2689 2169 2904 2234 bonam,
2952 2186 3171 2226 carnem
3201 2189 3354 2227 suam
3377 2189 3512 2229 cum

1926 2261 2072 2316 vitiis
2093 2269 2144 2317 et
2173 2263 2622 2333 concupiscentiis
2653 2262 3074 2335 confringentes,
3109 2273 3163 2320 et
3185 2267 3251 2321 ad
3271 2267 3512 2322 coelestia

1926 2353 2298 2421 suspirantes:
2353 2354 2407 2407 in
2455 2355 2609 2422 aquis
2657 2353 2877 2419 multis,
2942 2354 3150 2410 scilicet
3211 2356 3266 2410 in
3319 2357 3514 2427 populo

1926 2444 2116 2509 multo,
2171 2445 2311 2499 inter
2349 2461 2483 2514 quos
2530 2456 2829 2510 manentes,
2879 2447 2932 2500 in
2960 2447 3212 2501 omnibus
3248 2461 3306 2501 se
3334 2450 3514 2517 provi-

1926 2536 2072 2598 dent,
2119 2551 2187 2589 ne
2214 2536 2266 2589 in
2297 2536 2476 2606 aliquo
2523 2537 2882 2591 maculentur.
2922 2536 3028 2592 Sed
3069 2539 3207 2593 sicut
3253 2539 3414 2594 homo
3459 2540 3512 2594 in

1925 2628 2049 2681 navi
2087 2643 2182 2698 per
2207 2645 2356 2682 mare
2384 2629 2643 2698 navigans
2687 2645 2795 2684 non
2833 2630 3070 2700 tangitur
3093 2632 3253 2695 mari,
3285 2628 3508 2700 sicjusti

1923 2718 1977 2771 in
2003 2719 2104 2772 hoc
2128 2719 2346 2784 saeculo,
2392 2719 2532 2773 inter
2560 2720 2814 2788 populum
2839 2721 3165 2787 habitantes,
3190 2737 3375 2777 eorum
3399 2739 3510 2776 tua-

1923 2807 2254 2878 lignitatibus
2288 2825 2395 2864 non
2422 2809 2718 2864 adhaerent.

2470 2943 2751 3000 HOMlL-IA
2789 2944 2929 3000 XXI.

2323 3075 2577 3116 υοιιιΝιοΑ
2603 3076 2654 3115 IN
2683 3076 3102 3117 δεΡτυΛῦεειιιΑ.

1987 3168 2229 3238 (Mum.
2262 3169 2379 3240 xx.)
2417 3190 2434 3222 ι
2466 3170 2521 3224 1η
2564 3169 2654 3224 illo
2694 3178 2934 3240 tempore
2955 3211 2969 3235 ,
3001 3170 3134 3224 dixit
3159 3169 3316 3225 Jesus
3345 3170 3508 3226 disci-

1920 3281 1938 3314 ‹
1983 3262 2122 3333 pulis
2147 3261 2260 3316 suis
2293 3263 2606 3332 parabolam
2628 3263 2767 3316 hanc
2794 3261 3014 3317 :Sitnile
3035 3271 3120 3317 est
3145 3278 3368 3334 regnum
3391 3278 3506 3317 cre-

234 3360 390 3415 stolis
433 3369 487 3414 et
526 3362 581 3415 in
615 3362 863 3416 universa
914 3361 1160 3415 Ecclesia
1211 3361 1488 3428 impletum
1539 3369 1642 3424 est,
1677 3361 1814 3417 solet
1909 3372 1942 3406 λ
1987 3354 2164 3407 lorum
2209 3354 2413 3408 homini
2442 3353 2844 3423 patrifamilias,
2872 3356 2965 3422 qui
2993 3355 3323 3424 exiitprimo
3353 3372 3510 3412 mane

235 3450 518 3506 moraliter
542 3452 656 3508 fieri
685 3454 737 3508 in
764 3454 1004 3524 quolibet
1026 3453 1141 3507 viro
1169 3462 1377 3507 sancto.
1404 3451 1506 3519 Qui
1533 3453 1676 3506 enim
1699 3468 1815 3507 cru-

227 3542 401 3616 cifigit
441 3547 676 3600 membra
705 3563 800 3602 sua
832 3563 954 3602 cum
986 3547 1134 3602 vitiis
1161 3554 1215 3600 et
1260 3545 1734 3615 concupiscentiis,
1758 3552 1816 3601 et

225 3639 314 3694 cui
348 3639 638 3695 crucifixus
663 3651 746 3696 est
797 3639 1030 3696 mundus
1057 3648 1112 3696 et
1147 3641 1260 3710 ipse
1290 3639 1512 3704 mundo,
1540 3637 1814 3693 Christum

223 3732 281 3786 in
313 3746 373 3787 se
399 3731 758 3788 habitatorem
793 3734 974 3788 habet.
1005 3731 1163 3787 Jesus
1185 3741 1364 3787 autem
1387 3747 1523 3786 nave
1545 3731 1810 3796 ascendit,

223 3839 346 3878 cum
394 3834 631 3879 mentem
670 3825 772 3878 viri
821 3824 994 3881 sancti
1042 3825 1330 3888 inhabitat,
1384 3823 1534 3893 quia,
1569 3822 1814 3877 sicutsa-

224 3916 597 3986 pientissimus
646 3915 904 3972 Salomon
957 3917 1053 3982 ait,
1105 3916 1297 3970 Anima
1339 3916 1472 3986 justi
1533 3916 1688 3970 sedes
1727 3923 1810 3970 est

226 3994 520 4073 sapientiae.
549 4003 682 4059 Cum
719 4007 863 4060 enim
893 4007 939 4060 is
976 4023 1005 4060 a
1035 4006 1180 4060 vitiis
1219 4014 1275 4060 et
1313 4007 1552 4075 peccatis
1581 4020 1638 4060 se
1683 4006 1806 4060 sub-

226 4093 444 4148 trahere
477 4094 726 4161 voluerit,
778 4105 837 4149 ut
885 4095 984 4149 soli
1017 4095 1125 4149 Deo
1161 4109 1377 4159 vacare,
1408 4095 1460 4148 id
1485 4104 1586 4159 est,
1636 4095 1811 4149 inten-

225 4185 351 4240 dere
379 4189 574 4256 possit,
608 4189 934 4243 tentationes
981 4187 1178 4242 diaboli
1219 4197 1407 4242 contra
1451 4202 1509 4242 se
1534 4188 1812 4258 insurgere

224 4277 409 4340 sentit,
441 4285 495 4331 et
522 4276 638 4346 ejus
668 4278 1050 4349 persuasiones
1071 4287 1304 4333 mentem
1333 4293 1485 4334 suam
1508 4279 1808 4334 contraire:

223 4378 278 4424 et
302 4386 412 4440 quo
461 4371 632 4441 magis
683 4371 791 4426 Deo
841 4371 1272 4441 appropinquare
1314 4370 1567 4435 voluerit,
1607 4385 1674 4426 eo
1699 4385 1812 4424 am-

223 4462 364 4531 plius
395 4463 603 4519 invenit
637 4464 780 4534 quod
824 4464 1014 4518 durius
1060 4472 1260 4534 portet.
1310 4463 1412 4531 Qui
1451 4463 1596 4517 enim
1643 4464 1730 4533 pie
1757 4464 1810 4518 in

223 4555 439 4612 Christo
467 4557 655 4612 volunt
705 4557 911 4622 vivere,
959 4557 1368 4628 persecutiones
1417 4557 1695 4627 patiuntur
1724 4557 1807 4630 (Il

1923 3461 1942 3496 ι
1987 3446 2290 3500 conducere
2313 3445 2591 3514 Operarios
2617 3445 2672 3500 in
2693 3447 2905 3499 vineam
2931 3461 3105 3510 suam,
3136 3466 3154 3498 ι
3189 3455 3244 3500 et
3270 3448 3496 3516 reliqua.

1985 3538 2228 3607 Regnum
2283 3536 2542 3592 caelorum
2590 3537 2675 3592 vel
2720 3552 2946 3607 regnum
3002 3537 3095 3592 Dei
3130 3539 3188 3592 in
3218 3539 3512 3610 Evangelio

1915 3645 2038 3686 cum
2079 3629 2296 3700 legitur,
2356 3643 2462 3684 non
2492 3642 2707 3698 semper
2746 3643 2909 3682 unam
2953 3628 3310 3697 eamdemque
3348 3629 3512 3685 habet

1915 3722 2405 3793 significationem,
2480 3721 2575 3777 sed
2640 3721 2930 3791 aliquando
2992 3705 3278 3777 Dominum
3328 3720 3508 3777 Jesum

1914 3813 2210 3878 Christum,
2265 3812 2552 3882 aliquando
2586 3812 2920 3882 Scripturam
2948 3827 3179 3878 sacram,
3220 3810 3512 3880 aliquando

1915 3905 2192 3960 cmlestem
2219 3905 2474 3974 patriam,
2525 3903 2815 3974 aliquando
2864 3913 3189 3973 praesentem
3238 3903 3511 3974 significat

1918 3997 2238 4053 Ecclesiam.
2258 3997 2546 4052 Dominum
2562 3995 2745 4052 Jesum
2774 3996 3050 4052 Christum
3079 3997 3368 4069 significat,
3395 3998 3504 4054 sic-

1913 4098 1974 4144 ut
2028 4089 2140 4160 ipse
2189 4089 2359 4144 dicit:
2395 4106 2413 4138 ι
2447 4087 2694 4158 Regnum
2740 4087 2838 4143 Dei
2900 4088 3042 4142 intra
3090 4104 3185 4144 vos
3231 4097 3314 4143 est
3354 4087 3504 4159 (Luc.

1915 4182 2074 4251 xvn).
2108 4199 2127 4232 ι
2181 4178 2515 4250 Scripturam
2548 4195 2781 4246 sacram,
2824 4179 2990 4234 veluti
3017 4179 3216 4235 Judaeis
3257 4196 3362 4235 non
3391 4196 3510 4235 crc-

1916 4272 2166 4326 dentibus
2195 4271 2428 4327 dicitur:
2489 4290 2507 4322 ι
2546 4270 2838 4326 Auferetur
2865 4288 2896 4326 a
2929 4272 3082 4328 vobis
3134 4287 3360 4341 regnum
3391 4272 3507 4335 Dei,

1914 4371 1969 4418 et
1989 4361 2204 4417 dabitur
2232 4363 2377 4434 genti
2403 4358 2627 4417 facienti
2659 4360 2868 4418 fructus
2917 4360 3032 4432 ejus
3061 4360 3277 4434 (Matth.
3318 4359 3456 4429 xxi).
3487 4382 3504 4412 ι

1915 4454 2204 4510 leestem
2248 4455 2500 4524 patriam,
2551 4463 2612 4508 ut
2638 4463 2722 4511 est
2745 4455 2915 4510 illud:
2979 4474 2996 4506 ι
3028 4453 3178 4509 Beati
3211 4455 3300 4522 qui
3328 4467 3510 4520 perse-

1916 4547 2186 4601 cutionem
2247 4546 2524 4616 patiuntur
2599 4555 2820 4618 propter
2867 4546 3177 4617 justitiam,
3249 4542 3505 4612 quoniam

228 4643 363 4699 Tim.
389 4647 497 4718 ιιι),
523 4648 576 4702 in
605 4648 854 4718 exemplo
882 4610 1134 4703 videlicet
1155 4610 1540 4713 lsraelitarrum,
1565 4649 1655 4719 qui
1685 4610 1810 4706 tunc

1924 4643 2154 4714 ipsorum
2202 4649 2286 4695 est
2310 4654 2533 4710 regnum
2559 4640 2818 4696 caelorum
2851 4637 3063 4708 (Matth.
3096 4636 3175 4704 v).
3208 4653 3226 4685 ι
3263 4633 3507 4688 Praesen-

221 4739 412 4795 durius
451 4750 578 4796 sunt
612 4741 794 4797 afllicti
831 4757 861 4796 a
884 4741 1188 4807 Pharaone,
1222 4743 1436 4811 quando
1463 4758 1561 4812 per
1588 4742 1807 4814 Moysen

218 4845 276 4890 et
334 4835 517 4890 Aaron
571 4837 638 4892 ad
672 4845 900 4892 .terram
953 4835 1385 4906 repromissionis
1436 4846 1562 4892 sunt
1611 4839 1807 4893 vocati.

221 4929 377 4986 Unde
397 4946 498 4986 nos
518 4931 736 5001 quidam
760 4931 994 5001 sapiens,
1021 4928 1273 4984 Salomon
1291 4929 1518 4996 scilicet,
1537 4930 1807 4996 admonet,

218 5024 436 5078 dicens:
468 5044 485 5075 ‹
506 5023 627 5089 Fili,
655 5023 920 5079 accedens
942 5024 1009 5078 ad
1025 5023 1339 5078 servitutem
1358 5022 1474 5087 Dei,
1491 5033 1573 5077 sta
1589 5023 1816 5092 injusti-

218 5117 295 5171 tia
324 5124 380 5171 et
410 5117 622 5181 timore,
652 5127 705 5170 et
739 5128 983 5185 praepara
1011 5114 1246 5168 animam
1274 5122 1420 5167 tuam
1453 5114 1520 5167 ad
1558 5114 1812 5169 tentatio-

215 5223 342 5262 nem
365 5205 558 5278 (Eccli.
589 5207 672 5277 ιι).
704 5227 724 5260 ι
749 5205 907 5262 Jesus
921 5213 1098 5259 autem
1116 5205 1334 5271 dormit,
1353 5205 1568 5275 quando
1587 5205 1814 5260 delecta-

212 5304 394 5357 tiones
428 5301 628 5365 carnis,
651 5308 706 5354 et
725 5298 1102 5369 persuasiones
1129 5297 1328 5353 diaboli
1357 5305 1544 5352 contra
1574 5305 1811 5352 mentem

211 5397 320 5453 viri
350 5395 522 5450 sancti
546 5396 824 5463 insurgere
849 5392 1133 5462 permittit.
1185 5391 1291 5447 Sed
1331 5407 1452 5446 cum
1483 5391 1596 5460 ipse
1619 5390 1702 5444 vir
1731 5391 1811 5444 in-

211 5490 406 5560 telligit
435 5504 494 5544 se
531 5489 718 5544 eadem
751 5494 1085 5542 tentamenta
1141 5501 1237 5540 sua
1293 5485 1494 5538 virtute
1546 5498 1808 5553 superare

209 5600 323 5639 non
357 5599 537 5654 posse,
581 5582 647 5638 ad
669 5579 1116 5652 omnipotentiam
1141 5578 1237 5632 Dei
1288 5578 1538 5632 recurrit.
1578 5576 1728 5632 Unde
1753 5584 1808 5631 et

205 5678 506 5734 subditur:
548 5696 567 5728 ί
605 5675 671 5730 Et
708 5679 1078 5735 accesserunt,
1116 5678 1171 5724 et
1225 5670 1620 5724 suscitaverunt
1657 5684 1803 5733 eum,

205 5773 499 5828 dicentes:
529 5770 775 5831 Domine,
809 5767 956 5822 salva
988 5779 1104 5827 nos,
1137 5763 1396 5832 perimus.
1433 5782 1450 5814 ι
1505 5761 1638 5828 Quia
1677 5761 1803 5816 lotis

202 5865 422 5920 viribus
472 5863 670 5919 mentis
717 5857 1144 5916 misericordiam
1198 5855 1290 5910 Dei
1351 5854 1640 5924 implorare
1691 5871 1798 5910 non

1924 4747 2029 4794 tem
2058 4737 2374 4803 Ecclesiam,
2409 4737 2548 4791 sicut
2588 4733 2711 4788 alibi
2737 4733 2810 4784 ait
2841 4749 2852 4783 :
2893 4749 2909 4780 t
2945 4729 3046 4795 Qui
3094 4728 3314 4784 solverit
3339 4743 3504 4782 unum

1918 4827 1984 4881 de
2023 4826 2290 4880 mandatis
2320 4824 2438 4878 istis
2465 4822 2735 4884 minimis,
2783 4828 2837 4872 et
2865 4819 3109 4874 docuerit
3134 4818 3212 4873 sic
3238 4817 3504 4884 homines,

1895 4907 2172 4972 minimus
2204 4915 2487 4970 vocabitur
2509 4913 2562 4967 in
2596 4927 2760 4984 regno
2783 4911 3042 4967 cmlorum
3070 4910 3285 4983 (Matth.
3317 4910 3456 4980 xix).
3483 4929 3502 4963 ι

1918 5009 2060 5078 Ergo
2087 5022 2308 5076 regnum
2351 5005 2612 5060 caelorum
2645 5004 2696 5057 in
2720 5003 2823 5058 hoc
2852 5002 2970 5058 loco
2992 5011 3315 5073 praesentem
3343 5001 3508 5071 signi-

1917 5101 2046 5158 ﬁcat
2064 5100 2386 5164 Ecclesiam,
2409 5098 2552 5169 quod
2583 5096 2758 5152 simile
2783 5097 2982 5152 dicitur
3007 5093 3412 5167 patrifamilias,
3450 5102 3509 5147 ut

1915 5217 2012 5272 per
2045 5216 2156 5254 rem
2183 5199 2475 5269 cognitam,
2535 5196 2862 5266 incognitam
2903 5193 3124 5248 credere
3183 5191 3458 5247 discamus
3493 5210 3504 5243 :

1918 5303 1974 5348 et
1999 5308 2094 5363 per
2139 5290 2367 5347 visibilia
2419 5289 2484 5344 ad
2513 5287 2803 5343 invisibilia
2831 5301 2984 5342 mens
3027 5293 3213 5341 nostra
3241 5284 3500 5354 rapiatur.

1918 5385 2052 5442 Nam
2082 5386 2208 5458 quia
2259 5382 2514 5454 parabola
2544 5391 2648 5448 est,
2705 5381 2835 5452 quid
2866 5377 3280 5452 paterfamilias,
3310 5384 3364 5430 et
3391 5373 3507 5441 ejus

1916 5480 2096 5543 vinea,
2143 5487 2199 5532 et
2239 5476 2498 5548 operarii,
2546 5472 3017 5542 remuneratioque
3063 5483 3250 5524 eorum
3308 5463 3506 5532 allego-

1918 5573 2028 5628 rice
2061 5570 2403 5641 significent,
2457 5568 2817 5623 attendamus.
2865 5559 3265 5618 Paterfamilias
3315 5563 3499 5608 autem

1914 5666 2018 5722 iste
2049 5664 2276 5736 figuram
2301 5664 2392 5717 Dei
2426 5671 2571 5718 tenet
2590 5658 3000 5728 omnipotentis,
3048 5653 3139 5723 qui
3191 5647 3387 5704 similis
3410 5659 3506 5716 pa-

1911 5756 2222 5812 trifamilias
2272 5755 2470 5810 dicitur
2501 5774 2512 5808 :
2545 5753 2692 5823 quia,
2717 5751 2856 5805 sicut
2891 5739 3281 5818 paterfamilias
3317 5737 3504 5808 subje-

1907 5858 2026 5905 ctos
2053 5850 2108 5903 in
2132 5848 2313 5913 domo,
2344 5847 2422 5901 sic
2443 5846 2583 5901 Deus
2605 5843 2947 5912 omnipotens
2977 5834 3224 5892 homines
3257 5830 3482 5888 ordinat
