4038 6352
542 344 646 401 155

1184 334 1538 392 HAYMONIS
1579 327 2060 387 HALBERSTAT.
2104 324 2317 381 EHSC.
2361 324 2511 381 OPP.
2556 324 2734 380 PARS
2774 325 2835 379 ll.
2868 355 2937 365 —
2966 324 3197 381 HOMIL.

3738 331 3836 383 £56

534 462 673 534 regit
710 466 876 530 atque
922 458 1157 528 disponit
1190 457 1244 511 in
1274 455 1496 510 mundo.
1558 452 1729 522 Hujus
1770 464 1900 519 ergo
1932 447 2126 517 patris-
2156 449 2204 511 Α
2231 444 2284 498 in
2343 445 2609 500 culturam
2675 445 2843 500 vineae
2906 444 3137 500 vocavit.
3170 444 3358 534 ‘Undc
3410 456 3463 499 et
3528 446 3830 503 subditur:

531 552 767 611 familias
808 552 961 606 vinea
985 591 1000 613 ,
1046 556 1232 604 sancta
1275 556 1360 602 est
1403 545 1677 610 Ecclesia,
1719 558 1837 613 qua:
1860 542 1930 597 ab
1958 541 2116 595 initio

534 644 719 699 mundi
747 656 916 712 usque
948 639 1018 694 ad
1049 639 1212 693 tinem
1232 636 1444 701 saeculi,
1481 644 1614 705 quot
1641 643 1860 689 sanctos
1884 630 2109 702 profert,

531 736 690 806 quasi
728 744 808 790 tot
858 732 1109 803 palmites
1142 739 1383 803 generat.
1444 729 1572 783 llaec
1608 728 1766 783 vinea
1798 726 2030 796 primum
2059 724 2113 778 in

533 828 731 899 populo
755 826 1065 882 Judaeum
1096 825 1198 880 fuit
1225 824 1485 893 plantata,
1520 823 1613 877 sed
1654 830 1775 892 post
1804 818 2015 874 Domini
2039 818 2117 871 in-

530 918 896 977 carnationem
924 932 1096 986 usque
1127 916 1194 971 ad
1220 916 1359 970 ﬁnes
1399 924 1556 969 terrae
1582 921 1666 967 est
1690 912 1939 975 dilatata,
1975 910 2117 964 sicut

526 1027 623 1083 per
645 1011 985 1068 Psalmistam
1009 1010 1210 1066 dicitur
1238 1027 1249 1062 :
1286 1028 1306 1061 ι
1332 1009 1558 1067 Vineam
1583 1007 1649 1062 de
1669 1006 1904 1076 Egypto
1933 1013 2114 1059 trans-

530 1102 718 1173 tulisti,
757 1102 967 1172 eiecisti
1012 1110 1227 1173 gentes,
1278 1108 1332 1156 et
1389 1099 1644 1171 plantasti
1690 1114 1831 1153 eam.
1882 1097 2001 1151 Dux
2029 1096 2118 1150 iti-

526 1195 672 1253 neris
699 1193 851 1251 fuisti
880 1196 939 1251 in
989 1203 1279 1264 conspectu
1308 1194 1454 1265 ejus.
1508 1202 1562 1248 et
1598 1192 1851 1263 plantain
1905 1190 2117 1246 radices

524 1284 661 1355 ejus,
716 1295 774 1342 et
825 1286 1070 1356 impluit
1111 1294 1331 1341 terram.
1381 1283 1606 1355 Operuit
1660 1292 1876 1338 montes
1922 1281 2114 1336 umbra

523 1376 659 1447 ejus,
692 1386 748 1432 et
768 1378 990 1433 arbusta
1020 1378 1133 1448 ejus
1170 1377 1363 1433 cedrus
1405 1376 1521 1430 Dei.
1571 1374 1826 1429 Extendit
1868 1372 2116 1443 palmites

523 1483 653 1527 suos
707 1483 878 1539 usque
908 1469 978 1524 ad
1022 1483 1173 1523 mare
1209 1477 1265 1527 et
1322 1482 1493 1537 usque
1531 1466 1598 1520 ad
1640 1463 1838 1520 ﬁumen
1868 1465 2118 1537 propagi-

522 1575 621 1616 nes
652 1559 767 1629 ejus
794 1560 966 1631 (Paul.
991 1561 1199 1631 Lxxtx).
1245 1580 1265 1612 ι
1298 1558 1424 1614 Haec
1447 1568 1533 1614 est
1551 1559 1698 1614 enim
1728 1558 1818 1615 illa
1841 1558 2022 1623 vinea,
2050 1558 2116 1613 de

521 1664 629 1718 qna
677 1650 729 1705 in
782 1649 1019 1706 Canticis
1070 1651 1409 1706 canticorum
1448 1666 1582 1707 voce
1628 1650 1823 1722 Sponsi
1871 1651 2110 1707 dicitur:

526 1762 545 1795 ι
581 1743 736 1800 Mane
770 1760 1057 1817 surgamus
1096 1746 1168 1800 ad
1206 1747 1423 1813 vineas,
1449 1748 1731 1803 videamus
1754 1748 1800 1802 si
1824 1747 2007 1802 ﬂoruit
2032 1748 2115 1802 vi-

2293 555 2310 587 ι
2346 537 2413 590 Et
2439 552 2688 609 egressura
2738 537 2881 592 circa
2920 537 3109 592 horam
3143 532 3381 604 tertiam,
3425 538 3645 595 invenit
3695 539 3831 598 alios

2221 647 2238 677 ‹
2283 635 2491 682 stantes
2515 628 2566 681 iu
2595 628 2710 684 foro
2734 628 2973 693 otiosos,
3000 635 3060 683 et
3094 627 3201 683 illis
3218 629 3396 687 dixit:
3430 629 3508 687 lte
3549 638 3613 686 et
3645 644 3750 686 vos
3777 632 3827 687 in

2222 737 2240 769 ι
2280 718 2492 774 vineam
2532 734 2733 784 meam,
2779 726 2833 775 et
2869 719 3013 787 quod
3039 718 3245 788 justum
3276 717 3440 775 fuerit
3464 719 3612 775 dabo
3643 721 3823 777 vobis.

2223 828 2240 861 t
2280 807 2357 863 llli
2386 816 2568 864 autem
2600 809 2867 865 abierunt.
2914 809 3115 867 lterum
3140 819 3321 866 autem
3347 811 3481 867 exiit
3505 812 3666 869 circa
3702 827 3826 869 sex-

2222 918 2239 950 (
2279 907 2387 955 tam
2411 910 2466 955 et
2492 916 2688 956 nonam
2711 903 2923 965 horam,
2970 911 3023 963 et
3064 901 3193 965 fecit
3216 903 3483 961 similiter.
3526 904 3700 962 Circa
3730 922 3824 962 nn-

2223 1010 2242 1043 ‹
2285 991 2549 1047 decimam
2579 1009 2708 1048 vero
2756 995 2909 1061 exiit,
2954 1002 3010 1049 et
3054 994 3263 1051 invenit
3290 995 3427 1053 alios
3468 1004 3723 1063 stantes,
3768 1007 3824 1055 et

2224 1100 2241 1137 ι
2281 1082 2416 1138 dixit
2439 1084 2581 1139 illis:
2625 1085 2762 1152 Quid
2806 1085 2895 1141 llic
2920 1085 3077 1141 statis
3114 1094 3222 1142 tota
3250 1086 3340 1143 die
3381 1087 3588 1144 otiosi?
3618 1088 3822 1144 Dicunt

2224 1193 2243 1228 ι
2281 1175 2368 1229 ei:
2416 1176 2552 1245 Quia
2595 1192 2752 1233 nemo
2779 1193 2878 1233 nos
2923 1178 3203 1235 conduxit.
3253 1180 3407 1241 Dicit,
3438 1179 3588 1237 illis:
3644 1181 3728 1236 lte
3771 1190 3822 1237 et

2224 1287 2241 1317 ι
2282 1280 2376 1322 vos
2414 1268 2469 1322 in
2514 1268 2727 1324 vineam
2764 1284 2962 1325 meam.
3002 1289 3020 1321 ι
3081 1270 3330 1327 Varietas
3380 1271 3651 1326 horarum
3706 1271 3820 1341 qui-

2217 1360 2317 1413 bus
2360 1349 2596 1429 operarii
2646 1360 2699 1417 in
2748 1360 2920 1415 vineae
2967 1358 3233 1416 culturam
3288 1360 3619 1424 mittuntur,
3672 1362 3821 1416 varia

2218 1450 2485 1521 signiﬁcat
2527 1461 2787 1523 tempora,
2820 1451 2874 1507 in
2900 1452 3094 1522 quibus
3118 1453 3292 1507 sancti
3329 1453 3586 1524 operarii,
3628 1452 3815 1523 utique

2219 1540 2444 1609 ﬁdeles,
2494 1544 2563 1598 ad
2611 1544 2945 1614 spiritualem
2996 1545 3209 1600 vineam
3262 1544 3616 1600 excolendam
3669 1543 3818 1599 missi

2219 1643 2384 1690 sunt:
2416 1634 2569 1691 illanc
2607 1636 2805 1707 quippe
2844 1635 3031 1691 mundi
3068 1635 3171 1693 fuit
3210 1636 3278 1693 ab
3322 1636 3496 1691 Adam
3541 1650 3727 1704 usque
3754 1636 3816 1692 ad

2219 1726 2352 1785 Noe.
2388 1728 2595 1795 Tertia,
2639 1744 2671 1783 a
2700 1727 2813 1785 Noe
2844 1743 3018 1800 usque
3060 1728 3127 1783 ad
3172 1728 3467 1793 Abraham.
3506 1727 3704 1793 Sexta,
3754 1728 3815 1783 ab

521 1850 643 1901 nea,
666 1836 712 1892 si
735 1814 896 1894 ﬂores
918 1836 1130 1893 fructus
1152 1838 1464 1907 parturiunt
1479 1838 1655 1909 (Cant.
1679 1840 1798 1909 vn).
1824 1858 1844 1891 ι
1866 1838 1933 1893 Ει
1948 1839 2109 1893 item:

2218 1821 2490 1877 Abraham
2531 1836 2702 1892 usque
2740 1822 2809 1877 ad
2855 1820 3094 1893 Moysen.
3142 1820 3316 1886 Nona,
3356 1836 3387 1875 a
3426 1820 3612 1892 Moyse
3652 1836 3814 1893 usque

526 1947 544 1978 ι
580 1926 747 1985 Vinea
790 1930 930 1985 facta
960 1938 1045 1985 est
1070 1930 1296 2000 paciﬁca
1322 1932 1375 1985 in
1404 1947 1469 1986 ea
1512 1947 1632 2001 quae
1658 1933 1824 1988 habet
1865 1932 2109 2003 populos.

521 2017 769 2075 Tradidit
816 2035 937 2077 eam
979 2022 1317 2088 custodibus,
1365 2023 1447 2077 vir
1494 2022 1673 2078 aufert
1706 2038 1804 2093 pro
1849 2022 2113 2080 fructibus

519 2108 637 2180 eius
664 2112 810 2169 mille
840 2122 1127 2186 argenteos
1158 2113 1333 2187 (Cant.
1377 2115 1518 2185 Vill).
1550 2136 1569 2169 ι
1599 2116 1673 2172 De
1706 2132 1813 2187 qua
1844 2118 2008 2173 etiam
2036 2117 2114 2171 vi-

522 2219 621 2259 nea
642 2220 740 2275 per
771 2205 963 2262 Isaiam
995 2208 1229 2265 dicitur:
1284 2229 1303 2262 ι
1339 2209 1580 2265 Cantabo
1618 2211 1813 2268 dilecto
1840 2227 1963 2269 meo
1986 2227 2114 2267 can-

522 2295 685 2351 ticum
710 2299 968 2368 patruelis
1009 2301 1115 2355 mei
1153 2302 1322 2356 vineae
1344 2317 1493 2355 sum:
1532 2303 1703 2358 Vinea
1736 2301 1879 2359 facta
1924 2311 2011 2359 est
2029 2303 2114 2359 di-

519 2386 658 2442 lecto
689 2404 809 2445 tneo
839 2390 890 2446 in
923 2406 1093 2446 cornu
1142 2391 1253 2449 ﬁlio
1280 2393 1407 2447 olei.
1464 2393 1675 2464 Scpivit
1703 2410 1845 2461 eam,
1893 2402 1950 2452 et
1976 2396 2111 2467 lapi-

520 2478 613 2533 des
651 2479 814 2551 elegit
847 2498 913 2537 ex
944 2483 1055 2549 illa,
1092 2493 1151 2540 et
1187 2485 1448 2554 plantavit
1486 2502 1607 2541 eam
1632 2488 1880 2543 electam.
1911 2490 1975 2543 Et
2001 2498 2111 2545 tor-

522 2570 672 2624 cular
697 2576 968 2631 exstruxit
998 2576 1049 2631 in
1083 2578 1261 2633 medio
1284 2579 1421 2649 ejus,
1460 2589 1515 2636 et
1544 2583 1778 2637 maceria
1803 2583 2109 2643 circumde-

519 2660 599 2717 dit
635 2676 774 2719 eam.
832 2665 901 2722 Et
944 2670 1280 2738 exspectavit
1324 2680 1385 2725 ut
1428 2670 1633 2727 faceret
1685 2689 1837 2737 uvas,
1882 2683 1938 2730 et
1982 2674 2110 2729 fe‘cit

518 2750 797 2811 labruscas
830 2756 964 2828 (Isa.
1000 2759 1074 2829 v).
1105 2780 1122 2810 ι
1154 2759 1283 2827 Quae
1314 2772 1493 2819 autem
1523 2765 1595 2819 sit
1622 2764 1736 2834 ipsa
1761 2767 1936 2831 vinea,
1967 2766 2107 2821 idem

520 2849 782 2917 propheta
832 2850 1109 2907 subdendo
1140 2854 1491 2913 manifestans
1531 2858 1649 2912 ait:
1708 2878 1725 2909 ι
1762 2858 1927 2913 Vinea
1964 2858 2106 2913 enim

523 2938 734 2994 Domini
759 2940 985 2999 sabaoth
1029 2945 1220 3001 domus
1250 2945 1410 3002 Israel
1433 2958 1534 3015 est,
1568 2959 1622 3004 et
1652 2949 1756 3004 viri
1799 2949 1933 3004 .luda
1984 2967 2106 3022 ger-

521 3044 644 3086 men
685 3031 1000 3090 deleCtabile
1048 3035 1236 3109 (Ibid.)
1266 3058 1284 3089 ι
1327 3038 1385 3093 ln
1425 3042 1529 3096 hac
1548 3049 1726 3096 autem
1776 3042 1931 3097 vinea
1958 3052 2109 3099 tanto

523 3121 751 3191 quisque
792 3122 1003 3181 fidelius
1026 3126 1254 3191 laborat,
1293 3139 1499 3199 quanto
1552 3131 1761 3187 firmius
1786 3131 1952 3187 Deum
1991 3150 2108 3190 ere-

523 3212 633 3279 dit,
673 3224 730 3270 et
752 3214 870 3285 ejus
893 3219 1147 3274 mandata
1175 3222 1460 3278 sollicitius
1485 3225 1750 3291 custodit,
1785 3234 1995 3281 terrena
2018 3228 2109 3283 de-

520 3319 707 3363 serens
756 3317 813 3363 et
839 3310 1081 3367 coelestia
1110 3314 1393 3370 anhelans.
1453 3315 1520 3371 Et
1565 3324 1712 3373 tanto
1756 3318 1809 3372 in
1848 3334 1910 3374 ea
1954 3320 2108 3375 labo-

523 3414 649 3455 rans
676 3402 957 3459 uberiores
989 3405 1196 3463 fructus
1220 3408 1432 3476 reddit,
1478 3420 1683 3481 quanto
1728 3429 1833 3469 non
1863 3430 1982 3480 sua,
2014 3415 2109 3470 sed

520 3492 694 3549 aliena
726 3495 872 3551 lucra
910 3500 1126 3568 quaerit.
1152 3500 1258 3569 Qui
1281 3502 1425 3557 enim
1457 3520 1576 3574 quae
1601 3520 1698 3561 sua
1742 3516 1868 3561 sunt
1891 3508 2106 3577 qumit,

521 3597 628 3638 non
648 3600 770 3654 quae
804 3584 935 3643 Iesu
963 3588 1189 3656 Christi,
1220 3608 1324 3647 non
1366 3593 1575 3651 laborat
1602 3597 1655 3651 in
1687 3598 1843 3652 vinea
1880 3597 2106 3653 Christi.

518 3673 601 3727 Ad
654 3675 793 3732 hanc
858 3694 988 3750 ergo
1036 3680 1249 3736 vineam
1314 3685 1662 3740 excolendam
1720 3687 2111 3756 paterfamilias

519 3767 695 3837 primo
724 3784 882 3826 mane
906 3773 1041 3827 exiit
1072 3792 1085 3827 :
1131 3775 1256 3843 quia
1288 3776 1357 3831 ab
1382 3776 1538 3831 initio
1563 3778 1743 3833 seaculi
1775 3780 1915 3836 Deus
1935 3783 2111 3837 omni—

519 3869 708 3929 potens
734 3872 954 3918 sanctos
976 3865 1121 3920 viros
1168 3867 1382 3922 mittere
1432 3883 1539 3923 non
1573 3870 1810 3935 destitit,
1861 3874 1952 3943 qui
2002 3889 2110 3928 non

520 3951 692 4007 solum
725 3953 861 4009 bene
906 3955 1135 4012 vivendo
1180 3958 1321 4014 hanc
1351 3960 1563 4016 vineam
1596 3964 1984 4031 excoluerunt,
2014 3967 2111 4021 sed

520 4045 683 4099 etiam
714 4046 851 4101 bene
884 4048 1143 4111 docendo,
1191 4050 1242 4104 in
1288 4049 1407 4119 ejus
1428 4053 1698 4109 culturam
1727 4055 1987 4125 plurimos
2012 4075 2108 4113 vo-

521 4147 800 4192 caverunt.
842 4137 1000 4206 Quod
1028 4150 1207 4195 autem
1232 4145 1535 4199 mercedem
1560 4148 1826 4216 recepturi
1855 4148 1981 4215 sint,
2018 4151 2110 4219 qui

522 4227 578 4282 in
611 4227 713 4283 hac
743 4230 920 4294 vinea,
968 4230 1021 4285 id
1045 4239 1153 4297 est,
1198 4232 1251 4287 in
1292 4234 1531 4291 Ecclesia
1583 4238 1811 4294 fideliter
1840 4239 2108 4307 laborant,

523 4318 902 4374 manifestatur
948 4336 1074 4375 cum
1104 4323 1356 4378 subditur
1386 4343 1401 4378 :

596 4432 618 4464 α
655 4413 1021 4471 Conventione
1058 4423 1239 4470 autem
1272 4415 1412 4472 facta
1455 4434 1582 4474 cum
1610 4421 1875 4491 operariis
1911 4437 1981 4477 ex
2022 4424 2114 4478 de-

530 4525 547 4558 ‹
590 4507 745 4561 nario
790 4508 1005 4574 diurno,
1055 4508 1203 4564 misit
1242 4526 1336 4567 eos
1381 4513 1434 4567 in
1466 4514 1679 4569 vineam
1723 4530 1895 4570 suam.
1932 4536 1951 4569 ι
2006 4516 2112 4573 Per

524 4598 807 4654 denarium
872 4601 965 4670 qui
1012 4601 1387 4660 laborantibus
1431 4605 1487 4660 in
1539 4606 1696 4662 vinea
1732 4608 2107 4678 promittitur,

524 4691 648 4746 vitae
676 4700 893 4746 mternae
938 4696 1303 4750 remuneratio
1353 4696 1632 4767 ﬁguratur.
1682 4699 1749 4752 Et
1775 4707 1900 4768 apte
1928 4700 2061 4753 satis
2093 4719 2105 4753 :

525 4799 648 4839 nam
695 4784 752 4837 in
785 4783 1009 4842 denario
1038 4787 1217 4858 imago
1262 4789 1402 4858 regis
1440 4790 1785 4858 exprimitur,
1831 4791 1992 4847 homo
2020 4808 2112 4846 au-

527 4884 634 4931 tem
660 4875 728 4929 ad
771 4875 1062 4947 imaginem
1105 4886 1158 4931 et
1200 4880 1605 4936 similitudinem
1649 4879 1741 4936 Dei
1782 4881 1955 4937 factus
2003 4894 2106 4948 est,

526 4968 643 5037 ipso
683 4969 909 5023 Domino
933 4971 1183 5026 dicente:
1228 4989 1246 5025 α
1281 4971 1565 5028 Faciamus
1584 4975 1854 5030 hominem
1888 4978 1955 5029 ad
1983 4978 2113 5053 ima-

526 5060 704 5127 ginem
733 5068 789 5114 et
811 5061 1213 5118 similitudinem
1236 5073 1474 5119 nostram
1500 5064 1653 5137 (Gen.
1680 5070 1764 5131 ιι).
1793 5085 1810 5115 ι
1838 5064 1944 5121 Sed
1970 5066 2111 5122 hanc

529 5153 814 5221 imaginem
859 5164 986 5211 tunc
1014 5158 1253 5223 violavit,
1305 5160 1523 5230 quando
1553 5158 1817 5229 peccavit.
1861 5158 2112 5215 Conven-

530 5245 726 5299 tionem
755 5262 886 5318 ergo
909 5263 1028 5303 cum
1056 5250 1318 5320 operariis
1341 5249 1746 5320 paterfamiliae
1772 5264 1840 5304 ex
1881 5250 2108 5306 denario

527 5338 720 5393 diurno
754 5340 901 5407 facit,
958 5344 1085 5413 quia
1124 5343 1271 5397 illam
1302 5342 1530 5412 gloriam
1583 5343 1720 5397 bene
1760 5342 2112 5413 operantibus

526 5432 933 5505 promittitpost
956 5436 1209 5498 laborem,
1260 5450 1421 5504 quam
1462 5435 1671 5505 primus
1697 5436 1877 5500 homo,
1926 5437 1971 5491 si
2004 5451 2112 5493 non

526 5532 823 5589 peccasset,
872 5525 1156 5579 habiturus
1201 5523 1378 5578 fuerat
1414 5523 1533 5578 sine
1565 5524 1768 5581 labore.
1822 5524 1930 5581 Sed
1983 5526 2109 5597 quia

524 5624 643 5684 post
673 5626 950 5685 peccatum
976 5619 1214 5671 humana
1242 5613 1480 5670 conditio
1515 5616 1569 5670 in
1610 5619 1865 5686 praesenti
1912 5618 2110 5673 saeculo

525 5705 613 5760 diu
658 5723 977 5778 permanere
1006 5723 1110 5763 non
1163 5715 1386 5777 potest,
1427 5706 1617 5764 electis
1659 5724 1758 5779 per
1810 5711 2109 5767 successio-

524 5813 646 5853 nem
686 5799 1101 5854 succedentibus
1131 5839 1144 5862 ,
1206 5813 1305 5865 per
1355 5798 1504 5854 varia
1554 5808 1798 5870 tempora
1833 5802 2110 5870 operarios

2216 1913 2284 1968 ad
2314 1913 2602 1969 adventum
2633 1913 2865 1985 Domini.
2901 1912 3215 1979 Undecima,
3247 1914 3313 1970 ab
3342 1914 3575 1971 adventu
3597 1914 3808 1971 Domini

2214 2018 2384 2073 usque
2423 2004 2493 2060 ad
2522 2003 2685 2059 ﬁnem
2714 2004 2919 2063 saeculi.
2968 2004 3040 2060 Ut
3066 2012 3245 2061 autem
3274 2020 3342 2060 ex
3377 2004 3569 2061 multis
3612 2021 3807 2077 paucos

2215 2098 2532 2164 referamus,
2586 2099 2797 2171 aliquos
2822 2100 2924 2165 sub
2966 2101 3214 2173 exemplo
3244 2116 3530 2172 ponamus.
3566 2098 3803 2171 Opemrii

2213 2205 2342 2265 ergo
2366 2190 2542 2261 primo
2570 2207 2749 2259 mane,
2783 2192 2835 2247 id
2856 2200 2941 2249 est
2964 2192 3142 2262 prima
3168 2193 3301 2248 hora
3323 2193 3426 2248 diei
3441 2192 3663 2247 fuerunt
3680 2192 3802 2248 Abel

2212 2290 2270 2337 et
2294 2280 2503 2349 Enocb,
2533 2291 2587 2337 et
2615 2283 2795 2339 caeteri
2822 2282 2913 2341 alii
2934 2323 2950 2350 ,
2987 2284 3077 2353 qui
3106 2283 3161 2339 iu
3212 2283 3303 2341 illa
3348 2291 3511 2339 :etate
3557 2283 3668 2340 Deo
3692 2282 3796 2353 pla-

2214 2385 2462 2433 cuerunt.
2513 2374 2697 2432 Tertia
2725 2376 2881 2442 hora,
2908 2376 3191 2448 operarius
3215 2375 3317 2432 fuit
3338 2377 3639 2442 Abraham,
3660 2377 3792 2433 lsaac

2212 2477 2267 2531 et
2300 2466 2488 2534 Jacob,
2521 2477 2576 2525 et
2610 2468 2896 2525 duodecim
2924 2469 3264 2540 patriarchae.
3306 2468 3460 2524 Nona
3492 2470 3646 2535 hora,
3674 2484 3787 2540 cpe-

2211 2563 2483 2630 rariorum
2519 2577 2776 2617 numerus
2831 2577 3081 2623 crescere
3129 2562 3312 2632 cmpit,
3362 2562 3588 2630 quando
3606 2562 3776 2619 missus

2212 2664 2296 2727 est
2321 2655 2529 2726 Moyses
2568 2664 2623 2709 et
2650 2655 2854 2721 Aaron,
2911 2654 3096 2719 Josue,
3128 2653 3369 2718 Samuel,
3397 2654 3595 2719 David,
3616 2653 3780 2717 lsaias,

2209 2747 2473 2804 Jeremias
2522 2756 2577 2804 et
2602 2748 2782 2818 plures
2808 2747 2918 2802 alii.
2953 2746 3249 2803 Undecima
3280 2761 3410 2801 vero
3434 2746 3595 2812 bora,
3614 2760 3787 2817 opera-

2211 2842 2277 2899 rii
2311 2843 2379 2898 ad
2401 2841 2751 2899 excolendam
2798 2841 3036 2907 vineam,
3084 2841 3139 2897 id
3180 2848 3264 2897 est
3307 2840 3626 2904 Ecclesiam,
3654 2835 3795 2894 missi

2212 2948 2339 2993 sunt
2370 2937 2543 2992 sancti
2587 2935 2837 3007 apostoli,
2881 2935 2973 3005 qui
3006 2941 3157 2991 tanto
3199 2934 3496 2990 studiosius
3522 2942 3687 3004 atque
3723 2931 3799 2987 di-

2212 3030 2466 3099 ligentius
2519 3029 2659 3085 banc
2690 3028 2903 3085 vineam
2935 3025 3241 3092 coluerunt,
3280 3035 3484 3097 quanto
3510 3025 3804 3096 perfectius

2216 3121 2284 3177 ab
2307 3122 2420 3193 ipsa
2450 3121 2682 3177 veritate
2707 3119 2958 3175 instructi
2988 3118 3225 3174 fuerunt.
3260 3116 3411 3173 Unde
3446 3132 3586 3172 unus
3613 3131 3806 3172 eorum

2216 3214 2554 3284 loquebatur,
2592 3212 2779 3268 dicens
2813 3228 2827 3264 :
2871 3229 2891 3263 ί
2926 3210 3035 3273 Nos
3059 3225 3265 3276 sumus,
3294 3210 3346 3264 iu
3372 3224 3508 3279 quos
3545 3208 3679 3267 fines
3701 3224 3811 3263 sa:-

2216 3305 2458 3362 culorum
2487 3305 2822 3360 devenerunt
2850 3301 2902 3373 (I
2932 3300 3055 3357 Cor.
3083 3300 3160 3373 ι).
3197 3321 3217 3355 ι
3270 3300 3329 3357 Si
3353 3309 3529 3356 autem
3563 3300 3709 3359 banc
3730 3299 3807 3353 si-

2217 3399 2572 3455 militudinem
2608 3398 2677 3452 ad
2704 3405 2996 3464 utrumque
3022 3395 3278 3465 populum
3302 3434 3317 3460 ,
3362 3392 3671 3449 Judaeorum
3700 3392 3807 3449 sei-

2216 3490 2343 3551 licet
2364 3500 2421 3545 et
2448 3489 2713 3561 gentium,
2746 3485 3067 3551 referamus,
3094 3485 3376 3556 operarius
3405 3483 3554 3539 horae
3593 3483 3803 3555 prima,

2217 3584 2407 3648 tertiae,
2456 3590 2624 3636 sextae
2652 3588 2708 3636 et
2745 3593 2921 3644 nonae,
2966 3576 3276 3634 ludazorum
3312 3575 3544 3647 populus
3571 3574 3627 3630 in
3667 3573 3801 3628 anti—

2215 3677 2336 3747 quis
2366 3677 2477 3735 suis
2507 3675 2750 3746 patribus
2791 3671 2915 3739 fuit,
2962 3681 3022 3727 et
3068 3672 3216 3727 velut
3261 3670 3559 3743 spiritualis
3598 3685 3705 3725 una
3754 3669 3802 3723 in

2215 3769 2401 3827 electis
2426 3769 2540 3831 suis
2564 3765 2766 3823 ﬂoruit.
2822 3765 2905 3820 Ad
2929 3764 3269 3837 undecimam
3300 3779 3431 3819 vero
3457 3763 3689 3836 gentiles
3714 3777 3802 3817 vo-

2215 3864 2321 3918 cati
2347 3871 2491 3929 sunt,
2546 3862 2672 3932 quia
2698 3868 2823 3932 post
2863 3859 3237 3915 ascensionem
3269 3858 3483 3914 Domini
3505 3858 3803 3929 pradican-

2215 3954 2361 4009 tibus
2419 3951 2679 4023 apostolis
2728 3949 3113 4015 crediderunt,
3184 3950 3250 4005 de
3307 3948 3505 4019 quibus
3565 3948 3800 4005 dicitur:

2220 4066 2237 4097 ί
2273 4046 2411 4113 Quid
2437 4045 2524 4100 hic
2559 4044 2717 4099 statis
2750 4050 2862 4098 tota
2905 4041 2992 4097 die
3019 4041 3226 4097 otiosi?
3262 4060 3281 4095 ι
3325 4040 3460 4097 Tota
3486 4040 3574 4096 die
3613 4031 3804 4111 quippe

2213 4141 2373 4196 otiosi
2421 4139 2655 4201 stabant,
2684 4138 2776 4209 qui
2808 4137 2879 4192 ab
2916 4136 3034 4205 ipso
3061 4135 3246 4190 mundi
3295 4134 3591 4202 primordio
3638 4148 3805 4204 usque

2216 4233 2283 4287 ad
2312 4231 2523 4288 Domini
2554 4229 3011 4291 incarnationem,
3046 4243 3077 4281 a
3113 4227 3324 4282 cultura
3353 4225 3445 4281 Dei
3474 4224 3639 4282 alieni
3687 4241 3804 4296 per-

2215 4326 2525 4381 manebant.
2570 4322 2759 4378 Nullus
2780 4321 2928 4379 enim
2972 4320 3040 4375 ad
3067 4335 3257 4377 eorum
3305 4317 3665 4375 eruditionem
3722 4334 3805 4393 pa—

2217 4416 2475 4481 triarcha,
2506 4414 2686 4471 nullus
2704 4412 2972 4485 propheta
3002 4411 3195 4466 missus
3221 4408 3429 4474 fuerat,
3471 4408 3617 4463 unde
3643 4424 3806 4465 exut-

2217 4518 2398 4565 santes
2422 4508 2643 4564 dicunt:
2697 4524 2715 4557 ί
2749 4504 2884 4571 Quia
2927 4518 3089 4559 nemo
3144 4517 3243 4561 nos
3272 4501 3552 4557 conduxit.
3592 4521 3611 4553 ι
3662 4500 3805 4569 Quid

2216 4611 2300 4656 est
2327 4602 2505 4656 dicere
2537 4619 2549 4654 :
2578 4599 2750 4655 Nemo
2776 4613 2877 4654 nos
2917 4596 3196 4661 conduxit,
3241 4595 3346 4651 nisi
3372 4595 3504 4666 quia
3552 4610 3716 4653 nemo
3742 4592 3803 4650 ad

2217 4693 2483 4748 culturam
2533 4688 2830 4763 spiritualis
2860 4689 3028 4745 vinea:
3077 4702 3174 4747 nos
3224 4686 3476 4744 vocavit?
3502 4686 3561 4743 lu
3609 4686 3806 4756 quibus

2217 4785 2397 4840 verbis
2434 4799 2532 4839 nos
2580 4789 2796 4838 nostras
2842 4780 3206 4837 conscientias
3253 4794 3599 4839 commovere
3646 4780 3809 4837 debe-

2222 4895 2358 4940 mus,
2415 4886 2469 4931 et
2496 4875 2843 4931 considerare
2882 4873 3191 4944 diligentius
3236 4873 3367 4944 quid
3415 4874 3467 4927 in
3497 4881 3683 4928 nostra
3711 4888 3804 4927 ex.

2217 4970 2494 5027 cusatione
2540 4968 2594 5022 in
2620 4958 2726 5023 die
2766 4965 2953 5036 iudicii
3002 4966 3196 5023 dicturi
3240 4980 3465 5033 sumus,
3510 4964 3559 5021 si
3604 4981 3635 5018 a
3666 4966 3807 5022 bona

2218 5077 2380 5133 Opere
2408 5067 2684 5130 torpentes
2711 5058 2915 5114 inventi
2946 5057 3228 5123 fuerimus,
3251 5059 3367 5127 qui,
3388 5073 3457 5123 ex
3479 5057 3807 5115 Christianis

2219 5153 2532 5226 parentibus
2558 5153 2689 5216 nati,
2743 5160 2797 5206 et
2832 5166 2968 5220 pene
2998 5151 3068 5206 ab
3114 5150 3247 5220 ipsis
3275 5146 3556 5207 cunabulis
3583 5150 3808 5204 verbum

2211 5251 2337 5305 vita:
2380 5227 2689 5316 accepimus
2710 5286 2723 5307 ,
2765 5253 2820 5299 et
2854 5260 2974 5299 cum
3010 5243 3149 5301 lacte
3178 5242 3362 5299 carnis
3389 5242 3531 5298 lacte
3557 5241 3807 5312 Scriptu-

2217 5356 2399 5397 rarum
2451 5338 2638 5394 nutriti
2674 5352 2878 5394 sumus.
2923 5336 3098 5393 Tanto
3139 5350 3270 5408 ergo
3312 5335 3658 5392 sollicitiores
3686 5352 3809 5393 esse

2215 5433 2471 5489 debemus
2534 5430 2587 5484 in
2638 5430 2780 5485 bono
2828 5444 3033 5498 opere,
3070 5437 3276 5499 quanto
3327 5429 3505 5491 minus
3554 5431 3809 5501 ignoran-

2221 5529 2350 5583 tiam
2423 5524 2755 5596 prtetendere
2832 5523 2885 5579 in
2951 5533 3137 5580 nostra
3202 5522 3551 5597 excusatione
3598 5525 3807 5594 poteri«

2220 5633 2372 5682 mus,
2435 5615 2640 5673 scilicet
2702 5614 2917 5686 quando
2978 5612 3370 5669 iuexcusabiles
3432 5614 3642 5668 erimus
3669 5654 3685 5679 ,
3746 5616 3809 5669 de

2221 5708 2499 5765 vocatione
2528 5717 2690 5777 atque
2713 5707 2806 5763 Dei
2837 5707 3141 5778 cognitione
3166 5714 3471 5763 metuentes
3500 5723 3516 5759 :
3546 5706 3672 5777 quia
3699 5722 3808 5761 non

2219 5802 2335 5871 pari
2385 5801 2543 5858 modo
2570 5809 2939 5866 coarctantur,
2991 5799 3084 5871 qui
3132 5799 3367 5857 scienter
3408 5808 3463 5857 et
3496 5799 3811 5872 ignoranter
