4038 6352
201 402 294 458 167

1381 394 1683 452 HOMILLE
1726 394 1815 449 DE
1853 394 2198 452 TEMPORE.

3338 402 3441 459 l58

196 524 433 587 peccant,
468 516 607 569 sicut
638 512 893 568 Dominus
932 488 1005 567 ait
1058 512 1114 567 in
1139 510 1424 583 Evnngelio
1454 528 1465 562 :
1508 530 1524 561 ι
1561 508 1760 564 Servus
1787 509 1836 569 Α
1864 526 1968 582 que
1980 511 2067 566 die
2091 524 2383 567 conversus
2400 514 2566 570 fuerit
2585 526 2642 570 et
2664 516 3003 588 ingemuerit,
3026 516 3206 571 omnia
3221 527 3443 588 peccata

194 610 282 679 qui
309 608 479 665 nescit
508 606 832 661 voluntatem
852 605 1056 661 domini
1082 605 1199 669 sui,
1223 613 1277 658 et
1299 620 1404 660 non
1427 603 1559 659 facit
1586 602 1765 675 digne,

195 701 360 773 plagis
404 699 677 770 vapulabit
708 699 931 769 paucis:
969 700 1145 755 sciens
1185 705 1385 763 autem,
1432 705 1489 751 et
1534 711 1640 752 non
1665 695 1766 749 't‘a-

196 792 336 847 ciens
380 789 563 859 digne,
612 790 786 860 plagis
830 789 1106 859 vapulabit
1150 789 1335 845 multis
1381 788 1534 860 (Luc.
1585 791 1706 857 xu).
1742 806 1764 840 ι

198 880 463 936 Moraliter
508 889 690 942 autem
715 896 1000 951 possumus
1040 882 1138 937 has
1184 881 1472 935 varietates
1513 880 1769 936 horarum

194 975 257 1029 ad
284 982 482 1030 nostrae
524 973 703 1029 aetatis
744 982 1017 1029 momenta
1069 971 1291 1029 referre.
1346 972 1500 1028 Mane
1552 973 1767 1043 quippe,

194 1065 416 1121 hominis
444 1064 675 1134 pueritia
698 1074 819 1120 est:
852 1065 1032 1131 tertia,
1064 1064 1445 1120 adolescentia.
1475 1064 1611 1131 Quia
1634 1051 1772 1119 sicut

194 1158 266 1214 sol
293 1158 422 1212 hora
456 1157 618 1212 tertia
646 1156 713 1211 ad
740 1159 1016 1226 superiora
1046 1158 1344 1213 ascendens
1368 1196 1383 1222 ,
1430 1156 1610 1211 radios
1660 1166 1770 1211 sua

192 1249 446 1305 claritatis
496 1248 707 1318 aperire
752 1248 958 1318 incipit,
1002 1250 1077 1303 ita
1124 1249 1177 1303 in
1211 1248 1572 1304 adolescentia
1619 1247 1767 1303 calor

194 1341 445 1396 naturalis
472 1341 756 1413 sanguinis
778 1341 992 1397 crescit.
1022 1341 1162 1396 Hora
1192 1352 1342 1396 sexta
1365 1341 1626 1411 juventus
1650 1347 1764 1394 est:

192 1433 305 1501 quia
325 1433 468 1488 sicut
492 1433 571 1488 sol
612 1433 742 1489 hora
784 1442 936 1488 sexta
964 1434 1016 1488 in
1048 1434 1223 1488 medio
1252 1432 1375 1489 caeli
1402 1432 1632 1503 positus,
1660 1448 1768 1488 non

191 1523 353 1579 solum
384 1524 778 1594 spendidiores,
834 1525 928 1579 sed
965 1524 1126 1579 etiam
1184 1524 1536 1579 ferventiores
1588 1522 1770 1580 radios

190 1617 401 1683 emittit,
446 1617 811 1688 itajuventus
852 1618 1074 1684 habilis,
1122 1626 1388 1688 prompta,
1436 1627 1561 1688 apta
1606 1627 1769 1689 atque

192 1708 405 1763 robusta
429 1710 502 1763 ab
522 1710 724 1769 bonum
768 1726 903 1780 opus
948 1709 1251 1765 faciendum
1283 1711 1574 1765 invenitur.
1617 1710 1768 1767 Nona

191 1816 310 1856 vero
365 1802 546 1866 hora,
607 1812 855 1858 senectus
909 1811 1035 1857 est:
1096 1805 1219 1871 quia
1293 1803 1432 1857 sicut
1486 1803 1565 1858 sol
1627 1803 1762 1858 hora

1868 602 2051 671 ejusin
2078 602 2399 658 oblivionem
2417 606 2712 661 tradentur.
2746 628 2763 658 ι
2780 607 2887 665 Sed
2908 606 3159 678 quoniam
3181 605 3446 664 calliditas

1869 696 2076 765 antiqui
2128 697 2297 752 hostis
2324 697 2374 750 in
2427 698 2529 753 hac
2577 710 2732 769 parte
2764 700 2968 771 tepidos
3005 696 3255 771 decipere
3302 700 3444 756 solet

1868 789 2228 854 Christianos,
2263 797 2320 843 ut
2346 790 2542 860 quibus
2568 792 2757 846 suadet
2790 794 3023 863 culpam,
3060 793 3276 864 longam
3311 806 3444 861 pro-

1870 882 2053 937 mittat
2091 882 2279 946 vitam,
2306 881 2461 951 quasi
2488 883 2541 936 in
2563 890 2839 937 senectute
2860 883 2944 938 vel
2971 883 3248 954 decrepita
3282 889 3447 936 aetatu

1871 973 2181 1043 paenitendo
2208 973 2438 1039 diluant,
2484 974 2627 1042 quod
2673 974 2728 1028 in
2771 974 3130 1030 adolescentia
3159 973 3246 1029 vel
3274 973 3330 1029 in
3357 970 3448 1041 ju-

1871 1073 2092 1120 ventute
2117 1066 2518 1128 commiserunt,
2553 1080 2771 1121 necesse
2797 1075 2882 1120 est
2903 1076 3106 1131 tamen,
3125 1075 3186 1122 ut
3201 1066 3328 1137 quia
3348 1066 3447 1122 ho-

1871 1175 1988 1215 ram
2016 1167 2215 1215 nostra:
2237 1159 2536 1214 vocationis
2561 1160 2895 1230 ignoramus,
2924 1161 3073 1216 omni
3114 1168 3355 1231 tempore
3391 1160 3448 1214 in

1871 1251 2012 1307 bono
2048 1267 2215 1322 opere
2238 1252 2409 1307 simus
2445 1251 2641 1322 parati,
2680 1260 2737 1307 et
2770 1253 2895 1309 huic
2947 1252 3245 1321 deceptioni
3282 1267 3449 1323 oppo-

1872 1344 2046 1401 nenda
2095 1353 2177 1400 est
2231 1345 2466 1399 varietas
2517 1336 2769 1400 humanae
2820 1344 3164 1400 conditionis.
3208 1344 3275 1398 Et
3321 1344 3448 1414 quia

1874 1433 2185 1505 ignoramus
2207 1434 2330 1505 quis
2361 1450 2427 1489 ex
2458 1435 2615 1490 nobis
2646 1434 2699 1489 in
2736 1435 2985 1505 pueritia.
3027 1433 3149 1503 quis
3175 1434 3229 1487 in
3269 1432 3453 1488 adole-

1873 1525 2100 1591 scentia,
2124 1526 2246 1595 quis
2272 1526 2326 1580 in
2344 1526 2645 1596 iuventute,
2675 1526 2799 1596 quis
2828 1526 2880 1580 in
2912 1532 3210 1588 senectute,
3240 1532 3297 1578 et
3326 1524 3450 1592 quis

1872 1615 1925 1671 in
1958 1615 2233 1685 decrepita
2268 1624 2429 1672 aetate
2473 1616 2542 1671 ab
2581 1615 2682 1670 hac
2732 1616 2837 1671 vita
2871 1615 3148 1670 vocandus
3187 1613 3281 1679 sit,
3308 1613 3453 1668 sirut

1869 1706 2119 1762 omnibus
2141 1707 2377 1762 incertus
2406 1717 2491 1763 est
2519 1709 2719 1773 exitus,
2766 1708 2844 1763 sic
2894 1715 3075 1763 certus
3113 1708 3275 1763 debet
3325 1720 3448 1762 esse

1871 1802 1924 1856 in
1944 1802 2087 1856 bono
2116 1816 2278 1872 opere
2298 1803 2528 1873 animus,
2558 1813 2779 1872 propter
2800 1802 2853 1856 id
2876 1802 3015 1871 quod
3041 1801 3298 1856 Dominus
3319 1799 3397 1853 ait
3423 1814 3437 1851 :

190 1907 321 1947 llOﬂil
399 1891 661 1949 inclinare
728 1893 917 1964 incipit
978 1897 1044 1949 ad
1066 1870 1356 1960 occasum,
1420 1896 1493 1949 ita
1560 1895 1613 1949 in
1674 1870 1838 1950 se-B
1871 1911 1891 1945 ι
1923 1890 1990 1947 Et
2033 1870 2360 1947 vos‘estote
2390 1870 2600 1962 parati,
2657 1870 2782 1962 quia
2833 1870 2941 1961 qua
2988 1894 3122 1948 hora
3189 1906 3296 1946 non
3350 1905 3448 1960 pu-

186 1990 395 2039 nectute
452 1999 558 2039 non
614 1984 786 2040 solum
850 1986 997 2042 calor
1053 1988 1370 2057 sanguinis,
1437 1988 1533 2043 sed
1594 1988 1759 2043 etiam

187 2076 446 2133 naturalis
500 2088 557 2132 et
602 2079 832 2149 genuina
886 2080 1057 2135 virtus
1106 2081 1340 2137 hominis
1388 2081 1587 2136 deﬁcit.
1642 2080 1758 2137 Una

186 2166 390 2222 decima
464 2184 676 2237 quoque
748 2170 917 2235 hora,
988 2186 1051 2225 ea
1113 2180 1246 2226 mtas
1317 2180 1443 2237 est,
1516 2188 1635 2241 qua:
1704 2172 1759 2227 in

184 2266 363 2312 nostra
439 2259 619 2329 lingua
692 2260 963 2330 decrepita
1022 2270 1262 2327 vocatur,
1312 2272 1371 2316 ut
1425 2272 1756 2319 senectutem

184 2349 588 2403 transcendisse
614 2349 961 2420 intelligatur.
998 2352 1148 2407 Unde
1173 2351 1367 2415 Gra‘ci,
1400 2353 1554 2408 valde
1587 2355 1765 2408 senio-

180 2454 269 2493 res
300 2455 411 2494 non
440 2443 698 2515 γέροντας,
732 2443 825 2497 sed
867 2445 1167 2517 πρεσϐύτας
1197 2443 1489 2513 appellant,
1526 2452 1585 2497 ut
1615 2445 1765 2513 plus-

182 2546 348 2600 quam
380 2548 540 2586 senes
566 2548 662 2588 eos
691 2548 812 2588 esse
853 2533 1174 2601 intelligant,
1200 2550 1338 2603 quos
1367 2534 1460 2588 tali
1506 2535 1768 2589 vocabulo

187 2633 516 2691 mincupant.
554 2622 791 2677 Diversis
826 2638 962 2693 ergo
986 2625 1133 2679 horis
1180 2625 1415 2695 operarii
1450 2626 1504 2679 in
1552 2626 1765 2680 vineam

189 2716 491 2778 mittuntur,
519 2714 648 2783 quia
682 2715 736 2768 in
762 2715 994 2770 diversis
1017 2717 1269 2771 aetatibus
1300 2715 1546 2770 homines
1573 2731 1670 2786 per
1691 2716 1769 2769 di-

188 2805 362 2861 vinam
404 2804 637 2874 gratiam
664 2805 732 2858 ad
782 2803 925 2859 bona
970 2806 1300 2873 operandam
1346 2814 1622 2862 vocantur.
1661 2806 1763 2873 Qui

192 2896 326 2950 enim
358 2896 426 2951 ab
452 2896 567 2965 ipsa
598 2894 829 2965 pueritia
880 2896 1075 2949 devota
1120 2904 1300 2949 mente
1338 2896 1448 2950 Deo
1501 2898 1762 2961 serviunt,

193 2987 340 3054 quasi
362 2986 537 3057 primo
566 2999 724 3040 mane
750 2985 803 3039 in
826 2985 1034 3040 vineam
1056 2986 1448 3041 conducuntur.
1475 2984 1614 3041 Sunt
1638 3000 1767 3040 vero

194 3076 298 3138 alii,
336 3076 427 3144 qui
458 3076 583 3130 dum
618 3075 670 3129 in
696 3074 1059 3130 adolescentia
1085 3075 1153 3129 ad
1176 3074 1271 3128 Dei
1297 3074 1613 3128 servitutem
1636 3090 1768 3131 con-

196 3178 492 3235 vertuntur,
521 3168 671 3238 quasi
703 3169 840 3224 hora
872 3168 1029 3223 tertia
1061 3170 1128 3223 ad
1150 3168 1417 3223 culturam
1457 3168 1629 3223 vinea:
1669 3184 1765 3222 vo-

1866 1986 2031 2051 tatis,
2093 1984 2260 2041 Filius
2321 1987 2557 2042 hominis
2600 1988 2781 2042 veniet
2838 1986 3011 2055 (Luc.
3065 2002 3175 2051 xu;
3250 1983 3446 2039 Matth.

1865 2079 2033 2150 xxrv).
2083 2099 2103 2131 ι
2163 2078 2294 2134 Nam
2345 2080 2486 2135 sicut
2516 2080 2680 2135 variis
2721 2081 2869 2135 horis
2905 2079 3138 2149 operarii
3178 2077 3261 2147 (ut
3309 2074 3451 2130 dixi-

1863 2168 2003 2240 mus)
2058 2169 2113 2223 in
2143 2169 2354 2224 vineam
2380 2170 2686 2234 mittuntur,
2711 2169 2792 2225 sic
2816 2170 3048 2225 diversis
3071 2167 3322 2223 aetatibus
3346 2164 3449 2218 ho-

1864 2263 2036 2317 mines
2062 2264 2130 2317 ah
2150 2263 2254 2317 hac
2273 2263 2380 2316 vita
2404 2272 2688 2318 vocantur.
2716 2262 3052 2333 Aliiquidem
3074 2261 3251 2331 primo
3272 2272 3451 2320 mane,

1867 2357 1918 2411 id
1944 2367 2028 2411 est
2064 2358 2118 2412 in
2153 2358 2387 2426 pueritia
2415 2375 2426 2409 :
2458 2356 2547 2412 alii
2576 2359 2709 2412 hora
2739 2358 2922 2422 tertia,
2964 2356 3018 2411 id
3044 2364 3129 2410 est
3171 2355 3224 2409 in
3274 2349 3455 2406 adole-

1867 2450 2071 2504 scentia
2092 2468 2105 2503 :
2126 2450 2213 2503 alii
2248 2458 2423 2514 sexta,
2454 2450 2506 2504 id
2534 2460 2613 2504 est
2654 2451 2705 2503 in
2728 2450 3010 2519 iuventute
3039 2464 3053 2499 :
3083 2445 3174 2500 alii
3203 2458 3371 2507 nona,
3402 2441 3456 2497 id

1865 2539 2034 2594 estin
2063 2546 2380 2595 senectute:
2418 2548 2581 2609 atque
2618 2539 2704 2593 alii
2737 2541 2791 2593 in
2820 2537 3123 2601 undecima,
3172 2535 3225 2590 id
3260 2541 3346 2590 est
3399 2532 3462 2587 in

1868 2629 2140 2698 decrepita
2170 2638 2350 2694 aetate,
2395 2644 2514 2698 quae
2545 2639 2801 2684 veterana
2834 2629 3051 2683 dicitur.
3094 2626 3161 2680 Et
3210 2624 3337 2694 quia
3374 2624 3453 2677 in-

1868 2727 2015 2773 certa
2046 2729 2128 2773 est
2157 2720 2410 2774 omnibus
2455 2720 2510 2773 in
2544 2720 2629 2774 his
2669 2720 2917 2774 aetatibus
2971 2721 3104 2774 hora
3155 2715 3456 2771 vocationis

1868 2823 1997 2872 suae,
2038 2817 2259 2877 paratus
2285 2810 2654 2879 unusquisque
2690 2810 2850 2863 debet
2898 2823 3019 2863 esse
3060 2807 3112 2860 in
3142 2806 3281 2861 bona
3320 2819 3454 2874 ope-

1869 2898 2096 2961 ratione,
2126 2914 2195 2954 ne
2220 2897 2356 2952 forte
2388 2899 2431 2953 si
2465 2899 2679 2967 quando
2699 2906 2900 2967 potest,
2942 2912 3046 2952 non
3096 2895 3209 2951 vult
3252 2894 3454 2949 bonum

1867 2990 2104 3058 operari,
2142 2999 2267 3045 tunc
2298 2990 2519 3061 incipiat
2544 2991 2700 3056 velle,
2733 2991 2948 3061 quando
2978 3004 3085 3044 non
3128 2987 3235 3043 erit
3273 3001 3453 3056 posse.

1872 3079 2022 3137 Unde
2046 3080 2168 3151 pius
2197 3074 2585 3137 Dominus'nos
2607 3083 2885 3147 admonet,
2918 3082 3103 3139 dicens
3134 3095 3149 3131 :
3188 3098 3203 3129 ι
3241 3076 3458 3134 Currite

1871 3173 1997 3227 dum
2042 3172 2217 3228 lucem
2276 3174 2397 3228 vitae
2442 3174 2670 3239 habetis,
2718 3190 2786 3229 ne
2837 3174 3072 3228 tenebrat
3122 3170 3313 3225 mortis
3356 3182 3452 3222 vos

198 3269 405 3316 cantur.
436 3235 745 3316 Alii—autem
774 3262 831 3315 in
876 3260 1230 3315 adolescentia
1259 3260 1550 3315 carnaliter
1581 3261 1765 3315 viven-
1793 3235 1840 3303 δ
1877 3263 2338 3334 comprehendant
2364 3265 2548 3335 (Joan.
2590 3235 2712 3337 xxi).
2746 3286 2764 3318 υ
2797 3266 2862 3321 Et
2880 3264 3134 3321 Salomon
3164 3280 3178 3315 :
3214 3280 3231 3319 ι
3279 3260 3458 3329 Quod-

202 3361 301 3415 tes,
327 3352 370 3406 si
399 3353 449 3406 in
469 3351 745 3420 iuventute
768 3351 836 3405 ad
876 3352 1165 3419 Dominum
1194 3351 1463 3416 conversi,
1496 3359 1774 3420 torporem

206 3451 258 3493 et
280 3442 531 3497 desidiam
571 3458 602 3496 a
640 3458 696 3498 se
723 3443 1081 3507 exentientes,
1128 3456 1305 3497 mores
1339 3456 1468 3497 suos
1508 3441 1773 3497 deseren-

207 3542 302 3597 tes,
324 3534 462 3589 bona
497 3548 655 3605 opera
686 3544 920 3600 servent,
946 3535 1102 3604 quasi
1124 3544 1276 3590 sexta
1300 3537 1434 3590 hora
1462 3535 1528 3595 ad
1560 3536 1775 3591 vineam

203 3628 497 3683 mittuntur.
516 3628 572 3683 Si
604 3638 785 3685 autem
807 3628 1004 3698 aliquis
1020 3628 1073 3682 in
1092 3628 1320 3697 pueritia
1338 3636 1392 3682 et
1408 3627 1771 3684 adolescentia

198 3719 595 3787 etojuventutea
625 3721 768 3776 bono
791 3735 953 3791 opere
986 3720 1209 3790 torpuit,
1243 3734 1467 3775 necesse
1501 3727 1585 3774 est
1617 3728 1676 3773 ut
1717 3719 1772 3773 in

199 3820 467 3866 senectute
493 3811 646 3881 quasi
679 3813 812 3868 hora
844 3828 1010 3877 nona,
1038 3810 1104 3866 ad
1132 3811 1225 3866 Dei
1268 3811 1587 3866 servitutem
1632 3826 1768 3866 con-

202 3911 431 3959 vertatur
452 3944 467 3968 ,
502 3913 558 3958 et
598 3904 798 3974 pudeat
822 3919 944 3959 eum
975 3902 1143 3958 fuisse
1172 3902 1407 3957 otiosum
1454 3902 1507 3956 in
1551 3902 1775 3958 servitio

206 3993 307 4060 Dei,
346 4011 473 4050 cum
524 4011 627 4050 non
652 3994 876 4049 multum
907 3994 1248 4049 laboraturus
1273 4002 1375 4057 est,
1418 3993 1773 4048 considerans

203 4088 329 4155 quod
362 4087 443 4143 ait
467 4087 759 4157 Apostolus
795 4105 805 4139 :
841 4105 859 4138 ι
905 4084 1093 4140 Nescis
1130 4086 1255 4155 quia
1294 4084 1552 4156 patientia
1588 4083 1677 4137 Dei
1704 4082 1770 4137 ad

204 4179 562 4245 paenitentiam
582 4189 629 4233 te
644 4178 859 4232 adducit
874 4176 1043 4248 (Rom.
1064 4176 1165 4248 tt)?
1189 4196 1206 4229 ι
1228 4192 1425 4232 cavens
1444 4185 1496 4230 et
1518 4176 1618 4229 hoc
1630 4174 1773 4244 quod

205 4271 368 4325 subdit
396 4289 409 4323 :
437 4290 455 4321 ι
492 4269 721 4341 Propter
768 4269 1019 4325 duritiam
1042 4278 1099 4327 et
1126 4268 1473 4339 impcenitens
1501 4284 1619 4336 cor,
1660 4269 1774 4327 the-

206 4364 435 4419 saurizas
464 4364 559 4418 tibi
583 4363 720 4419 iram
748 4362 801 4415 in
820 4362 906 4415 die
923 4348 1023 4416 irai
1043 4360 1091 4433 (Ι
1100 4360 1251 4431 bid.).
1284 4382 1301 4413 ι
1329 4360 1526 4430 Siquis
1547 4375 1673 4414 vero
1697 4361 1773 4417 ita
1812 4382 1817 4387 ·

208 4457 472 4528 negligens
500 4466 553 4513 et
605 4456 907 4512 desidiosus
934 4455 1117 4519 fuerit,
1150 4465 1210 4510 ut
1228 4455 1393 4512 etiam
1418 4455 1471 4510 in
1495 4463 1774 4511 senectute

209 4564 236 4601 a
270 4550 402 4604 bono
428 4564 593 4619 opere
623 4556 851 4619 torpeat,
876 4548 1066 4603 saltem
1098 4548 1152 4602 in
1179 4548 1453 4616 decrepita
1479 4555 1638 4603 aetate
1658 4546 1773 4616 jam

1879 3372 2090 3426 cunque
2112 3366 2290 3426 potest
2316 3372 2510 3413 manus
2540 3366 2629 3410 tua
2670 3356 2868 3419 facere,
2922 3356 3189 3411 instanter
3232 3365 3459 3419 operare

1879 3448 2074 3520 (Ecdi.
2107 3448 2283 3517 xvui).
2336 3468 2354 3499 ›
2390 3447 2525 3514 Quia
2553 3462 2654 3502 nec
2701 3461 2858 3515 opus,
2902 3460 3003 3500 nec
3045 3444 3205 3508 ratio,
3235 3456 3335 3496 nec
3374 3456 3461 3495 sa-

1878 3545 2100 3617 pientia,
2131 3559 2230 3598 nec
2253 3542 2479 3597 scientia
2500 3549 2661 3596 erttnt
2682 3538 2824 3609 apud
2845 3537 3069 3593 inferos.
3110 3536 3176 3590 Et
3205 3534 3399 3589 iterum
3444 3550 3456 3586 :

1884 3655 1900 3687 ι
1933 3634 2011 3690 Ne
2036 3634 2218 3689 tardes
2247 3632 2491 3689 converti
2514 3633 2582 3686 ad
2609 3630 2801 3695 Deum,
2836 3642 3009 3699 neque
3044 3623 3263 3706 dideras
3284 3624 3349 3679 de
3376 3623 3461 3677 die

1877 3726 1930 3781 in
1960 3726 2123 3789 diem,
2156 3723 2283 3794 quia
2306 3722 2484 3779 subito
2507 3722 2686 3778 veniet
2720 3721 2801 3775 ira
2832 3719 2946 3784 Dei,
2989 3728 3045 3774 et
3082 3718 3135 3772 in
3166 3715 3465 3781 novissimo

1875 3815 2149 3885 disperdet
2182 3824 2233 3869 te
2261 3810 2450 3884 (Eccli.
2486 3813 2560 3882 v).
2604 3832 2623 3864 ο
2655 3811 2721 3869 Et
2755 3810 2923 3869 Isaias
2966 3827 2978 3863 :
3016 3826 3034 3859 ‹
3086 3805 3319 3874 Quzerite
3350 3803 3457 3857 Do-

1877 3909 2083 3967 minum
2141 3908 2266 3963 dum
2318 3906 2549 3961 inveniri
2606 3914 2804 3974 potest,
2856 3904 3101 3961 invocate
3149 3915 3270 3954 eum
3334 3899 3459 3957 dum

1874 4015 2043 4074 prope
2104 4008 2191 4055 est
2238 3997 2373 4070 (Ita.
2400 3999 2506 4066 ιν).
2549 4017 2566 4050 ι
2613 3995 2833 4049 Multum
2871 3993 3016 4048 enim
3047 3993 3199 4064 juvat
3245 3989 3312 4043 ad
3349 3989 3462 4042 vin-

1875 4093 2101 4152 cendam
2126 4090 2532 4147 delectationem
2562 4085 2766 4157 peccati
2799 4078 3102 4139 recordatio
3123 4079 3336 4144 mortis,
3359 4078 3462 4132 sic—

1878 4194 1939 4241 ut
1964 4200 2062 4255 per
2084 4182 2368 4253 quemdam
2391 4179 2715 4250 sapientem,
2750 4174 2957 4232 scilicet
2987 4172 3357 4238 Salomonem,
3383 4170 3460 4223 di-

1874 4278 2018 4341 citur
2051 4292 2063 4328 :
2102 4294 2119 4327 ι
2151 4274 2206 4328 ln
2237 4273 2489 4330 omnibus
2517 4272 2776 4341 Operihus
2810 4268 2916 4325 tuis
2947 4256 3250 4322 memorare
3276 4262 3459 4317 novis-

1876 4372 2011 4429 sima
2036 4379 2149 4436 tua,
2188 4377 2244 4429 et
2280 4368 2333 4423 in
2360 4376 2621 4423 internum
2648 4380 2755 4419 non
2780 4363 3033 4435 peccabis
3056 4359 3246 4433 (Eccli.
3279 4362 3396 4430 vn).
3438 4377 3456 4408 ι

1951 4481 1969 4513 ι
2001 4460 2134 4519 Cum
2164 4474 2286 4517 sero
2332 4465 2512 4513 autem
2571 4454 2775 4510 factum
2828 4462 2991 4519 esset,
3030 4451 3160 4507 dicit
3205 4450 3462 4504 Dominus

1882 4576 1900 4608 ι
1934 4556 2106 4611 vineae
2142 4551 2479 4624 procuratori
2509 4565 2607 4605 suo
2641 4566 2655 4601 :
2686 4547 2830 4604 Voca
2862 4544 3140 4617 operarios
3198 4549 3251 4595 et
3301 4539 3464 4593 redde

212 4610 498 4713 resipiscat,
531 4649 588 4695 et
610 4656 640 4694 a
672 4610 876 4709 laqueis
902 4639 1117 4704 diaboli,
1148 4655 1255 4709 quo
1287 4610 1532 4709 captivus
1558 4610 1773 4695 teneba-
1801 4610 1852 4670 Β
1890 4668 1906 4697 ‹
1937 4610 2042 4701 illis
2065 4610 2393 4700 mercedem.
2434 4664 2451 4697 ι
2485 4642 2716 4698 Scroest
2744 4640 2866 4695 linis
2897 4610 3026 4701 diei,
3046 4633 3200 4703 juxta
3223 4631 3465 4701 superio-

211 4740 305 4798 tur,
352 4734 421 4788 ad
468 4749 593 4787 eum
636 4731 1003 4788 convertendo
1027 4749 1087 4789 se
1116 4734 1397 4788 abstrahat
1424 4742 1479 4789 et
1505 4733 1779 4803 praeterita

211 4826 333 4879 mala
355 4825 570 4887 ﬂetibus
600 4824 773 4880 diluat
816 4834 891 4889 et,
928 4834 1090 4895 prout
1113 4834 1314 4894 potest,
1344 4825 1499 4879 bonis
1524 4825 1781 4895 operibus

211 4918 463 4989 invigilet.
491 4918 627 4985 Quia
648 4918 693 4973 si
711 4920 841 4973 hora
864 4918 1148 4972 undecima
1177 4927 1543 4983 convertatur,
1566 4926 1621 4972 et
1652 4927 1783 4971 tunc

212 5024 306 5064 non
336 5018 545 5065 metuat
560 5008 798 5065 laborem
813 5007 1107 5077 suscipere,
1122 5008 1335 5077 quando
1355 5024 1450 5078 pro
1467 5008 1577 5062 Deo
1590 5022 1783 5078 parum

212 5103 436 5171 potuerit
462 5102 710 5158 laborare
735 5119 750 5154 :
776 5110 831 5155 et
853 5101 990 5157 sicut
1020 5116 1303 5155 censuram
1330 5102 1521 5155 metuit
1548 5100 1781 5156 districti

204 5191 411 5261 iudicis,
439 5196 587 5251 sicin
614 5194 754 5249 illius
782 5195 980 5265 pietate
994 5193 1246 5259 conﬁdat,
1277 5195 1367 5263 qui
1390 5209 1497 5248 non
1525 5195 1668 5248 venit
1692 5210 1783 5247 vo-

214 5289 542 5358 carejustos,
576 5290 670 5345 sed
717 5295 1024 5358 peccatores
1061 5287 1128 5341 ad
1168 5286 1561 5356 paenitentiam.
1603 5284 1786 5343 Piissi-

216 5395 326 5435 mus
349 5388 401 5435 et
430 5379 970 5436 misericordissiinus
998 5378 1159 5455 Dens,
1210 5379 1371 5433 etiam
1413 5378 1466 5431 in
1507 5385 1784 5432 senectute

214 5486 498 5527 conversos
527 5487 632 5527 non
659 5472 883 5540 respuit,
911 5486 1011 5525 nec
1042 5471 1356 5534 contemnit,
1382 5471 1477 5525 sed
1508 5469 1782 5540 benignis-

215 5561 343 5615 sima
370 5561 570 5632 pietate
599 5561 821 5631 suscipit
850 5570 903 5615 et
938 5559 1297 5628 amplectitur.
1328 5557 1440 5612 Non
1472 5560 1615 5613 enim
1644 5574 1787 5614 men-

216 5652 338 5707 titus
373 5662 459 5709 est
496 5654 585 5710 ille
634 5654 723 5724 qui
755 5654 831 5709 ait
862 5672 873 5706 :
914 5672 930 5702 ‹
988 5651 1122 5707 Vivo
1175 5666 1295 5722 (me,
1326 5650 1463 5705 dicit
1505 5650 1785 5719 Dominus.

217 5745 336 5799 nolo
364 5756 589 5802 mortem
622 5746 942 5817 peccatoris,
979 5745 1072 5803 sed
1101 5752 1156 5801 ut
1178 5752 1531 5799 convertatur
1553 5752 1608 5798 et
1645 5744 1791 5799 vivat

218 5838 431 5915 (Bacch.
448 5843 658 5913 xxxui).
675 5862 692 5893 ι
711 5840 776 5894 Et
791 5840 984 5895 iterum
1002 5837 1187 5909 (Ιὺίιι.)
1209 5854 1221 5891 :
1245 5856 1262 5888 t
1283 5836 1791 5908 Peccatorquacun-

1888 4755 2000 4795 rem
2033 4737 2465 4808 intelligentiam.
2501 4734 2636 4789 Sero
2661 4734 2714 4785 in
2745 4732 2848 4786 hoc
2871 4728 3010 4793 loco,
3045 4734 3257 4796 tempus
3289 4725 3466 4779 Domi-

1887 4830 2022 4884 nicze
2047 4825 2438 4883 incarnationis
2475 4821 2767 4892 significat,
2796 4818 2935 4872 sicut
2963 4832 3059 4886 per
3078 4814 3305 4869 Paulum
3336 4815 3468 4868 dici-

1888 4925 1975 4970 tur
2003 4934 2017 4969 :
2054 4935 2072 4967 ι
2104 4915 2213 4969 Nos
2254 4928 2441 4967 sumus
2471 4912 2524 4965 in
2564 4925 2701 4981 quos
2733 4909 2864 4964 lines
2889 4907 3208 4963 saaculorum
3241 4906 3469 4963 devene-

1889 5017 2013 5063 runt
2066 5005 2115 5078 (1
2173 5002 2295 5058 Cor.
2340 5002 2417 5074 ι).
2458 5022 2476 5053 ι
2525 5002 2590 5056 Et
2616 5001 2756 5056 sicut
2779 4998 3016 5054 Joannes
3048 4999 3123 5053 ait
3158 5016 3169 5051 :
3204 5016 3221 5049 ι
3265 4996 3463 5063 Filioli,

1888 5097 2181 5155 novissima
2214 5097 2347 5151 hora
2375 5103 2458 5149 est
2486 5092 2547 5163 (1
2596 5091 2754 5145 Joan.
2786 5090 2867 5162 ll).
2905 5111 2922 5143 ι
2960 5090 3112 5144 Sicut
3154 5096 3333 5143 autem
3371 5103 3469 5158 pa-

1891 5190 2207 5247 terfamilias
2239 5190 2380 5244 Deus
2402 5186 2744 5256 omnipotens
2774 5184 3112 5257 intelligitur,
3150 5192 3205 5237 et
3234 5181 3350 5250 ejus
3390 5180 3471 5234 vi-

1890 5300 1987 5341 nea
2037 5291 2221 5339 sancta
2247 5280 2508 5343 Ecclesia,
2540 5279 2620 5334 sic
2646 5286 2966 5349 procurator
3016 5275 3275 5330 Dominus
3319 5272 3474 5327 Jt‘sus

1891 5376 2160 5441 Christus,
2192 5374 2283 5443 qui
2318 5370 2460 5426 aitin
2487 5369 2776 5441 Evangelia
2807 5386 2818 5421 :
2851 5386 2869 5419 ι
2900 5369 3012 5439 Ego
3034 5382 3151 5421 sum
3177 5366 3301 5419 vitis
3324 5378 3470 5427 vera,

1893 5480 1944 5526 et
1975 5470 2135 5524 Pater
2166 5481 2317 5520 ineus
2344 5462 2602 5534 agricola,
2622 5472 2673 5517 et
2699 5477 2792 5516 vos
2816 5460 3065 5530 palmites
3096 5458 3277 5528 (Jomi.
3315 5455 3425 5523 xv).
3451 5473 3468 5506 ι

1893 5562 1972 5619 Ad
2014 5558 2340 5615 reddendam
2364 5571 2491 5624 ergo
2526 5555 2829 5611 mercedem
2868 5552 3130 5624 operariis
3166 5546 3475 5617 paterfami-

1893 5656 1992 5710 lias
2021 5658 2429 5723 procuratorem
2473 5657 2652 5712 vocat,
2688 5646 2812 5716 quia
2841 5646 2983 5701 Deus
3015 5640 3353 5709 omnipotens
3382 5653 3477 5706 per

1895 5747 2089 5804 Filium
2117 5760 2215 5799 nos
2249 5744 2473 5809 creavit,
2502 5758 2601 5813 per
2638 5740 2834 5795 Filium
2865 5755 2964 5794 nos
2987 5732 3233 5796 redemit,
3271 5746 3370 5801 per
3400 5732 3477 5803 ip-

1897 5853 2016 5899 sum
2057 5850 2155 5895 nos
2187 5843 2633 5893 remuneraturus
2659 5840 2764 5897 est,
2794 5832 2936 5887 sicut
2961 5828 3074 5899 ipse
3097 5822 3268 5880 Filius
3296 5823 3429 5882 dicit
3461 5842 3473 5871 τ
