4038 6352
547 326 673 416 £59.

1186 359 1538 418 HAYMONIS
1577 359 2058 419 HALBERSTAT.
2096 357 2311 416 EPISC.
2349 358 2499 416 OPP.
2535 359 2718 457 ΡΑβὸ
2752 360 2815 417 Il.
2845 391 2915 402 —
2939 359 3174 418 HOMIL.

3752 367 3867 420 160

551 499 570 533 ι
613 480 779 536 Pater
803 496 909 536 non
935 480 1140 549 judieat
1164 495 1512 551 quemquam,
1545 481 1639 537 sed
1678 496 1839 537 omne
1869 480 2136 552 judicium
2165 476 2217 539 Α
2245 478 2404 532 tertia
2437 486 2661 535 vocatus
2685 494 2784 550 pro
2810 479 2927 550 ipsa
2955 477 3303 549 tribulatione
3344 480 3438 536 diu
3476 483 3697 553 pondus
3737 485 3859 545 diei

545 573 698 631 dedit
716 575 857 631 Filio
879 574 1059 646 (Joan.
1092 575 1167 646 v).
1205 596 1224 627 ι
1260 575 1535 643 Quantum
1566 587 1747 632 autem
1789 576 2008 632 divitias
2037 576 2133 632 bo-

444 686 445 693 ‘
546 671 737 728 nitatis
779 687 889 728 suae
930 672 986 726 in
1033 672 1210 738 nobis,
1260 673 1352 743 qui
1399 682 1523 744 post
1555 670 1673 741 ejus
1702 672 2135 729 incarnationem

544 765 841 830 credimus,
863 764 1054 820 fecerit
1081 765 1361 821 abundare
1390 766 1791 833 manifestatur,
1833 783 1958 822 cum
2007 767 2137 823 dici-

543 865 679 913 tur:
713 877 733 909 ‹
773 856 1042 927 Incipiens
1085 874 1116 913 a
1148 859 1460 915 novissimis
1511 874 1684 930 usque
1730 860 1798 915 ad
1850 860 2073 929 primos.
2109 878 2130 911 ι

543 946 659 1003 Hoc
682 954 787 1012 est,
819 946 888 1002 ab
916 948 1181 1018 operariis
1207 949 1358 1006 horae
1381 948 1701 1015 undecima,
1724 964 1896 1020 usque
1920 951 1988 1005 ad
2007 963 2136 1021 ope—

543 1041 718 1095 rarios
748 1040 898 1095 horae
926 1040 1137 1112 primae.

615 1154 636 1188 ι
669 1134 809 1192 Cum
836 1136 1116 1193 venissent
1140 1152 1271 1209 ergo
1305 1139 1397 1209 qui
1442 1154 1591 1196 circa
1636 1137 1980 1194 undecimam
2028 1139 2133 1194 ho-

545 1227 724 1285 r"ram
767 1239 1056 1296 venerant,
1105 1242 1435 1303 acceperunt
1483 1232 1726 1303 singulos
1780 1233 2052 1288 denarios.
2107 1251 2128 1286 ι

537 1324 598 1380 In
625 1325 824 1395 quibus
847 1327 1028 1382 verbis
1060 1336 1323 1398 quantum
1374 1329 1531 1384 nobis
1579 1328 1882 1384 incarnatio
1916 1328 2131 1384 Domini

535 1417 731 1486 prosit,
763 1419 853 1487 qui
878 1426 1001 1488 post
1023 1419 1140 1490 eius
1168 1420 1624 1476 resurrectionem
1654 1419 2006 1486 credidimus,
2023 1435 2133 1475 ma-

536 1506 851 1564 nifestatur.
870 1508 987 1566 Non
1029 1510 1206 1566 solum
1250 1511 1395 1566 enim
1430 1511 1681 1566 eumdem
1710 1511 1992 1566 denarium
2036 1527 2129 1567 ac-

542 1608 809 1668 ceperunt
851 1602 942 1670 qui
971 1602 1251 1657 novissimi
1285 1612 1549 1659 venerunt
1590 1602 1733 1673 quod
1776 1604 1965 1673 primis
2007 1619 2134 1679 pro-

538 1688 770 1744 missum
806 1689 1002 1757 fuerat,
1036 1691 1128 1747 sed
1157 1693 1324 1747 etiam
1359 1704 1485 1749 ante
1507 1703 2009 1764 acceperuntquam
2031 1694 2127 1749 illi.

537 1781 804 1849 Quoniam
834 1785 1007 1839 sancti
1049 1784 1238 1841 Patres
1274 1786 1367 1856 qui
1406 1786 1697 1841 adventum
1735 1785 1948 1841 Domini
1985 1801 2129 1855 prae-

2236 579 2293 626 et
2338 579 2504 626 aastus
2549 570 2841 628 toleravit?
2883 571 2944 627 ln
2992 587 3156 628 cruce
3202 574 3349 629 enim
3388 573 3529 630 latro
3550 573 3860 634 Christum

2237 661 2517 719 confessus
2542 671 2645 730 est,
2680 664 2772 719 sed
2800 665 2866 719 de
2907 680 3070 720 cruce
3106 665 3422 735 paradisum
3451 668 3730 735 ascendit,
3760 669 3857 725 di-

2234 764 2393 811 cente
2416 756 2645 815 Domino
2676 777 2689 813 :
2720 777 2738 810 σ
2775 759 2948 815 Amen
2988 760 3109 816 dico
3142 758 3261 824 tibi,
3294 760 3455 817 hodie
3475 776 3694 818 mecum
3730 764 3857 820 eris

2235 846 2290 902 in
2312 851 2562 918 paradiso
2579 850 2731 923 (Luc.
2749 852 2921 924 xm).
2949 872 2968 905 ι
2986 851 3281 909 Possumus
3304 853 3470 909 etiam
3498 862 3554 909 et
3574 854 3647 909 ita
3672 856 3858 912 intel-

2233 940 2424 1014 ligere,
2472 944 2930 1015 quemadmodum
2976 960 3122 1003 nunc
3149 944 3444 1001 Christiani
3471 955 3600 1003 ante
3628 947 3853 1003 caelum

2235 1033 2554 1101 ascendant,
2610 1050 2773 1105 quam
2822 1034 3082 1092 fecissent
3119 1035 3216 1103 illi,
3260 1037 3351 1107 qui
3380 1044 3508 1093 ante
3534 1038 3852 1094 adventum

2234 1124 2448 1182 Domini
2474 1126 2695 1184 fuerunt
2725 1143 2740 1183 :
2769 1129 2897 1200 quia
2927 1129 3000 1184 illi
3027 1137 3314 1200 postquam
3341 1131 3549 1202 egressi
3575 1139 3747 1186 erant
3780 1133 3854 1189 de

2234 1231 2480 1285 corpore,
2518 1233 2617 1289 per
2655 1219 2875 1289 longum
2921 1228 3134 1290 tempus
3185 1221 3237 1275 in
3291 1219 3509 1276 inferno
3551 1222 3784 1278 stabant
3830 1241 3848 1277 :

2234 1306 2326 1363 lsti
2353 1318 2533 1365 autem
2558 1311 2677 1367 sine
2701 1326 2873 1379 mora,
2913 1322 3205 1383 postquam
3236 1313 3591 1384 egrediuntur
3611 1314 3678 1368 de
3708 1330 3850 1369 cor-

2233 1416 2387 1474 pore,
2428 1404 2471 1457 si
2497 1404 2628 1474 justi
2658 1414 2806 1471 sunt,
2838 1405 2892 1460 in
2920 1404 3120 1461 coelum
3152 1406 3473 1473 ascendunt,
3511 1414 3567 1461 et
3598 1407 3705 1462 hoc
3760 1416 3852 1462 est

2236 1502 2362 1551 ante
2408 1496 2702 1553 ascendere
2745 1506 2868 1568 post
2905 1499 3275 1571 egressionem
3300 1498 3744 1555 Christianorum
3778 1500 3846 1555 de

2235 1604 2483 1658 corpore,
2517 1604 2681 1659 quam
2708 1590 2785 1646 illi
2812 1592 3189 1648 ascendissent
3210 1600 3334 1663 post
3354 1592 3735 1664 egressionem
3771 1593 3845 1648 ab

2234 1678 2448 1733 illorum
2474 1695 2719 1750 corpore.
2749 1680 2819 1737 Et
2845 1683 2967 1752 quia
2996 1682 3104 1738 vita
3137 1690 3344 1738 aeterna
3376 1681 3510 1736 nulli
3551 1697 3654 1752 per
3680 1682 3842 1737 debi-

2237 1778 2347 1825 tum
2398 1770 2657 1837 redditur,
2701 1774 2793 1828 sed
2821 1787 2918 1843 per
2942 1773 3233 1844 gratuitam
3274 1772 3713 1828 misericordiam
3742 1772 3842 1827 da-

536 1885 843 1942 cesserunt,
878 1877 1006 1933 licet
1030 1878 1174 1948 juste
1220 1888 1274 1934 et
1318 1880 1408 1949 pie
1452 1879 1717 1943 viverent,
1747 1894 1853 1934 non
1881 1880 2065 1934 statim
2095 1896 2125 1935 a

2239 1868 2345 1927 tur,
2380 1871 2526 1917 recte
2556 1862 2947 1933 paterfamilias
2975 1880 3176 1921 vocans
3199 1881 3365 1920 unum
3392 1879 3605 1931 eorum,
3638 1866 3719 1919 ait
3744 1884 3760 1919 :

537 1981 703 2023 carne
731 1968 890 2024 soluti
913 1967 1136 2037 januam
1165 1972 1321 2040 regni
1357 1971 1602 2027 caelestis
1632 1971 1995 2037 intraverunt,
2027 1973 2126 2027 sed

536 2057 895 2116 infernalibus
925 2062 1249 2117 tenebantur
1268 2062 1423 2127 locis,
1452 2078 1763 2133 quanquam
1794 2079 1899 2117 non
1936 2064 1989 2118 in
2011 2078 2131 2134 pa:-

536 2149 770 2217 nalibus,
798 2159 937 2206 teste
960 2150 1123 2207 beato
1152 2150 1376 2216 Iacobo,
1409 2153 1499 2222 qui
1528 2153 1602 2207 ait
1636 2172 1651 2210 :
1683 2174 1702 2205 ‹
1734 2153 2023 2210 Deducetis
2040 2170 2131 2210 ca-

537 2257 639 2297 nos
671 2258 822 2299 meos
850 2259 974 2299 cum
1006 2244 1193 2300 dolore
1224 2245 1292 2300 ad
1321 2244 1527 2301 inferos
1570 2244 1725 2315 (Gen.
1773 2246 1931 2319 xui).
1984 2268 2004 2300 ι
2062 2248 2131 2303 Et

535 2333 731 2389 iterum
765 2354 778 2388 :
817 2354 835 2388 ‹
875 2336 1210 2392 Descendam
1231 2338 1423 2409 lugens
1467 2338 1635 2393 filium
1668 2355 1848 2395 meum
1880 2341 1934 2396 in
1960 2341 2130 2396 infer-

533 2441 664 2481 num
695 2423 849 2496 (Gen.
876 2427 1110 2500 xxxvn).
1144 2448 1162 2480 ι
1200 2428 1336 2484 Hinc
1366 2437 1421 2485 et
1447 2445 1546 2499 per
1588 2431 1806 2486 beatum
1852 2430 1951 2487 Job
1988 2433 2124 2505 (cap.

532 2520 663 2591 xxx)
689 2520 887 2576 dicitur
917 2536 932 2575 :
962 2520 1109 2585 Scio,
1143 2523 1391 2588 Domine,
1429 2523 1556 2593 quia
1584 2524 1745 2579 morti
1763 2539 1851 2579 me
1887 2525 2123 2580 traditu-

532 2628 628 2668 rus
673 2629 750 2677 es,
800 2612 889 2667 ubi
922 2614 1216 2669 constituta
1250 2625 1333 2670 est
1377 2615 1559 2671 omnis
1585 2614 1779 2670 domus
1804 2616 2123 2671 viventium.

533 2705 620 2766 Et.
659 2705 705 2759 si
743 2705 799 2759 in
821 2704 1095 2760 infernum
1141 2707 1494 2773 descendero,
1544 2707 1669 2762 inde
1713 2721 1799 2761 me
1848 2707 2126 2763 liberabis.

532 2782 701 2853 Nobis
737 2804 942 2862 autem,
967 2797 1060 2869 qui
1089 2806 1210 2869 post
1239 2799 1453 2853 Domini
1487 2798 1918 2854 incarnationem
1950 2798 2129 2854 credi-

533 2889 735 2957 dimus,
763 2904 960 2961 magno
987 2905 1213 2946 munere
1241 2890 1502 2945 donatum
1539 2899 1639 2953 est,
1691 2899 1751 2945 ut
1792 2890 1835 2946 si
1886 2889 2127 2960 perfecte

532 2982 798 3047 vivamus,
830 2982 1034 3053 absque
1060 2981 1167 3036 ulla
1223 2981 1484 3038 dilatione
1521 2997 1689 3037 carne
1721 2981 1907 3048 soluti,
1956 2983 2125 3038 vitam

530 3085 788 3132 aeternam
814 3075 1199 3147 percipiamus.
1231 3076 1299 3131 Et
1321 3076 1423 3131 hoc
1450 3084 1534 3132 est
1549 3074 1831 3130 denarium
1853 3076 2126 3146 accepisse

529 3170 757 3239 primos,
783 3168 874 3239 qui
902 3176 1168 3224 venerunt
1196 3168 1497 3223 novissimi.

608 3281 627 3312 ι
664 3260 956 3316 Venientes
998 3269 1179 3316 autem
1227 3269 1285 3317 et
1321 3261 1484 3331 primi
1533 3260 1782 3317 arbitrati
1812 3269 1941 3316 sunt
1983 3258 2126 3331 quod

536 3375 554 3407 ι
596 3353 719 3425 plus
745 3362 928 3410 essent
956 3355 1255 3426 accepturi.
1299 3354 1641 3437 Acceperunt
1688 3365 1872 3411 autem
1910 3362 1966 3410 et
2024 3355 2127 3425 ipsi

536 3465 555 3499 ι
608 3447 849 3520 singulos
878 3446 1152 3514 denarios,
1205 3458 1260 3504 et
1310 3450 1664 3521 accipientes,
1708 3451 2127 3506 murmurabant

536 3557 557 3593 ι
588 3541 852 3597 adversus
890 3541 1359 3612 patremfamilias,
1406 3542 1647 3598 dicentes
1690 3541 1804 3597 :Hi
1844 3541 2125 3597 novissimi

536 3652 556 3685 ‹
595 3649 705 3688 una
740 3633 877 3688 hora
904 3633 1169 3699 fecerunt,
1193 3643 1252 3689 et
1280 3650 1443 3706 pares
1474 3634 1594 3689 illos
1623 3635 1782 3690 nobis
1806 3634 2005 3698 fecisti,
2034 3633 2127 3703 qui

538 3742 558 3776 ι
590 3724 930 3793 portavimus
943 3726 1156 3794 pondus
1187 3725 1293 3779 diei
1323 3735 1377 3780 et
1398 3734 1584 3780 aestus.
1610 3745 1628 3777 ›
1654 3725 1789 3792 Quia
1814 3741 1943 3795 ergo
1964 3740 2128 3796 supra

532 3815 815 3872 denarium
847 3816 1340 3872 remunerationem
1366 3816 1491 3871 vitae
1527 3826 1744 3871 teternze
1774 3816 2011 3871 diximus
2051 3816 2127 3870 si-

534 3907 801 3979 gnificari,
853 3908 1116 3978 quaeritur
1160 3924 1328 3980 quare
1369 3909 1461 3965 isti
1519 3909 1803 3965 denarium
1855 3909 2130 3979 accepisse

530 4010 589 4058 et
633 4017 1004 4058 murmurasse
1052 4002 1327 4068 dicantur,
1375 4018 1499 4058 cum
1548 4018 1771 4073 regnum
1816 4003 1911 4058 Dei
1950 4002 2130 4057 nullus

530 4110 880 4150 murmurans
927 4095 1184 4164 accipiat,
1241 4094 1420 4150 nullus
1478 4094 1571 4164 qui
1625 4095 1897 4164 acceperit
1939 4102 2128 4164 postea

530 4202 879 4244 murmurare
924 4187 1134 4258 possit?
1176 4185 1283 4242 Sed
1312 4188 1380 4241 ad
1410 4187 1514 4242 hoc
1549 4184 1834 4241 dicendum
1864 4195 1966 4252 est,
1998 4187 2127 4256 quia

531 4279 895 4335 murmuratio
924 4278 978 4351 in
1031 4279 1136 4334 hoc
1160 4278 1280 4334 loco
1326 4292 1435 4334 non
1481 4276 1812 4333 malitiosam
1867 4276 2127 4334 intentio-

530 4389 652 4428 nem
683 4382 871 4427 contra
901 4372 1071 4427 Deum
1100 4380 1279 4436 sonat,
1305 4370 1401 4427 sed
1427 4370 1575 4441 piam
1602 4369 1879 4441 querelam
1910 4379 2128 4426 sancto-

528 4483 648 4521 rum
675 4465 742 4520 ad
770 4464 940 4519 Deum
980 4462 1271 4535 significat.
1302 4461 1439 4529 Quia
1480 4461 1627 4516 enim
1668 4460 1919 4531 antiquos
1943 4469 2127 4531 patres

527 4557 617 4611 diu
662 4558 713 4611 in
769 4556 1021 4627 praesenti
1072 4555 1184 4610 vita
1222 4554 1448 4625 contigit
1473 4554 1675 4618 vivere,
1710 4566 1930 4608 necesse
1961 4552 2122 4609 fuerit

526 4648 750 4715 ponderi
780 4647 886 4702 diei
915 4655 971 4701 et
991 4646 1147 4701 aestui
1177 4645 1231 4700 in
1271 4644 1452 4699 carnis
1481 4644 1828 4715 passionibus
1869 4644 1958 4699 diu
1990 4645 2118 4699 sub-

521 4734 726 4803 jacere.
777 4734 944 4801 Quasi
983 4749 1113 4805 ergo
1163 4733 1378 4789 illorum
1433 4734 1677 4790 actiones
1742 4748 2117 4790 murmurasse

529 4822 652 4886 fuit,
696 4823 911 4893 quando
942 4837 1058 4890 eos,
1107 4824 1202 4894 qui
1251 4832 1374 4896 post
1412 4823 1626 4879 Domini
1682 4824 2116 4880 incarnationem

527 4913 898 4979 crediderunt,
937 4922 1059 4984 post
1098 4915 1318 4970 brevem
1354 4915 1763 4971 tribulationem
1803 4930 2121 4971 remunera-

529 5007 730 5062 tionem
757 5004 1039 5074 percipere
1067 5004 1340 5072 videntur,
1374 5021 1537 5077 quam
1568 5005 1643 5061 illi
1675 5021 1798 5061 cum
1828 5006 1987 5076 longa
2025 5006 2121 5060 tri-

526 5096 802 5152 bulatione
836 5106 1308 5167 exspectaverunt.
1341 5096 1494 5165 Quod
1521 5106 1579 5152 ut
1617 5095 1829 5151 facilius
1854 5096 2113 5167 intelligac

530 5197 639 5256 tur,
666 5203 733 5243 ex
760 5187 946 5243 multis
970 5204 1137 5245 unum
1163 5190 1231 5245 ad
1261 5190 1497 5245 medium
1519 5189 1788 5244 deducere
1817 5187 1994 5243 visum
2015 5197 2116 5252 est,

526 5278 781 5334 videlicet
820 5278 1093 5336 Abraham
1142 5281 1530 5353 patriarcham.
1583 5278 1750 5346 Quasi
1799 5280 1944 5335 enim
1976 5280 2121 5337 illius

527 5372 799 5429 actionem
828 5388 1201 5430 murmurasse
1251 5372 1370 5439 fuit,
1427 5371 1644 5442 quando
1694 5370 1912 5445 (Matth.
1946 5373 2117 5445 xxvtt)

524 5462 792 5520 latronem
817 5465 886 5519 ab
912 5464 1043 5535 ipsis
1076 5465 1267 5521 mortis
1293 5462 1540 5518 faucibus
1583 5476 1681 5533 per
1727 5462 1965 5519 divinam
1992 5480 2119 5535 gra-

528 5557 659 5613 tiam
709 5556 1019 5623 liberatum,
1060 5566 1187 5612 ante
1218 5555 1532 5628 paradisum
1588 5571 1752 5627 quam
1804 5573 1863 5612 se
1912 5558 2121 5613 intrare

525 5650 680 5706 vidit.
713 5650 908 5706 Annon
940 5651 1079 5706 latro
1107 5650 1392 5706 undecima
1443 5650 1577 5705 hora
1625 5651 1792 5717 venit,
1838 5651 1930 5721 qui
1961 5649 2121 5706 Chri-

527 5751 671 5799 stum
702 5743 756 5798 in
783 5760 947 5800 cruce
972 5742 1253 5799 confessus
1279 5749 1380 5807 est,
1418 5750 1474 5796 et
1514 5750 1692 5797 tamen
1740 5751 1867 5799 ante
1906 5743 2115 5799 denarii

526 5836 1021 5892 remunerationem
1046 5834 1273 5907 accepit,
1319 5849 1484 5905 quam
1530 5833 1829 5901 Abraham,
1859 5834 1953 5907 qui
1982 5836 2116 5893 hora

2312 1970 2328 2001 ι
2366 1952 2570 2019 Amice,
2585 1969 2693 2009 non
2725 1954 2867 2011 facio
2899 1955 2997 2011 tibi
3024 1954 3509 2023 injuriam.Nonne
3523 1971 3591 2011 ex
3607 1957 3837 2013 denario

2244 2063 2261 2095 ι
2294 2043 2488 2099 diurno
2504 2046 2803 2102 convenisti
2835 2048 3088 2104 mecum?
3111 2048 3260 2103 Tolle
3282 2050 3425 2120 quod
3455 2058 3611 2104 tuum
3640 2058 3750 2115 est,
3782 2059 3835 2105 et

2242 2152 2262 2184 ί
2306 2135 2460 2189 vade.
2501 2156 2520 2189 ι
2555 2137 2708 2203 Quod
2738 2138 2806 2193 ad
2849 2137 3159 2194 Iudaeorum
3180 2147 3237 2195 et
3282 2140 3527 2210 gentium
3571 2140 3831 2211 populum

2237 2225 2532 2294 pertinere,
2566 2235 2626 2281 ut
2646 2227 2900 2293 diximus,
2942 2228 3292 2285 manifestum
3343 2238 3446 2285 est.
3489 2229 3629 2286 Nam
3679 2231 3829 2286 multi

2235 2312 2562 2380 Judzeorum,
2610 2318 2702 2387 qui
2742 2328 2864 2388 post
2902 2319 3116 2374 Domini
3163 2320 3541 2376 ascensionem
3580 2322 3829 2378 credide-

2236 2416 2383 2472 runt,
2449 2406 2707 2463 nolebant
2760 2409 2990 2480 gentiles
3038 2410 3107 2465 ad
3153 2425 3307 2465 suam
3364 2410 3686 2467 societatem
3749 2413 3825 2467 vel

2234 2498 2600 2568 aequalitatem
2649 2500 2957 2568 admittere,
3013 2501 3106 2556 sed
3156 2501 3559 2572 proselytorum
3591 2501 3822 2559 locoeos

2236 2594 2513 2650 habendos
2566 2593 2902 2663 judicabant,
2953 2595 3196 2651 dicentes
3246 2595 3531 2668 indignum
3597 2610 3708 2651 esse
3756 2605 3814 2650 ut

2235 2695 2423 2756 gentes
2434 2695 2556 2758 post
2570 2686 2836 2743 idolorum
2857 2687 3003 2743 cultu
3011 2702 3126 2741 ram
3139 2686 3221 2743 eis
3235 2702 3557 2757 coaequaren
3565 2697 3672 2753 tur,
3686 2703 3815 2757 quo-

2236 2793 2354 2835 rum
2391 2780 2639 2849 patribus
2668 2779 2812 2835 Deus
2842 2779 3055 2836 locutus
3101 2780 3279 2836 fuerat
3332 2778 3534 2851 (Exod.
3588 2780 3724 2847 xvi),
3776 2789 3827 2835 et

2236 2869 2405 2923 multa
2428 2869 2695 2925 mirabilia
2725 2870 3055 2935 ostenderat,
3085 2877 3141 2924 et
3161 2869 3359 2939 quibus
3386 2868 3558 2939 legem
3585 2868 3824 2936 dederat,

2234 2969 2289 3017 et
2306 2978 2372 3018 ex
2387 2962 2587 3033 quibus
2612 2978 2833 3019 carnem
2855 2970 3243 3032 assumpserat.
3271 2961 3338 3017 Et
3352 2961 3456 3017 hoc
3467 2969 3554 3016 est
3565 2961 3717 3032 quod
3732 2960 3829 3027 illi,

2234 3053 2325 3122 qui
2347 3053 2558 3123 priores
2583 3053 2638 3107 in
2660 3053 2874 3108 vineam
2900 3065 3182 3117 venerant,
3204 3061 3612 3108 murmurantes
3632 3063 3831 3108 contra

2235 3145 2578 3211 novissimos,
2610 3146 2865 3201 dicebant
2910 3163 2923 3199 :
2960 3146 3024 3201 Hi
3054 3146 3333 3201 novissimi
3365 3162 3464 3200 una
3492 3145 3627 3200 hora
3682 3145 3834 3201 fece-

2154 3212 2199 3277 C
2231 3244 2381 3301 runt,
2418 3245 2526 3292 etc.
2555 3236 2666 3293 Sed
2694 3238 2822 3309 quia
2856 3239 3117 3294 Dominus
3150 3237 3309 3294 Jesus
3354 3237 3597 3293 Christus
3639 3238 3835 3295 sinum

2227 3329 2616 3389 misericordiae
2646 3344 2758 3385 suaa
2786 3345 2959 3401 usque
2981 3331 3050 3385 ad
3078 3329 3407 3403 colligendas
3430 3338 3616 3400 gentes
3635 3337 3836 3384 exten-

2227 3422 2326 3489 dit,
2360 3430 2509 3478 recte
2531 3422 2627 3477 uni
2656 3436 2844 3477 eorum
2876 3421 3076 3477 dicitur
3107 3440 3121 3476 :
3147 3421 3355 3486 Amice,
3385 3435 3493 3475 non
3538 3418 3683 3475 facio
3727 3419 3828 3475 tibi

2227 3514 2501 3585 injuriam,
2541 3522 2651 3569 etc.
2698 3513 2770 3568 At
2795 3528 2945 3580 vero,
2986 3513 3074 3569 ille
3114 3511 3307 3586 (Rom.
3339 3511 3419 3582 ιι)
3462 3510 3557 3583 qui
3598 3525 3707 3565 non
3742 3518 3830 3565 est

2225 3622 2581 3679 personarum
2627 3614 2898 3676 acceptor,
2944 3606 3041 3661 sed
3091 3605 3146 3660 in
3186 3605 3334 3659 omni
3380 3613 3545 3675 gente
3583 3603 3676 3672 qui
3697 3616 3833 3670 ope-

2227 3712 2380 3758 ratur
2396 3702 2686 3773 justitiam,
2717 3710 2971 3769 acceptus
2991 3708 3076 3755 est
3109 3699 3209 3765 illi,
3241 3707 3391 3755 recte
3421 3697 3556 3752 dicit
3588 3714 3601 3748 :
3637 3714 3655 3746 ι
3687 3693 3825 3788 ῖθιο

2228 3804 2411 3851 autem
2446 3803 2503 3850 et
2542 3795 2668 3850 huic
2697 3794 2996 3849 novissimo
3025 3794 3157 3849 dare
3196 3792 3335 3848 sicut
3381 3799 3436 3846 et
3476 3789 3591 3845 tibi.
3631 3808 3651 3841 ι
3685 3788 3826 3843 Nam

2227 3903 2324 3959 per
2351 3888 2468 3959 ejus
2512 3889 2768 3960 gratiam,
2818 3889 2909 3958 qui
2952 3887 3169 3957 (Matth.
3203 3885 3282 3957 ix)
3314 3899 3424 3940 non
3450 3883 3600 3939 venit
3624 3898 3826 3938 vocare

2224 3981 2420 4051 justos,
2472 3980 2567 4035 sed
2611 3988 2927 4050 peccatores
2976 3978 3042 4033 ad
3079 3978 3479 4049 pcenitentiam,
3509 3991 3619 4030 non
3647 3974 3823 4030 solum

2228 4074 2427 4129 Judaeis
2447 4074 2679 4145 gentiles
2700 4073 2899 4143 aequati
2928 4080 3075 4139 sunt,
3106 4072 3202 4129 sed
3248 4071 3415 4126 etiam
3456 4069 3827 4141 promptiores

2189 4173 2204 4187 '
2230 4165 2296 4220 ad
2323 4165 2654 4221 credendum
2685 4165 2887 4220 inventi
2920 4174 3065 4221 sunt.

2305 4276 2324 4308 ι
2369 4254 2454 4310 An
2502 4270 2609 4310 non
2639 4255 2767 4311 licet
2792 4256 2927 4311 mihi
2953 4256 3099 4326 quod
3119 4253 3244 4311 volo
3267 4253 3486 4310 facere?
3511 4255 3595 4310 An
3635 4253 3829 4310 oculus

2236 4366 2255 4401 ι
2291 4356 2416 4403 tuus
2462 4362 2698 4419 nequam
2742 4356 2848 4414 est,
2878 4348 3007 4417 quia
3045 4362 3145 4419 ego
3184 4346 3361 4402 bonus
3408 4348 3572 4403 sum?
3604 4367 3623 4399 ι
3669 4343 3830 4401 Unde

2228 4439 2521 4512 Apostolus
2557 4439 2809 4510 querelas
2839 4439 3119 4495 hominum
3155 4446 3346 4495 contra
3377 4438 3550 4494 Deum
3599 4452 3828 4507 compe—

2230 4536 2411 4599 scens,
2443 4533 2560 4587 ait:
2597 4553 2615 4584 ι
2654 4532 2699 4589 Ο
2726 4532 2913 4599 homo,
2951 4539 3008 4586 tu
3062 4531 3185 4602 quis
3240 4546 3302 4587 es
3351 4531 3443 4602 qui
3491 4532 3829 4601 respondeas

2229 4622 2376 4677 Deo?
2404 4623 2676 4694 Numquid
2704 4624 2837 4679 dicit
2858 4624 3171 4695 figmentum
3194 4624 3244 4679 ei
3265 4623 3360 4694 qui
3384 4639 3443 4679 se
3473 4622 3651 4687 ﬁnxit,
3677 4622 3828 4690 Qua-

2229 4731 2289 4770 re
2322 4730 2409 4770 me
2431 4714 2607 4770 fecisti
2638 4715 2751 4770 sic?
2777 4715 2884 4768 Aut
2914 4729 3020 4770 non
3060 4714 3224 4770 habet
3271 4722 3595 4785 potestatem
3628 4711 3830 4783 figulus

2228 4808 2351 4875 luti,
2376 4824 2446 4864 ex
2484 4810 2675 4864 eadem
2719 4824 2902 4864 massa
2940 4808 3085 4865 aliud
3109 4824 3206 4865 vas
3241 4807 3421 4865 facere
3446 4806 3825 4879 in,honorem,

2225 4903 2373 4959 aliud
2408 4918 2538 4957 vero
2588 4904 2643 4958 in
2682 4904 3068 4959 contumeliam
3088 4903 3263 4975 (Rom.
3307 4902 3422 4975 1x)?
3460 4921 3481 4956 ι
3507 4900 3687 4959 Habet
3713 4902 3826 4957 uti—

2225 5011 2363 5068 que:
2394 4993 2540 5051 Deus
2553 4996 2699 5052 enim
2715 4997 2857 5051 nulla
2872 4999 3198 5053 necessitate
3212 4997 3566 5061 constrictus,
3593 4995 3689 5051 sed
3703 4994 3827 5050 sola

2226 5088 2471 5145 bonitate
2499 5089 2693 5159 quibus
2707 5088 3003 5143 vultvitam
3024 5090 3233 5145 tribuit.
3267 5088 3423 5145 Unde
3447 5097 3505 5144 et
3529 5086 3823 5170 subditur:

2308 5205 2326 5238 ι
2363 5184 2453 5242 Sic
2477 5195 2636 5241 erunt
2662 5185 2942 5241 novissimi
2970 5184 3153 5255 primi,
3185 5192 3239 5240 et
3273 5183 3437 5254 primi
3463 5181 3770 5238 novissimi.
3802 5202 3824 5235 ι

2228 5279 2397 5334 Primi
2431 5279 2576 5335 enim
2619 5278 2890 5349 quondam
2918 5276 3094 5334 Judai
3139 5275 3381 5341 fuerunt,
3426 5273 3646 5345 quando
3690 5272 3826 5328 olim

2228 5373 2341 5428 Deo
2368 5371 2493 5428 εωιί
2530 5371 2917 5438 crediderunt,
2940 5380 2998 5427 et
3015 5371 3310 5427 secundum
3335 5371 3509 5440 legem
3540 5369 3825 5425 vixerunt.

2227 5464 2517 5521 Novissimi
2549 5471 2729 5517 autem
2759 5461 2939 5532 (Deut.
2987 5460 3184 5533 xxvnt)
3217 5461 3450 5532 gentiles
3471 5468 3662 5524 erant,
3688 5472 3828 5529 pro-

2221 5568 2341 5631 pter
2369 5555 2800 5613 incredulitatem
2829 5557 3079 5612 extranei
3109 5571 3139 5610 a
3180 5556 3486 5628 cognitione
3525 5554 3621 5609 Dei
3650 5562 3708 5609 et
3740 5560 3828 5608 te-

2224 5659 2495 5707 stamento
2527 5649 2679 5719 legis.
2712 5649 2819 5706 Sed
2858 5650 3087 5705 Domino
3121 5650 3405 5716 veniente,
3431 5649 3524 5721 qui
3560 5648 3827 5703 videban-

2228 5752 2316 5799 tur
2355 5758 2476 5799 esse
2517 5742 2701 5812 primi,
2735 5759 2839 5798 non
2870 5743 3143 5799 credendo
3201 5742 3330 5798 facti
3356 5751 3485 5798 sunt
3512 5738 3823 5807 novissimi,

2225 5843 2280 5892 et
2308 5832 2382 5890 illi
2410 5834 2500 5904 qui
2544 5834 2824 5890 novissimi
2851 5843 3026 5902 erant,
3079 5834 3133 5890 in
3176 5834 3447 5891 credendo
3512 5831 3646 5888 facti
3688 5841 3851 5886 sunt-
