  <div class='ocr_page' id='page_1' title='image "/cluster/home/n/w/nwhite01/storage/ocr_20150623/118/hvd.32044015466907/086.png"; bbox 0 0 4038 6352; ppageno 0'>
   <div class='ocr_carea' id='block_1_1' title="bbox 198 434 296 490">
    <p class='ocr_par' dir='ltr' id='par_1_1' title="bbox 198 434 296 490">
     <span class='ocr_line' id='line_1_1' title="bbox 198 434 296 490; baseline 0.01 -1"><span class='ocrx_word' id='word_1_1' title='bbox 198 434 296 490; x_wconf 75' lang='grc'><strong>161</strong></span> 
     </span>
    </p>
   </div>
   <div class='ocr_carea' id='block_1_2' title="bbox 1413 436 2240 494">
    <p class='ocr_par' dir='ltr' id='par_1_2' title="bbox 1413 436 2240 494">
     <span class='ocr_line' id='line_1_2' title="bbox 1413 436 2240 494; baseline -0.004 0"><span class='ocrx_word' id='word_1_2' title='bbox 1413 436 1718 494; x_wconf 69' lang='lat' dir='ltr'><strong>HOMILIAE</strong></span> <span class='ocrx_word' id='word_1_3' title='bbox 1762 437 1852 494; x_wconf 85' lang='lat' dir='ltr'><strong>DE</strong></span> <span class='ocrx_word' id='word_1_4' title='bbox 1892 436 2240 493; x_wconf 76' lang='lat' dir='ltr'><strong>TEMI’ORE.</strong></span> 
     </span>
    </p>
   </div>
   <div class='ocr_carea' id='block_1_3' title="bbox 3355 439 3460 494">
    <p class='ocr_par' dir='ltr' id='par_1_3' title="bbox 3355 439 3460 494">
     <span class='ocr_line' id='line_1_3' title="bbox 3355 439 3460 494; baseline 0.01 -1"><span class='ocrx_word' id='word_1_5' title='bbox 3355 439 3460 494; x_wconf 71' lang='grc'><strong>162</strong></span> 
     </span>
    </p>
   </div>
   <div class='ocr_carea' id='block_1_4' title="bbox 196 549 3461 623">
    <p class='ocr_par' dir='ltr' id='par_1_4' title="bbox 196 549 3461 623">
     <span class='ocr_line' id='line_1_4' title="bbox 196 549 3461 623; baseline 0.001 -20"><span class='ocrx_word' id='word_1_6' title='bbox 196 549 395 619; x_wconf 84' lang='lat' dir='ltr'><strong>primi;</strong></span> <span class='ocrx_word' id='word_1_7' title='bbox 430 557 486 604; x_wconf 90' lang='lat' dir='ltr'><strong>et</strong></span> <span class='ocrx_word' id='word_1_8' title='bbox 513 550 604 619; x_wconf 85' lang='lat' dir='ltr'><strong>qui</strong></span> <span class='ocrx_word' id='word_1_9' title='bbox 636 559 794 607; x_wconf 88' lang='lat' dir='ltr'><strong>erant</strong></span> <span class='ocrx_word' id='word_1_10' title='bbox 818 553 1026 623; x_wconf 92' lang='lat' dir='ltr'><strong>capite,</strong></span> <span class='ocrx_word' id='word_1_11' title='bbox 1056 552 1184 608; x_wconf 89' lang='lat' dir='ltr'><strong>facti</strong></span> <span class='ocrx_word' id='word_1_12' title='bbox 1208 559 1335 608; x_wconf 83' lang='lat' dir='ltr'><strong>sunt</strong></span> <span class='ocrx_word' id='word_1_13' title='bbox 1374 553 1430 607; x_wconf 90' lang='lat' dir='ltr'><strong>in</strong></span> <span class='ocrx_word' id='word_1_14' title='bbox 1474 552 1679 620; x_wconf 90' lang='lat' dir='ltr'><strong>cauda;</strong></span> <span class='ocrx_word' id='word_1_15' title='bbox 1725 559 1781 607; x_wconf 90' lang='lat' dir='ltr'><strong>et</strong></span> <span class='ocrx_word' id='word_1_16' title='bbox 1809 557 1861 619; x_wconf 82' lang='grc' dir='ltr'><strong>Α</strong></span> <span class='ocrx_word' id='word_1_17' title='bbox 1885 560 2248 619; x_wconf 72' lang='lat' dir='ltr'><strong>murmurant,</strong></span> <span class='ocrx_word' id='word_1_18' title='bbox 2279 550 2372 622; x_wconf 89' lang='lat' dir='ltr'><strong>qui</strong></span> <span class='ocrx_word' id='word_1_19' title='bbox 2392 551 2601 622; x_wconf 90' lang='lat' dir='ltr'><strong>pondus</strong></span> <span class='ocrx_word' id='word_1_20' title='bbox 2625 552 2730 609; x_wconf 91' lang='lat' dir='ltr'><strong>diei</strong></span> <span class='ocrx_word' id='word_1_21' title='bbox 2753 559 2808 608; x_wconf 91' lang='lat' dir='ltr'><strong>et</strong></span> <span class='ocrx_word' id='word_1_22' title='bbox 2833 558 2998 608; x_wconf 63' lang='lat' dir='ltr'><strong>aestus</strong></span> <span class='ocrx_word' id='word_1_23' title='bbox 3017 549 3304 617; x_wconf 72' lang='lat' dir='ltr'><strong>sustinent,</strong></span> <span class='ocrx_word' id='word_1_24' title='bbox 3335 553 3461 607; x_wconf 79' lang='lat' dir='ltr'><strong>cum</strong></span> 
     </span>
    </p>
   </div>
   <div class='ocr_carea' id='block_1_5' title="bbox 197 641 1784 714">
    <p class='ocr_par' dir='ltr' id='par_1_5' title="bbox 197 641 1784 714">
     <span class='ocr_line' id='line_1_5' title="bbox 197 641 1784 714; baseline 0.001 -19"><span class='ocrx_word' id='word_1_25' title='bbox 197 641 293 710; x_wconf 86' lang='lat' dir='ltr'><strong>qui</strong></span> <span class='ocrx_word' id='word_1_26' title='bbox 323 650 481 696; x_wconf 87' lang='lat' dir='ltr'><strong>erant</strong></span> <span class='ocrx_word' id='word_1_27' title='bbox 508 641 562 696; x_wconf 91' lang='lat' dir='ltr'><strong>in</strong></span> <span class='ocrx_word' id='word_1_28' title='bbox 604 642 806 710; x_wconf 90' lang='lat' dir='ltr'><strong>cauda,</strong></span> <span class='ocrx_word' id='word_1_29' title='bbox 838 642 968 698; x_wconf 89' lang='lat' dir='ltr'><strong>facti</strong></span> <span class='ocrx_word' id='word_1_30' title='bbox 996 651 1124 699; x_wconf 92' lang='lat' dir='ltr'><strong>sunt</strong></span> <span class='ocrx_word' id='word_1_31' title='bbox 1153 644 1208 699; x_wconf 90' lang='lat' dir='ltr'><strong>iu</strong></span> <span class='ocrx_word' id='word_1_32' title='bbox 1238 643 1445 714; x_wconf 85' lang='lat' dir='ltr'><strong>capite,</strong></span> <span class='ocrx_word' id='word_1_33' title='bbox 1465 642 1623 713; x_wconf 85' lang='lat' dir='ltr'><strong>juxta</strong></span> <span class='ocrx_word' id='word_1_34' title='bbox 1653 642 1784 697; x_wconf 90' lang='lat' dir='ltr'><strong>illud</strong></span> 
     </span>
    </p>
   </div>
   <div class='ocr_carea' id='block_1_6' title="bbox 198 730 1785 807">
    <p class='ocr_par' dir='ltr' id='par_1_6' title="bbox 198 730 1785 807">
     <span class='ocr_line' id='line_1_6' title="bbox 198 730 1785 807; baseline 0.003 -22"><span class='ocrx_word' id='word_1_35' title='bbox 198 730 347 801; x_wconf 91' lang='lat' dir='ltr'><strong>quod</strong></span> <span class='ocrx_word' id='word_1_36' title='bbox 368 730 629 788; x_wconf 85' lang='lat' dir='ltr'><strong>Dominus</strong></span> <span class='ocrx_word' id='word_1_37' title='bbox 657 733 734 788; x_wconf 88' lang='lat' dir='ltr'><strong>ait</strong></span> <span class='ocrx_word' id='word_1_38' title='bbox 764 751 777 788; x_wconf 93' lang='lat'>:</span> <span class='ocrx_word' id='word_1_39' title='bbox 809 755 827 786; x_wconf 75' lang='grc' dir='ltr'>ι</span> <span class='ocrx_word' id='word_1_40' title='bbox 864 734 924 789; x_wconf 89' lang='lat' dir='ltr'><strong>In</strong></span> <span class='ocrx_word' id='word_1_41' title='bbox 948 733 1212 805; x_wconf 90' lang='lat' dir='ltr'><strong>judicium</strong></span> <span class='ocrx_word' id='word_1_42' title='bbox 1249 750 1351 807; x_wconf 90' lang='lat' dir='ltr'><strong>ego</strong></span> <span class='ocrx_word' id='word_1_43' title='bbox 1375 734 1428 789; x_wconf 91' lang='lat' dir='ltr'><strong>in</strong></span> <span class='ocrx_word' id='word_1_44' title='bbox 1455 735 1602 791; x_wconf 89' lang='lat' dir='ltr'><strong>hunc</strong></span> <span class='ocrx_word' id='word_1_45' title='bbox 1627 750 1785 790; x_wconf 90' lang='lat' dir='ltr'><strong>mun-</strong></span> 
     </span>
    </p>
   </div>
   <div class='ocr_carea' id='block_1_7' title="bbox 199 820 1779 895">
    <p class='ocr_par' dir='ltr' id='par_1_7' title="bbox 199 820 1779 895">
     <span class='ocr_line' id='line_1_7' title="bbox 199 820 1779 895; baseline 0.001 -17"><span class='ocrx_word' id='word_1_46' title='bbox 199 823 327 878; x_wconf 91' lang='lat' dir='ltr'><strong>dum</strong></span> <span class='ocrx_word' id='word_1_47' title='bbox 357 822 504 889; x_wconf 82' lang='lat' dir='ltr'><strong>veni,</strong></span> <span class='ocrx_word' id='word_1_48' title='bbox 531 832 593 879; x_wconf 91' lang='lat' dir='ltr'><strong>ut</strong></span> <span class='ocrx_word' id='word_1_49' title='bbox 620 820 713 894; x_wconf 83' lang='lat' dir='ltr'><strong>qui</strong></span> <span class='ocrx_word' id='word_1_50' title='bbox 739 840 846 880; x_wconf 92' lang='lat' dir='ltr'><strong>non</strong></span> <span class='ocrx_word' id='word_1_51' title='bbox 873 825 1079 892; x_wconf 86' lang='lat' dir='ltr'><strong>vident,</strong></span> <span class='ocrx_word' id='word_1_52' title='bbox 1102 824 1341 891; x_wconf 83' lang='lat' dir='ltr'><strong>videant,</strong></span> <span class='ocrx_word' id='word_1_53' title='bbox 1366 833 1425 881; x_wconf 91' lang='lat' dir='ltr'><strong>et</strong></span> <span class='ocrx_word' id='word_1_54' title='bbox 1450 824 1545 895; x_wconf 92' lang='lat' dir='ltr'><strong>qui</strong></span> <span class='ocrx_word' id='word_1_55' title='bbox 1574 824 1779 889; x_wconf 80' lang='lat' dir='ltr'><strong>vident,</strong></span> 
     </span>
    </p>
   </div>
   <div class='ocr_carea' id='block_1_8' title="bbox 198 916 1784 989">
    <p class='ocr_par' dir='ltr' id='par_1_8' title="bbox 198 916 1784 989">
     <span class='ocr_line' id='line_1_8' title="bbox 198 916 1784 989; baseline 0.003 -19"><span class='ocrx_word' id='word_1_56' title='bbox 198 917 331 971; x_wconf 63' lang='lat' dir='ltr'><strong>caeci</strong></span> <span class='ocrx_word' id='word_1_57' title='bbox 363 916 698 989; x_wconf 83' lang='lat' dir='ltr'><strong>ﬁant(Joan.</strong></span> <span class='ocrx_word' id='word_1_58' title='bbox 739 921 842 987; x_wconf 73' lang='grc' dir='ltr'><strong>ιι).</strong></span> <span class='ocrx_word' id='word_1_59' title='bbox 884 939 904 972; x_wconf 74' lang='grc' dir='ltr'><strong><em>ι</em></strong></span> <span class='ocrx_word' id='word_1_60' title='bbox 940 918 1095 975; x_wconf 86' lang='lat' dir='ltr'><strong>Unde</strong></span> <span class='ocrx_word' id='word_1_61' title='bbox 1141 935 1265 975; x_wconf 90' lang='lat' dir='ltr'><strong>rara</strong></span> <span class='ocrx_word' id='word_1_62' title='bbox 1298 918 1606 975; x_wconf 65' lang='lat' dir='ltr'><strong>Judmorum</strong></span> <span class='ocrx_word' id='word_1_63' title='bbox 1650 918 1784 974; x_wconf 83' lang='lat' dir='ltr'><strong>ﬁdes</strong></span> 
     </span>
    </p>
   </div>
   <div class='ocr_carea' id='block_1_9' title="bbox 199 1010 1783 1084">
    <p class='ocr_par' dir='ltr' id='par_1_9' title="bbox 199 1010 1783 1084">
     <span class='ocr_line' id='line_1_9' title="bbox 199 1010 1783 1084; baseline 0.003 -22"><span class='ocrx_word' id='word_1_64' title='bbox 199 1010 544 1080; x_wconf 89' lang='lat' dir='ltr'><strong>reprobatur,</strong></span> <span class='ocrx_word' id='word_1_65' title='bbox 592 1026 716 1066; x_wconf 91' lang='lat' dir='ltr'><strong>cum</strong></span> <span class='ocrx_word' id='word_1_66' title='bbox 754 1013 932 1068; x_wconf 87' lang='lat' dir='ltr'><strong>adhuc</strong></span> <span class='ocrx_word' id='word_1_67' title='bbox 960 1011 1307 1084; x_wconf 74' lang='lat' dir='ltr'><strong>subiungitur</strong></span> <span class='ocrx_word' id='word_1_68' title='bbox 1337 1031 1351 1066; x_wconf 88' lang='lat'>:</span> <span class='ocrx_word' id='word_1_69' title='bbox 1382 1031 1401 1064; x_wconf 75' lang='grc' dir='ltr'>ι</span> <span class='ocrx_word' id='word_1_70' title='bbox 1450 1011 1599 1067; x_wconf 81' lang='lat' dir='ltr'><strong>Multi</strong></span> <span class='ocrx_word' id='word_1_71' title='bbox 1639 1011 1783 1066; x_wconf 90' lang='lat' dir='ltr'><strong>enim</strong></span> 
     </span>
    </p>
   </div>
   <div class='ocr_carea' id='block_1_10' title="bbox 202 1101 1784 1179">
    <p class='ocr_par' dir='ltr' id='par_1_10' title="bbox 202 1101 1784 1179">
     <span class='ocr_line' id='line_1_10' title="bbox 202 1101 1784 1179; baseline 0.004 -27"><span class='ocrx_word' id='word_1_72' title='bbox 202 1120 223 1152; x_wconf 74' lang='lat' dir='ltr'><strong>t</strong></span> <span class='ocrx_word' id='word_1_73' title='bbox 259 1111 398 1157; x_wconf 90' lang='lat' dir='ltr'><strong>sunt</strong></span> <span class='ocrx_word' id='word_1_74' title='bbox 424 1101 629 1168; x_wconf 84' lang='lat' dir='ltr'><strong>vocati,</strong></span> <span class='ocrx_word' id='word_1_75' title='bbox 660 1104 818 1179; x_wconf 84' lang='lat' dir='ltr'><strong>pauci</strong></span> <span class='ocrx_word' id='word_1_76' title='bbox 858 1118 986 1159; x_wconf 89' lang='lat' dir='ltr'><strong>vero</strong></span> <span class='ocrx_word' id='word_1_77' title='bbox 1012 1104 1189 1160; x_wconf 89' lang='lat' dir='ltr'><strong>electi.</strong></span> <span class='ocrx_word' id='word_1_78' title='bbox 1223 1124 1241 1156; x_wconf 76' lang='grc' dir='ltr'><strong><em>ι</em></strong></span> <span class='ocrx_word' id='word_1_79' title='bbox 1273 1103 1428 1171; x_wconf 83' lang='lat' dir='ltr'><strong>Quod</strong></span> <span class='ocrx_word' id='word_1_80' title='bbox 1473 1103 1784 1175; x_wconf 81' lang='lat' dir='ltr'><strong>specialiter</strong></span> 
     </span>
    </p>
   </div>
   <div class='ocr_carea' id='block_1_11' title="bbox 195 1191 1776 1268">
    <p class='ocr_par' dir='ltr' id='par_1_11' title="bbox 195 1191 1776 1268">
     <span class='ocr_line' id='line_1_11' title="bbox 195 1191 1776 1268; baseline 0.003 -21"><span class='ocrx_word' id='word_1_81' title='bbox 195 1192 262 1248; x_wconf 91' lang='lat' dir='ltr'><strong>ad</strong></span> <span class='ocrx_word' id='word_1_82' title='bbox 290 1191 606 1249; x_wconf 71' lang='lat' dir='ltr'><strong>Judzeorum</strong></span> <span class='ocrx_word' id='word_1_83' title='bbox 623 1195 876 1265; x_wconf 91' lang='lat' dir='ltr'><strong>populum</strong></span> <span class='ocrx_word' id='word_1_84' title='bbox 891 1197 1143 1268; x_wconf 86' lang='lat' dir='ltr'><strong>pertinet,</strong></span> <span class='ocrx_word' id='word_1_85' title='bbox 1171 1212 1239 1253; x_wconf 85' lang='lat' dir='ltr'><strong>ex</strong></span> <span class='ocrx_word' id='word_1_86' title='bbox 1273 1196 1471 1268; x_wconf 89' lang='lat' dir='ltr'><strong>quibus</strong></span> <span class='ocrx_word' id='word_1_87' title='bbox 1494 1196 1649 1252; x_wconf 92' lang='lat' dir='ltr'><strong>multi</strong></span> <span class='ocrx_word' id='word_1_88' title='bbox 1678 1212 1776 1252; x_wconf 85' lang='lat' dir='ltr'><strong>vo-</strong></span> 
     </span>
    </p>
   </div>
   <div class='ocr_carea' id='block_1_12' title="bbox 194 1286 1782 1362">
    <p class='ocr_par' dir='ltr' id='par_1_12' title="bbox 194 1286 1782 1362">
     <span class='ocr_line' id='line_1_12' title="bbox 194 1286 1782 1362; baseline 0 -22"><span class='ocrx_word' id='word_1_89' title='bbox 194 1288 340 1350; x_wconf 90' lang='lat' dir='ltr'><strong>cati,</strong></span> <span class='ocrx_word' id='word_1_90' title='bbox 375 1286 469 1342; x_wconf 89' lang='lat' dir='ltr'><strong>sed</strong></span> <span class='ocrx_word' id='word_1_91' title='bbox 494 1287 587 1358; x_wconf 85' lang='lat' dir='ltr'><strong>qui</strong></span> <span class='ocrx_word' id='word_1_92' title='bbox 611 1289 840 1344; x_wconf 91' lang='lat' dir='ltr'><strong>Domino</strong></span> <span class='ocrx_word' id='word_1_93' title='bbox 869 1289 1187 1357; x_wconf 84' lang='lat' dir='ltr'><strong>crederent,</strong></span> <span class='ocrx_word' id='word_1_94' title='bbox 1218 1290 1374 1362; x_wconf 88' lang='lat' dir='ltr'><strong>pauci</strong></span> <span class='ocrx_word' id='word_1_95' title='bbox 1405 1299 1533 1346; x_wconf 89' lang='lat' dir='ltr'><strong>sunt</strong></span> <span class='ocrx_word' id='word_1_96' title='bbox 1556 1286 1782 1343; x_wconf 77' lang='lat' dir='ltr'><strong>inventi.</strong></span> 
     </span>
    </p>
   </div>
   <div class='ocr_carea' id='block_1_13' title="bbox 194 1373 1785 1449">
    <p class='ocr_par' dir='ltr' id='par_1_13' title="bbox 194 1373 1785 1449">
     <span class='ocr_line' id='line_1_13' title="bbox 194 1373 1785 1449; baseline 0.001 -20"><span class='ocrx_word' id='word_1_97' title='bbox 194 1373 330 1430; x_wconf 85' lang='lat' dir='ltr'><strong>Nam</strong></span> <span class='ocrx_word' id='word_1_98' title='bbox 384 1378 451 1433; x_wconf 86' lang='lat' dir='ltr'><strong>de</strong></span> <span class='ocrx_word' id='word_1_99' title='bbox 498 1378 740 1449; x_wconf 90' lang='lat' dir='ltr'><strong>gentium</strong></span> <span class='ocrx_word' id='word_1_100' title='bbox 788 1380 1073 1436; x_wconf 91' lang='lat' dir='ltr'><strong>vocatione</strong></span> <span class='ocrx_word' id='word_1_101' title='bbox 1122 1381 1252 1437; x_wconf 84' lang='lat' dir='ltr'><strong>alibi</strong></span> <span class='ocrx_word' id='word_1_102' title='bbox 1290 1380 1487 1436; x_wconf 88' lang='lat' dir='ltr'><strong>dicitur</strong></span> <span class='ocrx_word' id='word_1_103' title='bbox 1523 1395 1538 1433; x_wconf 91' lang='lat'><strong>:</strong></span> <span class='ocrx_word' id='word_1_104' title='bbox 1579 1400 1597 1431; x_wconf 78' lang='grc' dir='ltr'>ι</span> <span class='ocrx_word' id='word_1_105' title='bbox 1633 1376 1785 1433; x_wconf 80' lang='lat' dir='ltr'><strong>Multi</strong></span> 
     </span>
    </p>
   </div>
   <div class='ocr_carea' id='block_1_14' title="bbox 136 1468 1785 1539">
    <p class='ocr_par' dir='ltr' id='par_1_14' title="bbox 136 1468 1785 1539">
     <span class='ocr_line' id='line_1_14' title="bbox 136 1468 1785 1539; baseline 0.003 -19"><span class='ocrx_word' id='word_1_106' title='bbox 136 1516 143 1519; x_wconf 84' lang='lat'><strong>.</strong></span> <span class='ocrx_word' id='word_1_107' title='bbox 193 1468 422 1523; x_wconf 87' lang='lat' dir='ltr'><strong>venient</strong></span> <span class='ocrx_word' id='word_1_108' title='bbox 460 1469 528 1523; x_wconf 88' lang='lat' dir='ltr'><strong>ab</strong></span> <span class='ocrx_word' id='word_1_109' title='bbox 555 1469 767 1526; x_wconf 89' lang='lat' dir='ltr'><strong>oriente</strong></span> <span class='ocrx_word' id='word_1_110' title='bbox 796 1481 852 1527; x_wconf 88' lang='lat' dir='ltr'><strong>et</strong></span> <span class='ocrx_word' id='word_1_111' title='bbox 879 1472 1165 1528; x_wconf 92' lang='lat' dir='ltr'><strong>occidente</strong></span> <span class='ocrx_word' id='word_1_112' title='bbox 1186 1514 1202 1539; x_wconf 92' lang='lat'><strong>,</strong></span> <span class='ocrx_word' id='word_1_113' title='bbox 1233 1480 1291 1528; x_wconf 91' lang='lat' dir='ltr'><strong>et</strong></span> <span class='ocrx_word' id='word_1_114' title='bbox 1314 1471 1631 1529; x_wconf 83' lang='lat' dir='ltr'><strong>recumbent</strong></span> <span class='ocrx_word' id='word_1_115' title='bbox 1659 1485 1785 1525; x_wconf 90' lang='lat' dir='ltr'><strong>cum</strong></span> 
     </span>
    </p>
   </div>
   <div class='ocr_carea' id='block_1_15' title="bbox 191 1556 1782 1634">
    <p class='ocr_par' dir='ltr' id='par_1_15' title="bbox 191 1556 1782 1634">
     <span class='ocr_line' id='line_1_15' title="bbox 191 1556 1782 1634; baseline 0.001 -24"><span class='ocrx_word' id='word_1_116' title='bbox 191 1556 475 1612; x_wconf 77' lang='lat' dir='ltr'><strong>Abraham</strong></span> <span class='ocrx_word' id='word_1_117' title='bbox 494 1599 509 1623; x_wconf 94' lang='lat'><strong>,</strong></span> <span class='ocrx_word' id='word_1_118' title='bbox 537 1557 690 1616; x_wconf 89' lang='lat' dir='ltr'><strong>lsaac</strong></span> <span class='ocrx_word' id='word_1_119' title='bbox 719 1569 775 1615; x_wconf 91' lang='lat' dir='ltr'><strong>et</strong></span> <span class='ocrx_word' id='word_1_120' title='bbox 794 1559 964 1617; x_wconf 84' lang='lat' dir='ltr'><strong>Jacob</strong></span> <span class='ocrx_word' id='word_1_121' title='bbox 988 1562 1041 1616; x_wconf 92' lang='lat' dir='ltr'><strong>in</strong></span> <span class='ocrx_word' id='word_1_122' title='bbox 1082 1576 1250 1634; x_wconf 87' lang='lat' dir='ltr'><strong>regno</strong></span> <span class='ocrx_word' id='word_1_123' title='bbox 1277 1560 1538 1617; x_wconf 79' lang='lat' dir='ltr'><strong>ctelorum</strong></span> <span class='ocrx_word' id='word_1_124' title='bbox 1564 1558 1782 1632; x_wconf 82' lang='lat' dir='ltr'><strong>(Matth.</strong></span> 
     </span>
    </p>
   </div>
   <div class='ocr_carea' id='block_1_16' title="bbox 192 1647 1786 1725">
    <p class='ocr_par' dir='ltr' id='par_1_16' title="bbox 192 1647 1786 1725">
     <span class='ocr_line' id='line_1_16' title="bbox 192 1647 1786 1725; baseline 0.004 -26"><span class='ocrx_word' id='word_1_125' title='bbox 192 1647 341 1719; x_wconf 81' lang='lat' dir='ltr'><strong>vin).</strong></span> <span class='ocrx_word' id='word_1_126' title='bbox 381 1666 400 1699; x_wconf 75' lang='grc' dir='ltr'><strong><em>ι</em></strong></span> <span class='ocrx_word' id='word_1_127' title='bbox 434 1647 569 1714; x_wconf 86' lang='lat' dir='ltr'><strong>Quia</strong></span> <span class='ocrx_word' id='word_1_128' title='bbox 590 1665 720 1723; x_wconf 87' lang='lat' dir='ltr'><strong>ergo</strong></span> <span class='ocrx_word' id='word_1_129' title='bbox 755 1652 1015 1707; x_wconf 86' lang='lat' dir='ltr'><strong>horarum</strong></span> <span class='ocrx_word' id='word_1_130' title='bbox 1042 1652 1576 1725; x_wconf 4' lang='lat' dir='ltr'><strong>varietates,gquibus</strong></span> <span class='ocrx_word' id='word_1_131' title='bbox 1601 1666 1786 1723; x_wconf 89' lang='lat' dir='ltr'><strong>opera-</strong></span> 
     </span>
    </p>
   </div>
   <div class='ocr_carea' id='block_1_17' title="bbox 193 1741 1784 1809">
    <p class='ocr_par' dir='ltr' id='par_1_17' title="bbox 193 1741 1784 1809">
     <span class='ocr_line' id='line_1_17' title="bbox 193 1741 1784 1809; baseline 0.003 -15"><span class='ocrx_word' id='word_1_132' title='bbox 193 1741 257 1795; x_wconf 90' lang='lat' dir='ltr'><strong>rii</strong></span> <span class='ocrx_word' id='word_1_133' title='bbox 281 1742 341 1796; x_wconf 90' lang='lat' dir='ltr'><strong>in</strong></span> <span class='ocrx_word' id='word_1_134' title='bbox 380 1742 595 1798; x_wconf 87' lang='lat' dir='ltr'><strong>vineam</strong></span> <span class='ocrx_word' id='word_1_135' title='bbox 616 1753 903 1809; x_wconf 83' lang='lat' dir='ltr'><strong>vocantur,</strong></span> <span class='ocrx_word' id='word_1_136' title='bbox 928 1745 997 1800; x_wconf 89' lang='lat' dir='ltr'><strong>ad</strong></span> <span class='ocrx_word' id='word_1_137' title='bbox 1030 1754 1248 1801; x_wconf 67' lang='lat' dir='ltr'><strong>aatatum</strong></span> <span class='ocrx_word' id='word_1_138' title='bbox 1274 1745 1616 1801; x_wconf 86' lang='lat' dir='ltr'><strong>diversitates</strong></span> <span class='ocrx_word' id='word_1_139' title='bbox 1645 1744 1784 1799; x_wconf 81' lang='lat' dir='ltr'><strong>dixi-</strong></span> 
     </span>
    </p>
   </div>
   <div class='ocr_carea' id='block_1_18' title="bbox 193 1836 1787 1909">
    <p class='ocr_par' dir='ltr' id='par_1_18' title="bbox 193 1836 1787 1909">
     <span class='ocr_line' id='line_1_18' title="bbox 193 1836 1787 1909; baseline 0.004 -23"><span class='ocrx_word' id='word_1_140' title='bbox 193 1850 313 1888; x_wconf 87' lang='lat' dir='ltr'><strong>mus</strong></span> <span class='ocrx_word' id='word_1_141' title='bbox 348 1836 655 1905; x_wconf 88' lang='lat' dir='ltr'><strong>pertinere,</strong></span> <span class='ocrx_word' id='word_1_142' title='bbox 678 1836 810 1893; x_wconf 89' lang='lat' dir='ltr'><strong>libet</strong></span> <span class='ocrx_word' id='word_1_143' title='bbox 847 1838 1087 1904; x_wconf 90' lang='lat' dir='ltr'><strong>intueri,</strong></span> <span class='ocrx_word' id='word_1_144' title='bbox 1120 1838 1574 1909; x_wconf 88' lang='lat' dir='ltr'><strong>quemadmodum</strong></span> <span class='ocrx_word' id='word_1_145' title='bbox 1604 1838 1659 1892; x_wconf 91' lang='lat' dir='ltr'><strong>in</strong></span> <span class='ocrx_word' id='word_1_146' title='bbox 1686 1836 1787 1892; x_wconf 88' lang='lat' dir='ltr'><strong>Ec-</strong></span> 
     </span>
    </p>
   </div>
   <div class='ocr_carea' id='block_1_19' title="bbox 1888 641 3463 715">
    <p class='ocr_par' dir='ltr' id='par_1_19' title="bbox 1888 641 3463 715">
     <span class='ocr_line' id='line_1_19' title="bbox 1888 641 3463 715; baseline -0.002 -14"><span class='ocrx_word' id='word_1_147' title='bbox 1888 645 2011 701; x_wconf 92' lang='lat' dir='ltr'><strong>illos</strong></span> <span class='ocrx_word' id='word_1_148' title='bbox 2032 645 2215 701; x_wconf 91' lang='lat' dir='ltr'><strong>vident</strong></span> <span class='ocrx_word' id='word_1_149' title='bbox 2240 644 2597 711; x_wconf 85' lang='lat' dir='ltr'><strong>remunerari,</strong></span> <span class='ocrx_word' id='word_1_150' title='bbox 2620 645 2713 715; x_wconf 89' lang='lat' dir='ltr'><strong>qui</strong></span> <span class='ocrx_word' id='word_1_151' title='bbox 2731 643 3012 701; x_wconf 89' lang='lat' dir='ltr'><strong>novissimi</strong></span> <span class='ocrx_word' id='word_1_152' title='bbox 3036 643 3106 699; x_wconf 91' lang='lat' dir='ltr'><strong>ad</strong></span> <span class='ocrx_word' id='word_1_153' title='bbox 3123 641 3463 715; x_wconf 83' lang='lat' dir='ltr'><strong>spiritualem</strong></span> 
     </span>
    </p>
   </div>
   <div class='ocr_carea' id='block_1_20' title="bbox 1888 734 3464 806">
    <p class='ocr_par' dir='ltr' id='par_1_20' title="bbox 1888 734 3464 806">
     <span class='ocr_line' id='line_1_20' title="bbox 1888 734 3464 806; baseline -0.001 -15"><span class='ocrx_word' id='word_1_154' title='bbox 1888 736 2135 793; x_wconf 89' lang='lat' dir='ltr'><strong>militiam</strong></span> <span class='ocrx_word' id='word_1_155' title='bbox 2163 744 2529 803; x_wconf 89' lang='lat' dir='ltr'><strong>accesserunt,</strong></span> <span class='ocrx_word' id='word_1_156' title='bbox 2561 751 2621 792; x_wconf 91' lang='lat' dir='ltr'><strong>se</strong></span> <span class='ocrx_word' id='word_1_157' title='bbox 2649 746 2828 791; x_wconf 91' lang='lat' dir='ltr'><strong>autem</strong></span> <span class='ocrx_word' id='word_1_158' title='bbox 2856 737 2911 793; x_wconf 91' lang='lat' dir='ltr'><strong>in</strong></span> <span class='ocrx_word' id='word_1_159' title='bbox 2932 735 3227 793; x_wconf 89' lang='lat' dir='ltr'><strong>certamine</strong></span> <span class='ocrx_word' id='word_1_160' title='bbox 3247 734 3464 806; x_wconf 88' lang='lat' dir='ltr'><strong>reliqui.</strong></span> 
     </span>
    </p>
   </div>
   <div class='ocr_carea' id='block_1_21' title="bbox 1889 819 3461 893">
    <p class='ocr_par' dir='ltr' id='par_1_21' title="bbox 1889 819 3461 893">
     <span class='ocr_line' id='line_1_21' title="bbox 1889 819 3461 893; baseline -0.002 -7"><span class='ocrx_word' id='word_1_161' title='bbox 1889 819 1996 886; x_wconf 89' lang='lat' dir='ltr'><strong>Sed</strong></span> <span class='ocrx_word' id='word_1_162' title='bbox 2024 845 2131 886; x_wconf 92' lang='lat' dir='ltr'><strong>non</strong></span> <span class='ocrx_word' id='word_1_163' title='bbox 2178 838 2265 886; x_wconf 87' lang='lat' dir='ltr'><strong>est</strong></span> <span class='ocrx_word' id='word_1_164' title='bbox 2290 828 2737 885; x_wconf 89' lang='lat' dir='ltr'><strong>murmurandum</strong></span> <span class='ocrx_word' id='word_1_165' title='bbox 2777 837 2967 885; x_wconf 90' lang='lat' dir='ltr'><strong>contra</strong></span> <span class='ocrx_word' id='word_1_166' title='bbox 3007 828 3102 885; x_wconf 90' lang='lat' dir='ltr'><strong>Dei</strong></span> <span class='ocrx_word' id='word_1_167' title='bbox 3144 827 3461 893; x_wconf 89' lang='lat' dir='ltr'><strong>bonitatem,</strong></span> 
     </span>
    </p>
   </div>
   <div class='ocr_carea' id='block_1_22' title="bbox 1887 917 3464 990">
    <p class='ocr_par' dir='ltr' id='par_1_22' title="bbox 1887 917 3464 990">
     <span class='ocr_line' id='line_1_22' title="bbox 1887 917 3464 990; baseline -0.003 -14"><span class='ocrx_word' id='word_1_168' title='bbox 1887 921 2144 990; x_wconf 90' lang='lat' dir='ltr'><strong>quoniam</strong></span> <span class='ocrx_word' id='word_1_169' title='bbox 2184 920 2239 975; x_wconf 89' lang='lat' dir='ltr'><strong>in</strong></span> <span class='ocrx_word' id='word_1_170' title='bbox 2285 919 2378 975; x_wconf 88' lang='lat' dir='ltr'><strong>tali</strong></span> <span class='ocrx_word' id='word_1_171' title='bbox 2420 918 2674 975; x_wconf 88' lang='lat' dir='ltr'><strong>dilatione</strong></span> <span class='ocrx_word' id='word_1_172' title='bbox 2723 933 2833 973; x_wconf 89' lang='lat' dir='ltr'><strong>non</strong></span> <span class='ocrx_word' id='word_1_173' title='bbox 2866 919 3129 975; x_wconf 88' lang='lat' dir='ltr'><strong>minuitur</strong></span> <span class='ocrx_word' id='word_1_174' title='bbox 3163 917 3464 990; x_wconf 66' lang='lat' dir='ltr'><strong>praemium,</strong></span> 
     </span>
    </p>
   </div>
   <div class='ocr_carea' id='block_1_23' title="bbox 1887 1008 3471 1082">
    <p class='ocr_par' dir='ltr' id='par_1_23' title="bbox 1887 1008 3471 1082">
     <span class='ocr_line' id='line_1_23' title="bbox 1887 1008 3471 1082; baseline -0.003 -15"><span class='ocrx_word' id='word_1_175' title='bbox 1887 1010 1983 1067; x_wconf 90' lang='lat' dir='ltr'><strong>sed</strong></span> <span class='ocrx_word' id='word_1_176' title='bbox 2013 1018 2263 1082; x_wconf 78' lang='lat' dir='ltr'><strong>augetur,</strong></span> <span class='ocrx_word' id='word_1_177' title='bbox 2293 1010 2422 1081; x_wconf 92' lang='lat' dir='ltr'><strong>quia</strong></span> <span class='ocrx_word' id='word_1_178' title='bbox 2457 1008 2646 1065; x_wconf 89' lang='lat' dir='ltr'><strong>electis</strong></span> <span class='ocrx_word' id='word_1_179' title='bbox 2683 1008 2863 1080; x_wconf 91' lang='lat' dir='ltr'><strong>justus</strong></span> <span class='ocrx_word' id='word_1_180' title='bbox 2900 1008 3066 1078; x_wconf 79' lang='lat' dir='ltr'><strong>judex</strong></span> <span class='ocrx_word' id='word_1_181' title='bbox 3111 1009 3254 1064; x_wconf 90' lang='lat' dir='ltr'><strong>Deus</strong></span> <span class='ocrx_word' id='word_1_182' title='bbox 3282 1008 3471 1064; x_wconf 84' lang='lat' dir='ltr'><strong>reddet</strong></span> 
     </span>
    </p>
   </div>
   <div class='ocr_carea' id='block_1_24' title="bbox 1887 1100 3469 1172">
    <p class='ocr_par' dir='ltr' id='par_1_24' title="bbox 1887 1100 3469 1172">
     <span class='ocr_line' id='line_1_24' title="bbox 1887 1100 3469 1172; baseline 0.001 -17"><span class='ocrx_word' id='word_1_183' title='bbox 1887 1101 2180 1171; x_wconf 89' lang='lat' dir='ltr'><strong>unicuique</strong></span> <span class='ocrx_word' id='word_1_184' title='bbox 2214 1101 2515 1157; x_wconf 88' lang='lat' dir='ltr'><strong>secundum</strong></span> <span class='ocrx_word' id='word_1_185' title='bbox 2545 1114 2712 1172; x_wconf 88' lang='lat' dir='ltr'><strong>opera</strong></span> <span class='ocrx_word' id='word_1_186' title='bbox 2741 1115 2871 1165; x_wconf 90' lang='lat' dir='ltr'><strong>sua;</strong></span> <span class='ocrx_word' id='word_1_187' title='bbox 2916 1108 2973 1155; x_wconf 91' lang='lat' dir='ltr'><strong>et</strong></span> <span class='ocrx_word' id='word_1_188' title='bbox 3020 1107 3170 1156; x_wconf 87' lang='lat' dir='ltr'><strong>tanto</strong></span> <span class='ocrx_word' id='word_1_189' title='bbox 3209 1100 3469 1169; x_wconf 82' lang='lat' dir='ltr'><strong>majorem</strong></span> 
     </span>
    </p>
   </div>
   <div class='ocr_carea' id='block_1_25' title="bbox 1887 1189 3471 1265">
    <p class='ocr_par' dir='ltr' id='par_1_25' title="bbox 1887 1189 3471 1265">
     <span class='ocr_line' id='line_1_25' title="bbox 1887 1189 3471 1265; baseline -0.001 -18"><span class='ocrx_word' id='word_1_190' title='bbox 1887 1191 2383 1247; x_wconf 88' lang='lat' dir='ltr'><strong>remunerationem</strong></span> <span class='ocrx_word' id='word_1_191' title='bbox 2435 1191 2739 1262; x_wconf 86' lang='lat' dir='ltr'><strong>accipient,</strong></span> <span class='ocrx_word' id='word_1_192' title='bbox 2784 1198 2987 1261; x_wconf 87' lang='lat' dir='ltr'><strong>quanto</strong></span> <span class='ocrx_word' id='word_1_193' title='bbox 3032 1189 3149 1259; x_wconf 89' lang='lat' dir='ltr'><strong>ejus</strong></span> <span class='ocrx_word' id='word_1_194' title='bbox 3189 1199 3471 1265; x_wconf 83' lang='lat' dir='ltr'><strong>exspecta-</strong></span> 
     </span>
    </p>
   </div>
   <div class='ocr_carea' id='block_1_26' title="bbox 1887 1281 3467 1353">
    <p class='ocr_par' dir='ltr' id='par_1_26' title="bbox 1887 1281 3467 1353">
     <span class='ocr_line' id='line_1_26' title="bbox 1887 1281 3467 1353; baseline 0.001 -17"><span class='ocrx_word' id='word_1_195' title='bbox 1887 1282 2035 1338; x_wconf 89' lang='lat' dir='ltr'><strong>tione</strong></span> <span class='ocrx_word' id='word_1_196' title='bbox 2072 1281 2330 1352; x_wconf 85' lang='lat' dir='ltr'><strong>majorem</strong></span> <span class='ocrx_word' id='word_1_197' title='bbox 2374 1282 2616 1338; x_wconf 89' lang='lat' dir='ltr'><strong>laborem</strong></span> <span class='ocrx_word' id='word_1_198' title='bbox 2658 1282 2948 1347; x_wconf 89' lang='lat' dir='ltr'><strong>sustinent,</strong></span> <span class='ocrx_word' id='word_1_199' title='bbox 2995 1283 3251 1353; x_wconf 77' lang='lat' dir='ltr'><strong>Apostolo</strong></span> <span class='ocrx_word' id='word_1_200' title='bbox 3282 1292 3419 1339; x_wconf 91' lang='lat' dir='ltr'><strong>teste</strong></span> <span class='ocrx_word' id='word_1_201' title='bbox 3454 1301 3467 1337; x_wconf 91' lang='lat'><strong>:</strong></span> 
     </span>
    </p>
   </div>
   <div class='ocr_carea' id='block_1_27' title="bbox 1895 1375 3543 1445">
    <p class='ocr_par' dir='ltr' id='par_1_27' title="bbox 1895 1375 3543 1445">
     <span class='ocr_line' id='line_1_27' title="bbox 1895 1375 3543 1445; baseline 0.002 -18"><span class='ocrx_word' id='word_1_202' title='bbox 1895 1393 1916 1427; x_wconf 71' lang='grc' dir='ltr'><strong><em>ι</em></strong></span> <span class='ocrx_word' id='word_1_203' title='bbox 1950 1375 2338 1445; x_wconf 88' lang='lat' dir='ltr'><strong>Unusquisque</strong></span> <span class='ocrx_word' id='word_1_204' title='bbox 2375 1376 2682 1431; x_wconf 85' lang='lat' dir='ltr'><strong>mercedem</strong></span> <span class='ocrx_word' id='word_1_205' title='bbox 2707 1375 3001 1433; x_wconf 89' lang='lat' dir='ltr'><strong>secundum</strong></span> <span class='ocrx_word' id='word_1_206' title='bbox 3048 1391 3203 1430; x_wconf 91' lang='lat' dir='ltr'><strong>suum</strong></span> <span class='ocrx_word' id='word_1_207' title='bbox 3232 1376 3473 1432; x_wconf 89' lang='lat' dir='ltr'><strong>laborem</strong></span> <span class='ocrx_word' id='word_1_208' title='bbox 3538 1412 3543 1417; x_wconf 85' lang='lat'><em>-</em></span> 
     </span>
    </p>
   </div>
   <div class='ocr_carea' id='block_1_28' title="bbox 1889 1466 3474 1541">
    <p class='ocr_par' dir='ltr' id='par_1_28' title="bbox 1889 1466 3474 1541">
     <span class='ocr_line' id='line_1_28' title="bbox 1889 1466 3474 1541; baseline 0.001 -20"><span class='ocrx_word' id='word_1_209' title='bbox 1889 1467 2121 1537; x_wconf 88' lang='lat' dir='ltr'><strong>accipiet</strong></span> <span class='ocrx_word' id='word_1_210' title='bbox 2162 1467 2212 1538; x_wconf 84' lang='grc' dir='ltr'><strong>(Ι</strong></span> <span class='ocrx_word' id='word_1_211' title='bbox 2246 1466 2481 1541; x_wconf 78' lang='lat' dir='ltr'><strong>Cor.m)</strong></span> <span class='ocrx_word' id='word_1_212' title='bbox 2502 1509 2517 1534; x_wconf 92' lang='lat'><strong>,</strong></span> <span class='ocrx_word' id='word_1_213' title='bbox 2556 1487 2575 1521; x_wconf 75' lang='grc' dir='ltr'><strong><em>ι</em></strong></span> <span class='ocrx_word' id='word_1_214' title='bbox 2604 1483 2773 1523; x_wconf 87' lang='lat' dir='ltr'><strong>unum</strong></span> <span class='ocrx_word' id='word_1_215' title='bbox 2808 1467 2952 1522; x_wconf 91' lang='lat' dir='ltr'><strong>enim</strong></span> <span class='ocrx_word' id='word_1_216' title='bbox 2987 1467 3257 1537; x_wconf 89' lang='lat' dir='ltr'><strong>accipient</strong></span> <span class='ocrx_word' id='word_1_217' title='bbox 3285 1482 3474 1523; x_wconf 89' lang='lat' dir='ltr'><strong>omnes</strong></span> 
     </span>
    </p>
   </div>
   <div class='ocr_carea' id='block_1_29' title="bbox 1889 1560 3473 1631">
    <p class='ocr_par' dir='ltr' id='par_1_29' title="bbox 1889 1560 3473 1631">
     <span class='ocr_line' id='line_1_29' title="bbox 1889 1560 3473 1631; baseline -0.003 -13"><span class='ocrx_word' id='word_1_218' title='bbox 1889 1561 2194 1627; x_wconf 88' lang='lat' dir='ltr'><strong>denarium,</strong></span> <span class='ocrx_word' id='word_1_219' title='bbox 2234 1561 2360 1631; x_wconf 85' lang='lat' dir='ltr'><strong>quia</strong></span> <span class='ocrx_word' id='word_1_220' title='bbox 2391 1577 2560 1616; x_wconf 91' lang='lat' dir='ltr'><strong>unum</strong></span> <span class='ocrx_word' id='word_1_221' title='bbox 2608 1561 2859 1618; x_wconf 90' lang='lat' dir='ltr'><strong>omnibus</strong></span> <span class='ocrx_word' id='word_1_222' title='bbox 2885 1560 3072 1617; x_wconf 89' lang='lat' dir='ltr'><strong>electis</strong></span> <span class='ocrx_word' id='word_1_223' title='bbox 3112 1571 3473 1630; x_wconf 70' lang='lat' dir='ltr'><strong>praeparatum</strong></span> 
     </span>
    </p>
   </div>
   <div class='ocr_carea' id='block_1_30' title="bbox 1890 1650 3479 1725">
    <p class='ocr_par' dir='ltr' id='par_1_30' title="bbox 1890 1650 3479 1725">
     <span class='ocr_line' id='line_1_30' title="bbox 1890 1650 3479 1725; baseline 0 -16"><span class='ocrx_word' id='word_1_224' title='bbox 1890 1663 1974 1709; x_wconf 88' lang='lat' dir='ltr'><strong>est</strong></span> <span class='ocrx_word' id='word_1_225' title='bbox 2004 1669 2251 1725; x_wconf 87' lang='lat' dir='ltr'><strong>regnum,</strong></span> <span class='ocrx_word' id='word_1_226' title='bbox 2278 1663 2333 1709; x_wconf 89' lang='lat' dir='ltr'><strong>et</strong></span> <span class='ocrx_word' id='word_1_227' title='bbox 2353 1663 2535 1710; x_wconf 90' lang='lat' dir='ltr'><strong>tamen</strong></span> <span class='ocrx_word' id='word_1_228' title='bbox 2563 1650 2664 1725; x_wconf 88' lang='lat' dir='ltr'><strong>pro</strong></span> <span class='ocrx_word' id='word_1_229' title='bbox 2693 1655 3008 1712; x_wconf 88' lang='lat' dir='ltr'><strong>diversitate</strong></span> <span class='ocrx_word' id='word_1_230' title='bbox 3030 1655 3372 1720; x_wconf 91' lang='lat' dir='ltr'><strong>meritorum,</strong></span> <span class='ocrx_word' id='word_1_231' title='bbox 3403 1654 3479 1709; x_wconf 90' lang='lat' dir='ltr'><strong>di-</strong></span> 
     </span>
    </p>
   </div>
   <div class='ocr_carea' id='block_1_31' title="bbox 1891 1746 3478 1817">
    <p class='ocr_par' dir='ltr' id='par_1_31' title="bbox 1891 1746 3478 1817">
     <span class='ocr_line' id='line_1_31' title="bbox 1891 1746 3478 1817; baseline 0.001 -18"><span class='ocrx_word' id='word_1_232' title='bbox 1891 1755 2047 1799; x_wconf 84' lang='lat' dir='ltr'><strong>versa</strong></span> <span class='ocrx_word' id='word_1_233' title='bbox 2076 1753 2204 1800; x_wconf 88' lang='lat' dir='ltr'><strong>sunt</strong></span> <span class='ocrx_word' id='word_1_234' title='bbox 2227 1746 2449 1815; x_wconf 81' lang='lat' dir='ltr'><strong>praemia</strong></span> <span class='ocrx_word' id='word_1_235' title='bbox 2479 1753 2667 1817; x_wconf 88' lang='lat' dir='ltr'><strong>parata</strong></span> <span class='ocrx_word' id='word_1_236' title='bbox 2688 1746 2744 1800; x_wconf 91' lang='lat' dir='ltr'><strong>in</strong></span> <span class='ocrx_word' id='word_1_237' title='bbox 2768 1761 2938 1817; x_wconf 90' lang='lat' dir='ltr'><strong>regno</strong></span> <span class='ocrx_word' id='word_1_238' title='bbox 2959 1746 3243 1812; x_wconf 75' lang='lat' dir='ltr'><strong>cmlorum,</strong></span> <span class='ocrx_word' id='word_1_239' title='bbox 3266 1747 3478 1803; x_wconf 87' lang='lat' dir='ltr'><strong>dicente</strong></span> 
     </span>
    </p>
   </div>
   <div class='ocr_carea' id='block_1_32' title="bbox 1891 1835 3478 1895">
    <p class='ocr_par' dir='ltr' id='par_1_32' title="bbox 1891 1835 3478 1895">
     <span class='ocr_line' id='line_1_32' title="bbox 1891 1835 3478 1895; baseline 0.003 -6"><span class='ocrx_word' id='word_1_240' title='bbox 1891 1835 2165 1891; x_wconf 88' lang='lat' dir='ltr'><strong>Domino:</strong></span> <span class='ocrx_word' id='word_1_241' title='bbox 2203 1857 2222 1889; x_wconf 83' lang='lat' dir='ltr'><strong>t</strong></span> <span class='ocrx_word' id='word_1_242' title='bbox 2267 1837 2327 1892; x_wconf 88' lang='lat' dir='ltr'><strong>In</strong></span> <span class='ocrx_word' id='word_1_243' title='bbox 2368 1837 2529 1893; x_wconf 91' lang='lat' dir='ltr'><strong>domo</strong></span> <span class='ocrx_word' id='word_1_244' title='bbox 2569 1836 2749 1893; x_wconf 86' lang='lat' dir='ltr'><strong>Patris</strong></span> <span class='ocrx_word' id='word_1_245' title='bbox 2797 1839 2903 1893; x_wconf 88' lang='lat' dir='ltr'><strong>mei</strong></span> <span class='ocrx_word' id='word_1_246' title='bbox 2950 1839 3257 1895; x_wconf 87' lang='lat' dir='ltr'><strong>mansiones</strong></span> <span class='ocrx_word' id='word_1_247' title='bbox 3296 1837 3478 1894; x_wconf 63' lang='lat' dir='ltr'><strong>multa:</strong></span> 
     </span>
    </p>
   </div>
   <div class='ocr_carea' id='block_1_33' title="bbox 192 1922 3479 2002">
    <p class='ocr_par' dir='ltr' id='par_1_33' title="bbox 192 1922 3479 2002">
     <span class='ocr_line' id='line_1_33' title="bbox 192 1922 3479 2002; baseline 0.002 -23"><span class='ocrx_word' id='word_1_248' title='bbox 192 1924 367 1979; x_wconf 82' lang='lat' dir='ltr'><strong>clesia</strong></span> <span class='ocrx_word' id='word_1_249' title='bbox 394 1927 509 1992; x_wconf 88' lang='lat' dir='ltr'><strong>fiat,</strong></span> <span class='ocrx_word' id='word_1_250' title='bbox 532 1929 675 1997; x_wconf 92' lang='lat' dir='ltr'><strong>quod</strong></span> <span class='ocrx_word' id='word_1_251' title='bbox 697 1928 751 1984; x_wconf 94' lang='lat' dir='ltr'><strong>in</strong></span> <span class='ocrx_word' id='word_1_252' title='bbox 781 1929 991 1986; x_wconf 89' lang='lat' dir='ltr'><strong>duobus</strong></span> <span class='ocrx_word' id='word_1_253' title='bbox 1012 1931 1225 2002; x_wconf 90' lang='lat' dir='ltr'><strong>populis</strong></span> <span class='ocrx_word' id='word_1_254' title='bbox 1252 1930 1456 1986; x_wconf 84' lang='lat' dir='ltr'><strong>factum</strong></span> <span class='ocrx_word' id='word_1_255' title='bbox 1483 1922 1607 1987; x_wconf 85' lang='lat' dir='ltr'><strong>esse</strong></span> <span class='ocrx_word' id='word_1_256' title='bbox 1634 1946 1784 1986; x_wconf 91' lang='lat' dir='ltr'><strong>com-</strong></span> <span class='ocrx_word' id='word_1_257' title='bbox 1811 1923 1863 1985; x_wconf 88' lang='lat' dir='ltr'><strong>B</strong></span> <span class='ocrx_word' id='word_1_258' title='bbox 1891 1937 2018 1985; x_wconf 91' lang='lat' dir='ltr'><strong>sunt</strong></span> <span class='ocrx_word' id='word_1_259' title='bbox 2052 1929 2233 2002; x_wconf 83' lang='lat' dir='ltr'><strong>(Joan.</strong></span> <span class='ocrx_word' id='word_1_260' title='bbox 2263 1931 2396 2001; x_wconf 78' lang='lat' dir='ltr'><strong>xw).</strong></span> <span class='ocrx_word' id='word_1_261' title='bbox 2431 1951 2448 1983; x_wconf 78' lang='grc' dir='ltr'><strong><em>ι</em></strong></span> <span class='ocrx_word' id='word_1_262' title='bbox 2481 1929 2636 1987; x_wconf 89' lang='lat' dir='ltr'><strong>Unde</strong></span> <span class='ocrx_word' id='word_1_263' title='bbox 2672 1932 2929 1987; x_wconf 88' lang='lat' dir='ltr'><strong>mentitus</strong></span> <span class='ocrx_word' id='word_1_264' title='bbox 2956 1930 3122 1987; x_wconf 85' lang='lat' dir='ltr'><strong>fuisse</strong></span> <span class='ocrx_word' id='word_1_265' title='bbox 3142 1931 3479 1987; x_wconf 87' lang='lat' dir='ltr'><strong>convincitur</strong></span> 
     </span>
    </p>
   </div>
   <div class='ocr_carea' id='block_1_34' title="bbox 191 2017 1788 2095">
    <p class='ocr_par' dir='ltr' id='par_1_34' title="bbox 191 2017 1788 2095">
     <span class='ocr_line' id='line_1_34' title="bbox 191 2017 1788 2095; baseline 0.008 -27"><span class='ocrx_word' id='word_1_266' title='bbox 191 2017 641 2075; x_wconf 86' lang='lat' dir='ltr'><strong>memoravimus.</strong></span> <span class='ocrx_word' id='word_1_267' title='bbox 683 2020 775 2075; x_wconf 88' lang='lat' dir='ltr'><strong>Ait</strong></span> <span class='ocrx_word' id='word_1_268' title='bbox 819 2023 964 2077; x_wconf 89' lang='lat' dir='ltr'><strong>enim</strong></span> <span class='ocrx_word' id='word_1_269' title='bbox 1000 2023 1335 2095; x_wconf 85' lang='lat' dir='ltr'><strong>evangelista</strong></span> <span class='ocrx_word' id='word_1_270' title='bbox 1372 2043 1384 2079; x_wconf 89' lang='lat'><strong>:</strong></span> <span class='ocrx_word' id='word_1_271' title='bbox 1421 2042 1440 2075; x_wconf 71' lang='grc' dir='ltr'><strong><em>ι</em></strong></span> <span class='ocrx_word' id='word_1_272' title='bbox 1487 2024 1624 2080; x_wconf 88' lang='lat' dir='ltr'><strong>Cum</strong></span> <span class='ocrx_word' id='word_1_273' title='bbox 1662 2040 1788 2081; x_wconf 91' lang='lat' dir='ltr'><strong>sero</strong></span> 
     </span>
    </p>
   </div>
   <div class='ocr_carea' id='block_1_35' title="bbox 189 2106 1789 2187">
    <p class='ocr_par' dir='ltr' id='par_1_35' title="bbox 189 2106 1789 2187">
     <span class='ocr_line' id='line_1_35' title="bbox 189 2106 1789 2187; baseline 0.007 -27"><span class='ocrx_word' id='word_1_274' title='bbox 189 2106 403 2163; x_wconf 84' lang='lat' dir='ltr'><strong>factum</strong></span> <span class='ocrx_word' id='word_1_275' title='bbox 433 2118 597 2176; x_wconf 89' lang='lat' dir='ltr'><strong>esset,</strong></span> <span class='ocrx_word' id='word_1_276' title='bbox 637 2119 692 2166; x_wconf 91' lang='lat' dir='ltr'><strong>et</strong></span> <span class='ocrx_word' id='word_1_277' title='bbox 734 2113 963 2184; x_wconf 90' lang='lat' dir='ltr'><strong>reliqua.</strong></span> <span class='ocrx_word' id='word_1_278' title='bbox 1001 2135 1019 2167; x_wconf 72' lang='grc' dir='ltr'><strong>ι</strong></span> <span class='ocrx_word' id='word_1_279' title='bbox 1056 2113 1162 2170; x_wconf 87' lang='lat' dir='ltr'><strong>Sed</strong></span> <span class='ocrx_word' id='word_1_280' title='bbox 1185 2115 1276 2186; x_wconf 93' lang='lat' dir='ltr'><strong>qui</strong></span> <span class='ocrx_word' id='word_1_281' title='bbox 1309 2115 1363 2170; x_wconf 90' lang='lat' dir='ltr'><strong>in</strong></span> <span class='ocrx_word' id='word_1_282' title='bbox 1400 2116 1503 2171; x_wconf 90' lang='lat' dir='ltr'><strong>hac</strong></span> <span class='ocrx_word' id='word_1_283' title='bbox 1529 2116 1789 2187; x_wconf 90' lang='lat' dir='ltr'><strong>parabola</strong></span> 
     </span>
    </p>
   </div>
   <div class='ocr_carea' id='block_1_36' title="bbox 190 2198 1790 2276">
    <p class='ocr_par' dir='ltr' id='par_1_36' title="bbox 190 2198 1790 2276">
     <span class='ocr_line' id='line_1_36' title="bbox 190 2198 1790 2276; baseline 0.007 -24"><span class='ocrx_word' id='word_1_284' title='bbox 190 2198 473 2269; x_wconf 88' lang='lat' dir='ltr'><strong>duplicem</strong></span> <span class='ocrx_word' id='word_1_285' title='bbox 532 2202 946 2275; x_wconf 83' lang='lat' dir='ltr'><strong>intelligentiam</strong></span> <span class='ocrx_word' id='word_1_286' title='bbox 987 2207 1297 2276; x_wconf 84' lang='lat' dir='ltr'><strong>sequimur,</strong></span> <span class='ocrx_word' id='word_1_287' title='bbox 1340 2206 1617 2263; x_wconf 81' lang='lat' dir='ltr'><strong>moraliter</strong></span> <span class='ocrx_word' id='word_1_288' title='bbox 1664 2223 1790 2264; x_wconf 90' lang='lat' dir='ltr'><strong>sero</strong></span> 
     </span>
    </p>
   </div>
   <div class='ocr_carea' id='block_1_37' title="bbox 190 2293 1787 2370">
    <p class='ocr_par' dir='ltr' id='par_1_37' title="bbox 190 2293 1787 2370">
     <span class='ocr_line' id='line_1_37' title="bbox 190 2293 1787 2370; baseline 0.006 -24"><span class='ocrx_word' id='word_1_289' title='bbox 190 2293 495 2366; x_wconf 86' lang='lat' dir='ltr'><strong>unicuique</strong></span> <span class='ocrx_word' id='word_1_290' title='bbox 522 2305 770 2353; x_wconf 90' lang='lat' dir='ltr'><strong>nostrum</strong></span> <span class='ocrx_word' id='word_1_291' title='bbox 791 2299 851 2354; x_wconf 87' lang='lat' dir='ltr'><strong>fit</strong></span> <span class='ocrx_word' id='word_1_292' title='bbox 878 2300 1138 2356; x_wconf 88' lang='lat' dir='ltr'><strong>terminus</strong></span> <span class='ocrx_word' id='word_1_293' title='bbox 1164 2301 1289 2355; x_wconf 82' lang='lat' dir='ltr'><strong>vitae</strong></span> <span class='ocrx_word' id='word_1_294' title='bbox 1310 2302 1615 2370; x_wconf 55' lang='lat' dir='ltr'><strong>praesentis,</strong></span> <span class='ocrx_word' id='word_1_295' title='bbox 1640 2310 1694 2357; x_wconf 89' lang='lat' dir='ltr'><strong>et</strong></span> <span class='ocrx_word' id='word_1_296' title='bbox 1719 2302 1787 2356; x_wconf 91' lang='lat' dir='ltr'><strong>li-</strong></span> 
     </span>
    </p>
   </div>
   <div class='ocr_carea' id='block_1_38' title="bbox 188 2386 1792 2462">
    <p class='ocr_par' dir='ltr' id='par_1_38' title="bbox 188 2386 1792 2462">
     <span class='ocr_line' id='line_1_38' title="bbox 188 2386 1792 2462; baseline 0.005 -23"><span class='ocrx_word' id='word_1_297' title='bbox 188 2394 280 2440; x_wconf 88' lang='lat' dir='ltr'><strong>cet</strong></span> <span class='ocrx_word' id='word_1_298' title='bbox 312 2386 597 2454; x_wconf 91' lang='lat' dir='ltr'><strong>nonnulli,</strong></span> <span class='ocrx_word' id='word_1_299' title='bbox 632 2398 928 2461; x_wconf 89' lang='lat' dir='ltr'><strong>antequam</strong></span> <span class='ocrx_word' id='word_1_300' title='bbox 957 2392 1025 2446; x_wconf 90' lang='lat' dir='ltr'><strong>ad</strong></span> <span class='ocrx_word' id='word_1_301' title='bbox 1051 2401 1319 2446; x_wconf 89' lang='lat' dir='ltr'><strong>maturam</strong></span> <span class='ocrx_word' id='word_1_302' title='bbox 1352 2399 1567 2447; x_wconf 75' lang='lat' dir='ltr'><strong>tetatem</strong></span> <span class='ocrx_word' id='word_1_303' title='bbox 1598 2408 1792 2462; x_wconf 87' lang='lat' dir='ltr'><strong>perve-</strong></span> 
     </span>
    </p>
   </div>
   <div class='ocr_carea' id='block_1_39' title="bbox 188 2477 1793 2554">
    <p class='ocr_par' dir='ltr' id='par_1_39' title="bbox 188 2477 1793 2554">
     <span class='ocr_line' id='line_1_39' title="bbox 188 2477 1793 2554; baseline 0.005 -24"><span class='ocrx_word' id='word_1_304' title='bbox 188 2477 392 2543; x_wconf 88' lang='lat' dir='ltr'><strong>niant,</strong></span> <span class='ocrx_word' id='word_1_305' title='bbox 422 2479 492 2535; x_wconf 86' lang='lat' dir='ltr'><strong>ab</strong></span> <span class='ocrx_word' id='word_1_306' title='bbox 517 2479 622 2535; x_wconf 87' lang='lat' dir='ltr'><strong>hac</strong></span> <span class='ocrx_word' id='word_1_307' title='bbox 645 2481 755 2536; x_wconf 92' lang='lat' dir='ltr'><strong>vita</strong></span> <span class='ocrx_word' id='word_1_308' title='bbox 776 2490 1056 2548; x_wconf 88' lang='lat' dir='ltr'><strong>vocentur,</strong></span> <span class='ocrx_word' id='word_1_309' title='bbox 1098 2485 1144 2537; x_wconf 86' lang='lat' dir='ltr'><strong>si</strong></span> <span class='ocrx_word' id='word_1_310' title='bbox 1174 2499 1280 2538; x_wconf 90' lang='lat' dir='ltr'><strong>non</strong></span> <span class='ocrx_word' id='word_1_311' title='bbox 1313 2482 1513 2538; x_wconf 81' lang='lat' dir='ltr'><strong>habent</strong></span> <span class='ocrx_word' id='word_1_312' title='bbox 1533 2498 1657 2538; x_wconf 88' lang='lat' dir='ltr'><strong>sero</strong></span> <span class='ocrx_word' id='word_1_313' title='bbox 1696 2499 1793 2554; x_wconf 91' lang='lat' dir='ltr'><strong>per</strong></span> 
     </span>
    </p>
   </div>
   <div class='ocr_carea' id='block_1_40' title="bbox 189 2571 1789 2645">
    <p class='ocr_par' dir='ltr' id='par_1_40' title="bbox 189 2571 1789 2645">
     <span class='ocr_line' id='line_1_40' title="bbox 189 2571 1789 2645; baseline 0.004 -23"><span class='ocrx_word' id='word_1_314' title='bbox 189 2577 440 2636; x_wconf 76' lang='lat' dir='ltr'><strong>:etatem,</strong></span> <span class='ocrx_word' id='word_1_315' title='bbox 472 2571 677 2627; x_wconf 88' lang='lat' dir='ltr'><strong>habent</strong></span> <span class='ocrx_word' id='word_1_316' title='bbox 704 2583 883 2628; x_wconf 88' lang='lat' dir='ltr'><strong>tamen</strong></span> <span class='ocrx_word' id='word_1_317' title='bbox 914 2588 1012 2642; x_wconf 89' lang='lat' dir='ltr'><strong>per</strong></span> <span class='ocrx_word' id='word_1_318' title='bbox 1034 2574 1261 2629; x_wconf 82' lang='lat' dir='ltr'><strong>exitum.</strong></span> <span class='ocrx_word' id='word_1_319' title='bbox 1287 2572 1422 2629; x_wconf 89' lang='lat' dir='ltr'><strong>Sero</strong></span> <span class='ocrx_word' id='word_1_320' title='bbox 1448 2589 1575 2645; x_wconf 89' lang='lat' dir='ltr'><strong>ergo</strong></span> <span class='ocrx_word' id='word_1_321' title='bbox 1595 2590 1789 2644; x_wconf 85' lang='lat' dir='ltr'><strong>opera-</strong></span> 
     </span>
    </p>
   </div>
   <div class='ocr_carea' id='block_1_41' title="bbox 192 2660 1791 2734">
    <p class='ocr_par' dir='ltr' id='par_1_41' title="bbox 192 2660 1791 2734">
     <span class='ocr_line' id='line_1_41' title="bbox 192 2660 1791 2734; baseline 0.004 -20"><span class='ocrx_word' id='word_1_322' title='bbox 192 2660 258 2714; x_wconf 89' lang='lat' dir='ltr'><strong>rii</strong></span> <span class='ocrx_word' id='word_1_323' title='bbox 283 2660 359 2716; x_wconf 89' lang='lat' dir='ltr'><strong>ad</strong></span> <span class='ocrx_word' id='word_1_324' title='bbox 385 2661 761 2731; x_wconf 90' lang='lat' dir='ltr'><strong>recipiendam</strong></span> <span class='ocrx_word' id='word_1_325' title='bbox 783 2664 1091 2719; x_wconf 89' lang='lat' dir='ltr'><strong>mercedem</strong></span> <span class='ocrx_word' id='word_1_326' title='bbox 1117 2672 1394 2729; x_wconf 87' lang='lat' dir='ltr'><strong>vocantur,</strong></span> <span class='ocrx_word' id='word_1_327' title='bbox 1422 2665 1547 2734; x_wconf 89' lang='lat' dir='ltr'><strong>quia</strong></span> <span class='ocrx_word' id='word_1_328' title='bbox 1578 2680 1674 2734; x_wconf 90' lang='lat' dir='ltr'><strong>pro</strong></span> <span class='ocrx_word' id='word_1_329' title='bbox 1696 2665 1791 2720; x_wconf 71' lang='lat' dir='ltr'><strong>bo~</strong></span> 
     </span>
    </p>
   </div>
   <div class='ocr_carea' id='block_1_42' title="bbox 194 2749 1787 2825">
    <p class='ocr_par' dir='ltr' id='par_1_42' title="bbox 194 2749 1787 2825">
     <span class='ocr_line' id='line_1_42' title="bbox 194 2749 1787 2825; baseline 0.005 -23"><span class='ocrx_word' id='word_1_330' title='bbox 194 2749 277 2803; x_wconf 88' lang='lat' dir='ltr'><strong>nis</strong></span> <span class='ocrx_word' id='word_1_331' title='bbox 303 2750 563 2820; x_wconf 89' lang='lat' dir='ltr'><strong>operibus</strong></span> <span class='ocrx_word' id='word_1_332' title='bbox 603 2760 731 2807; x_wconf 90' lang='lat' dir='ltr'><strong>tunc</strong></span> <span class='ocrx_word' id='word_1_333' title='bbox 766 2752 921 2807; x_wconf 91' lang='lat' dir='ltr'><strong>electi</strong></span> <span class='ocrx_word' id='word_1_334' title='bbox 964 2754 1458 2809; x_wconf 88' lang='lat' dir='ltr'><strong>remunerationem</strong></span> <span class='ocrx_word' id='word_1_335' title='bbox 1490 2755 1787 2825; x_wconf 89' lang='lat' dir='ltr'><strong>accipiunt,</strong></span> 
     </span>
    </p>
   </div>
   <div class='ocr_carea' id='block_1_43' title="bbox 195 2843 1784 2918">
    <p class='ocr_par' dir='ltr' id='par_1_43' title="bbox 195 2843 1784 2918">
     <span class='ocr_line' id='line_1_43' title="bbox 195 2843 1784 2918; baseline 0.003 -21"><span class='ocrx_word' id='word_1_336' title='bbox 195 2857 321 2897; x_wconf 90' lang='lat' dir='ltr'><strong>cum</strong></span> <span class='ocrx_word' id='word_1_337' title='bbox 353 2843 423 2897; x_wconf 89' lang='lat' dir='ltr'><strong>ab</strong></span> <span class='ocrx_word' id='word_1_338' title='bbox 453 2844 554 2900; x_wconf 88' lang='lat' dir='ltr'><strong>hac</strong></span> <span class='ocrx_word' id='word_1_339' title='bbox 576 2845 687 2898; x_wconf 87' lang='lat' dir='ltr'><strong>vita</strong></span> <span class='ocrx_word' id='word_1_340' title='bbox 713 2854 995 2911; x_wconf 89' lang='lat' dir='ltr'><strong>vocantur,</strong></span> <span class='ocrx_word' id='word_1_341' title='bbox 1026 2854 1164 2901; x_wconf 90' lang='lat' dir='ltr'><strong>teste</strong></span> <span class='ocrx_word' id='word_1_342' title='bbox 1202 2844 1511 2913; x_wconf 89' lang='lat' dir='ltr'><strong>Psalmista,</strong></span> <span class='ocrx_word' id='word_1_343' title='bbox 1538 2848 1630 2918; x_wconf 90' lang='lat' dir='ltr'><strong>qui</strong></span> <span class='ocrx_word' id='word_1_344' title='bbox 1662 2849 1740 2903; x_wconf 90' lang='lat' dir='ltr'><strong>ait</strong></span> <span class='ocrx_word' id='word_1_345' title='bbox 1771 2865 1784 2902; x_wconf 92' lang='lat'><strong>:</strong></span> 
     </span>
    </p>
   </div>
   <div class='ocr_carea' id='block_1_44' title="bbox 202 2933 1789 3004">
    <p class='ocr_par' dir='ltr' id='par_1_44' title="bbox 202 2933 1789 3004">
     <span class='ocr_line' id='line_1_44' title="bbox 202 2933 1789 3004; baseline 0.007 -20"><span class='ocrx_word' id='word_1_346' title='bbox 202 2951 219 2984; x_wconf 75' lang='grc' dir='ltr'>ι</span> <span class='ocrx_word' id='word_1_347' title='bbox 253 2933 392 2989; x_wconf 86' lang='lat' dir='ltr'><strong>Cum</strong></span> <span class='ocrx_word' id='word_1_348' title='bbox 413 2934 621 2989; x_wconf 90' lang='lat' dir='ltr'><strong>dederit</strong></span> <span class='ocrx_word' id='word_1_349' title='bbox 646 2935 859 2992; x_wconf 89' lang='lat' dir='ltr'><strong>dilectis</strong></span> <span class='ocrx_word' id='word_1_350' title='bbox 878 2937 989 2992; x_wconf 88' lang='lat' dir='ltr'><strong>suis</strong></span> <span class='ocrx_word' id='word_1_351' title='bbox 1017 2951 1289 3004; x_wconf 89' lang='lat' dir='ltr'><strong>somnum,</strong></span> <span class='ocrx_word' id='word_1_352' title='bbox 1316 2939 1433 2995; x_wconf 79' lang='lat' dir='ltr'><strong>haec</strong></span> <span class='ocrx_word' id='word_1_353' title='bbox 1460 2947 1543 2995; x_wconf 91' lang='lat' dir='ltr'><strong>est</strong></span> <span class='ocrx_word' id='word_1_354' title='bbox 1562 2940 1789 2995; x_wconf 76' lang='lat' dir='ltr'><strong>hzeredi-</strong></span> 
     </span>
    </p>
   </div>
   <div class='ocr_carea' id='block_1_45' title="bbox 198 3025 1789 3102">
    <p class='ocr_par' dir='ltr' id='par_1_45' title="bbox 198 3025 1789 3102">
     <span class='ocr_line' id='line_1_45' title="bbox 198 3025 1789 3102; baseline 0.006 -23"><span class='ocrx_word' id='word_1_355' title='bbox 198 3033 283 3080; x_wconf 85' lang='lat' dir='ltr'><strong>tas</strong></span> <span class='ocrx_word' id='word_1_356' title='bbox 306 3025 518 3082; x_wconf 88' lang='lat' dir='ltr'><strong>Domini</strong></span> <span class='ocrx_word' id='word_1_357' title='bbox 543 3025 945 3101; x_wconf 74' lang='lat' dir='ltr'><strong>(Psal.cxxv1).</strong></span> <span class='ocrx_word' id='word_1_358' title='bbox 972 3049 989 3081; x_wconf 78' lang='grc' dir='ltr'>ι</span> <span class='ocrx_word' id='word_1_359' title='bbox 1013 3030 1305 3102; x_wconf 87' lang='lat' dir='ltr'><strong>Dupliciter</strong></span> <span class='ocrx_word' id='word_1_360' title='bbox 1319 3041 1501 3089; x_wconf 89' lang='lat' dir='ltr'><strong>autem</strong></span> <span class='ocrx_word' id='word_1_361' title='bbox 1528 3048 1626 3089; x_wconf 92' lang='lat' dir='ltr'><strong>nos</strong></span> <span class='ocrx_word' id='word_1_362' title='bbox 1647 3034 1789 3090; x_wconf 88' lang='lat' dir='ltr'><strong>Deus</strong></span> 
     </span>
    </p>
   </div>
   <div class='ocr_carea' id='block_1_46' title="bbox 198 3118 1781 3196">
    <p class='ocr_par' dir='ltr' id='par_1_46' title="bbox 198 3118 1781 3196">
     <span class='ocr_line' id='line_1_46' title="bbox 198 3118 1781 3196; baseline 0.007 -28"><span class='ocrx_word' id='word_1_363' title='bbox 198 3124 377 3183; x_wconf 86' lang='lat' dir='ltr'><strong>vocat,</strong></span> <span class='ocrx_word' id='word_1_364' title='bbox 400 3118 454 3172; x_wconf 91' lang='lat' dir='ltr'><strong>in</strong></span> <span class='ocrx_word' id='word_1_365' title='bbox 478 3120 733 3188; x_wconf 74' lang='lat' dir='ltr'><strong>prmsenti</strong></span> <span class='ocrx_word' id='word_1_366' title='bbox 756 3121 823 3175; x_wconf 88' lang='lat' dir='ltr'><strong>ad</strong></span> <span class='ocrx_word' id='word_1_367' title='bbox 847 3120 1104 3188; x_wconf 85' lang='lat' dir='ltr'><strong>laborem,</strong></span> <span class='ocrx_word' id='word_1_368' title='bbox 1135 3123 1189 3177; x_wconf 89' lang='lat' dir='ltr'><strong>in</strong></span> <span class='ocrx_word' id='word_1_369' title='bbox 1218 3122 1400 3179; x_wconf 87' lang='lat' dir='ltr'><strong>futuro</strong></span> <span class='ocrx_word' id='word_1_370' title='bbox 1428 3125 1497 3180; x_wconf 91' lang='lat' dir='ltr'><strong>ad</strong></span> <span class='ocrx_word' id='word_1_371' title='bbox 1520 3126 1781 3196; x_wconf 88' lang='lat' dir='ltr'><strong>requiem.</strong></span> 
     </span>
    </p>
   </div>
   <div class='ocr_carea' id='block_1_47' title="bbox 206 3207 1785 3285">
    <p class='ocr_par' dir='ltr' id='par_1_47' title="bbox 206 3207 1785 3285">
     <span class='ocr_line' id='line_1_47' title="bbox 206 3207 1785 3285; baseline 0.005 -21"><span class='ocrx_word' id='word_1_372' title='bbox 206 3207 358 3264; x_wconf 74' lang='lat' dir='ltr'><strong>Unde</strong></span> <span class='ocrx_word' id='word_1_373' title='bbox 395 3226 615 3267; x_wconf 87' lang='lat' dir='ltr'><strong>necesse</strong></span> <span class='ocrx_word' id='word_1_374' title='bbox 641 3222 758 3279; x_wconf 82' lang='lat' dir='ltr'><strong>est,</strong></span> <span class='ocrx_word' id='word_1_375' title='bbox 806 3223 863 3267; x_wconf 89' lang='lat' dir='ltr'><strong>ut</strong></span> <span class='ocrx_word' id='word_1_376' title='bbox 893 3215 1203 3285; x_wconf 89' lang='lat' dir='ltr'><strong>quicunque</strong></span> <span class='ocrx_word' id='word_1_377' title='bbox 1244 3214 1483 3272; x_wconf 88' lang='lat' dir='ltr'><strong>futuram</strong></span> <span class='ocrx_word' id='word_1_378' title='bbox 1511 3217 1785 3272; x_wconf 89' lang='lat' dir='ltr'><strong>desiderat</strong></span> 
     </span>
    </p>
   </div>
   <div class='ocr_carea' id='block_1_48' title="bbox 1891 2020 3476 2095">
    <p class='ocr_par' dir='ltr' id='par_1_48' title="bbox 1891 2020 3476 2095">
     <span class='ocr_line' id='line_1_48' title="bbox 1891 2020 3476 2095; baseline 0.001 -18"><span class='ocrx_word' id='word_1_379' title='bbox 1891 2020 2213 2077; x_wconf 75' lang='lat' dir='ltr'><strong>Iovinianus</strong></span> <span class='ocrx_word' id='word_1_380' title='bbox 2237 2022 2525 2079; x_wconf 60' lang='lat' dir='ltr'><strong>haereticus</strong></span> <span class='ocrx_word' id='word_1_381' title='bbox 2549 2065 2563 2087; x_wconf 92' lang='lat'><strong>,</strong></span> <span class='ocrx_word' id='word_1_382' title='bbox 2595 2025 2688 2095; x_wconf 91' lang='lat' dir='ltr'><strong>qui</strong></span> <span class='ocrx_word' id='word_1_383' title='bbox 2719 2025 2855 2080; x_wconf 82' lang='lat' dir='ltr'><strong>dixit</strong></span> <span class='ocrx_word' id='word_1_384' title='bbox 2882 2024 3082 2080; x_wconf 90' lang='lat' dir='ltr'><strong>nullam</strong></span> <span class='ocrx_word' id='word_1_385' title='bbox 3114 2024 3476 2080; x_wconf 82' lang='lat' dir='ltr'><strong>differentiam</strong></span> 
     </span>
    </p>
   </div>
   <div class='ocr_carea' id='block_1_49' title="bbox 1891 2114 3475 2188">
    <p class='ocr_par' dir='ltr' id='par_1_49' title="bbox 1891 2114 3475 2188">
     <span class='ocr_line' id='line_1_49' title="bbox 1891 2114 3475 2188; baseline 0.001 -20"><span class='ocrx_word' id='word_1_386' title='bbox 1891 2115 2135 2169; x_wconf 87' lang='lat' dir='ltr'><strong>futuram</strong></span> <span class='ocrx_word' id='word_1_387' title='bbox 2171 2130 2294 2170; x_wconf 88' lang='lat' dir='ltr'><strong>esse</strong></span> <span class='ocrx_word' id='word_1_388' title='bbox 2324 2115 2466 2171; x_wconf 86' lang='lat' dir='ltr'><strong>inter</strong></span> <span class='ocrx_word' id='word_1_389' title='bbox 2483 2114 2689 2183; x_wconf 90' lang='lat' dir='ltr'><strong>justum</strong></span> <span class='ocrx_word' id='word_1_390' title='bbox 2731 2117 3033 2187; x_wconf 90' lang='lat' dir='ltr'><strong>simplicem</strong></span> <span class='ocrx_word' id='word_1_391' title='bbox 3067 2125 3122 2172; x_wconf 90' lang='lat' dir='ltr'><strong>et</strong></span> <span class='ocrx_word' id='word_1_392' title='bbox 3152 2117 3357 2188; x_wconf 90' lang='lat' dir='ltr'><strong>justum</strong></span> <span class='ocrx_word' id='word_1_393' title='bbox 3384 2131 3475 2172; x_wconf 82' lang='lat' dir='ltr'><strong>sa—</strong></span> 
     </span>
    </p>
   </div>
   <div class='ocr_carea' id='block_1_50' title="bbox 1888 2208 3472 2281">
    <p class='ocr_par' dir='ltr' id='par_1_50' title="bbox 1888 2208 3472 2281">
     <span class='ocr_line' id='line_1_50' title="bbox 1888 2208 3472 2281; baseline 0.001 -19"><span class='ocrx_word' id='word_1_394' title='bbox 1888 2208 2149 2278; x_wconf 91' lang='lat' dir='ltr'><strong>pientem.</strong></span> <span class='ocrx_word' id='word_1_395' title='bbox 2180 2208 2323 2264; x_wconf 89' lang='lat' dir='ltr'><strong>inter</strong></span> <span class='ocrx_word' id='word_1_396' title='bbox 2348 2209 2613 2281; x_wconf 76' lang='lat' dir='ltr'><strong>virginem</strong></span> <span class='ocrx_word' id='word_1_397' title='bbox 2634 2220 2688 2265; x_wconf 93' lang='lat' dir='ltr'><strong>et</strong></span> <span class='ocrx_word' id='word_1_398' title='bbox 2713 2218 3045 2280; x_wconf 89' lang='lat' dir='ltr'><strong>corruptam,</strong></span> <span class='ocrx_word' id='word_1_399' title='bbox 3062 2210 3209 2266; x_wconf 62' lang='lat' dir='ltr'><strong>inter,</strong></span> <span class='ocrx_word' id='word_1_400' title='bbox 3230 2225 3352 2265; x_wconf 90' lang='lat' dir='ltr'><strong>eum</strong></span> <span class='ocrx_word' id='word_1_401' title='bbox 3379 2209 3472 2280; x_wconf 90' lang='lat' dir='ltr'><strong>qui</strong></span> 
     </span>
    </p>
   </div>
   <div class='ocr_carea' id='block_1_51' title="bbox 1892 2299 3470 2373">
    <p class='ocr_par' dir='ltr' id='par_1_51' title="bbox 1892 2299 3470 2373">
     <span class='ocr_line' id='line_1_51' title="bbox 1892 2299 3470 2373; baseline 0.001 -19"><span class='ocrx_word' id='word_1_402' title='bbox 1892 2299 2119 2355; x_wconf 92' lang='lat' dir='ltr'><strong>minoris</strong></span> <span class='ocrx_word' id='word_1_403' title='bbox 2146 2299 2206 2355; x_wconf 90' lang='lat' dir='ltr'><strong>fit</strong></span> <span class='ocrx_word' id='word_1_404' title='bbox 2230 2300 2438 2366; x_wconf 89' lang='lat' dir='ltr'><strong>meriti,</strong></span> <span class='ocrx_word' id='word_1_405' title='bbox 2467 2312 2521 2357; x_wconf 88' lang='lat' dir='ltr'><strong>et</strong></span> <span class='ocrx_word' id='word_1_406' title='bbox 2542 2316 2666 2357; x_wconf 90' lang='lat' dir='ltr'><strong>eum</strong></span> <span class='ocrx_word' id='word_1_407' title='bbox 2693 2304 2785 2373; x_wconf 90' lang='lat' dir='ltr'><strong>qui</strong></span> <span class='ocrx_word' id='word_1_408' title='bbox 2810 2301 3057 2372; x_wconf 87' lang='lat' dir='ltr'><strong>majoris;</strong></span> <span class='ocrx_word' id='word_1_409' title='bbox 3083 2303 3169 2359; x_wconf 93' lang='lat' dir='ltr'><strong>cui</strong></span> <span class='ocrx_word' id='word_1_410' title='bbox 3197 2303 3470 2373; x_wconf 89' lang='lat' dir='ltr'><strong>contradi-</strong></span> 
     </span>
    </p>
   </div>
   <div class='ocr_carea' id='block_1_52' title="bbox 1891 2390 3475 2462">
    <p class='ocr_par' dir='ltr' id='par_1_52' title="bbox 1891 2390 3475 2462">
     <span class='ocr_line' id='line_1_52' title="bbox 1891 2390 3475 2462; baseline 0.002 -17"><span class='ocrx_word' id='word_1_411' title='bbox 1891 2391 1966 2446; x_wconf 91' lang='lat' dir='ltr'><strong>cit</strong></span> <span class='ocrx_word' id='word_1_412' title='bbox 2008 2390 2331 2462; x_wconf 81' lang='lat' dir='ltr'><strong>Apostolus,</strong></span> <span class='ocrx_word' id='word_1_413' title='bbox 2385 2395 2677 2449; x_wconf 90' lang='lat' dir='ltr'><strong>ostendens</strong></span> <span class='ocrx_word' id='word_1_414' title='bbox 2713 2395 2940 2450; x_wconf 87' lang='lat' dir='ltr'><strong>diversis</strong></span> <span class='ocrx_word' id='word_1_415' title='bbox 2997 2395 3206 2450; x_wconf 89' lang='lat' dir='ltr'><strong>meritis</strong></span> <span class='ocrx_word' id='word_1_416' title='bbox 3261 2395 3475 2450; x_wconf 88' lang='lat' dir='ltr'><strong>diversa</strong></span> 
     </span>
    </p>
   </div>
   <div class='ocr_carea' id='block_1_53' title="bbox 1891 2483 3473 2557">
    <p class='ocr_par' dir='ltr' id='par_1_53' title="bbox 1891 2483 3473 2557">
     <span class='ocr_line' id='line_1_53' title="bbox 1891 2483 3473 2557; baseline 0.001 -20"><span class='ocrx_word' id='word_1_417' title='bbox 1891 2499 2113 2555; x_wconf 63' lang='lat' dir='ltr'><strong>praemia</strong></span> <span class='ocrx_word' id='word_1_418' title='bbox 2164 2483 2221 2538; x_wconf 92' lang='lat' dir='ltr'><strong>in</strong></span> <span class='ocrx_word' id='word_1_419' title='bbox 2271 2486 2669 2542; x_wconf 88' lang='lat' dir='ltr'><strong>resurrectione</strong></span> <span class='ocrx_word' id='word_1_420' title='bbox 2709 2501 2831 2541; x_wconf 89' lang='lat' dir='ltr'><strong>esse</strong></span> <span class='ocrx_word' id='word_1_421' title='bbox 2874 2494 3210 2557; x_wconf 75' lang='lat' dir='ltr'><strong>prteparata,</strong></span> <span class='ocrx_word' id='word_1_422' title='bbox 3245 2486 3473 2541; x_wconf 89' lang='lat' dir='ltr'><strong>dicens:</strong></span> 
     </span>
    </p>
   </div>
   <div class='ocr_carea' id='block_1_54' title="bbox 1898 2575 3475 2644">
    <p class='ocr_par' dir='ltr' id='par_1_54' title="bbox 1898 2575 3475 2644">
     <span class='ocr_line' id='line_1_54' title="bbox 1898 2575 3475 2644; baseline 0.003 -16"><span class='ocrx_word' id='word_1_423' title='bbox 1898 2595 1916 2628; x_wconf 87' lang='grc'><strong><em>‹</em></strong></span> <span class='ocrx_word' id='word_1_424' title='bbox 1944 2575 2060 2631; x_wconf 90' lang='lat' dir='ltr'><strong>Alia</strong></span> <span class='ocrx_word' id='word_1_425' title='bbox 2088 2585 2174 2632; x_wconf 87' lang='lat' dir='ltr'><strong>est</strong></span> <span class='ocrx_word' id='word_1_426' title='bbox 2215 2577 2361 2632; x_wconf 90' lang='lat' dir='ltr'><strong>enim</strong></span> <span class='ocrx_word' id='word_1_427' title='bbox 2397 2577 2619 2634; x_wconf 90' lang='lat' dir='ltr'><strong>claritas</strong></span> <span class='ocrx_word' id='word_1_428' title='bbox 2643 2578 2791 2644; x_wconf 88' lang='lat' dir='ltr'><strong>solis,</strong></span> <span class='ocrx_word' id='word_1_429' title='bbox 2825 2578 2929 2633; x_wconf 91' lang='lat' dir='ltr'><strong>alia</strong></span> <span class='ocrx_word' id='word_1_430' title='bbox 2954 2586 3037 2633; x_wconf 91' lang='lat' dir='ltr'><strong>est</strong></span> <span class='ocrx_word' id='word_1_431' title='bbox 3063 2578 3281 2634; x_wconf 88' lang='lat' dir='ltr'><strong>claritas</strong></span> <span class='ocrx_word' id='word_1_432' title='bbox 3314 2578 3475 2644; x_wconf 69' lang='lat' dir='ltr'><strong>lunrc,</strong></span> 
     </span>
    </p>
   </div>
   <div class='ocr_carea' id='block_1_55' title="bbox 1894 2665 3479 2747">
    <p class='ocr_par' dir='ltr' id='par_1_55' title="bbox 1894 2665 3479 2747">
     <span class='ocr_line' id='line_1_55' title="bbox 1894 2665 3479 2747; baseline 0.001 -27"><span class='ocrx_word' id='word_1_433' title='bbox 1894 2665 2248 2747; x_wconf 66' lang='lat' dir='ltr'><strong>aliaplaritas</strong></span> <span class='ocrx_word' id='word_1_434' title='bbox 2300 2668 2598 2725; x_wconf 90' lang='lat' dir='ltr'><strong>stellarum.</strong></span> <span class='ocrx_word' id='word_1_435' title='bbox 2649 2669 2717 2724; x_wconf 90' lang='lat' dir='ltr'><strong>Et</strong></span> <span class='ocrx_word' id='word_1_436' title='bbox 2758 2668 2915 2725; x_wconf 91' lang='lat' dir='ltr'><strong>stella</strong></span> <span class='ocrx_word' id='word_1_437' title='bbox 2952 2684 2984 2724; x_wconf 69' lang='grc' dir='ltr'>α</span> <span class='ocrx_word' id='word_1_438' title='bbox 3012 2668 3166 2725; x_wconf 88' lang='lat' dir='ltr'><strong>stella</strong></span> <span class='ocrx_word' id='word_1_439' title='bbox 3213 2668 3393 2723; x_wconf 72' lang='lat' dir='ltr'><strong>differt</strong></span> <span class='ocrx_word' id='word_1_440' title='bbox 3425 2669 3479 2723; x_wconf 91' lang='lat' dir='ltr'><strong>in</strong></span> 
     </span>
    </p>
   </div>
   <div class='ocr_carea' id='block_1_56' title="bbox 1891 2758 3477 2830">
    <p class='ocr_par' dir='ltr' id='par_1_56' title="bbox 1891 2758 3477 2830">
     <span class='ocr_line' id='line_1_56' title="bbox 1891 2758 3477 2830; baseline -0.001 -16"><span class='ocrx_word' id='word_1_441' title='bbox 1891 2759 2139 2815; x_wconf 87' lang='lat' dir='ltr'><strong>claritate</strong></span> <span class='ocrx_word' id='word_1_442' title='bbox 2168 2800 2185 2826; x_wconf 91' lang='lat'><strong>,</strong></span> <span class='ocrx_word' id='word_1_443' title='bbox 2233 2761 2311 2817; x_wconf 90' lang='lat' dir='ltr'><strong>sic</strong></span> <span class='ocrx_word' id='word_1_444' title='bbox 2348 2762 2453 2816; x_wconf 87' lang='lat' dir='ltr'><strong>erit</strong></span> <span class='ocrx_word' id='word_1_445' title='bbox 2486 2761 2542 2816; x_wconf 91' lang='lat' dir='ltr'><strong>in</strong></span> <span class='ocrx_word' id='word_1_446' title='bbox 2583 2762 2985 2817; x_wconf 89' lang='lat' dir='ltr'><strong>resurrectione</strong></span> <span class='ocrx_word' id='word_1_447' title='bbox 3031 2770 3370 2816; x_wconf 90' lang='lat' dir='ltr'><strong>mortuorum</strong></span> <span class='ocrx_word' id='word_1_448' title='bbox 3412 2758 3477 2830; x_wconf 86' lang='grc' dir='ltr'><strong>(Ι</strong></span> 
     </span>
    </p>
   </div>
   <div class='ocr_carea' id='block_1_57' title="bbox 1890 2849 3478 2923">
    <p class='ocr_par' dir='ltr' id='par_1_57' title="bbox 1890 2849 3478 2923">
     <span class='ocr_line' id='line_1_57' title="bbox 1890 2849 3478 2923; baseline -0.002 -17"><span class='ocrx_word' id='word_1_449' title='bbox 1890 2850 2015 2906; x_wconf 81' lang='lat' dir='ltr'><strong>Cor.</strong></span> <span class='ocrx_word' id='word_1_450' title='bbox 2046 2851 2160 2923; x_wconf 78' lang='lat' dir='ltr'><strong>xv).</strong></span> <span class='ocrx_word' id='word_1_451' title='bbox 2194 2872 2211 2903; x_wconf 75' lang='grc' dir='ltr'><strong><em>ι</em></strong></span> <span class='ocrx_word' id='word_1_452' title='bbox 2234 2850 2373 2907; x_wconf 83' lang='lat' dir='ltr'><strong>Hinc</strong></span> <span class='ocrx_word' id='word_1_453' title='bbox 2393 2860 2448 2907; x_wconf 89' lang='lat' dir='ltr'><strong>et</strong></span> <span class='ocrx_word' id='word_1_454' title='bbox 2472 2851 2681 2918; x_wconf 90' lang='lat' dir='ltr'><strong>Daniel,</strong></span> <span class='ocrx_word' id='word_1_455' title='bbox 2707 2850 2920 2908; x_wconf 87' lang='lat' dir='ltr'><strong>cum&#39;de</strong></span> <span class='ocrx_word' id='word_1_456' title='bbox 2938 2852 3327 2922; x_wconf 86' lang='lat' dir='ltr'><strong>terraepulvere</strong></span> <span class='ocrx_word' id='word_1_457' title='bbox 3341 2849 3478 2905; x_wconf 90' lang='lat' dir='ltr'><strong>mul-</strong></span> 
     </span>
    </p>
   </div>
   <div class='ocr_carea' id='block_1_58' title="bbox 1845 2942 3478 3015">
    <p class='ocr_par' dir='ltr' id='par_1_58' title="bbox 1845 2942 3478 3015">
     <span class='ocr_line' id='line_1_58' title="bbox 1845 2942 3478 3015; baseline -0.002 -17"><span class='ocrx_word' id='word_1_458' title='bbox 1845 3004 1851 3009; x_wconf 56' lang='grc'>,</span> <span class='ocrx_word' id='word_1_459' title='bbox 1892 2951 1975 2998; x_wconf 92' lang='lat' dir='ltr'><strong>tos</strong></span> <span class='ocrx_word' id='word_1_460' title='bbox 2002 2956 2447 2999; x_wconf 85' lang='lat' dir='ltr'><strong>consurrecturos</strong></span> <span class='ocrx_word' id='word_1_461' title='bbox 2483 2943 2838 3015; x_wconf 67' lang='lat' dir='ltr'><strong>praediceret,</strong></span> <span class='ocrx_word' id='word_1_462' title='bbox 2864 2953 2925 2998; x_wconf 90' lang='lat' dir='ltr'><strong>ut</strong></span> <span class='ocrx_word' id='word_1_463' title='bbox 2950 2942 3267 3014; x_wconf 90' lang='lat' dir='ltr'><strong>ampliorem</strong></span> <span class='ocrx_word' id='word_1_464' title='bbox 3294 2957 3478 2998; x_wconf 81' lang='lat' dir='ltr'><strong>remu-</strong></span> 
     </span>
    </p>
   </div>
   <div class='ocr_carea' id='block_1_59' title="bbox 1851 3021 3476 3108">
    <p class='ocr_par' dir='ltr' id='par_1_59' title="bbox 1851 3021 3476 3108">
     <span class='ocr_line' id='line_1_59' title="bbox 1851 3021 3476 3108; baseline -0.002 -17"><span class='ocrx_word' id='word_1_465' title='bbox 1851 3021 1858 3027; x_wconf 64' lang='grc'><em>’</em></span> <span class='ocrx_word' id='word_1_466' title='bbox 1890 3035 2228 3092; x_wconf 89' lang='lat' dir='ltr'><strong>nerationem</strong></span> <span class='ocrx_word' id='word_1_467' title='bbox 2262 3037 2572 3092; x_wconf 89' lang='lat' dir='ltr'><strong>ostenderet</strong></span> <span class='ocrx_word' id='word_1_468' title='bbox 2597 3051 2691 3092; x_wconf 92' lang='lat' dir='ltr'><strong>eos</strong></span> <span class='ocrx_word' id='word_1_469' title='bbox 2712 3045 3095 3108; x_wconf 86' lang='lat' dir='ltr'><strong>percepturos,</strong></span> <span class='ocrx_word' id='word_1_470' title='bbox 3137 3034 3229 3105; x_wconf 91' lang='lat' dir='ltr'><strong>qui</strong></span> <span class='ocrx_word' id='word_1_471' title='bbox 3256 3042 3311 3089; x_wconf 90' lang='lat' dir='ltr'><strong>et</strong></span> <span class='ocrx_word' id='word_1_472' title='bbox 3338 3034 3476 3088; x_wconf 90' lang='lat' dir='ltr'><strong>bene</strong></span> 
     </span>
    </p>
   </div>
   <div class='ocr_carea' id='block_1_60' title="bbox 1889 3123 3478 3198">
    <p class='ocr_par' dir='ltr' id='par_1_60' title="bbox 1889 3123 3478 3198">
     <span class='ocr_line' id='line_1_60' title="bbox 1889 3123 3478 3198; baseline -0.002 -17"><span class='ocrx_word' id='word_1_473' title='bbox 1889 3128 2097 3193; x_wconf 90' lang='lat' dir='ltr'><strong>vivunt,</strong></span> <span class='ocrx_word' id='word_1_474' title='bbox 2118 3138 2172 3182; x_wconf 90' lang='lat' dir='ltr'><strong>et</strong></span> <span class='ocrx_word' id='word_1_475' title='bbox 2194 3126 2468 3184; x_wconf 88' lang='lat' dir='ltr'><strong>lucrandis</strong></span> <span class='ocrx_word' id='word_1_476' title='bbox 2489 3123 2777 3183; x_wconf 83' lang='lat' dir='ltr'><strong>animabus</strong></span> <span class='ocrx_word' id='word_1_477' title='bbox 2792 3126 3093 3198; x_wconf 88' lang='lat' dir='ltr'><strong>invigilant,</strong></span> <span class='ocrx_word' id='word_1_478' title='bbox 3117 3125 3253 3181; x_wconf 80' lang='lat' dir='ltr'><strong>dixit</strong></span> <span class='ocrx_word' id='word_1_479' title='bbox 3279 3142 3291 3178; x_wconf 91' lang='lat'><strong>:</strong></span> <span class='ocrx_word' id='word_1_480' title='bbox 3322 3142 3341 3174; x_wconf 86' lang='lat' dir='ltr'><strong>t</strong></span> <span class='ocrx_word' id='word_1_481' title='bbox 3376 3123 3478 3191; x_wconf 85' lang='lat' dir='ltr'><strong>Qui</strong></span> 
     </span>
    </p>
   </div>
   <div class='ocr_carea' id='block_1_61' title="bbox 1892 3216 3476 3293">
    <p class='ocr_par' dir='ltr' id='par_1_61' title="bbox 1892 3216 3476 3293">
     <span class='ocr_line' id='line_1_61' title="bbox 1892 3216 3476 3293; baseline -0.003 -19"><span class='ocrx_word' id='word_1_482' title='bbox 1892 3230 2073 3275; x_wconf 90' lang='lat' dir='ltr'><strong>autem</strong></span> <span class='ocrx_word' id='word_1_483' title='bbox 2118 3221 2261 3276; x_wconf 90' lang='lat' dir='ltr'><strong>docti</strong></span> <span class='ocrx_word' id='word_1_484' title='bbox 2302 3231 2449 3287; x_wconf 89' lang='lat' dir='ltr'><strong>sunt,</strong></span> <span class='ocrx_word' id='word_1_485' title='bbox 2486 3221 2769 3293; x_wconf 88' lang='lat' dir='ltr'><strong>fulgebunt</strong></span> <span class='ocrx_word' id='word_1_486' title='bbox 2814 3221 2955 3277; x_wconf 87' lang='lat' dir='ltr'><strong>sicut</strong></span> <span class='ocrx_word' id='word_1_487' title='bbox 2995 3219 3251 3290; x_wconf 89' lang='lat' dir='ltr'><strong>splendor</strong></span> <span class='ocrx_word' id='word_1_488' title='bbox 3295 3216 3476 3271; x_wconf 84' lang='lat' dir='ltr'><strong>firma-</strong></span> 
     </span>
    </p>
   </div>
   <div class='ocr_carea' id='block_1_62' title="bbox 204 3285 3478 3381">
    <p class='ocr_par' dir='ltr' id='par_1_62' title="bbox 204 3285 3478 3381">
     <span class='ocr_line' id='line_1_62' title="bbox 204 3285 3478 3381; baseline 0.002 -28"><span class='ocrx_word' id='word_1_489' title='bbox 204 3303 719 3369; x_wconf 88' lang='lat' dir='ltr'><strong>remunerationem,</strong></span> <span class='ocrx_word' id='word_1_490' title='bbox 758 3306 814 3359; x_wconf 91' lang='lat' dir='ltr'><strong>in</strong></span> <span class='ocrx_word' id='word_1_491' title='bbox 838 3308 1095 3375; x_wconf 58' lang='lat' dir='ltr'><strong>praesenti</strong></span> <span class='ocrx_word' id='word_1_492' title='bbox 1119 3323 1227 3363; x_wconf 91' lang='lat' dir='ltr'><strong>non</strong></span> <span class='ocrx_word' id='word_1_493' title='bbox 1258 3308 1492 3379; x_wconf 75' lang='lat' dir='ltr'><strong>refugiat</strong></span> <span class='ocrx_word' id='word_1_494' title='bbox 1518 3294 1779 3365; x_wconf 79' lang='lat' dir='ltr'><strong>laborem.</strong></span> <span class='ocrx_word' id='word_1_495' title='bbox 1815 3285 1860 3347; x_wconf 67' lang='grc' dir='ltr'>Ο</span> <span class='ocrx_word' id='word_1_496' title='bbox 1896 3312 2082 3377; x_wconf 87' lang='lat' dir='ltr'><strong>menti,</strong></span> <span class='ocrx_word' id='word_1_497' title='bbox 2124 3320 2180 3367; x_wconf 90' lang='lat' dir='ltr'><strong>et</strong></span> <span class='ocrx_word' id='word_1_498' title='bbox 2226 3312 2321 3381; x_wconf 91' lang='lat' dir='ltr'><strong>qui</strong></span> <span class='ocrx_word' id='word_1_499' title='bbox 2357 3285 2444 3367; x_wconf 15' lang='lat' dir='ltr'><strong>ad»</strong></span> <span class='ocrx_word' id='word_1_500' title='bbox 2457 3285 2726 3381; x_wconf 70' lang='lat' dir='ltr'><strong>justitiam</strong></span> <span class='ocrx_word' id='word_1_501' title='bbox 2770 3285 3280 3375; x_wconf 44' lang='lat' dir='ltr'><strong>erudiunt—multos,</strong></span> <span class='ocrx_word' id='word_1_502' title='bbox 3323 3308 3478 3377; x_wconf 87' lang='lat' dir='ltr'><strong>quasi</strong></span> 
     </span>
    </p>
   </div>
   <div class='ocr_carea' id='block_1_63' title="bbox 208 3391 1783 3471">
    <p class='ocr_par' dir='ltr' id='par_1_63' title="bbox 208 3391 1783 3471">
     <span class='ocr_line' id='line_1_63' title="bbox 208 3391 1783 3471; baseline 0.008 -27"><span class='ocrx_word' id='word_1_503' title='bbox 208 3391 349 3458; x_wconf 88' lang='lat' dir='ltr'><strong>Quia</strong></span> <span class='ocrx_word' id='word_1_504' title='bbox 384 3393 459 3447; x_wconf 89' lang='lat' dir='ltr'><strong>illi</strong></span> <span class='ocrx_word' id='word_1_505' title='bbox 500 3396 592 3465; x_wconf 88' lang='lat' dir='ltr'><strong>qui</strong></span> <span class='ocrx_word' id='word_1_506' title='bbox 628 3412 725 3466; x_wconf 90' lang='lat' dir='ltr'><strong>pro</strong></span> <span class='ocrx_word' id='word_1_507' title='bbox 770 3398 882 3454; x_wconf 91' lang='lat' dir='ltr'><strong>Deo</strong></span> <span class='ocrx_word' id='word_1_508' title='bbox 926 3398 1160 3454; x_wconf 75' lang='lat' dir='ltr'><strong>fideliter</strong></span> <span class='ocrx_word' id='word_1_509' title='bbox 1190 3400 1497 3471; x_wconf 85' lang='lat' dir='ltr'><strong>suscipiunt</strong></span> <span class='ocrx_word' id='word_1_510' title='bbox 1517 3400 1783 3468; x_wconf 90' lang='lat' dir='ltr'><strong>laborem,</strong></span> 
     </span>
    </p>
   </div>
   <div class='ocr_carea' id='block_1_64' title="bbox 211 3482 1789 3563">
    <p class='ocr_par' dir='ltr' id='par_1_64' title="bbox 211 3482 1789 3563">
     <span class='ocr_line' id='line_1_64' title="bbox 211 3482 1789 3563; baseline 0.006 -25"><span class='ocrx_word' id='word_1_511' title='bbox 211 3482 442 3539; x_wconf 83' lang='lat' dir='ltr'><strong>fideliter</strong></span> <span class='ocrx_word' id='word_1_512' title='bbox 466 3489 774 3556; x_wconf 89' lang='lat' dir='ltr'><strong>pervenient</strong></span> <span class='ocrx_word' id='word_1_513' title='bbox 799 3491 868 3545; x_wconf 89' lang='lat' dir='ltr'><strong>ad</strong></span> <span class='ocrx_word' id='word_1_514' title='bbox 898 3491 1414 3558; x_wconf 87' lang='lat' dir='ltr'><strong>remunerationem,</strong></span> <span class='ocrx_word' id='word_1_515' title='bbox 1444 3493 1663 3563; x_wconf 87' lang='lat' dir='ltr'><strong>quando</strong></span> <span class='ocrx_word' id='word_1_516' title='bbox 1691 3509 1789 3548; x_wconf 91' lang='lat' dir='ltr'><strong>au-</strong></span> 
     </span>
    </p>
   </div>
   <div class='ocr_carea' id='block_1_65' title="bbox 204 3573 1788 3655">
    <p class='ocr_par' dir='ltr' id='par_1_65' title="bbox 204 3573 1788 3655">
     <span class='ocr_line' id='line_1_65' title="bbox 204 3573 1788 3655; baseline 0.009 -28"><span class='ocrx_word' id='word_1_517' title='bbox 204 3573 368 3630; x_wconf 83' lang='lat' dir='ltr'><strong>dituri</strong></span> <span class='ocrx_word' id='word_1_518' title='bbox 397 3584 523 3631; x_wconf 87' lang='lat' dir='ltr'><strong>sunt</strong></span> <span class='ocrx_word' id='word_1_519' title='bbox 553 3592 568 3632; x_wconf 90' lang='lat'><strong>:</strong></span> <span class='ocrx_word' id='word_1_520' title='bbox 610 3596 629 3630; x_wconf 85' lang='lat' dir='ltr'><strong>t</strong></span> <span class='ocrx_word' id='word_1_521' title='bbox 660 3577 855 3636; x_wconf 85' lang='lat' dir='ltr'><strong>Venite</strong></span> <span class='ocrx_word' id='word_1_522' title='bbox 882 3583 951 3637; x_wconf 90' lang='lat' dir='ltr'><strong>ad</strong></span> <span class='ocrx_word' id='word_1_523' title='bbox 978 3599 1091 3651; x_wconf 86' lang='lat' dir='ltr'><strong>me,</strong></span> <span class='ocrx_word' id='word_1_524' title='bbox 1116 3599 1305 3640; x_wconf 90' lang='lat' dir='ltr'><strong>omnes</strong></span> <span class='ocrx_word' id='word_1_525' title='bbox 1333 3586 1425 3655; x_wconf 92' lang='lat' dir='ltr'><strong>qui</strong></span> <span class='ocrx_word' id='word_1_526' title='bbox 1444 3585 1704 3642; x_wconf 88' lang='lat' dir='ltr'><strong>laboratis</strong></span> <span class='ocrx_word' id='word_1_527' title='bbox 1734 3595 1788 3643; x_wconf 90' lang='lat' dir='ltr'><strong>et</strong></span> 
     </span>
    </p>
   </div>
   <div class='ocr_carea' id='block_1_66' title="bbox 201 3668 1785 3750">
    <p class='ocr_par' dir='ltr' id='par_1_66' title="bbox 201 3668 1785 3750">
     <span class='ocr_line' id='line_1_66' title="bbox 201 3668 1785 3750; baseline 0.009 -32"><span class='ocrx_word' id='word_1_528' title='bbox 201 3668 411 3721; x_wconf 83' lang='lat' dir='ltr'><strong>onerati</strong></span> <span class='ocrx_word' id='word_1_529' title='bbox 458 3669 606 3735; x_wconf 86' lang='lat' dir='ltr'><strong>estis,</strong></span> <span class='ocrx_word' id='word_1_530' title='bbox 652 3680 707 3726; x_wconf 92' lang='lat' dir='ltr'><strong>et</strong></span> <span class='ocrx_word' id='word_1_531' title='bbox 758 3687 859 3744; x_wconf 90' lang='lat' dir='ltr'><strong>ego</strong></span> <span class='ocrx_word' id='word_1_532' title='bbox 902 3674 1143 3730; x_wconf 80' lang='lat' dir='ltr'><strong>reficiam</strong></span> <span class='ocrx_word' id='word_1_533' title='bbox 1195 3691 1310 3731; x_wconf 87' lang='lat' dir='ltr'><strong>vos.</strong></span> <span class='ocrx_word' id='word_1_534' title='bbox 1360 3676 1554 3733; x_wconf 90' lang='lat' dir='ltr'><strong>Tollite</strong></span> <span class='ocrx_word' id='word_1_535' title='bbox 1596 3676 1785 3750; x_wconf 84' lang='lat' dir='ltr'><strong>jugum</strong></span> 
     </span>
    </p>
   </div>
   <div class='ocr_carea' id='block_1_67' title="bbox 204 3766 1786 3839">
    <p class='ocr_par' dir='ltr' id='par_1_67' title="bbox 204 3766 1786 3839">
     <span class='ocr_line' id='line_1_67' title="bbox 204 3766 1786 3839; baseline 0.009 -27"><span class='ocrx_word' id='word_1_536' title='bbox 204 3775 378 3814; x_wconf 85' lang='lat' dir='ltr'><strong>meum</strong></span> <span class='ocrx_word' id='word_1_537' title='bbox 405 3777 568 3830; x_wconf 90' lang='lat' dir='ltr'><strong>super</strong></span> <span class='ocrx_word' id='word_1_538' title='bbox 602 3778 720 3830; x_wconf 89' lang='lat' dir='ltr'><strong>vos,</strong></span> <span class='ocrx_word' id='word_1_539' title='bbox 748 3774 803 3820; x_wconf 90' lang='lat' dir='ltr'><strong>et</strong></span> <span class='ocrx_word' id='word_1_540' title='bbox 828 3766 1021 3822; x_wconf 90' lang='lat' dir='ltr'><strong>discite</strong></span> <span class='ocrx_word' id='word_1_541' title='bbox 1040 3783 1072 3822; x_wconf 92' lang='lat' dir='ltr'><strong>a</strong></span> <span class='ocrx_word' id='word_1_542' title='bbox 1102 3783 1219 3833; x_wconf 91' lang='lat' dir='ltr'><strong>me,</strong></span> <span class='ocrx_word' id='word_1_543' title='bbox 1249 3769 1374 3839; x_wconf 90' lang='lat' dir='ltr'><strong>quia</strong></span> <span class='ocrx_word' id='word_1_544' title='bbox 1406 3770 1553 3825; x_wconf 91' lang='lat' dir='ltr'><strong>mitis</strong></span> <span class='ocrx_word' id='word_1_545' title='bbox 1583 3785 1703 3825; x_wconf 89' lang='lat' dir='ltr'><strong>sum</strong></span> <span class='ocrx_word' id='word_1_546' title='bbox 1733 3780 1786 3826; x_wconf 90' lang='lat' dir='ltr'><strong>et</strong></span> 
     </span>
    </p>
   </div>
   <div class='ocr_carea' id='block_1_68' title="bbox 204 3850 1784 3930">
    <p class='ocr_par' dir='ltr' id='par_1_68' title="bbox 204 3850 1784 3930">
     <span class='ocr_line' id='line_1_68' title="bbox 204 3850 1784 3930; baseline 0.009 -27"><span class='ocrx_word' id='word_1_547' title='bbox 204 3850 420 3908; x_wconf 89' lang='lat' dir='ltr'><strong>humilis</strong></span> <span class='ocrx_word' id='word_1_548' title='bbox 446 3859 611 3911; x_wconf 89' lang='lat' dir='ltr'><strong>corde</strong></span> <span class='ocrx_word' id='word_1_549' title='bbox 632 3897 647 3922; x_wconf 89' lang='lat'><strong>,</strong></span> <span class='ocrx_word' id='word_1_550' title='bbox 687 3864 743 3912; x_wconf 91' lang='lat' dir='ltr'><strong>et</strong></span> <span class='ocrx_word' id='word_1_551' title='bbox 783 3858 1069 3914; x_wconf 74' lang='lat' dir='ltr'><strong>invenietis</strong></span> <span class='ocrx_word' id='word_1_552' title='bbox 1102 3861 1344 3930; x_wconf 87' lang='lat' dir='ltr'><strong>requiem</strong></span> <span class='ocrx_word' id='word_1_553' title='bbox 1375 3863 1661 3917; x_wconf 85' lang='lat' dir='ltr'><strong>animabus</strong></span> <span class='ocrx_word' id='word_1_554' title='bbox 1691 3877 1784 3917; x_wconf 49' lang='lat' dir='ltr'><strong>ve‘</strong></span> 
     </span>
    </p>
   </div>
   <div class='ocr_carea' id='block_1_69' title="bbox 209 3946 1789 4026">
    <p class='ocr_par' dir='ltr' id='par_1_69' title="bbox 209 3946 1789 4026">
     <span class='ocr_line' id='line_1_69' title="bbox 209 3946 1789 4026; baseline 0.008 -28"><span class='ocrx_word' id='word_1_555' title='bbox 209 3946 328 4001; x_wconf 88' lang='lat' dir='ltr'><strong>stris</strong></span> <span class='ocrx_word' id='word_1_556' title='bbox 366 3946 584 4019; x_wconf 81' lang='lat' dir='ltr'><strong>(Matth.</strong></span> <span class='ocrx_word' id='word_1_557' title='bbox 616 3951 715 4022; x_wconf 78' lang='lat' dir='ltr'><strong>x1).</strong></span> <span class='ocrx_word' id='word_1_558' title='bbox 740 3970 760 4003; x_wconf 76' lang='grc' dir='ltr'><strong><em>ι</em></strong></span> <span class='ocrx_word' id='word_1_559' title='bbox 791 3951 858 4007; x_wconf 87' lang='grc' dir='ltr'><strong>Ει</strong></span> <span class='ocrx_word' id='word_1_560' title='bbox 883 3952 1008 4021; x_wconf 87' lang='lat' dir='ltr'><strong>quia</strong></span> <span class='ocrx_word' id='word_1_561' title='bbox 1037 3953 1175 4010; x_wconf 89' lang='lat' dir='ltr'><strong>solet</strong></span> <span class='ocrx_word' id='word_1_562' title='bbox 1205 3954 1538 4026; x_wconf 85' lang='lat' dir='ltr'><strong>contingere,</strong></span> <span class='ocrx_word' id='word_1_563' title='bbox 1573 3964 1631 4009; x_wconf 92' lang='lat' dir='ltr'><strong>ut</strong></span> <span class='ocrx_word' id='word_1_564' title='bbox 1654 3970 1789 4010; x_wconf 83' lang='lat' dir='ltr'><strong>non-</strong></span> 
     </span>
    </p>
   </div>
   <div class='ocr_carea' id='block_1_70' title="bbox 208 4036 1787 4117">
    <p class='ocr_par' dir='ltr' id='par_1_70' title="bbox 208 4036 1787 4117">
     <span class='ocr_line' id='line_1_70' title="bbox 208 4036 1787 4117; baseline 0.009 -28"><span class='ocrx_word' id='word_1_565' title='bbox 208 4036 329 4092; x_wconf 90' lang='lat' dir='ltr'><strong>nulli</strong></span> <span class='ocrx_word' id='word_1_566' title='bbox 352 4038 560 4096; x_wconf 89' lang='lat' dir='ltr'><strong>tardius</strong></span> <span class='ocrx_word' id='word_1_567' title='bbox 587 4043 865 4109; x_wconf 88' lang='lat' dir='ltr'><strong>conversi,</strong></span> <span class='ocrx_word' id='word_1_568' title='bbox 912 4045 981 4100; x_wconf 89' lang='lat' dir='ltr'><strong>ab</strong></span> <span class='ocrx_word' id='word_1_569' title='bbox 1007 4045 1112 4100; x_wconf 88' lang='lat' dir='ltr'><strong>hac</strong></span> <span class='ocrx_word' id='word_1_570' title='bbox 1145 4045 1255 4100; x_wconf 92' lang='lat' dir='ltr'><strong>vita</strong></span> <span class='ocrx_word' id='word_1_571' title='bbox 1277 4047 1476 4112; x_wconf 89' lang='lat' dir='ltr'><strong>vocati,</strong></span> <span class='ocrx_word' id='word_1_572' title='bbox 1508 4047 1661 4117; x_wconf 89' lang='lat' dir='ltr'><strong>prius</strong></span> <span class='ocrx_word' id='word_1_573' title='bbox 1704 4063 1787 4103; x_wconf 92' lang='lat' dir='ltr'><strong>re-</strong></span> 
     </span>
    </p>
   </div>
   <div class='ocr_carea' id='block_1_71' title="bbox 207 4136 1785 4212">
    <p class='ocr_par' dir='ltr' id='par_1_71' title="bbox 207 4136 1785 4212">
     <span class='ocr_line' id='line_1_71' title="bbox 207 4136 1785 4212; baseline 0.007 -26"><span class='ocrx_word' id='word_1_574' title='bbox 207 4136 632 4192; x_wconf 88' lang='lat' dir='ltr'><strong>munerationem</strong></span> <span class='ocrx_word' id='word_1_575' title='bbox 661 4140 971 4210; x_wconf 87' lang='lat' dir='ltr'><strong>accipiant,</strong></span> <span class='ocrx_word' id='word_1_576' title='bbox 1010 4156 1171 4212; x_wconf 85' lang='lat' dir='ltr'><strong>quam</strong></span> <span class='ocrx_word' id='word_1_577' title='bbox 1213 4140 1290 4196; x_wconf 90' lang='lat' dir='ltr'><strong>illi</strong></span> <span class='ocrx_word' id='word_1_578' title='bbox 1321 4140 1413 4212; x_wconf 93' lang='lat' dir='ltr'><strong>qui</strong></span> <span class='ocrx_word' id='word_1_579' title='bbox 1442 4141 1593 4212; x_wconf 92' lang='lat' dir='ltr'><strong>prius</strong></span> <span class='ocrx_word' id='word_1_580' title='bbox 1634 4140 1785 4196; x_wconf 87' lang='lat' dir='ltr'><strong>labo-</strong></span> 
     </span>
    </p>
   </div>
   <div class='ocr_carea' id='block_1_72' title="bbox 209 4232 1784 4303">
    <p class='ocr_par' dir='ltr' id='par_1_72' title="bbox 209 4232 1784 4303">
     <span class='ocr_line' id='line_1_72' title="bbox 209 4232 1784 4303; baseline 0.006 -25"><span class='ocrx_word' id='word_1_581' title='bbox 209 4239 322 4280; x_wconf 89' lang='lat' dir='ltr'><strong>rare</strong></span> <span class='ocrx_word' id='word_1_582' title='bbox 349 4239 656 4300; x_wconf 87' lang='lat' dir='ltr'><strong>coeperuut,</strong></span> <span class='ocrx_word' id='word_1_583' title='bbox 694 4240 843 4288; x_wconf 89' lang='lat' dir='ltr'><strong>recte</strong></span> <span class='ocrx_word' id='word_1_584' title='bbox 872 4246 1003 4287; x_wconf 91' lang='lat' dir='ltr'><strong>voce</strong></span> <span class='ocrx_word' id='word_1_585' title='bbox 1023 4232 1418 4302; x_wconf 85' lang='lat' dir='ltr'><strong>patrisfamiliae</strong></span> <span class='ocrx_word' id='word_1_586' title='bbox 1446 4233 1784 4303; x_wconf 87' lang='lat' dir='ltr'><strong>procuratori</strong></span> 
     </span>
    </p>
   </div>
   <div class='ocr_carea' id='block_1_73' title="bbox 209 4317 1787 4395">
    <p class='ocr_par' dir='ltr' id='par_1_73' title="bbox 209 4317 1787 4395">
     <span class='ocr_line' id='line_1_73' title="bbox 209 4317 1787 4395; baseline 0.004 -24"><span class='ocrx_word' id='word_1_587' title='bbox 209 4317 403 4374; x_wconf 88' lang='lat' dir='ltr'><strong>dicitur</strong></span> <span class='ocrx_word' id='word_1_588' title='bbox 452 4338 467 4374; x_wconf 91' lang='lat'><strong>:</strong></span> <span class='ocrx_word' id='word_1_589' title='bbox 522 4340 542 4372; x_wconf 78' lang='grc' dir='ltr'>ι</span> <span class='ocrx_word' id='word_1_590' title='bbox 600 4323 868 4395; x_wconf 87' lang='lat' dir='ltr'><strong>incipiens</strong></span> <span class='ocrx_word' id='word_1_591' title='bbox 901 4339 932 4378; x_wconf 90' lang='lat' dir='ltr'><strong>a</strong></span> <span class='ocrx_word' id='word_1_592' title='bbox 974 4324 1285 4379; x_wconf 90' lang='lat' dir='ltr'><strong>novissimis</strong></span> <span class='ocrx_word' id='word_1_593' title='bbox 1332 4338 1507 4395; x_wconf 89' lang='lat' dir='ltr'><strong>usque</strong></span> <span class='ocrx_word' id='word_1_594' title='bbox 1556 4323 1624 4378; x_wconf 90' lang='lat' dir='ltr'><strong>ad</strong></span> <span class='ocrx_word' id='word_1_595' title='bbox 1673 4323 1787 4394; x_wconf 91' lang='lat' dir='ltr'><strong>pri-</strong></span> 
     </span>
    </p>
   </div>
   <div class='ocr_carea' id='block_1_74' title="bbox 210 4415 1790 4487">
    <p class='ocr_par' dir='ltr' id='par_1_74' title="bbox 210 4415 1790 4487">
     <span class='ocr_line' id='line_1_74' title="bbox 210 4415 1790 4487; baseline 0.004 -22"><span class='ocrx_word' id='word_1_596' title='bbox 210 4425 338 4478; x_wconf 86' lang='lat' dir='ltr'><strong>mos,</strong></span> <span class='ocrx_word' id='word_1_597' title='bbox 384 4423 489 4470; x_wconf 90' lang='lat' dir='ltr'><strong>etc.</strong></span> <span class='ocrx_word' id='word_1_598' title='bbox 530 4436 550 4469; x_wconf 75' lang='grc' dir='ltr'><strong><em>ι</em></strong></span> <span class='ocrx_word' id='word_1_599' title='bbox 588 4415 830 4484; x_wconf 91' lang='lat' dir='ltr'><strong>Quorum</strong></span> <span class='ocrx_word' id='word_1_600' title='bbox 859 4418 1100 4473; x_wconf 87' lang='lat' dir='ltr'><strong>actiones</strong></span> <span class='ocrx_word' id='word_1_601' title='bbox 1121 4418 1278 4487; x_wconf 87' lang='lat' dir='ltr'><strong>quasi</strong></span> <span class='ocrx_word' id='word_1_602' title='bbox 1306 4430 1680 4471; x_wconf 88' lang='lat' dir='ltr'><strong>murmurasse</strong></span> <span class='ocrx_word' id='word_1_603' title='bbox 1705 4425 1790 4471; x_wconf 89' lang='lat' dir='ltr'><strong>est</strong></span> 
     </span>
    </p>
   </div>
   <div class='ocr_carea' id='block_1_75' title="bbox 211 4506 1788 4579">
    <p class='ocr_par' dir='ltr' id='par_1_75' title="bbox 211 4506 1788 4579">
     <span class='ocr_line' id='line_1_75' title="bbox 211 4506 1788 4579; baseline 0.005 -23"><span class='ocrx_word' id='word_1_604' title='bbox 211 4512 395 4559; x_wconf 88' lang='lat' dir='ltr'><strong>contra</strong></span> <span class='ocrx_word' id='word_1_605' title='bbox 429 4506 638 4563; x_wconf 88' lang='lat' dir='ltr'><strong>tardius</strong></span> <span class='ocrx_word' id='word_1_606' title='bbox 675 4522 999 4575; x_wconf 89' lang='lat' dir='ltr'><strong>conversos,</strong></span> <span class='ocrx_word' id='word_1_607' title='bbox 1024 4524 1149 4564; x_wconf 92' lang='lat' dir='ltr'><strong>cum</strong></span> <span class='ocrx_word' id='word_1_608' title='bbox 1172 4508 1293 4565; x_wconf 92' lang='lat' dir='ltr'><strong>illos</strong></span> <span class='ocrx_word' id='word_1_609' title='bbox 1315 4509 1464 4579; x_wconf 86' lang='lat' dir='ltr'><strong>prius</strong></span> <span class='ocrx_word' id='word_1_610' title='bbox 1485 4550 1500 4575; x_wconf 93' lang='lat'><strong>,</strong></span> <span class='ocrx_word' id='word_1_611' title='bbox 1532 4524 1698 4578; x_wconf 89' lang='lat' dir='ltr'><strong>quam</strong></span> <span class='ocrx_word' id='word_1_612' title='bbox 1728 4524 1788 4564; x_wconf 90' lang='lat' dir='ltr'><strong>se</strong></span> 
     </span>
    </p>
   </div>
   <div class='ocr_carea' id='block_1_76' title="bbox 213 4600 1790 4670">
    <p class='ocr_par' dir='ltr' id='par_1_76' title="bbox 213 4600 1790 4670">
     <span class='ocr_line' id='line_1_76' title="bbox 213 4600 1790 4670; baseline 0.005 -19"><span class='ocrx_word' id='word_1_613' title='bbox 213 4600 539 4654; x_wconf 85' lang='lat' dir='ltr'><strong>remunerari</strong></span> <span class='ocrx_word' id='word_1_614' title='bbox 582 4600 787 4656; x_wconf 89' lang='lat' dir='ltr'><strong>vident.</strong></span> <span class='ocrx_word' id='word_1_615' title='bbox 826 4601 979 4670; x_wconf 89' lang='lat' dir='ltr'><strong>Quod</strong></span> <span class='ocrx_word' id='word_1_616' title='bbox 1011 4617 1142 4657; x_wconf 92' lang='lat' dir='ltr'><strong>vero</strong></span> <span class='ocrx_word' id='word_1_617' title='bbox 1170 4602 1419 4659; x_wconf 87' lang='lat' dir='ltr'><strong>subditur</strong></span> <span class='ocrx_word' id='word_1_618' title='bbox 1450 4620 1463 4658; x_wconf 90' lang='lat'><strong>:</strong></span> <span class='ocrx_word' id='word_1_619' title='bbox 1500 4622 1519 4655; x_wconf 86' lang='grc'><strong>‹</strong></span> <span class='ocrx_word' id='word_1_620' title='bbox 1556 4603 1790 4659; x_wconf 74' lang='lat' dir='ltr'><strong>Venien-</strong></span> 
     </span>
    </p>
   </div>
   <div class='ocr_carea' id='block_1_77' title="bbox 218 4693 1792 4766">
    <p class='ocr_par' dir='ltr' id='par_1_77' title="bbox 218 4693 1792 4766">
     <span class='ocr_line' id='line_1_77' title="bbox 218 4693 1792 4766; baseline 0.007 -26"><span class='ocrx_word' id='word_1_621' title='bbox 218 4705 237 4740; x_wconf 85' lang='lat' dir='ltr'><strong>t</strong></span> <span class='ocrx_word' id='word_1_622' title='bbox 273 4698 349 4747; x_wconf 87' lang='lat' dir='ltr'><strong>tes</strong></span> <span class='ocrx_word' id='word_1_623' title='bbox 368 4701 547 4747; x_wconf 91' lang='lat' dir='ltr'><strong>autem</strong></span> <span class='ocrx_word' id='word_1_624' title='bbox 566 4700 622 4748; x_wconf 92' lang='lat' dir='ltr'><strong>et</strong></span> <span class='ocrx_word' id='word_1_625' title='bbox 640 4693 826 4764; x_wconf 90' lang='lat' dir='ltr'><strong>primi,</strong></span> <span class='ocrx_word' id='word_1_626' title='bbox 840 4702 1167 4765; x_wconf 88' lang='lat' dir='ltr'><strong>acceperunt</strong></span> <span class='ocrx_word' id='word_1_627' title='bbox 1186 4694 1428 4766; x_wconf 88' lang='lat' dir='ltr'><strong>singulos</strong></span> <span class='ocrx_word' id='word_1_628' title='bbox 1448 4695 1718 4762; x_wconf 88' lang='lat' dir='ltr'><strong>denarios,</strong></span> <span class='ocrx_word' id='word_1_629' title='bbox 1737 4705 1792 4753; x_wconf 91' lang='lat' dir='ltr'><strong>et</strong></span> 
     </span>
    </p>
   </div>
   <div class='ocr_carea' id='block_1_78' title="bbox 218 4780 1787 4855">
    <p class='ocr_par' dir='ltr' id='par_1_78' title="bbox 218 4780 1787 4855">
     <span class='ocr_line' id='line_1_78' title="bbox 218 4780 1787 4855; baseline 0.006 -22"><span class='ocrx_word' id='word_1_630' title='bbox 218 4795 235 4828; x_wconf 83' lang='lat' dir='ltr'><strong>t</strong></span> <span class='ocrx_word' id='word_1_631' title='bbox 253 4780 599 4851; x_wconf 87' lang='lat' dir='ltr'><strong>accipientes,</strong></span> <span class='ocrx_word' id='word_1_632' title='bbox 617 4784 1033 4839; x_wconf 89' lang='lat' dir='ltr'><strong>murmurabant</strong></span> <span class='ocrx_word' id='word_1_633' title='bbox 1046 4784 1307 4840; x_wconf 88' lang='lat' dir='ltr'><strong>adversus</strong></span> <span class='ocrx_word' id='word_1_634' title='bbox 1322 4786 1787 4855; x_wconf 79' lang='lat' dir='ltr'><strong>patremfamilias,</strong></span> 
     </span>
    </p>
   </div>
   <div class='ocr_carea' id='block_1_79' title="bbox 217 4871 1791 4950">
    <p class='ocr_par' dir='ltr' id='par_1_79' title="bbox 217 4871 1791 4950">
     <span class='ocr_line' id='line_1_79' title="bbox 217 4871 1791 4950; baseline 0.005 -24"><span class='ocrx_word' id='word_1_635' title='bbox 217 4888 235 4920; x_wconf 71' lang='grc' dir='ltr'>ι</span> <span class='ocrx_word' id='word_1_636' title='bbox 268 4871 509 4929; x_wconf 89' lang='lat' dir='ltr'><strong>dicentes</strong></span> <span class='ocrx_word' id='word_1_637' title='bbox 538 4893 551 4928; x_wconf 88' lang='lat'><strong>:</strong></span> <span class='ocrx_word' id='word_1_638' title='bbox 581 4874 647 4929; x_wconf 90' lang='lat' dir='ltr'><strong>Hi</strong></span> <span class='ocrx_word' id='word_1_639' title='bbox 671 4876 950 4931; x_wconf 87' lang='lat' dir='ltr'><strong>novissimi</strong></span> <span class='ocrx_word' id='word_1_640' title='bbox 975 4892 1084 4931; x_wconf 91' lang='lat' dir='ltr'><strong>una</strong></span> <span class='ocrx_word' id='word_1_641' title='bbox 1103 4877 1239 4933; x_wconf 88' lang='lat' dir='ltr'><strong>hora</strong></span> <span class='ocrx_word' id='word_1_642' title='bbox 1261 4878 1527 4946; x_wconf 84' lang='lat' dir='ltr'><strong>fecerunt,</strong></span> <span class='ocrx_word' id='word_1_643' title='bbox 1558 4886 1613 4934; x_wconf 91' lang='lat' dir='ltr'><strong>et</strong></span> <span class='ocrx_word' id='word_1_644' title='bbox 1633 4894 1791 4950; x_wconf 89' lang='lat' dir='ltr'><strong>pares</strong></span> 
     </span>
    </p>
   </div>
   <div class='ocr_carea' id='block_1_80' title="bbox 218 4967 1793 5047">
    <p class='ocr_par' dir='ltr' id='par_1_80' title="bbox 218 4967 1793 5047">
     <span class='ocr_line' id='line_1_80' title="bbox 218 4967 1793 5047; baseline 0.009 -29"><span class='ocrx_word' id='word_1_645' title='bbox 218 4983 236 5017; x_wconf 75' lang='grc' dir='ltr'>ι</span> <span class='ocrx_word' id='word_1_646' title='bbox 267 4967 388 5025; x_wconf 92' lang='lat' dir='ltr'><strong>illos</strong></span> <span class='ocrx_word' id='word_1_647' title='bbox 415 4971 571 5027; x_wconf 90' lang='lat' dir='ltr'><strong>nobis</strong></span> <span class='ocrx_word' id='word_1_648' title='bbox 611 4972 827 5043; x_wconf 84' lang='lat' dir='ltr'><strong>fecisti,</strong></span> <span class='ocrx_word' id='word_1_649' title='bbox 859 4975 951 5045; x_wconf 92' lang='lat' dir='ltr'><strong>qui</strong></span> <span class='ocrx_word' id='word_1_650' title='bbox 987 4976 1323 5045; x_wconf 88' lang='lat' dir='ltr'><strong>portavimus</strong></span> <span class='ocrx_word' id='word_1_651' title='bbox 1353 4978 1563 5047; x_wconf 90' lang='lat' dir='ltr'><strong>pondus</strong></span> <span class='ocrx_word' id='word_1_652' title='bbox 1592 4977 1698 5034; x_wconf 89' lang='lat' dir='ltr'><strong>diei</strong></span> <span class='ocrx_word' id='word_1_653' title='bbox 1735 4986 1793 5032; x_wconf 80' lang='lat' dir='ltr'><strong>et</strong></span> 
     </span>
    </p>
   </div>
   <div class='ocr_carea' id='block_1_81' title="bbox 218 5064 1789 5147">
    <p class='ocr_par' dir='ltr' id='par_1_81' title="bbox 218 5064 1789 5147">
     <span class='ocr_line' id='line_1_81' title="bbox 218 5064 1789 5147; baseline 0.005 -29"><span class='ocrx_word' id='word_1_654' title='bbox 218 5076 238 5111; x_wconf 76' lang='grc' dir='ltr'>ι</span> <span class='ocrx_word' id='word_1_655' title='bbox 266 5072 448 5119; x_wconf 60' lang='lat' dir='ltr'><strong>aestus.</strong></span> <span class='ocrx_word' id='word_1_656' title='bbox 487 5084 507 5116; x_wconf 76' lang='grc' dir='ltr'><strong><em>ι</em></strong></span> <span class='ocrx_word' id='word_1_657' title='bbox 534 5064 648 5121; x_wconf 83' lang='lat' dir='ltr'><strong>Hoc</strong></span> <span class='ocrx_word' id='word_1_658' title='bbox 685 5082 919 5138; x_wconf 91' lang='lat' dir='ltr'><strong>namque</strong></span> <span class='ocrx_word' id='word_1_659' title='bbox 947 5068 1085 5124; x_wconf 89' lang='lat' dir='ltr'><strong>solet</strong></span> <span class='ocrx_word' id='word_1_660' title='bbox 1108 5068 1420 5147; x_wconf 87' lang='lat' dir='ltr'><strong>contingere</strong></span> <span class='ocrx_word' id='word_1_661' title='bbox 1441 5070 1496 5123; x_wconf 92' lang='lat' dir='ltr'><strong>in</strong></span> <span class='ocrx_word' id='word_1_662' title='bbox 1526 5069 1789 5141; x_wconf 85' lang='lat' dir='ltr'><strong>Ecclesia,</strong></span> 
     </span>
    </p>
   </div>
   <div class='ocr_carea' id='block_1_82' title="bbox 214 5156 1796 5218">
    <p class='ocr_par' dir='ltr' id='par_1_82' title="bbox 214 5156 1796 5218">
     <span class='ocr_line' id='line_1_82' title="bbox 214 5156 1796 5218; baseline 0.007 -11"><span class='ocrx_word' id='word_1_663' title='bbox 214 5162 263 5207; x_wconf 89' lang='lat' dir='ltr'><strong>et</strong></span> <span class='ocrx_word' id='word_1_664' title='bbox 287 5156 525 5211; x_wconf 83' lang='lat' dir='ltr'><strong>maxime</strong></span> <span class='ocrx_word' id='word_1_665' title='bbox 553 5157 608 5212; x_wconf 89' lang='lat' dir='ltr'><strong>in</strong></span> <span class='ocrx_word' id='word_1_666' title='bbox 628 5159 932 5216; x_wconf 87' lang='lat' dir='ltr'><strong>monastico</strong></span> <span class='ocrx_word' id='word_1_667' title='bbox 953 5160 1163 5216; x_wconf 88' lang='lat' dir='ltr'><strong>ordine.</strong></span> <span class='ocrx_word' id='word_1_668' title='bbox 1193 5158 1413 5216; x_wconf 90' lang='lat' dir='ltr'><strong>Pondus</strong></span> <span class='ocrx_word' id='word_1_669' title='bbox 1439 5161 1587 5216; x_wconf 90' lang='lat' dir='ltr'><strong>enim</strong></span> <span class='ocrx_word' id='word_1_670' title='bbox 1609 5162 1717 5218; x_wconf 90' lang='lat' dir='ltr'><strong>diei</strong></span> <span class='ocrx_word' id='word_1_671' title='bbox 1738 5170 1796 5218; x_wconf 90' lang='lat' dir='ltr'><strong>et</strong></span> 
     </span>
    </p>
   </div>
   <div class='ocr_carea' id='block_1_83' title="bbox 213 5249 1796 5327">
    <p class='ocr_par' dir='ltr' id='par_1_83' title="bbox 213 5249 1796 5327">
     <span class='ocr_line' id='line_1_83' title="bbox 213 5249 1796 5327; baseline 0.006 -26"><span class='ocrx_word' id='word_1_672' title='bbox 213 5255 372 5304; x_wconf 65' lang='lat' dir='ltr'><strong>aestus</strong></span> <span class='ocrx_word' id='word_1_673' title='bbox 401 5249 478 5303; x_wconf 90' lang='lat' dir='ltr'><strong>illi</strong></span> <span class='ocrx_word' id='word_1_674' title='bbox 524 5251 816 5318; x_wconf 88' lang='lat' dir='ltr'><strong>sustinent,</strong></span> <span class='ocrx_word' id='word_1_675' title='bbox 856 5252 947 5323; x_wconf 93' lang='lat' dir='ltr'><strong>qui</strong></span> <span class='ocrx_word' id='word_1_676' title='bbox 993 5254 1062 5310; x_wconf 91' lang='lat' dir='ltr'><strong>ab</strong></span> <span class='ocrx_word' id='word_1_677' title='bbox 1090 5254 1207 5325; x_wconf 90' lang='lat' dir='ltr'><strong>ipsa</strong></span> <span class='ocrx_word' id='word_1_678' title='bbox 1237 5254 1470 5325; x_wconf 89' lang='lat' dir='ltr'><strong>pueritia</strong></span> <span class='ocrx_word' id='word_1_679' title='bbox 1513 5255 1569 5309; x_wconf 91' lang='lat' dir='ltr'><strong>in</strong></span> <span class='ocrx_word' id='word_1_680' title='bbox 1590 5256 1796 5327; x_wconf 90' lang='lat' dir='ltr'><strong>regula-</strong></span> 
     </span>
    </p>
   </div>
   <div class='ocr_carea' id='block_1_84' title="bbox 216 5337 1793 5421">
    <p class='ocr_par' dir='ltr' id='par_1_84' title="bbox 216 5337 1793 5421">
     <span class='ocr_line' id='line_1_84' title="bbox 216 5337 1793 5421; baseline 0.008 -31"><span class='ocrx_word' id='word_1_681' title='bbox 216 5337 358 5396; x_wconf 89' lang='lat' dir='ltr'><strong>ribus</strong></span> <span class='ocrx_word' id='word_1_682' title='bbox 385 5342 685 5415; x_wconf 90' lang='lat' dir='ltr'><strong>disciplinis</strong></span> <span class='ocrx_word' id='word_1_683' title='bbox 712 5346 934 5412; x_wconf 89' lang='lat' dir='ltr'><strong>nutriti,</strong></span> <span class='ocrx_word' id='word_1_684' title='bbox 976 5346 1031 5402; x_wconf 90' lang='lat' dir='ltr'><strong>in</strong></span> <span class='ocrx_word' id='word_1_685' title='bbox 1075 5348 1302 5420; x_wconf 84' lang='lat' dir='ltr'><strong>vigiliis,</strong></span> <span class='ocrx_word' id='word_1_686' title='bbox 1351 5348 1407 5404; x_wconf 89' lang='lat' dir='ltr'><strong>in</strong></span> <span class='ocrx_word' id='word_1_687' title='bbox 1447 5346 1704 5421; x_wconf 86' lang='lat' dir='ltr'><strong>jejuniis,</strong></span> <span class='ocrx_word' id='word_1_688' title='bbox 1737 5348 1793 5403; x_wconf 90' lang='lat' dir='ltr'><strong>in</strong></span> 
     </span>
    </p>
   </div>
   <div class='ocr_carea' id='block_1_85' title="bbox 216 5429 1790 5511">
    <p class='ocr_par' dir='ltr' id='par_1_85' title="bbox 216 5429 1790 5511">
     <span class='ocr_line' id='line_1_85' title="bbox 216 5429 1790 5511; baseline 0.008 -28"><span class='ocrx_word' id='word_1_689' title='bbox 216 5429 393 5488; x_wconf 85' lang='lat' dir='ltr'><strong>labore</strong></span> <span class='ocrx_word' id='word_1_690' title='bbox 421 5451 679 5492; x_wconf 87' lang='lat' dir='ltr'><strong>manuum</strong></span> <span class='ocrx_word' id='word_1_691' title='bbox 721 5438 985 5494; x_wconf 85' lang='lat' dir='ltr'><strong>desudare</strong></span> <span class='ocrx_word' id='word_1_692' title='bbox 1017 5449 1303 5511; x_wconf 89' lang='lat' dir='ltr'><strong>coguntur.</strong></span> <span class='ocrx_word' id='word_1_693' title='bbox 1337 5438 1474 5497; x_wconf 91' lang='lat' dir='ltr'><strong>Sunt</strong></span> <span class='ocrx_word' id='word_1_694' title='bbox 1508 5454 1638 5495; x_wconf 92' lang='lat' dir='ltr'><strong>vero</strong></span> <span class='ocrx_word' id='word_1_695' title='bbox 1676 5439 1790 5507; x_wconf 88' lang='lat' dir='ltr'><strong>alii,</strong></span> 
     </span>
    </p>
   </div>
   <div class='ocr_carea' id='block_1_86' title="bbox 216 5526 1791 5604">
    <p class='ocr_par' dir='ltr' id='par_1_86' title="bbox 216 5526 1791 5604">
     <span class='ocr_line' id='line_1_86' title="bbox 216 5526 1791 5604; baseline 0.007 -26"><span class='ocrx_word' id='word_1_696' title='bbox 216 5526 302 5595; x_wconf 85' lang='lat' dir='ltr'><strong>qui</strong></span> <span class='ocrx_word' id='word_1_697' title='bbox 347 5543 519 5601; x_wconf 91' lang='lat' dir='ltr'><strong>usque</strong></span> <span class='ocrx_word' id='word_1_698' title='bbox 568 5530 637 5585; x_wconf 93' lang='lat' dir='ltr'><strong>ad</strong></span> <span class='ocrx_word' id='word_1_699' title='bbox 681 5538 1014 5587; x_wconf 87' lang='lat' dir='ltr'><strong>senectutem</strong></span> <span class='ocrx_word' id='word_1_700' title='bbox 1063 5532 1147 5587; x_wconf 92' lang='lat' dir='ltr'><strong>vel</strong></span> <span class='ocrx_word' id='word_1_701' title='bbox 1194 5532 1527 5604; x_wconf 90' lang='lat' dir='ltr'><strong>decrepitam</strong></span> <span class='ocrx_word' id='word_1_702' title='bbox 1573 5540 1791 5589; x_wconf 84' lang='lat' dir='ltr'><strong>aetatem</strong></span> 
     </span>
    </p>
   </div>
   <div class='ocr_carea' id='block_1_87' title="bbox 184 5621 1795 5691">
    <p class='ocr_par' dir='ltr' id='par_1_87' title="bbox 184 5621 1795 5691">
     <span class='ocr_line' id='line_1_87' title="bbox 184 5621 1795 5691; baseline 0.008 -21"><span class='ocrx_word' id='word_1_703' title='bbox 184 5621 502 5677; x_wconf 73' lang='lat' dir='ltr'><strong>.carualiter</strong></span> <span class='ocrx_word' id='word_1_704' title='bbox 546 5623 601 5678; x_wconf 91' lang='lat' dir='ltr'><strong>in</strong></span> <span class='ocrx_word' id='word_1_705' title='bbox 648 5624 846 5681; x_wconf 64' lang='lat' dir='ltr'><strong>saeculo</strong></span> <span class='ocrx_word' id='word_1_706' title='bbox 891 5625 1099 5691; x_wconf 91' lang='lat' dir='ltr'><strong>vivunt,</strong></span> <span class='ocrx_word' id='word_1_707' title='bbox 1144 5626 1238 5682; x_wconf 89' lang='lat' dir='ltr'><strong>sed</strong></span> <span class='ocrx_word' id='word_1_708' title='bbox 1276 5627 1418 5683; x_wconf 91' lang='lat' dir='ltr'><strong>circa</strong></span> <span class='ocrx_word' id='word_1_709' title='bbox 1465 5625 1628 5682; x_wconf 85' lang='lat' dir='ltr'><strong>tinem</strong></span> <span class='ocrx_word' id='word_1_710' title='bbox 1668 5627 1795 5683; x_wconf 70' lang='lat' dir='ltr'><strong>vita:</strong></span> 
     </span>
    </p>
   </div>
   <div class='ocr_carea' id='block_1_88' title="bbox 216 5716 1795 5790">
    <p class='ocr_par' dir='ltr' id='par_1_88' title="bbox 216 5716 1795 5790">
     <span class='ocr_line' id='line_1_88' title="bbox 216 5716 1795 5790; baseline 0.004 -21"><span class='ocrx_word' id='word_1_711' title='bbox 216 5716 479 5783; x_wconf 78' lang='lat' dir='ltr'><strong>conversi,</strong></span> <span class='ocrx_word' id='word_1_712' title='bbox 505 5727 626 5788; x_wconf 89' lang='lat' dir='ltr'><strong>post</strong></span> <span class='ocrx_word' id='word_1_713' title='bbox 653 5719 875 5775; x_wconf 88' lang='lat' dir='ltr'><strong>brevem</strong></span> <span class='ocrx_word' id='word_1_714' title='bbox 911 5718 1312 5774; x_wconf 89' lang='lat' dir='ltr'><strong>tribulationem</strong></span> <span class='ocrx_word' id='word_1_715' title='bbox 1340 5719 1449 5774; x_wconf 89' lang='lat' dir='ltr'><strong>cito</strong></span> <span class='ocrx_word' id='word_1_716' title='bbox 1471 5719 1795 5790; x_wconf 89' lang='lat' dir='ltr'><strong>perveniunt</strong></span> 
     </span>
    </p>
   </div>
   <div class='ocr_carea' id='block_1_89' title="bbox 218 5808 1795 5881">
    <p class='ocr_par' dir='ltr' id='par_1_89' title="bbox 218 5808 1795 5881">
     <span class='ocr_line' id='line_1_89' title="bbox 218 5808 1795 5881; baseline 0.005 -22"><span class='ocrx_word' id='word_1_717' title='bbox 218 5808 280 5860; x_wconf 86' lang='lat' dir='ltr'><strong>ad</strong></span> <span class='ocrx_word' id='word_1_718' title='bbox 308 5812 827 5879; x_wconf 87' lang='lat' dir='ltr'><strong>remunerationem,</strong></span> <span class='ocrx_word' id='word_1_719' title='bbox 874 5821 1077 5869; x_wconf 87' lang='lat' dir='ltr'><strong>etcum</strong></span> <span class='ocrx_word' id='word_1_720' title='bbox 1117 5820 1239 5881; x_wconf 89' lang='lat' dir='ltr'><strong>post</strong></span> <span class='ocrx_word' id='word_1_721' title='bbox 1278 5810 1497 5867; x_wconf 87' lang='lat' dir='ltr'><strong>brevem</strong></span> <span class='ocrx_word' id='word_1_722' title='bbox 1549 5810 1795 5869; x_wconf 85' lang='lat' dir='ltr'><strong>laborem</strong></span> 
     </span>
    </p>
   </div>
   <div class='ocr_carea' id='block_1_90' title="bbox 220 5905 1795 5978">
    <p class='ocr_par' dir='ltr' id='par_1_90' title="bbox 220 5905 1795 5978">
     <span class='ocr_line' id='line_1_90' title="bbox 220 5905 1795 5978; baseline 0.004 -22"><span class='ocrx_word' id='word_1_723' title='bbox 220 5911 480 5961; x_wconf 68' lang='lat' dir='ltr'><strong>Vocantur</strong></span> <span class='ocrx_word' id='word_1_724' title='bbox 526 5905 595 5962; x_wconf 93' lang='lat' dir='ltr'><strong>ad</strong></span> <span class='ocrx_word' id='word_1_725' title='bbox 621 5908 893 5978; x_wconf 88' lang='lat' dir='ltr'><strong>requiem,</strong></span> <span class='ocrx_word' id='word_1_726' title='bbox 924 5906 1079 5978; x_wconf 87' lang='lat' dir='ltr'><strong>quasi</strong></span> <span class='ocrx_word' id='word_1_727' title='bbox 1105 5906 1172 5961; x_wconf 85' lang='lat' dir='ltr'><strong>ad</strong></span> <span class='ocrx_word' id='word_1_728' title='bbox 1202 5906 1425 5962; x_wconf 88' lang='lat' dir='ltr'><strong>istorum</strong></span> <span class='ocrx_word' id='word_1_729' title='bbox 1450 5907 1795 5974; x_wconf 84' lang='lat' dir='ltr'><strong>acccptiones</strong></span> 
     </span>
    </p>
   </div>
   <div class='ocr_carea' id='block_1_91' title="bbox 1819 4643 1870 4704">
    <p class='ocr_par' dir='ltr' id='par_1_91' title="bbox 1819 4643 1870 4704">
     <span class='ocr_line' id='line_1_91' title="bbox 1819 4643 1870 4704; baseline 0 0"><span class='ocrx_word' id='word_1_730' title='bbox 1819 4643 1870 4704; x_wconf 93' lang='lat' dir='ltr'><strong>D</strong></span> 
     </span>
    </p>
   </div>
   <div class='ocr_carea' id='block_1_92' title="bbox 1890 3399 3480 3473">
    <p class='ocr_par' dir='ltr' id='par_1_92' title="bbox 1890 3399 3480 3473">
     <span class='ocr_line' id='line_1_92' title="bbox 1890 3399 3480 3473; baseline -0.002 -17"><span class='ocrx_word' id='word_1_731' title='bbox 1890 3401 2060 3457; x_wconf 78' lang='lat' dir='ltr'><strong>stellae</strong></span> <span class='ocrx_word' id='word_1_732' title='bbox 2074 3404 2126 3457; x_wconf 90' lang='lat' dir='ltr'><strong>in</strong></span> <span class='ocrx_word' id='word_1_733' title='bbox 2141 3411 2430 3473; x_wconf 90' lang='lat' dir='ltr'><strong>perpetuas</strong></span> <span class='ocrx_word' id='word_1_734' title='bbox 2444 3404 2780 3458; x_wconf 66' lang='lat' dir='ltr'><strong>aeternitates</strong></span> <span class='ocrx_word' id='word_1_735' title='bbox 2800 3402 2963 3473; x_wconf 87' lang='lat' dir='ltr'><strong>(Dan.</strong></span> <span class='ocrx_word' id='word_1_736' title='bbox 2985 3402 3103 3472; x_wconf 73' lang='lat' dir='ltr'><strong>xu).</strong></span> <span class='ocrx_word' id='word_1_737' title='bbox 3130 3422 3148 3454; x_wconf 76' lang='grc' dir='ltr'><strong><em>ι</em></strong></span> <span class='ocrx_word' id='word_1_738' title='bbox 3169 3399 3323 3467; x_wconf 83' lang='lat' dir='ltr'><strong>Quod</strong></span> <span class='ocrx_word' id='word_1_739' title='bbox 3337 3400 3480 3455; x_wconf 90' lang='lat' dir='ltr'><strong>enim</strong></span> 
     </span>
    </p>
   </div>
   <div class='ocr_carea' id='block_1_93' title="bbox 1892 3491 3485 3565">
    <p class='ocr_par' dir='ltr' id='par_1_93' title="bbox 1892 3491 3485 3565">
     <span class='ocr_line' id='line_1_93' title="bbox 1892 3491 3485 3565; baseline -0.002 -17"><span class='ocrx_word' id='word_1_740' title='bbox 1892 3493 2025 3549; x_wconf 92' lang='lat' dir='ltr'><strong>nulli</strong></span> <span class='ocrx_word' id='word_1_741' title='bbox 2054 3503 2245 3549; x_wconf 90' lang='lat' dir='ltr'><strong>contra</strong></span> <span class='ocrx_word' id='word_1_742' title='bbox 2281 3495 2378 3549; x_wconf 91' lang='lat' dir='ltr'><strong>Dei</strong></span> <span class='ocrx_word' id='word_1_743' title='bbox 2394 3494 2663 3565; x_wconf 89' lang='lat' dir='ltr'><strong>justitiam</strong></span> <span class='ocrx_word' id='word_1_744' title='bbox 2690 3494 2761 3549; x_wconf 88' lang='lat' dir='ltr'><strong>sit</strong></span> <span class='ocrx_word' id='word_1_745' title='bbox 2790 3492 3257 3555; x_wconf 87' lang='lat' dir='ltr'><strong>murmurandum,</strong></span> <span class='ocrx_word' id='word_1_746' title='bbox 3295 3491 3390 3546; x_wconf 87' lang='lat' dir='ltr'><strong>sed</strong></span> <span class='ocrx_word' id='word_1_747' title='bbox 3419 3492 3485 3545; x_wconf 89' lang='lat' dir='ltr'><strong>de</strong></span> 
     </span>
    </p>
   </div>
   <div class='ocr_carea' id='block_1_94' title="bbox 1890 3582 3483 3659">
    <p class='ocr_par' dir='ltr' id='par_1_94' title="bbox 1890 3582 3483 3659">
     <span class='ocr_line' id='line_1_94' title="bbox 1890 3582 3483 3659; baseline -0.006 -16"><span class='ocrx_word' id='word_1_748' title='bbox 1890 3587 2008 3659; x_wconf 90' lang='lat' dir='ltr'><strong>ejus</strong></span> <span class='ocrx_word' id='word_1_749' title='bbox 2060 3587 2304 3643; x_wconf 89' lang='lat' dir='ltr'><strong>bonitate</strong></span> <span class='ocrx_word' id='word_1_750' title='bbox 2350 3587 2603 3643; x_wconf 90' lang='lat' dir='ltr'><strong>omnibus</strong></span> <span class='ocrx_word' id='word_1_751' title='bbox 2654 3585 3026 3658; x_wconf 88' lang='lat' dir='ltr'><strong>gaudendum,</strong></span> <span class='ocrx_word' id='word_1_752' title='bbox 3083 3582 3483 3647; x_wconf 82' lang='lat' dir='ltr'><strong>manifestatur,</strong></span> 
     </span>
    </p>
   </div>
   <div class='ocr_carea' id='block_1_95' title="bbox 1890 3673 3481 3745">
    <p class='ocr_par' dir='ltr' id='par_1_95' title="bbox 1890 3673 3481 3745">
     <span class='ocr_line' id='line_1_95' title="bbox 1890 3673 3481 3745; baseline -0.004 -10"><span class='ocrx_word' id='word_1_753' title='bbox 1890 3695 2016 3736; x_wconf 91' lang='lat' dir='ltr'><strong>cum</strong></span> <span class='ocrx_word' id='word_1_754' title='bbox 2060 3679 2358 3736; x_wconf 89' lang='lat' dir='ltr'><strong>subditur:</strong></span> <span class='ocrx_word' id='word_1_755' title='bbox 2405 3698 2424 3731; x_wconf 72' lang='grc' dir='ltr'>ί</span> <span class='ocrx_word' id='word_1_756' title='bbox 2474 3678 2684 3745; x_wconf 82' lang='lat' dir='ltr'><strong>Amice,</strong></span> <span class='ocrx_word' id='word_1_757' title='bbox 2733 3694 2842 3735; x_wconf 90' lang='lat' dir='ltr'><strong>non</strong></span> <span class='ocrx_word' id='word_1_758' title='bbox 2891 3676 3032 3732; x_wconf 85' lang='lat' dir='ltr'><strong>facio</strong></span> <span class='ocrx_word' id='word_1_759' title='bbox 3072 3676 3168 3732; x_wconf 88' lang='lat' dir='ltr'><strong>tibi</strong></span> <span class='ocrx_word' id='word_1_760' title='bbox 3210 3673 3481 3744; x_wconf 80' lang='lat' dir='ltr'><strong>injuriam.</strong></span> 
     </span>
    </p>
   </div>
   <div class='ocr_carea' id='block_1_96' title="bbox 1898 3768 3487 3831">
    <p class='ocr_par' dir='ltr' id='par_1_96' title="bbox 1898 3768 3487 3831">
     <span class='ocr_line' id='line_1_96' title="bbox 1898 3768 3487 3831; baseline -0.001 -5"><span class='ocrx_word' id='word_1_761' title='bbox 1898 3792 1917 3826; x_wconf 85' lang='lat' dir='ltr'><strong>t</strong></span> <span class='ocrx_word' id='word_1_762' title='bbox 1954 3773 2142 3830; x_wconf 86' lang='lat' dir='ltr'><strong>Nonne</strong></span> <span class='ocrx_word' id='word_1_763' title='bbox 2167 3789 2233 3829; x_wconf 84' lang='lat' dir='ltr'><strong>ex</strong></span> <span class='ocrx_word' id='word_1_764' title='bbox 2263 3774 2489 3831; x_wconf 88' lang='lat' dir='ltr'><strong>denario</strong></span> <span class='ocrx_word' id='word_1_765' title='bbox 2513 3773 2708 3829; x_wconf 89' lang='lat' dir='ltr'><strong>diurno</strong></span> <span class='ocrx_word' id='word_1_766' title='bbox 2730 3771 3032 3830; x_wconf 88' lang='lat' dir='ltr'><strong>convenisti</strong></span> <span class='ocrx_word' id='word_1_767' title='bbox 3060 3769 3308 3826; x_wconf 83' lang='lat' dir='ltr'><strong>mecum?</strong></span> <span class='ocrx_word' id='word_1_768' title='bbox 3337 3768 3487 3824; x_wconf 88' lang='lat' dir='ltr'><strong>Tolle</strong></span> 
     </span>
    </p>
   </div>
   <div class='ocr_carea' id='block_1_97' title="bbox 1899 3860 3486 3938">
    <p class='ocr_par' dir='ltr' id='par_1_97' title="bbox 1899 3860 3486 3938">
     <span class='ocr_line' id='line_1_97' title="bbox 1899 3860 3486 3938; baseline -0.002 -20"><span class='ocrx_word' id='word_1_769' title='bbox 1899 3887 1918 3918; x_wconf 79' lang='grc' dir='ltr'>ι</span> <span class='ocrx_word' id='word_1_770' title='bbox 1957 3882 2088 3938; x_wconf 89' lang='lat' dir='ltr'><strong>ergo</strong></span> <span class='ocrx_word' id='word_1_771' title='bbox 2108 3865 2252 3936; x_wconf 90' lang='lat' dir='ltr'><strong>quod</strong></span> <span class='ocrx_word' id='word_1_772' title='bbox 2275 3874 2426 3921; x_wconf 92' lang='lat' dir='ltr'><strong>tuum</strong></span> <span class='ocrx_word' id='word_1_773' title='bbox 2446 3873 2532 3921; x_wconf 88' lang='lat' dir='ltr'><strong>est</strong></span> <span class='ocrx_word' id='word_1_774' title='bbox 2546 3875 2602 3921; x_wconf 89' lang='lat' dir='ltr'><strong>et</strong></span> <span class='ocrx_word' id='word_1_775' title='bbox 2618 3865 2778 3931; x_wconf 89' lang='lat' dir='ltr'><strong>vade,</strong></span> <span class='ocrx_word' id='word_1_776' title='bbox 2803 3885 2821 3918; x_wconf 73' lang='grc' dir='ltr'><strong><em>ι</em></strong></span> <span class='ocrx_word' id='word_1_777' title='bbox 2842 3871 2898 3920; x_wconf 90' lang='lat' dir='ltr'><strong>et</strong></span> <span class='ocrx_word' id='word_1_778' title='bbox 2921 3870 3138 3920; x_wconf 67' lang='lat' dir='ltr'><strong>caetera.</strong></span> <span class='ocrx_word' id='word_1_779' title='bbox 3155 3860 3318 3928; x_wconf 87' lang='lat' dir='ltr'><strong>Quasi</strong></span> <span class='ocrx_word' id='word_1_780' title='bbox 3339 3860 3486 3915; x_wconf 91' lang='lat' dir='ltr'><strong>enim</strong></span> 
     </span>
    </p>
   </div>
   <div class='ocr_carea' id='block_1_98' title="bbox 1891 3954 3488 4026">
    <p class='ocr_par' dir='ltr' id='par_1_98' title="bbox 1891 3954 3488 4026">
     <span class='ocr_line' id='line_1_98' title="bbox 1891 3954 3488 4026; baseline -0.004 -13"><span class='ocrx_word' id='word_1_781' title='bbox 1891 3957 2147 4026; x_wconf 89' lang='lat' dir='ltr'><strong>injuriam</strong></span> <span class='ocrx_word' id='word_1_782' title='bbox 2190 3957 2333 4013; x_wconf 88' lang='lat' dir='ltr'><strong>Deus</strong></span> <span class='ocrx_word' id='word_1_783' title='bbox 2365 3957 2546 4013; x_wconf 87' lang='lat' dir='ltr'><strong>facere</strong></span> <span class='ocrx_word' id='word_1_784' title='bbox 2590 3956 2893 4023; x_wconf 87' lang='lat' dir='ltr'><strong>videretur,</strong></span> <span class='ocrx_word' id='word_1_785' title='bbox 2927 3956 2973 4012; x_wconf 90' lang='lat' dir='ltr'><strong>si</strong></span> <span class='ocrx_word' id='word_1_786' title='bbox 3016 3955 3162 4026; x_wconf 89' lang='lat' dir='ltr'><strong>quod</strong></span> <span class='ocrx_word' id='word_1_787' title='bbox 3208 3968 3276 4009; x_wconf 81' lang='lat' dir='ltr'><strong>ex</strong></span> <span class='ocrx_word' id='word_1_788' title='bbox 3304 3954 3488 4010; x_wconf 79' lang='lat' dir='ltr'><strong>debito</strong></span> 
     </span>
    </p>
   </div>
   <div class='ocr_carea' id='block_1_99' title="bbox 1892 4045 3489 4120">
    <p class='ocr_par' dir='ltr' id='par_1_99' title="bbox 1892 4045 3489 4120">
     <span class='ocr_line' id='line_1_99' title="bbox 1892 4045 3489 4120; baseline -0.002 -16"><span class='ocrx_word' id='word_1_789' title='bbox 1892 4050 2152 4115; x_wconf 88' lang='lat' dir='ltr'><strong>deberet,</strong></span> <span class='ocrx_word' id='word_1_790' title='bbox 2182 4065 2251 4105; x_wconf 81' lang='lat' dir='ltr'><strong>ex</strong></span> <span class='ocrx_word' id='word_1_791' title='bbox 2280 4050 2504 4120; x_wconf 68' lang='lat' dir='ltr'><strong>praemio</strong></span> <span class='ocrx_word' id='word_1_792' title='bbox 2546 4065 2654 4106; x_wconf 89' lang='lat' dir='ltr'><strong>non</strong></span> <span class='ocrx_word' id='word_1_793' title='bbox 2689 4048 2971 4115; x_wconf 91' lang='lat' dir='ltr'><strong>redderet;</strong></span> <span class='ocrx_word' id='word_1_794' title='bbox 3005 4062 3130 4103; x_wconf 91' lang='lat' dir='ltr'><strong>cum</strong></span> <span class='ocrx_word' id='word_1_795' title='bbox 3158 4061 3289 4101; x_wconf 91' lang='lat' dir='ltr'><strong>vero</strong></span> <span class='ocrx_word' id='word_1_796' title='bbox 3326 4045 3489 4101; x_wconf 90' lang='lat' dir='ltr'><strong>nullis</strong></span> 
     </span>
    </p>
   </div>
   <div class='ocr_carea' id='block_1_100' title="bbox 1891 4136 3486 4213">
    <p class='ocr_par' dir='ltr' id='par_1_100' title="bbox 1891 4136 3486 4213">
     <span class='ocr_line' id='line_1_100' title="bbox 1891 4136 3486 4213; baseline -0.003 -18"><span class='ocrx_word' id='word_1_797' title='bbox 1891 4155 1989 4213; x_wconf 90' lang='lat' dir='ltr'><strong>per</strong></span> <span class='ocrx_word' id='word_1_798' title='bbox 2018 4140 2260 4197; x_wconf 91' lang='lat' dir='ltr'><strong>debitum</strong></span> <span class='ocrx_word' id='word_1_799' title='bbox 2277 4181 2291 4207; x_wconf 92' lang='lat'><strong>,</strong></span> <span class='ocrx_word' id='word_1_800' title='bbox 2319 4140 2412 4197; x_wconf 88' lang='lat' dir='ltr'><strong>sed</strong></span> <span class='ocrx_word' id='word_1_801' title='bbox 2442 4139 2781 4197; x_wconf 88' lang='lat' dir='ltr'><strong>solummodo</strong></span> <span class='ocrx_word' id='word_1_802' title='bbox 2814 4155 2912 4211; x_wconf 93' lang='lat' dir='ltr'><strong>per</strong></span> <span class='ocrx_word' id='word_1_803' title='bbox 2935 4139 3229 4211; x_wconf 89' lang='lat' dir='ltr'><strong>gratuitam</strong></span> <span class='ocrx_word' id='word_1_804' title='bbox 3269 4136 3486 4192; x_wconf 89' lang='lat' dir='ltr'><strong>miseri-</strong></span> 
     </span>
    </p>
   </div>
   <div class='ocr_carea' id='block_1_101' title="bbox 1896 4224 3539 4303">
    <p class='ocr_par' dir='ltr' id='par_1_101' title="bbox 1896 4224 3539 4303">
     <span class='ocr_line' id='line_1_101' title="bbox 1896 4224 3539 4303; baseline -0.002 -17"><span class='ocrx_word' id='word_1_805' title='bbox 1896 4232 2220 4298; x_wconf 87' lang='lat' dir='ltr'><strong>ricordiam,</strong></span> <span class='ocrx_word' id='word_1_806' title='bbox 2259 4233 2454 4303; x_wconf 89' lang='lat' dir='ltr'><strong>quibus</strong></span> <span class='ocrx_word' id='word_1_807' title='bbox 2483 4231 2627 4299; x_wconf 88' lang='lat' dir='ltr'><strong>vult,</strong></span> <span class='ocrx_word' id='word_1_808' title='bbox 2658 4232 2883 4298; x_wconf 89' lang='lat' dir='ltr'><strong>tribuit,</strong></span> <span class='ocrx_word' id='word_1_809' title='bbox 2915 4231 3094 4287; x_wconf 82' lang='lat' dir='ltr'><strong>nullus</strong></span> <span class='ocrx_word' id='word_1_810' title='bbox 3117 4238 3307 4287; x_wconf 88' lang='lat' dir='ltr'><strong>contra</strong></span> <span class='ocrx_word' id='word_1_811' title='bbox 3327 4228 3491 4299; x_wconf 86' lang='lat' dir='ltr'><strong>justi-</strong></span> <span class='ocrx_word' id='word_1_812' title='bbox 3536 4224 3539 4227; x_wconf 55' lang='grc'><strong>⁷</strong></span> 
     </span>
    </p>
   </div>
   <div class='ocr_carea' id='block_1_102' title="bbox 1896 4322 3489 4396">
    <p class='ocr_par' dir='ltr' id='par_1_102' title="bbox 1896 4322 3489 4396">
     <span class='ocr_line' id='line_1_102' title="bbox 1896 4322 3489 4396; baseline -0.003 -17"><span class='ocrx_word' id='word_1_813' title='bbox 1896 4326 2027 4379; x_wconf 90' lang='lat' dir='ltr'><strong>tiam</strong></span> <span class='ocrx_word' id='word_1_814' title='bbox 2058 4324 2155 4380; x_wconf 89' lang='lat' dir='ltr'><strong>Dei</strong></span> <span class='ocrx_word' id='word_1_815' title='bbox 2197 4324 2545 4381; x_wconf 87' lang='lat' dir='ltr'><strong>murmurare</strong></span> <span class='ocrx_word' id='word_1_816' title='bbox 2585 4332 2798 4396; x_wconf 91' lang='lat' dir='ltr'><strong>potest,</strong></span> <span class='ocrx_word' id='word_1_817' title='bbox 2830 4323 3086 4394; x_wconf 88' lang='lat' dir='ltr'><strong>quoniam</strong></span> <span class='ocrx_word' id='word_1_818' title='bbox 3117 4323 3207 4380; x_wconf 92' lang='lat' dir='ltr'><strong>cui</strong></span> <span class='ocrx_word' id='word_1_819' title='bbox 3247 4322 3363 4377; x_wconf 90' lang='lat' dir='ltr'><strong>vult</strong></span> <span class='ocrx_word' id='word_1_820' title='bbox 3394 4323 3489 4376; x_wconf 90' lang='lat' dir='ltr'><strong>mi-</strong></span> 
     </span>
    </p>
   </div>
   <div class='ocr_carea' id='block_1_103' title="bbox 1894 4413 3482 4487">
    <p class='ocr_par' dir='ltr' id='par_1_103' title="bbox 1894 4413 3482 4487">
     <span class='ocr_line' id='line_1_103' title="bbox 1894 4413 3482 4487; baseline -0.006 -13"><span class='ocrx_word' id='word_1_821' title='bbox 1894 4425 2131 4484; x_wconf 86' lang='lat' dir='ltr'><strong>seretur,</strong></span> <span class='ocrx_word' id='word_1_822' title='bbox 2173 4424 2228 4473; x_wconf 91' lang='lat' dir='ltr'><strong>et</strong></span> <span class='ocrx_word' id='word_1_823' title='bbox 2262 4432 2425 4487; x_wconf 91' lang='lat' dir='ltr'><strong>quem</strong></span> <span class='ocrx_word' id='word_1_824' title='bbox 2453 4416 2567 4472; x_wconf 89' lang='lat' dir='ltr'><strong>vult</strong></span> <span class='ocrx_word' id='word_1_825' title='bbox 2592 4417 2832 4482; x_wconf 91' lang='lat' dir='ltr'><strong>indurat,</strong></span> <span class='ocrx_word' id='word_1_826' title='bbox 2862 4415 3153 4471; x_wconf 89' lang='lat' dir='ltr'><strong>miseretur</strong></span> <span class='ocrx_word' id='word_1_827' title='bbox 3181 4413 3294 4471; x_wconf 88' lang='lat' dir='ltr'><strong>sola</strong></span> <span class='ocrx_word' id='word_1_828' title='bbox 3323 4413 3482 4469; x_wconf 90' lang='lat' dir='ltr'><strong>boni-</strong></span> 
     </span>
    </p>
   </div>
   <div class='ocr_carea' id='block_1_104' title="bbox 1897 4505 3484 4580">
    <p class='ocr_par' dir='ltr' id='par_1_104' title="bbox 1897 4505 3484 4580">
     <span class='ocr_line' id='line_1_104' title="bbox 1897 4505 3484 4580; baseline -0.006 -13"><span class='ocrx_word' id='word_1_829' title='bbox 1897 4518 2028 4576; x_wconf 90' lang='lat' dir='ltr'><strong>tate,</strong></span> <span class='ocrx_word' id='word_1_830' title='bbox 2056 4510 2278 4565; x_wconf 89' lang='lat' dir='ltr'><strong>indurat</strong></span> <span class='ocrx_word' id='word_1_831' title='bbox 2297 4509 2446 4565; x_wconf 89' lang='lat' dir='ltr'><strong>nulla</strong></span> <span class='ocrx_word' id='word_1_832' title='bbox 2467 4510 2793 4580; x_wconf 89' lang='lat' dir='ltr'><strong>iniquitate;</strong></span> <span class='ocrx_word' id='word_1_833' title='bbox 2823 4509 2951 4578; x_wconf 88' lang='lat' dir='ltr'><strong>quia</strong></span> <span class='ocrx_word' id='word_1_834' title='bbox 2982 4515 3037 4564; x_wconf 88' lang='lat' dir='ltr'><strong>et</strong></span> <span class='ocrx_word' id='word_1_835' title='bbox 3073 4508 3117 4562; x_wconf 92' lang='lat' dir='ltr'><strong>si</strong></span> <span class='ocrx_word' id='word_1_836' title='bbox 3139 4505 3343 4577; x_wconf 92' lang='lat' dir='ltr'><strong>judicia</strong></span> <span class='ocrx_word' id='word_1_837' title='bbox 3367 4505 3484 4573; x_wconf 88' lang='lat' dir='ltr'><strong>ejus</strong></span> 
     </span>
    </p>
   </div>
   <div class='ocr_carea' id='block_1_105' title="bbox 1896 4595 3484 4674">
    <p class='ocr_par' dir='ltr' id='par_1_105' title="bbox 1896 4595 3484 4674">
     <span class='ocr_line' id='line_1_105' title="bbox 1896 4595 3484 4674; baseline -0.005 -16"><span class='ocrx_word' id='word_1_838' title='bbox 1896 4603 2187 4674; x_wconf 89' lang='lat' dir='ltr'><strong>aliquando</strong></span> <span class='ocrx_word' id='word_1_839' title='bbox 2229 4610 2358 4658; x_wconf 90' lang='lat' dir='ltr'><strong>sunt</strong></span> <span class='ocrx_word' id='word_1_840' title='bbox 2403 4602 2638 4667; x_wconf 87' lang='lat' dir='ltr'><strong>occulta,</strong></span> <span class='ocrx_word' id='word_1_841' title='bbox 2684 4618 2790 4658; x_wconf 91' lang='lat' dir='ltr'><strong>non</strong></span> <span class='ocrx_word' id='word_1_842' title='bbox 2836 4609 3018 4655; x_wconf 89' lang='lat' dir='ltr'><strong>tamen</strong></span> <span class='ocrx_word' id='word_1_843' title='bbox 3074 4597 3294 4668; x_wconf 81' lang='lat' dir='ltr'><strong>iniusta.</strong></span> <span class='ocrx_word' id='word_1_844' title='bbox 3331 4595 3484 4664; x_wconf 87' lang='lat' dir='ltr'><strong>Quod</strong></span> 
     </span>
    </p>
   </div>
   <div class='ocr_carea' id='block_1_106' title="bbox 1897 4687 3483 4760">
    <p class='ocr_par' dir='ltr' id='par_1_106' title="bbox 1897 4687 3483 4760">
     <span class='ocr_line' id='line_1_106' title="bbox 1897 4687 3483 4760; baseline -0.004 -11"><span class='ocrx_word' id='word_1_845' title='bbox 1897 4710 2026 4750; x_wconf 90' lang='lat' dir='ltr'><strong>vero</strong></span> <span class='ocrx_word' id='word_1_846' title='bbox 2049 4693 2298 4751; x_wconf 89' lang='lat' dir='ltr'><strong>subditur</strong></span> <span class='ocrx_word' id='word_1_847' title='bbox 2326 4712 2340 4749; x_wconf 90' lang='lat'><strong>:</strong></span> <span class='ocrx_word' id='word_1_848' title='bbox 2379 4715 2397 4747; x_wconf 82' lang='lat' dir='ltr'><strong>t</strong></span> <span class='ocrx_word' id='word_1_849' title='bbox 2434 4693 2526 4749; x_wconf 92' lang='lat' dir='ltr'><strong>Sic</strong></span> <span class='ocrx_word' id='word_1_850' title='bbox 2549 4702 2710 4748; x_wconf 90' lang='lat' dir='ltr'><strong>erunt</strong></span> <span class='ocrx_word' id='word_1_851' title='bbox 2735 4690 3013 4747; x_wconf 89' lang='lat' dir='ltr'><strong>novissimi</strong></span> <span class='ocrx_word' id='word_1_852' title='bbox 3038 4687 3223 4760; x_wconf 87' lang='lat' dir='ltr'><strong>primi,</strong></span> <span class='ocrx_word' id='word_1_853' title='bbox 3248 4696 3301 4743; x_wconf 91' lang='lat' dir='ltr'><strong>et</strong></span> <span class='ocrx_word' id='word_1_854' title='bbox 3327 4688 3483 4759; x_wconf 91' lang='lat' dir='ltr'><strong>primi</strong></span> 
     </span>
    </p>
   </div>
   <div class='ocr_carea' id='block_1_107' title="bbox 1904 4780 3482 4856">
    <p class='ocr_par' dir='ltr' id='par_1_107' title="bbox 1904 4780 3482 4856">
     <span class='ocr_line' id='line_1_107' title="bbox 1904 4780 3482 4856; baseline -0.004 -17"><span class='ocrx_word' id='word_1_855' title='bbox 1904 4805 1924 4839; x_wconf 74' lang='grc' dir='ltr'><strong><em>ι</em></strong></span> <span class='ocrx_word' id='word_1_856' title='bbox 1960 4786 2266 4851; x_wconf 90' lang='lat' dir='ltr'><strong>novissimi,</strong></span> <span class='ocrx_word' id='word_1_857' title='bbox 2301 4804 2320 4836; x_wconf 71' lang='grc' dir='ltr'><strong><em>ι</em></strong></span> <span class='ocrx_word' id='word_1_858' title='bbox 2353 4784 2598 4856; x_wconf 90' lang='lat' dir='ltr'><strong>quotidie</strong></span> <span class='ocrx_word' id='word_1_859' title='bbox 2647 4784 2703 4838; x_wconf 92' lang='lat' dir='ltr'><strong>in</strong></span> <span class='ocrx_word' id='word_1_860' title='bbox 2746 4780 2987 4837; x_wconf 87' lang='lat' dir='ltr'><strong>Ecclesia</strong></span> <span class='ocrx_word' id='word_1_861' title='bbox 3041 4780 3158 4836; x_wconf 82' lang='lat' dir='ltr'><strong>ﬁeri</strong></span> <span class='ocrx_word' id='word_1_862' title='bbox 3188 4780 3482 4845; x_wconf 87' lang='lat' dir='ltr'><strong>cernimus,</strong></span> 
     </span>
    </p>
   </div>
   <div class='ocr_carea' id='block_1_108' title="bbox 1899 4874 3489 4950">
    <p class='ocr_par' dir='ltr' id='par_1_108' title="bbox 1899 4874 3489 4950">
     <span class='ocr_line' id='line_1_108' title="bbox 1899 4874 3489 4950; baseline -0.003 -17"><span class='ocrx_word' id='word_1_863' title='bbox 1899 4881 2027 4950; x_wconf 90' lang='lat' dir='ltr'><strong>quia</strong></span> <span class='ocrx_word' id='word_1_864' title='bbox 2069 4878 2310 4935; x_wconf 92' lang='lat' dir='ltr'><strong>nonnulli</strong></span> <span class='ocrx_word' id='word_1_865' title='bbox 2362 4878 2569 4933; x_wconf 88' lang='lat' dir='ltr'><strong>tardius</strong></span> <span class='ocrx_word' id='word_1_866' title='bbox 2622 4876 2691 4931; x_wconf 93' lang='lat' dir='ltr'><strong>ad</strong></span> <span class='ocrx_word' id='word_1_867' title='bbox 2731 4874 3021 4931; x_wconf 91' lang='lat' dir='ltr'><strong>Dominum</strong></span> <span class='ocrx_word' id='word_1_868' title='bbox 3062 4874 3344 4939; x_wconf 85' lang='lat' dir='ltr'><strong>conversi,</strong></span> <span class='ocrx_word' id='word_1_869' title='bbox 3389 4888 3489 4943; x_wconf 88' lang='lat' dir='ltr'><strong>per</strong></span> 
     </span>
    </p>
   </div>
   <div class='ocr_carea' id='block_1_109' title="bbox 1900 4968 3483 5042">
    <p class='ocr_par' dir='ltr' id='par_1_109' title="bbox 1900 4968 3483 5042">
     <span class='ocr_line' id='line_1_109' title="bbox 1900 4968 3483 5042; baseline -0.004 -14"><span class='ocrx_word' id='word_1_870' title='bbox 1900 4972 2100 5028; x_wconf 88' lang='lat' dir='ltr'><strong>mentis</strong></span> <span class='ocrx_word' id='word_1_871' title='bbox 2132 4971 2403 5029; x_wconf 86' lang='lat' dir='ltr'><strong>fervorem</strong></span> <span class='ocrx_word' id='word_1_872' title='bbox 2440 4979 2495 5026; x_wconf 91' lang='lat' dir='ltr'><strong>et</strong></span> <span class='ocrx_word' id='word_1_873' title='bbox 2531 4971 2674 5042; x_wconf 90' lang='lat' dir='ltr'><strong>piam</strong></span> <span class='ocrx_word' id='word_1_874' title='bbox 2702 4968 3042 5027; x_wconf 90' lang='lat' dir='ltr'><strong>devotionem</strong></span> <span class='ocrx_word' id='word_1_875' title='bbox 3079 4969 3263 5040; x_wconf 89' lang='lat' dir='ltr'><strong>plures</strong></span> <span class='ocrx_word' id='word_1_876' title='bbox 3294 4983 3483 5024; x_wconf 91' lang='lat' dir='ltr'><strong>eorum</strong></span> 
     </span>
    </p>
   </div>
   <div class='ocr_carea' id='block_1_110' title="bbox 1900 5060 3488 5136">
    <p class='ocr_par' dir='ltr' id='par_1_110' title="bbox 1900 5060 3488 5136">
     <span class='ocr_line' id='line_1_110' title="bbox 1900 5060 3488 5136; baseline -0.004 -14"><span class='ocrx_word' id='word_1_877' title='bbox 1900 5066 2260 5132; x_wconf 88' lang='lat' dir='ltr'><strong>antecedunt,</strong></span> <span class='ocrx_word' id='word_1_878' title='bbox 2290 5064 2381 5136; x_wconf 91' lang='lat' dir='ltr'><strong>qui</strong></span> <span class='ocrx_word' id='word_1_879' title='bbox 2416 5063 2595 5135; x_wconf 89' lang='lat' dir='ltr'><strong>tepide</strong></span> <span class='ocrx_word' id='word_1_880' title='bbox 2629 5071 2685 5120; x_wconf 89' lang='lat' dir='ltr'><strong>et</strong></span> <span class='ocrx_word' id='word_1_881' title='bbox 2714 5062 3055 5135; x_wconf 88' lang='lat' dir='ltr'><strong>negligenter</strong></span> <span class='ocrx_word' id='word_1_882' title='bbox 3082 5062 3291 5117; x_wconf 88' lang='lat' dir='ltr'><strong>vivunt.</strong></span> <span class='ocrx_word' id='word_1_883' title='bbox 3332 5060 3488 5129; x_wconf 85' lang='lat' dir='ltr'><strong>Quod</strong></span> 
     </span>
    </p>
   </div>
   <div class='ocr_carea' id='block_1_111' title="bbox 1899 5152 3486 5221">
    <p class='ocr_par' dir='ltr' id='par_1_111' title="bbox 1899 5152 3486 5221">
     <span class='ocr_line' id='line_1_111' title="bbox 1899 5152 3486 5221; baseline -0.006 -4"><span class='ocrx_word' id='word_1_884' title='bbox 1899 5169 2085 5217; x_wconf 91' lang='lat' dir='ltr'><strong>autem</strong></span> <span class='ocrx_word' id='word_1_885' title='bbox 2106 5160 2258 5215; x_wconf 85' lang='lat' dir='ltr'><strong>ﬁnita</strong></span> <span class='ocrx_word' id='word_1_886' title='bbox 2286 5157 2636 5216; x_wconf 86' lang='lat' dir='ltr'><strong>similitudine</strong></span> <span class='ocrx_word' id='word_1_887' title='bbox 2653 5156 2851 5213; x_wconf 90' lang='lat' dir='ltr'><strong>dicitur</strong></span> <span class='ocrx_word' id='word_1_888' title='bbox 2873 5174 2887 5211; x_wconf 91' lang='lat'><strong>:</strong></span> <span class='ocrx_word' id='word_1_889' title='bbox 2920 5175 2939 5208; x_wconf 82' lang='lat' dir='ltr'><strong>t</strong></span> <span class='ocrx_word' id='word_1_890' title='bbox 2967 5154 3117 5211; x_wconf 85' lang='lat' dir='ltr'><strong>Multi</strong></span> <span class='ocrx_word' id='word_1_891' title='bbox 3140 5162 3268 5211; x_wconf 83' lang='lat' dir='ltr'><strong>sunt</strong></span> <span class='ocrx_word' id='word_1_892' title='bbox 3284 5152 3486 5221; x_wconf 90' lang='lat' dir='ltr'><strong>vocati,</strong></span> 
     </span>
    </p>
   </div>
   <div class='ocr_carea' id='block_1_112' title="bbox 1908 5248 3488 5325">
    <p class='ocr_par' dir='ltr' id='par_1_112' title="bbox 1908 5248 3488 5325">
     <span class='ocr_line' id='line_1_112' title="bbox 1908 5248 3488 5325; baseline -0.004 -18"><span class='ocrx_word' id='word_1_893' title='bbox 1908 5273 1926 5307; x_wconf 76' lang='grc' dir='ltr'>ι</span> <span class='ocrx_word' id='word_1_894' title='bbox 1964 5254 2119 5325; x_wconf 91' lang='lat' dir='ltr'><strong>pauci</strong></span> <span class='ocrx_word' id='word_1_895' title='bbox 2147 5267 2280 5309; x_wconf 91' lang='lat' dir='ltr'><strong>vero</strong></span> <span class='ocrx_word' id='word_1_896' title='bbox 2303 5251 2484 5317; x_wconf 90' lang='lat' dir='ltr'><strong>electi,</strong></span> <span class='ocrx_word' id='word_1_897' title='bbox 2505 5270 2524 5302; x_wconf 76' lang='grc' dir='ltr'><strong><em>ι</em></strong></span> <span class='ocrx_word' id='word_1_898' title='bbox 2554 5248 2728 5322; x_wconf 88' lang='lat' dir='ltr'><strong>magis</strong></span> <span class='ocrx_word' id='word_1_899' title='bbox 2753 5248 3052 5305; x_wconf 87' lang='lat' dir='ltr'><strong>timendum</strong></span> <span class='ocrx_word' id='word_1_900' title='bbox 3089 5255 3174 5303; x_wconf 91' lang='lat' dir='ltr'><strong>est</strong></span> <span class='ocrx_word' id='word_1_901' title='bbox 3202 5261 3366 5318; x_wconf 90' lang='lat' dir='ltr'><strong>quam</strong></span> <span class='ocrx_word' id='word_1_902' title='bbox 3394 5260 3488 5302; x_wconf 80' lang='lat' dir='ltr'><strong>ex-</strong></span> 
     </span>
    </p>
   </div>
   <div class='ocr_carea' id='block_1_113' title="bbox 1901 5337 3489 5418">
    <p class='ocr_par' dir='ltr' id='par_1_113' title="bbox 1901 5337 3489 5418">
     <span class='ocr_line' id='line_1_113' title="bbox 1901 5337 3489 5418; baseline -0.006 -16"><span class='ocrx_word' id='word_1_903' title='bbox 1901 5344 2231 5418; x_wconf 87' lang='lat' dir='ltr'><strong>ponendum.</strong></span> <span class='ocrx_word' id='word_1_904' title='bbox 2266 5341 2467 5398; x_wconf 89' lang='lat' dir='ltr'><strong>Omnes</strong></span> <span class='ocrx_word' id='word_1_905' title='bbox 2490 5341 2664 5408; x_wconf 90' lang='lat' dir='ltr'><strong>enim,</strong></span> <span class='ocrx_word' id='word_1_906' title='bbox 2691 5340 2836 5412; x_wconf 86' lang='lat' dir='ltr'><strong>quod</strong></span> <span class='ocrx_word' id='word_1_907' title='bbox 2873 5339 3052 5397; x_wconf 91' lang='lat' dir='ltr'><strong>vocati</strong></span> <span class='ocrx_word' id='word_1_908' title='bbox 3083 5355 3306 5405; x_wconf 90' lang='lat' dir='ltr'><strong>sumus,</strong></span> <span class='ocrx_word' id='word_1_909' title='bbox 3336 5337 3489 5394; x_wconf 87' lang='lat' dir='ltr'><strong>novi-</strong></span> 
     </span>
    </p>
   </div>
   <div class='ocr_carea' id='block_1_114' title="bbox 1901 5428 3492 5506">
    <p class='ocr_par' dir='ltr' id='par_1_114' title="bbox 1901 5428 3492 5506">
     <span class='ocr_line' id='line_1_114' title="bbox 1901 5428 3492 5506; baseline -0.006 -12"><span class='ocrx_word' id='word_1_910' title='bbox 1901 5451 2058 5506; x_wconf 89' lang='lat' dir='ltr'><strong>mus,</strong></span> <span class='ocrx_word' id='word_1_911' title='bbox 2086 5447 2269 5492; x_wconf 86' lang='lat' dir='ltr'><strong>utrum</strong></span> <span class='ocrx_word' id='word_1_912' title='bbox 2310 5448 2441 5491; x_wconf 90' lang='lat' dir='ltr'><strong>vero</strong></span> <span class='ocrx_word' id='word_1_913' title='bbox 2476 5435 2666 5502; x_wconf 89' lang='lat' dir='ltr'><strong>electi,</strong></span> <span class='ocrx_word' id='word_1_914' title='bbox 2714 5433 2890 5490; x_wconf 87' lang='lat' dir='ltr'><strong>adhuc</strong></span> <span class='ocrx_word' id='word_1_915' title='bbox 2932 5434 3262 5504; x_wconf 91' lang='lat' dir='ltr'><strong>ignoramus.</strong></span> <span class='ocrx_word' id='word_1_916' title='bbox 3307 5428 3492 5485; x_wconf 73' lang='lat' dir='ltr'><strong>Multis</strong></span> 
     </span>
    </p>
   </div>
   <div class='ocr_carea' id='block_1_115' title="bbox 1902 5519 3487 5598">
    <p class='ocr_par' dir='ltr' id='par_1_115' title="bbox 1902 5519 3487 5598">
     <span class='ocr_line' id='line_1_115' title="bbox 1902 5519 3487 5598; baseline -0.006 -13"><span class='ocrx_word' id='word_1_917' title='bbox 1902 5530 2048 5585; x_wconf 91' lang='lat' dir='ltr'><strong>enim</strong></span> <span class='ocrx_word' id='word_1_918' title='bbox 2076 5528 2253 5584; x_wconf 89' lang='lat' dir='ltr'><strong>modis</strong></span> <span class='ocrx_word' id='word_1_919' title='bbox 2281 5522 2383 5582; x_wconf 79' lang='lat' dir='ltr'><strong>nos</strong></span> <span class='ocrx_word' id='word_1_920' title='bbox 2422 5535 2583 5583; x_wconf 89' lang='lat' dir='ltr'><strong>vocat</strong></span> <span class='ocrx_word' id='word_1_921' title='bbox 2607 5527 2782 5593; x_wconf 89' lang='lat' dir='ltr'><strong>Deus,</strong></span> <span class='ocrx_word' id='word_1_922' title='bbox 2812 5541 2913 5598; x_wconf 88' lang='lat' dir='ltr'><strong>per</strong></span> <span class='ocrx_word' id='word_1_923' title='bbox 2944 5524 3105 5581; x_wconf 84' lang='lat' dir='ltr'><strong>ﬁdem</strong></span> <span class='ocrx_word' id='word_1_924' title='bbox 3124 5564 3139 5591; x_wconf 92' lang='lat'><strong>,</strong></span> <span class='ocrx_word' id='word_1_925' title='bbox 3167 5536 3269 5594; x_wconf 87' lang='lat' dir='ltr'><strong>per</strong></span> <span class='ocrx_word' id='word_1_926' title='bbox 3305 5519 3487 5590; x_wconf 86' lang='lat' dir='ltr'><strong>bapti-</strong></span> 
     </span>
    </p>
   </div>
   <div class='ocr_carea' id='block_1_116' title="bbox 1903 5612 3485 5691">
    <p class='ocr_par' dir='ltr' id='par_1_116' title="bbox 1903 5612 3485 5691">
     <span class='ocr_line' id='line_1_116' title="bbox 1903 5612 3485 5691; baseline -0.009 -11"><span class='ocrx_word' id='word_1_927' title='bbox 1903 5637 2100 5688; x_wconf 89' lang='lat' dir='ltr'><strong>smum,</strong></span> <span class='ocrx_word' id='word_1_928' title='bbox 2137 5634 2236 5690; x_wconf 91' lang='lat' dir='ltr'><strong>per</strong></span> <span class='ocrx_word' id='word_1_929' title='bbox 2261 5619 2656 5690; x_wconf 69' lang='lat' dir='ltr'><strong>paenitentiam,</strong></span> <span class='ocrx_word' id='word_1_930' title='bbox 2688 5633 2786 5691; x_wconf 90' lang='lat' dir='ltr'><strong>per</strong></span> <span class='ocrx_word' id='word_1_931' title='bbox 2804 5631 3090 5689; x_wconf 90' lang='lat' dir='ltr'><strong>prospera,</strong></span> <span class='ocrx_word' id='word_1_932' title='bbox 3110 5627 3210 5686; x_wconf 87' lang='lat' dir='ltr'><strong>per</strong></span> <span class='ocrx_word' id='word_1_933' title='bbox 3235 5612 3485 5675; x_wconf 88' lang='lat' dir='ltr'><strong>adversa,</strong></span> 
     </span>
    </p>
   </div>
   <div class='ocr_carea' id='block_1_117' title="bbox 1902 5705 3488 5788">
    <p class='ocr_par' dir='ltr' id='par_1_117' title="bbox 1902 5705 3488 5788">
     <span class='ocr_line' id='line_1_117' title="bbox 1902 5705 3488 5788; baseline -0.008 -16"><span class='ocrx_word' id='word_1_934' title='bbox 1902 5731 1999 5788; x_wconf 82' lang='lat' dir='ltr'><strong>per</strong></span> <span class='ocrx_word' id='word_1_935' title='bbox 2018 5713 2225 5771; x_wconf 90' lang='lat' dir='ltr'><strong>somnia</strong></span> <span class='ocrx_word' id='word_1_936' title='bbox 2250 5720 2306 5769; x_wconf 88' lang='lat' dir='ltr'><strong>et</strong></span> <span class='ocrx_word' id='word_1_937' title='bbox 2330 5712 2705 5771; x_wconf 87' lang='lat' dir='ltr'><strong>revelationes.</strong></span> <span class='ocrx_word' id='word_1_938' title='bbox 2731 5710 2872 5768; x_wconf 87' lang='lat' dir='ltr'><strong>Sunt</strong></span> <span class='ocrx_word' id='word_1_939' title='bbox 2896 5721 3077 5767; x_wconf 92' lang='lat' dir='ltr'><strong>autem</strong></span> <span class='ocrx_word' id='word_1_940' title='bbox 3107 5705 3370 5772; x_wconf 89' lang='lat' dir='ltr'><strong>nonnulli,</strong></span> <span class='ocrx_word' id='word_1_941' title='bbox 3396 5705 3488 5778; x_wconf 88' lang='lat' dir='ltr'><strong>qui</strong></span> 
     </span>
    </p>
   </div>
   <div class='ocr_carea' id='block_1_118' title="bbox 1900 5802 3488 5877">
    <p class='ocr_par' dir='ltr' id='par_1_118' title="bbox 1900 5802 3488 5877">
     <span class='ocr_line' id='line_1_118' title="bbox 1900 5802 3488 5877; baseline -0.008 -12"><span class='ocrx_word' id='word_1_942' title='bbox 1900 5824 2023 5866; x_wconf 92' lang='lat' dir='ltr'><strong>cum</strong></span> <span class='ocrx_word' id='word_1_943' title='bbox 2055 5806 2158 5862; x_wconf 84' lang='lat' dir='ltr'><strong>fide</strong></span> <span class='ocrx_word' id='word_1_944' title='bbox 2186 5806 2423 5877; x_wconf 89' lang='lat' dir='ltr'><strong>polleant</strong></span> <span class='ocrx_word' id='word_1_945' title='bbox 2450 5815 2507 5862; x_wconf 90' lang='lat' dir='ltr'><strong>et</strong></span> <span class='ocrx_word' id='word_1_946' title='bbox 2530 5806 2791 5863; x_wconf 85' lang='lat' dir='ltr'><strong>doctrinae</strong></span> <span class='ocrx_word' id='word_1_947' title='bbox 2829 5803 3006 5860; x_wconf 88' lang='lat' dir='ltr'><strong>verbis</strong></span> <span class='ocrx_word' id='word_1_948' title='bbox 3034 5802 3281 5865; x_wconf 90' lang='lat' dir='ltr'><strong>luceant,</strong></span> <span class='ocrx_word' id='word_1_949' title='bbox 3307 5808 3488 5855; x_wconf 89' lang='lat' dir='ltr'><strong>tamen</strong></span> 
     </span>
    </p>
   </div>
   <div class='ocr_carea' id='block_1_119' title="bbox 1901 5891 3484 5973">
    <p class='ocr_par' dir='ltr' id='par_1_119' title="bbox 1901 5891 3484 5973">
     <span class='ocr_line' id='line_1_119' title="bbox 1901 5891 3484 5973; baseline -0.007 -16"><span class='ocrx_word' id='word_1_950' title='bbox 1901 5902 2028 5972; x_wconf 87' lang='lat' dir='ltr'><strong>quia</strong></span> <span class='ocrx_word' id='word_1_951' title='bbox 2060 5917 2089 5957; x_wconf 92' lang='lat' dir='ltr'><strong>a</strong></span> <span class='ocrx_word' id='word_1_952' title='bbox 2115 5899 2257 5956; x_wconf 89' lang='lat' dir='ltr'><strong>bono</strong></span> <span class='ocrx_word' id='word_1_953' title='bbox 2304 5917 2467 5973; x_wconf 88' lang='lat' dir='ltr'><strong>opere</strong></span> <span class='ocrx_word' id='word_1_954' title='bbox 2503 5907 2748 5969; x_wconf 85' lang='lat' dir='ltr'><strong>torpent,</strong></span> <span class='ocrx_word' id='word_1_955' title='bbox 2778 5899 2846 5953; x_wconf 86' lang='lat' dir='ltr'><strong>ab</strong></span> <span class='ocrx_word' id='word_1_956' title='bbox 2880 5895 3142 5955; x_wconf 82' lang='lat' dir='ltr'><strong>electione</strong></span> <span class='ocrx_word' id='word_1_957' title='bbox 3170 5891 3263 5948; x_wconf 87' lang='lat' dir='ltr'><strong>Dei</strong></span> <span class='ocrx_word' id='word_1_958' title='bbox 3299 5907 3484 5961; x_wconf 83' lang='lat' dir='ltr'><strong>repro-</strong></span> 
     </span>
    </p>
   </div>
  </div>
