4038 6352
573 424 677 481 ίϐδ

1212 422 1565 479 HAYMONIS
1599 420 2079 478 HALBERSTAT.
2123 414 2333 476 EPISC.
2374 414 2525 476 ΟΡΡ.
2564 417 2742 474 PARS
2776 417 2841 474 ll.
2878 447 2951 459 —
2991 416 3215 474 HOMIL

3750 411 3862 467 ιω

569 543 791 605 bantur,
821 542 976 611 quia,
1010 550 1068 595 ut
1093 540 1168 595 ait
1188 539 1423 597 lacubus
1453 535 1730 611 apostolus
1756 554 1770 594 :
1801 546 1819 592 ι
1847 539 2009 595 Fides
2034 539 2149 594 sine
2177 544 2228 603 Α
2255 538 2363 595 Sed
2393 554 2557 593 unum
2586 546 2701 602 est,
2729 536 2871 605 quod
2908 535 3063 589 nobis
3086 533 3155 588 ad
3185 529 3567 601 inquirendum
3594 526 3861 597 reliquit,

568 637 830 709 operibus
854 646 1063 691 mortua
1106 645 1192 692 est
1221 636 1364 707 (Jac.
1398 636 1491 706 n):
1538 655 1558 687 ›
1611 635 1688 690 De
1728 634 1927 690 talibus
1954 633 2153 689 Paulus

566 731 843 803 apostolus
881 731 995 785 ait:
1028 748 1049 781 ο
1082 729 1427 786 Conﬁtentur
1465 744 1526 785 se
1558 743 1720 783 nosse
1760 727 1965 794 Deum,
1994 727 2151 782 lactis

566 816 745 879 antem
769 831 965 894 negant
993 820 1124 891 (Tit.
1156 822 1217 893 ι).
1264 841 1282 874 ι
1327 822 1393 875 Et
1423 821 1683 877 Dominus
1717 822 1771 876 in
1808 819 2102 890 Evangelio
2134 837 2147 874 :

572 934 592 967 ι
639 916 753 969 Non
808 916 985 970 omnis
1034 915 1124 985 qui
1180 915 1310 970 dicit
1363 915 1529 981 mibi,
1582 914 1847 977 Domine,
1902 913 2151 977 Domine,

567 1007 788 1063 intrabit
815 1008 870 1061 in
911 1022 1135 1076 regnum
1189 1006 1469 1072 caelorum,
1503 1006 1595 1062 sed
1654 1008 1744 1076 qui
1793 1005 1923 1061 facit
1959 1006 2152 1061 volun-

565 1106 729 1154 tatem
778 1098 959 1154 Patris
1008 1098 1112 1151 mei
1166 1099 1259 1167 qui
1320 1097 1373 1152 in
1427 1098 1578 1153 ctelis
1616 1107 1718 1163 est,
1750 1098 1864 1168 ipse
1926 1097 2154 1152 intrabit

568 1190 624 1245 in
683 1203 911 1261 regnum
949 1188 1213 1244 caelorum
1264 1187 1495 1259 (Matth.
1534 1186 1670 1259 vn).
1725 1207 1744 1240 ›
1786 1188 1943 1244 Tales
2001 1194 2154 1243 nam-

563 1299 670 1356 que
714 1285 767 1339 in
803 1285 892 1339 die
920 1283 1109 1353 judicii
1147 1264 1347 1338 dicturi
1370 1291 1495 1339 sunt
1534 1301 1549 1338 :
1586 1283 1847 1348 Domine,
1890 1298 2068 1338 nonne
2099 1283 2153 1337 in

564 1374 783 1428 nomine
814 1382 905 1428 tuo
933 1375 1407 1445 prophetavimus,
1438 1381 1494 1428 et
1532 1375 1758 1429 virtutes
1795 1374 1993 1429 multas
2024 1373 2154 1429 feci-

565 1479 707 1528 mus,
753 1472 807 1518 et
859 1464 1123 1519 daemonia
1174 1463 1478 1532 eiecimus?
1505 1464 1710 1531 Quibus
1752 1466 2147 1534 respondetur:

564 1554 734 1610 Amen
759 1556 880 1611 dico
903 1557 1079 1622 vobis,
1113 1572 1221 1612 non
1250 1550 1374 1611 novi
1398 1556 1808 1623 vos.,Discedite
1834 1574 1863 1611 a
1897 1573 2003 1623 me,
2027 1571 2153 1627 ope-

565 1638 694 1702 rarii
716 1633 1038 1718 iniquitatis.
1065 1647 1243 1703 Tanto
1266 1664 1395 1718 ergo
1420 1646 1639 1703 solliciti
1663 1663 1784 1703 esse
1813 1648 2071 1704 debemus
2098 1649 2153 1703 in

563 1740 707 1795 bono
740 1755 925 1809 opere,
951 1749 1153 1810 quanto
1180 1742 1577 1796 inexcusabiles
1600 1756 1699 1796 nos
1720 1755 1840 1797 esse
1866 1742 2067 1797 scimus
2088 1743 2153 1797 de

561 1832 846 1886 vocatione
863 1872 878 1897 ,
912 1846 981 1887 ne
1008 1841 1245 1903 tempore
1268 1830 1482 1900 judicii,
1506 1847 1628 1886 cum
1650 1832 1830 1887 fatuis
1851 1832 2151 1903 virginibus

2252 634 2501 689 videlicet
2520 641 2778 697 saturem,
2813 644 2974 700 quem
3000 627 3203 683 nullum
3246 625 3438 680 melius
3473 622 3637 693 quam
3663 622 3862 692 ipsum

2255 727 2543 781 Dominum
2571 724 2752 780 Jesum
2780 722 3055 779 Christum
3096 719 3398 789 intelligere
3431 717 3697 771 debemus
3715 756 3734 781 ,
3763 716 3863 786 qui

2256 821 2419 875 homo
2443 818 2646 884 factus,
2675 830 2857 872 semen
2886 817 3034 870 verbi
3062 812 3156 868 Dei
3186 813 3238 867 in
3268 811 3522 891 cordibus
3555 810 3860 864 hominum

2255 911 2574 975 seminavit,
2613 909 2767 980 juxta
2808 908 2951 978 quod
2981 907 3095 977 ipse
3132 906 3187 959 in
3231 904 3337 958 alia
3377 901 3629 973 parabola
3659 902 3811 956 dicit
3846 920 3859 954 :

2255 1002 2356 1070 Qui
2388 1002 2837 1058 seminatbonum
2866 1014 3049 1055 semen
3097 1008 3181 1053 est
3205 996 3379 1052 Filius
3402 994 3656 1050 hominis.
3690 993 3862 1048 Unde

2254 1093 2392 1150 bene
2421 1096 2562 1149 hanc
2587 1092 2991 1148 similitudinem
3022 1090 3299 1153 dicturus,
3326 1085 3481 1156 juxta
3513 1087 3647 1141 alios
3667 1099 3858 1139 evan-

2254 1187 2495 1258 gelistas,
2553 1187 2618 1242 de
2678 1187 2838 1240 domo
2886 1184 3119 1249 eriisse,
3174 1196 3325 1237 mare
3369 1182 3588 1246 adiisse,
3644 1194 3856 1234 navem

2256 1280 2562 1335 ascendisse
2608 1285 3090 1342 commemoratur,
3143 1277 3261 1344 ipso
3309 1274 3415 1328 situ
3473 1272 3724 1342 corporis
3758 1271 3859 1325 de-

2255 1381 2562 1427 monstrans
2596 1373 2742 1441 quod
2780 1385 2876 1427 ore
2914 1371 3214 1440 promebat.
3249 1368 3400 1424 Sicut
3432 1367 3575 1422 enim
3607 1365 3859 1436 prudens

2254 1464 2519 1535 agricola,
2553 1473 2676 1535 post
2710 1463 3133 1519 eradicationem
3173 1461 3414 1531 veprium
3447 1468 3502 1515 et
3540 1458 3855 1528 spinarum,

2254 1558 2659 1629 postexcultum
2697 1572 2883 1628 agrum
2918 1556 3083 1612 aratri
3118 1570 3365 1619 vomere,
3399 1554 3464 1609 de
3496 1552 3659 1607 domo
3688 1565 3857 1621 egre-

2255 1650 2426 1716 diens,
2450 1665 2632 1705 semen
2648 1665 2833 1705 secum
2846 1647 3020 1704 defert
3034 1656 3089 1703 et
3106 1649 3157 1701 in
3176 1656 3376 1702 terram
3400 1645 3627 1715 spargit,
3644 1654 3705 1698 ut
3718 1643 3856 1697 mul-

2255 1744 2551 1815 tiplicatum
2574 1745 2705 1799 illud
2725 1743 2983 1814 recipiat;
3022 1743 3093 1797 ita
3128 1741 3388 1797 Dominus
3414 1737 3572 1794 Jesus
3592 1736 3851 1793 Christus

2253 1845 2375 1906 post
2413 1836 2683 1891 excultum
2711 1850 2897 1904 agrum
2915 1877 2927 1900 ,
2958 1834 3009 1889 id
3033 1842 3117 1889 est
3146 1848 3240 1888 cor
3264 1831 3592 1886 Iudaeorum.
3625 1842 3727 1900 per
3754 1845 3849 1900 pa-

563 1932 715 1985 extra
733 1925 955 1996 januam
979 1925 1640 1987 remanentes,audianurs
1672 1942 1684 1977 :
1718 1924 2149 1990 Nesciovos,sed
2178 1923 2227 1985 B
2256 1930 2617 1985 triarcharum
2676 1937 2732 1984 et
2786 1930 3172 2000 prophetarum
3233 1926 3675 1997 prmdicationem
3710 1964 3726 1989 ,
3787 1924 3852 1978 de

563 2032 686 2073 cum
715 2018 1068 2089 prudentibus
1100 2020 1241 2074 intra
1268 2019 1562 2074 thalamum
1592 2020 1775 2089 sponsi
1800 2019 2147 2091 recipiamur.

1111 2132 1389 2188 HOMILIA
1439 2132 1601 2187 XXII.

993 2242 1245 2282 DOIINICA
1284 2243 1335 2281 ΙΝ
1375 2240 1721 2281 SEXAGESIMA.

637 2321 787 2394 (Luc.
804 2322 949 2392 vni.)
972 2339 990 2372 ι
1012 2322 1067 2375 In
1088 2322 1177 2376 illo
1193 2330 1453 2392 tempore,
1468 2336 1589 2375 cum
1610 2320 1763 2374 turba
1776 2319 2005 2389 plurima
2023 2333 2152 2374 con-

569 2434 588 2467 c
622 2416 851 2481 veniret,
867 2428 922 2470 et
937 2417 1000 2471 de
1014 2415 1323 2469 civitatibus
1337 2422 1691 2484 properarent
1713 2411 1777 2465 ad
1796 2410 2001 2476 Jesum,
2018 2409 2153 2465 dixit

539 2524 585 2558 ε(
616 2521 712 2577 per
730 2506 1167 2562 similitudinem:
1205 2505 1348 2560 Exiit
1371 2506 1461 2575 qui
1490 2505 1745 2568 seminat,
1774 2504 2044 2558 seminare
2069 2516 2153 2555 se-

568 2617 585 2648 ι
626 2612 748 2651 men
778 2612 966 2662 suum,
996 2606 1051 2651 et
1078 2596 1309 2665 reliqua.
1354 2616 1371 2647 ι
1408 2592 1745 2649 Praedicante
1770 2593 2000 2647 Domino
2023 2590 2150 2647 Jesu

563 2685 778 2743 Christo
799 2687 1147 2758 Evangelium
1178 2686 1326 2755 regni
1352 2685 1611 2753 cmlcstis,
1639 2684 1818 2738 multa:
1835 2683 2001 2738 turba:
2027 2697 2151 2737 eum

565 2778 946 2847 sequebantur,
972 2778 1114 2832 sicut
1138 2776 1332 2830 diversi
1360 2791 1606 2847 corpore,
1631 2776 1702 2829 ita
1730 2775 1926 2831 diversi
1949 2784 2149 2831 mente.

566 2867 814 2923 Nonnulli
832 2879 1051 2941 propter
1074 2856 1339 2934 amarem,
1365 2854 1606 2924 nonnulli
1623 2876 1843 2939 propter
1869 2867 2149 2933 invidiam,

566 2961 826 3031 aliquanti
868 2970 1087 3033 propter
1116 2961 1484 3027 curationem,
1522 2960 1781 3030 aliquanti
1812 2968 2033 3029 propter
2059 2958 2153 3013 ad-

566 3052 943 3117 mirationem;
982 3052 1180 3121 quibus
1228 3051 1488 3108 Dominus
1530 3052 1603 3105 ita
1646 3067 1801 3106 suum
1844 3064 2150 3105 sermonem

566 3143 921 3214 temperabat,
945 3152 1004 3198 ut
1029 3144 1081 3198 in
1108 3160 1212 3199 una
1243 3144 1540 3214 eademque
1561 3141 1837 3214 parabola,
1862 3142 2151 3211 unusquis-

566 3250 673 3306 que
698 3251 851 3292 suam
879 3238 1203 3292 sententiam
1227 3238 1470 3303 audiret,
1504 3249 1559 3292 et
1584 3236 1825 3291 omnium
1843 3234 2147 3290 infirmitati

566 3327 1026 3394 condescendens,
1058 3330 1171 3383 suis
1186 3329 1391 3383 sanctis
1414 3328 1755 3383 sermonibus
1770 3324 2150 3383 similitudines

567 3418 632 3473 de
659 3419 820 3474 rebus
849 3419 1150 3476 visibilibus
1181 3421 1491 3487 adhibebat,
1526 3430 1582 3477 ut
1612 3437 1707 3492 per
1737 3436 1851 3477 rem
1878 3421 2150 3477 visibilem

565 3511 853 3569 invisibilia
900 3530 1230 3586 cognoscere
1274 3515 1565 3572 discerent.
1622 3514 1777 3572 Unde
1821 3516 1964 3572 sicut
2011 3515 2147 3570 Mat-

564 3605 855 3661 thacusait:
893 3626 910 3659 ι
945 3606 1456 3677 LoquebaturJesus
1490 3623 1611 3662 cum
1648 3606 1922 3677 discipulis
1959 3605 2070 3661 suis
2096 3607 2147 3660 in

564 3696 926 3765 parabolis,et
949 3699 1064 3752 sine
1079 3697 1351 3768 parabolis
1374 3713 1480 3751 non
1508 3698 1827 3768 loquebatur
1862 3698 1960 3750 eis.
1991 3716 2007 3748 ι
2034 3696 2148 3751 Νοη

565 3795 764 3855 tamen,
788 3798 846 3843 ut
870 3790 1090 3860 quidam
1118 3789 1357 3855 tradunt,
1391 3798 1445 3843 ut
1474 3788 1762 3858 aliquando
1786 3789 2149 3859 nonloquere-

563 3884 651 3930 tur
681 3876 797 3931 sine
821 3878 1108 3948 parabolis,
1160 3878 1251 3933 sed
1294 3877 1347 3932 in
1394 3878 1482 3933 illa
1531 3876 1935 3948 przedicatione,
1984 3892 2147 3949 quam

563 3967 847 4025 Matthaeus
879 3971 948 4024 ibi
983 3970 1257 4037 describit,
1284 3984 1388 4027 non
1421 3971 1578 4027 aliter
1605 3984 1766 4043 quam
1790 3973 1841 4026 in
1878 3972 2149 4042 parabolis

559 4057 900 4130 loquebatur.
937 4059 1089 4115 Sicut
1117 4061 1259 4115 enim
1290 4060 1684 4133 quadripartito
1721 4063 1901 4129 modo,
1932 4064 2145 4118 utdixi-

561 4165 704 4216 mus,
745 4164 867 4204 eum
904 4151 1301 4221 sequebantur,
1330 4154 1402 4207 ita
1428 4168 1661 4225 quoque,
1699 4162 1758 4207 ut
1781 4154 1998 4224 quidam
2038 4164 2149 4209 tra-

558 4242 715 4307 dunt,
746 4241 1145 4311 quadripartito
1170 4245 1330 4299 modo
1358 4254 1513 4300 suum
1547 4263 1852 4302 sermonem
1888 4256 2153 4318 tempera-

557 4332 680 4395 bat,
710 4331 937 4402 loqueus
965 4335 1043 4389 eis
1083 4336 1137 4389 in
1170 4337 1441 4407 parabolis
1480 4348 1533 4393 et
1563 4340 1679 4394 sine
1723 4339 2024 4409 parabolis,
2058 4355 2154 4411 per

2255 2022 2415 2078 domo
2441 2020 2609 2086 exiit,
2642 2021 2695 2075 id
2730 2030 2813 2076 est
2846 2020 3047 2076 mundo
3075 2018 3304 2074 visibilis
3332 2018 3624 2088 apparuit:
3656 2031 3849 2071 navem

2254 2101 2518 2181 ascendit,
2550 2117 2675 2186 quia
2701 2116 2753 2170 in
2790 2114 3030 2170 Ecclesia
3062 2129 3161 2185 per
3189 2114 3349 2168 fidem
3378 2112 3667 2176 habitavit,
3696 2119 3751 2165 et
3770 2124 3851 2165 se-

2255 2223 2377 2262 men
2402 2207 2700 2279 spirituale,
2734 2207 2790 2262 id
2815 2216 2899 2263 est
2926 2206 3151 2263 verbum
3182 2206 3301 2271 Dei,
3331 2204 3397 2279 in
3416 2204 3675 2261 cordibus
3705 2202 3847 2258 andi-

2254 2307 2430 2355 torum
2477 2300 2761 2355 seminavit
2792 2314 2806 2353 :
2843 2315 2949 2355 non
2989 2299 3133 2371 quod
3161 2299 3275 2369 ipse
3300 2312 3407 2352 non
3439 2297 3671 2352 haberet
3711 2296 3844 2351 unde

2255 2389 2545 2460 colligeret,
2576 2390 2670 2445 sed
2696 2399 2754 2445 ut
2776 2406 2875 2445 nos
2900 2390 2955 2444 in
2983 2390 3235 2444 horreum
3256 2387 3435 2442 Patris
3462 2395 3836 2458 congregaret.

2253 2478 2388 2535 Nam
2418 2489 2473 2537 et
2494 2482 2669 2559 hodie,
2697 2497 2818 2537 cum
2854 2480 3236 2552 praedicatores
3262 2488 3317 2535 et
3342 2480 3595 2535 doctores
3622 2479 3835 2535 verbum

2254 2571 2454 2628 Christi
2504 2574 2830 2643 praedicant,
2860 2573 3013 2643 quasi
3044 2572 3160 2643 ipse
3187 2571 3438 2627 Christus
3466 2585 3646 2625 semen
3678 2570 3830 2624 semi-

2256 2674 2347 2719 nat
2380 2678 2395 2718 :
2428 2666 2552 2735 quia
2589 2683 2608 2715 ‹
2644 2664 2745 2719 nisi
2787 2666 3042 2720 Dominus
3085 2662 3433 2720 aedificaverit
3461 2662 3750 2724 civitatem,
3780 2661 3828 2714 in

2253 2774 2451 2813 vanum
2498 2759 2745 2813 laborant
2786 2759 2877 2830 qui
2912 2759 3179 2815 aediﬁcant
3212 2773 3332 2812 eam
3374 2754 3546 2829 (Psal.
3586 2753 3789 2820 cxxvt),
3815 2771 3831 2804 ι

2256 2860 2305 2906 et
2349 2851 2449 2906 nisi
2494 2852 2752 2906 Dominus
2799 2866 2894 2906 cor
2932 2849 3280 2906 illustraverit
3312 2848 3641 2911 auditorum,
3675 2846 3732 2900 in
3758 2860 3841 2899 va-

2257 2958 2416 2997 cuum
2446 2942 2656 2999 laborat
2688 2959 2866 2999 sermo
2899 2946 3198 2999 doctorum.
3262 2942 3410 2998 Unde
3448 2940 3650 2995 Paulus
3693 2953 3842 2995 suam

2255 3036 2699 3105 praedicationem
2750 3045 2803 3091 ct
2861 3036 3245 3107 discipulorum
3294 3034 3656 3091 obedientiam
3715 3031 3848 3088 nihil

2258 3128 2358 3183 sibi
2386 3110 2665 3199 reputans,
2694 3130 2908 3184 dicebat
2934 3148 2946 3183 :
2978 3148 2997 3180 ‹
3025 3130 3137 3201 Ego
3170 3128 3426 3199 plantavi,
3463 3126 3658 3196 Apollo
3700 3128 3847 3198 riga-

2253 3220 2350 3285 vit,
2394 3221 2534 3276 Deus
2575 3230 2753 3276 autem
2799 3223 3192 3276 incrementum
3242 3220 3381 3276 dedit
3424 3217 3473 3290 (1
3510 3217 3633 3273 Cor.
3669 3219 3787 3288 ιη).
3827 3238 3841 3272 ι

2178 3306 2223 3368 C
2256 3312 2362 3369 Sed
2399 3315 2525 3384 quia
2562 3329 2666 3369 non
2708 3329 2896 3370 omnes
2928 3329 3034 3369 uno
3063 3315 3222 3368 modo
3252 3312 3367 3381 ejus
3402 3310 3852 3382 praedicationem

2257 3415 2598 3480 acceperunt,
2636 3407 3033 3475 manifestatur,
3076 3422 3201 3463 cum
3242 3408 3524 3465 subditur:
3557 3425 3576 3458 ι
3608 3404 3680 3461 Et
3724 3406 3851 3461 dum

2262 3519 2280 3551 ι
2316 3501 2566 3566 seminat,
2603 3500 2747 3555 aliud
2782 3502 2981 3555 cecidit
3013 3515 3169 3555 secus
3195 3501 3358 3564 viam,
3386 3507 3439 3554 et
3465 3496 3845 3554 comisatum

2262 3610 2279 3641 ι
2313 3602 2431 3658 est,
2462 3600 2517 3646 et
2564 3592 2809 3648 volucres
2852 3592 2975 3647 coeli
3022 3593 3373 3647 comederunt
3407 3590 3557 3647 illud.
3612 3611 3633 3645 ι
3697 3590 3851 3646 Solet

2252 3684 2588 3753 contingere,
2619 3694 2674 3737 ut
2707 3685 2831 3738 dum
2865 3686 3024 3740 homo
3053 3699 3240 3754 agrum
3270 3683 3421 3749 serit,
3451 3685 3538 3738 via
3564 3682 3721 3753 juxta
3749 3683 3839 3745 sit,

2253 3781 2307 3827 et
2343 3788 2469 3844 pars
2510 3775 2756 3843 quaedam
2798 3775 3019 3831 seminis
3051 3775 3105 3830 in
3133 3790 3251 3829 eam
3282 3773 3442 3830 cadat
3473 3791 3486 3826 :
3517 3773 3611 3829 sed
3651 3786 3836 3828 semen

2252 3864 2392 3934 quod
2444 3865 2500 3918 in
2547 3866 2632 3919 via
2679 3865 2954 3931 ceciderit,
3003 3848 3200 3936 duplici
3241 3864 3433 3921 laesura
3475 3864 3662 3935 perit:
3694 3872 3845 3918 auta

2251 3958 2521 4013 viantibus
2549 3959 2911 4019 conculcatur,
2943 3967 3035 4013 aut
3056 3974 3085 4013 a
3116 3958 3424 4014 volucribus
3451 3958 3574 4015 coeli
3602 3958 3837 4027 rapitur.

2253 4049 2348 4104 Via
2365 4051 2509 4105 enim
2526 4052 2746 4117 dicitur,
2766 4067 2829 4106 eo
2849 4052 2997 4121 quod
3014 4051 3216 4122 aliquid
3244 4059 3584 4106 transeuntes
3605 4064 3702 4119 per
3722 4063 3841 4107 eam

2254 4143 2471 4197 vehant.
2519 4142 2617 4197 Via
2668 4144 2812 4197 enim
2852 4142 3118 4214 significat
3142 4159 3236 4197 cor
3262 4142 3523 4197 malarum
3555 4141 3842 4212 cogitatio-

2255 4255 2384 4294 num
2413 4239 2547 4293 calle
2583 4239 2825 4293 attritum
2858 4257 2871 4292 :
2904 4254 3087 4293 semen
3117 4239 3314 4309 quippe
3341 4238 3494 4293 verbi
3542 4236 3656 4301 Dei,
3698 4235 3844 4305 quod

2258 4334 2309 4386 iu
2339 4332 2431 4386 tali
2459 4333 2622 4386 corde
2652 4332 2818 4396 cadit,
2848 4339 2940 4385 aut
2971 4348 2999 4385 a
3030 4331 3320 4395 viantibus,
3351 4329 3402 4384 id
3436 4336 3520 4386 est
3551 4328 3848 4384 immundis

561 4422 944 4481 similitudines
972 4435 1025 4481 et
1062 4427 1551 4484 dissimilitudines.
1591 4431 1893 4501 Aliquando
1920 4446 2156 4502 namque
2258 4426 2693 4498 cogitationibus,
2721 4426 3062 4495 opprimitur,
3097 4434 3191 4479 aut
3215 4440 3243 4478 a
3268 4424 3575 4479 volucribus
3604 4422 3762 4485 caeli,
3798 4422 3854 4478 id

562 4515 821 4571 Dominus
844 4517 896 4571 in
925 4519 1039 4574 suis
1064 4519 1434 4576 locutionibus
1460 4521 1637 4592 aliqua
1666 4523 1961 4593 aperiebat,
1987 4532 2040 4577 et
2062 4522 2157 4577 ali-

561 4623 663 4677 qua
694 4608 1008 4679 claudebat,
1044 4624 1104 4667 ut
1140 4627 1238 4682 per
1286 4614 1390 4668 hoc
1441 4615 1584 4684 quod
1645 4615 1996 4686 intelligimus
2041 4630 2147 4669 non

2261 4520 2425 4574 estab
2457 4519 2747 4573 immundis
2776 4518 3073 4588 spiritibus,
3107 4516 3351 4573 aufertur
3380 4532 3393 4569 :
3425 4516 3517 4587 qui
3553 4515 3848 4585 dupliciter

2262 4612 2509 4667 volucres
2537 4611 2659 4666 coeli
2693 4610 3063 4677 nominantur,
3100 4610 3211 4666 sive
3241 4611 3381 4679 quod
3408 4624 3507 4679 per
3531 4606 3849 4679 superbiam

560 4700 885 4771 gloriemur,
916 4704 1008 4757 sed
1036 4703 1215 4774 potius
1250 4718 1348 4775 per
1387 4682 1475 4760 ea?
1495 4722 1615 4777 quae
1654 4720 1758 4761 non
1799 4682 2150 4776 intelligimus
2184 4682 2223 4742 θ
2254 4704 2317 4757 de
2344 4703 2482 4758 calo
2511 4702 2645 4772 lapsi
2675 4703 2800 4767 sint,
2831 4704 2943 4758 sive
2971 4718 3070 4773 per
3096 4703 3198 4758 hoc
3224 4702 3366 4774 quod
3385 4717 3480 4772 per
3502 4702 3709 4756 aerium
3735 4712 3853 4756 cce-

562 4791 761 4846 douum
819 4793 912 4848 Dei
961 4796 1353 4851 existimemus.
1402 4796 1553 4854 Unde
1598 4814 1721 4854 cum
1761 4800 1942 4855 multa:
1979 4798 2149 4853 turba:

562 4886 941 4954 convenirent,
972 4894 1027 4942 et
1052 4888 1119 4943 de
1159 4888 1470 4947 civitatibus
1518 4901 1873 4962 properarent
1906 4892 1971 4948 ad
2001 4905 2148 4957 eum,

561 4975 797 5031 hominis
846 4978 935 5046 qui
967 4978 1098 5032 exiit
1124 4979 1394 5036 seminare
1432 4997 1615 5037 semen
1655 5000 1809 5038 suum
1847 4981 2152 5037 similitudi-

562 5084 684 5122 nem
727 5070 1023 5138 proposuit.
1052 5069 1184 5126 Nam
1211 5087 1307 5143 per
1344 5073 1660 5129 varietatem
1691 5086 1956 5129 terrarum
1997 5072 2146 5125 varia

554 5159 725 5215 corda
755 5161 1030 5216 hominum
1060 5163 1112 5217 in
1145 5163 1233 5219 illa
1260 5166 1413 5220 turba
1430 5181 1547 5222 esse
1575 5164 1900 5230 insinuavit;
1930 5162 2064 5217 alios
2092 5163 2145 5216 in

560 5253 755 5321 quibus
781 5267 962 5309 semen
994 5255 1143 5311 verbi
1170 5256 1266 5312 Dci
1295 5258 1460 5312 variis
1491 5256 1663 5311 modis
1689 5256 1875 5310 laesum
1907 5255 2141 5325 periret;

559 5345 715 5411 alios,
748 5348 799 5401 in
824 5348 1019 5417 quibus
1047 5347 1283 5406 fructum
1304 5351 1506 5407 bonum
1532 5364 1627 5422 per
1649 5348 1963 5420 patientiam
1988 5346 2144 5402 affer-

561 5436 665 5495 ret.
708 5438 810 5496 Ubi
854 5443 1321 5506 considerandum,
1374 5442 1497 5514 quia
1551 5443 1689 5496 hanc
1739 5438 2143 5496 similitudinem

558 5533 680 5591 idea
726 5549 823 5608 per
852 5537 1202 5605 semetipsum
1246 5532 1503 5589 Dominus
1540 5533 1787 5605 dignatus
1837 5540 1921 5589 est
1974 5544 2143 5603 expo-

556 5644 711 5697 nere,
744 5638 804 5684 ut
843 5630 1001 5684 nobis
1033 5628 1367 5691 insinuaret,
1414 5625 1465 5679 in
1513 5625 1632 5680 aliis
1679 5624 2139 5687 similitudinibus,

557 5740 692 5793 quas
719 5738 824 5778 non
848 5721 1095 5793 exposuit
1121 5761 1136 5785 ,
1174 5733 1366 5775 sensus
1396 5719 1710 5792 allegoricos
1738 5734 1857 5776 esse
1892 5730 2140 5792 quaeren-

557 5815 673 5871 dos.
713 5814 961 5871 Ostendit
988 5812 1131 5867 enim
1161 5812 1290 5883 quid
1320 5813 1388 5869 sit
1418 5830 1548 5885 ager
1568 5856 1581 5880 ,
1613 5815 1744 5886 quid
1774 5829 1983 5882 semen,
2011 5810 2143 5883 quid

560 5918 702 5962 terra
735 5910 872 5961 Loua
903 5908 1165 5976 significet
1196 5949 1207 5973 ,
1239 5907 1367 5978 quid
1398 5922 1609 5979 petrosa
1652 5919 1703 5964 et
1734 5909 1858 5978 quid
1898 5907 2136 5976 spinosa.

2252 4795 2360 4849 lum
2388 4793 2718 4848 discurrant.

2328 4907 2345 4938 ι
2378 4886 2443 4941 Ει
2493 4885 2636 4940 aliud
2674 4886 2868 4942 cecidit
2909 4900 3068 4955 supra
3107 4892 3345 4956 petram,
3374 4893 3429 4940 et
3457 4892 3643 4940 natum
3674 4884 3850 4949 aruit,

2259 5001 2276 5031 ι
2308 4979 2432 5049 quia
2464 4994 2570 5033 non
2603 4980 2837 5034 habebat
2865 4981 3164 5034 humorem.
3203 4999 3222 5031 ι
3273 4977 3432 5033 Petra
3461 4979 3606 5033 enim
3646 4978 3700 5033 in
3739 4978 3853 5034 hoc

2252 5073 2371 5127 loco
2407 5072 2676 5140 signiﬁcat
2716 5089 2811 5127 cor
2862 5073 3055 5127 durum
3090 5082 3145 5128 et
3170 5071 3421 5135 indocile,
3452 5073 3597 5143 quod
3621 5086 3853 5127 vomere

2250 5163 2401 5219 verbi
2430 5163 2524 5219 Dei
2552 5163 2711 5219 facile
2742 5180 2846 5219 non
2885 5165 3151 5219 scinditur
3182 5182 3197 5220 :
3229 5181 3414 5221 semen
3466 5173 3645 5220 autem
3692 5164 3850 5218 verbi

2251 5256 2369 5323 Dei,
2400 5257 2444 5312 si
2477 5257 2529 5311 in
2561 5258 2651 5311 tali
2697 5256 2859 5311 corde
2896 5257 3187 5323 ceciderit,
3231 5268 3288 5313 et
3327 5258 3370 5313 si
3424 5257 3713 5328 germinat,
3757 5265 3848 5310 ta-

2252 5365 2373 5404 men
2414 5350 2480 5403 ad
2528 5349 2897 5403 maturitatem
2925 5366 3031 5404 non
3060 5350 3305 5421 pervenit
3329 5391 3342 5414 ,
3374 5349 3503 5419 quia
3530 5349 3583 5403 in
3613 5349 3852 5403 humore

2248 5441 2663 5513 perseverantia:
2695 5441 2931 5495 radicem
2960 5456 3066 5497 non
3096 5440 3243 5513 ligat.
3293 5440 3406 5496 Hoc
3444 5450 3623 5496 autem
3669 5439 3848 5511 signi-

2252 5532 2376 5589 ficat
2430 5533 2659 5589 defectio
2711 5533 2955 5589 humoris
3000 5534 3065 5589 ad
3116 5534 3353 5589 radicem
3399 5532 3641 5600 seminis,
3693 5533 3849 5603 quod

2248 5628 2400 5698 juxta
2448 5627 2605 5682 aliam
2658 5628 2994 5697 parabolam,
3039 5626 3279 5685 defectus
3317 5629 3423 5684 olei
3466 5628 3532 5683 ad
3561 5626 3849 5697 lampadas

2252 5720 2519 5790 virginum
2566 5720 2855 5775 ornandas.

2329 5833 2346 5864 ‹
2373 5813 2439 5868 Ει
2487 5812 2629 5867 aliud
2676 5812 2869 5867 cecidit
2924 5815 3063 5868 inter
3110 5816 3312 5886 spinas,
3352 5823 3406 5870 et
3448 5814 3606 5872 simul
3635 5819 3846 5867 exortze

2208 5958 2217 5971 ,
2257 5928 2273 5960 t
2301 5908 2470 5977 spinae
2514 5904 2905 5960 suﬂ‘ocaverunt
2957 5905 3104 5961 illud.
3142 5929 3158 5957 ι
3212 5908 3411 5966 Suiuae.
3455 5906 3580 5961 vitia
3621 5913 3676 5959 et
3711 5918 3845 5963 uec-
