4038 6352
208 444 309 499 165

1406 444 1708 504 HOMILIAS
1750 446 1839 502 DE
1877 444 2223 503 TEMPOBE.

3364 446 3467 503 166

204 570 328 615 cata
357 558 675 630 signiﬁcant,
702 560 767 615 de
791 562 985 630 quibus
1005 562 1181 631 primo
1206 562 1410 618 homini
1431 562 1631 617 dictum
1661 570 1772 617 est:
1792 563 1855 624 ,Α
1883 560 1932 615 id
1968 571 2054 618 est
2089 562 2302 633 pagani,
2351 560 2546 625 Judaei,
2582 560 2837 626 haeretici,
2870 574 3087 616 onmem
3132 557 3466 629 Scripturatn

210 672 228 702 ‹
259 653 396 706 Cum
413 660 667 722 operatus
682 652 850 708 fueris
867 661 1087 720 terram,
1106 670 1213 710 non
1236 654 1385 711 dabit
1408 654 1615 711 fructus
1636 669 1784 719 suos,

204 745 298 800 sed
325 746 512 815 spinas
536 753 592 799 et
617 745 840 801 tribulos
862 747 1182 815 germinahit
1206 747 1321 802 tibi.
1355 766 1381 823 ι⁹
1397 748 1547 802 Mens
1567 760 1694 818 ergo
1715 746 1789 800 vi-

208 834 297 888 tiis
344 834 523 889 dedita
559 848 742 890 semen
792 837 940 892 verbi
967 836 1062 892 Dei
1090 835 1416 894 fructiﬁcare
1445 853 1551 892 non
1585 845 1783 907 potest.

281 946 299 976 ι
332 926 401 980 Et
427 925 571 981 aliud
594 927 790 982 cecidit
821 928 872 982 in
900 937 1098 984 terram
1124 930 1319 985 bonam
1340 971 1356 997 ,
1382 937 1437 985 et
1459 938 1639 985 ortum
1660 928 1787 984 fecit

210 1036 227 1070 (
258 1018 499 1073 fructum
534 1020 860 1089 centuplum.
906 1040 925 1072 ι
976 1022 1141 1077 Terra
1192 1024 1332 1078 bona
1354 1039 1469 1092 .cor
1499 1031 1582 1077 est
1618 1023 1786 1078 homi-

203 1111 287 1166 nis
325 1113 551 1177 bonum,
597 1126 704 1168 non
741 1113 914 1168 solum
965 1116 1032 1168 ad
1081 1115 1403 1171 audiendum
1434 1115 1655 1169 verbum
1691 1100 1785 1170 Dei

198 1210 474 1271 paratum,
522 1201 617 1257 sed
659 1204 823 1258 etiam
863 1203 932 1257 ad
962 1206 1291 1275 operandnm
1323 1208 1465 1275 quod
1499 1206 1666 1272 audit,
1695 1206 1787 1261 de-

197 1302 388 1348 votum
425 1312 438 1347 :
470 1303 526 1349 et
552 1294 674 1350 ideo
701 1295 834 1350 facit
857 1293 1089 1351 fructum
1118 1298 1445 1367 centuplum,
1477 1299 1529 1353 id
1557 1308 1641 1353 est
1665 1314 1786 1369 per—

199 1385 427 1449 fectum,
464 1386 592 1455 quia
632 1388 975 1443 centenarius
1001 1404 1259 1445 numerus
1288 1391 1342 1445 in
1370 1390 1661 1461 Scripturis
1688 1406 1786 1461 pro

196 1479 535 1549 perfectione
561 1482 779 1551 ponitur
806 1500 818 1536 :
842 1484 982 1538 sicut
1012 1485 1078 1539 de
1103 1499 1188 1550 eo,
1212 1486 1304 1556 qui
1329 1486 1507 1541 omnia
1539 1502 1634 1542 sua
1662 1501 1786 1557 pro-

196 1580 316 1642 pter
342 1574 516 1629 Deum
547 1572 856 1646 dereliquit,
880 1576 1077 1632 dicitur
1102 1596 1113 1631 :
1139 1596 1157 1629 ε
1187 1577 1503 1649 Centuplum
1534 1581 1781 1651 accipiet,

194 1672 249 1718 ct
277 1663 452 1719 vitam
478 1673 734 1721 aeternam
761 1666 1085 1735 possidebit:
1115 1687 1133 1719 ι
1155 1683 1259 1722 non
1286 1670 1427 1739 quod
1444 1671 1490 1724 is
1509 1671 1599 1739 qui
1624 1686 1783 1725 unam

197 1769 432 1809 uxorem
470 1754 705 1825 reliquit,
734 1764 949 1813 centum
980 1757 1050 1812 sit
1072 1767 1400 1828 recepturus,
1432 1761 1527 1814 sed
1555 1760 1676 1829 quia
1707 1770 1786 1813 ta-

193 1844 299 1901 lem
348 1845 737 1916 perfectionem
781 1830 1007 1918 accipiet
1051 1849 1104 1903 in
1148 1851 1421 1919 pratsenti,
1469 1859 1527 1905 ut
1568 1867 1631 1907 ea
1667 1867 1786 1921 quae

193 1938 514 2014 dereliquit,
547 1940 740 1994 iterum
784 1956 889 1996 non
930 1948 1159 2011 repetat,
1206 1952 1260 1997 et
1301 1943 1354 1997 in
1399 1943 1580 1998 futuro
1620 1920 1782 1998 vitam
1816 1920 1861 1980 Β

191 2040 464 2087 aeternam
508 2032 801 2103 possideat,
857 2033 1016 2089 talem
1066 2042 1268 2089 terram
1318 2036 1522 2090 centies
1562 2036 1788 2090 fructiﬁ—

190 2131 418 2178 cantem
462 2123 802 2195 signiﬁcabat
852 2124 1037 2191 Isaac,
1076 2127 1141 2181 de
1176 2141 1283 2196 quo
1317 2126 1511 2196 legitur
1540 2146 1552 2181 :
1590 2147 1607 2177 σ
1639 2128 1790 2183 Sevit

188 2214 371 2281 Isaac,
395 2223 450 2271 et
472 2216 526 2271 in
549 2216 666 2287 ipso
686 2232 829 2273 anno
849 2220 1055 2274 invenit
1071 2221 1378 2292 centuplum
1395 2221 1549 2293 (Gen.
1570 2224 1739 2296 xxvi).
1764 2243 1781 2275 ι

193 2327 210 2360 (
242 2307 383 2364 Haec
407 2309 615 2373 dicens,
652 2309 938 2366 clamabat.
978 2331 997 2363 ι
1052 2312 1160 2367 Sed
1193 2314 1320 2384 quid
1357 2312 1574 2378 clamet,
1607 2316 1790 2369 audia-

188 2414 347 2453 mus.
406 2418 425 2450 ι
454 2399 557 2467 Qui
587 2392 749 2456 habet
774 2416 936 2457 aures
962 2403 1237 2469 audiendi,
1274 2406 1477 2460 audiat.
1514 2426 1532 2456 ι
1565 2406 1791 2473 Quoties

188 2490 315 2546 haec
348 2491 813 2548 admonitiuncula
846 2492 899 2546 in
928 2494 1220 2566 Evangelio
1258 2496 1341 2551 vel
1382 2497 1433 2551 in
1472 2496 1791 2570 Apocalypsi

190 2580 599 2651 interponitur,
638 2584 923 2654 mysticum
964 2584 1164 2654 aliquid
1189 2587 1257 2641 ad
1283 2587 1663 2656 requirendum
1705 2589 1790 2644 in-

193 2674 399 2728 sinuat.
462 2674 664 2730 Omnes
712 2676 854 2729 enim
894 2678 986 2746 qui
1027 2677 1083 2730 in
1123 2677 1211 2731 illa
1244 2680 1398 2734 turba
1427 2689 1601 2746 erant,
1634 2697 1791 2739 aures

195 2767 446 2837 corporis
485 2766 802 2823 habebant:
835 2776 893 2823 et
939 2768 1033 2837 qui
1081 2769 1290 2824 cunctis
1341 2786 1501 2826 aures
1546 2774 1791 2844 corporis

197 2860 526 2916 habentibus
552 2861 684 2915 dicit
711 2880 737 2921 ε,
753 2861 856 2928 Qui
903 2862 1066 2917 habet
1094 2878 1254 2919 aures
1279 2864 1553 2931 audiendi,
1584 2866 1788 2933 audiat,

199 2952 336 3009 alias
364 2969 545 3019 aures,
577 2955 630 3010 id
656 2966 740 3010 est
765 2956 929 3011 corda
957 2957 1197 3027 requirit.
1241 2957 1339 3013 Est
1363 2958 1506 3013 enim
1536 2960 1791 3031 spiritua—

202 3046 267 3101 lis
299 3046 533 3111 auditus,
559 3062 685 3104 cum
711 3048 893 3103 anima
923 3047 1322 3105 ferventissimo
1347 3064 1533 3105 amore
1565 3051 1789 3107 verbum

204 3139 300 3195 Dei
328 3141 515 3196 audire
541 3142 837 3207 desiderat,
873 3140 1034 3196 talem
1072 3142 1314 3197 auditum
1342 3158 1402 3198 se
1436 3144 1635 3199 habere
1668 3160 1787 3200 ma-

204 3232 479 3289 nifestavit
516 3233 637 3299 Job,
681 3250 806 3289 cum
852 3234 1065 3290 dicebat
1096 3251 1109 3288 :
1142 3252 1161 3286 ι
1190 3234 1389 3291 Auditu
1429 3237 1576 3291 auris
1608 3236 1788 3303 audivi

1887 661 2160 732 parabolis
2198 660 2460 725 audiunt,
2490 659 2612 728 quia
2640 658 2754 727 ejus
2790 658 3108 730 mysterium
3136 671 3331 727 capere
3358 672 3468 712 non

1886 759 2130 820 possunt.
2193 749 2327 804 Cum
2369 757 2549 804 autem
2595 747 2841 817 discipuli
2882 747 3090 803 Domini
3123 744 3469 816 singulariter

1889 842 2375 913 interrogaverunt,
2404 841 2563 897 datur
2594 840 2838 910 intelligi,
2875 841 3191 911 magistrum
3229 853 3339 896 non
3376 854 3469 894 co-

1889 950 2005 991 ram
2054 935 2305 990 omnibus
2346 949 2377 988 a
2421 932 2699 1003 discipulis
2747 932 3067 1003 interrogari
3104 933 3322 998 debere,
3373 931 3468 987 sed

1890 1026 2255 1098 singulariter,
2302 1041 2369 1082 ne
2410 1024 2549 1082 forte
2597 1024 2643 1080 si
2696 1038 2802 1079 non
2842 1023 3093 1079 habuerit
3127 1023 3183 1078 in
3217 1029 3466 1094 promptu

1888 1118 2028 1189 quod
2070 1117 2394 1187 respondere
2436 1115 2649 1187 possit,
2699 1114 3020 1178 erubescat,
3056 1113 3168 1168 sive
3211 1121 3273 1169 ut
3312 1113 3473 1169 liceat

1888 1231 2010 1271 eum
2038 1215 2165 1286 quid
2192 1214 2355 1278 dicat,
2380 1212 2744 1268 considerare.
2772 1207 3004 1263 Pulchre
3030 1214 3210 1262 autem
3236 1206 3467 1263 dicitur:

1893 1327 1912 1360 (
1934 1306 2100 1362 Vobis
2122 1309 2307 1362 datum
2328 1314 2410 1360 est
2433 1318 2593 1358 nosse
2612 1300 2930 1374 mysterium
2950 1297 3099 1368 regni
3116 1296 3236 1361 Dei,
3253 1296 3465 1353 caeteris

1889 1408 2070 1454 autem
2092 1398 2146 1452 in
2172 1395 2464 1467 parabolis,
2490 1414 2509 1447 ι
2546 1403 2605 1449 ut
2631 1392 2879 1449 ostendat
2900 1389 3103 1446 nemini
3129 1388 3198 1445 de
3221 1388 3334 1445 suis
3356 1402 3471 1444 me-

1890 1490 2008 1545 ritis
2046 1488 2403 1561 gloriandum,
2435 1488 2577 1544 sicut
2604 1485 2874 1541 faciebant
2900 1480 3204 1553 Pelagiani,
3253 1481 3345 1551 qui
3386 1480 3469 1536 di-

1889 1580 2083 1633 cebant
2111 1578 2383 1633 hominem
2414 1575 2701 1645 iustiﬁcari
2746 1588 2903 1645 posse
2947 1572 3066 1628 sine
3104 1569 3276 1641 gratia
3328 1569 3423 1624 Dei
3455 1587 3468 1623 :

1890 1686 1990 1726 nec
2042 1672 2108 1726 de
2159 1686 2255 1725 sua
2314 1668 2579 1739 sapientia
2624 1667 2709 1722 vel
2764 1668 2959 1723 virtute
3005 1663 3473 1736 praesumendum,
3559 1669 3573 1679 ’

1891 1761 2106 1831 quando
2143 1759 2369 1830 apostoli
2416 1759 2735 1831 mysterium
2779 1758 2928 1829 regni
2959 1757 3054 1813 Dei
3086 1771 3117 1810 a
3145 1754 3341 1826 seipsis
3367 1767 3475 1808 non

1894 1853 2233 1917 habuerunt,
2285 1851 2380 1907 sed
2435 1850 2619 1906 datum
2668 1866 2700 1904 a
2743 1850 2853 1905 Deo
2908 1854 3274 1917 acceperunt,
3322 1845 3477 1915 juxta

1889 1943 2031 2015 quod
2055 1959 2194 1999 unus
2212 1957 2423 2008 eorum,
2449 1941 2656 1997 scilicet
2676 1939 2912 1996 Jacobus
2928 1978 2944 2005 ,
2973 1938 3231 2008 loquitur,
3256 1936 3473 1993 dicens:

1893 2056 1912 2089 (
1941 2036 2113 2093 Omne
2161 2036 2344 2091 datum
2395 2035 2697 2104 optimum,
2743 2042 2799 2088 et
2839 2048 3001 2089 omne
3048 2032 3246 2087 donum
3296 2028 3473 2099 perfe-

1888 2138 2053 2189 ctum,
2098 2128 2379 2182 desursum
2428 2134 2531 2191 est,
2573 2125 2905 2180 descendens
2932 2140 2963 2177 a
2992 2121 3155 2178 Patre
3188 2121 3471 2184 luminum,

1888 2218 2029 2288 apud
2056 2232 2214 2286 quem
2245 2231 2353 2271 non
2383 2224 2467 2271 est
2499 2215 2910 2280 transmutatio,
2940 2214 3119 2282 neque
3146 2210 3475 2267 vicissitudi-

1891 2313 1975 2366 nis
1997 2310 2336 2366 obumbratio
2364 2307 2506 2381 (Jac.
2540 2308 2602 2380 ι).
2634 2327 2654 2361 a
2689 2308 2757 2363 Et
2775 2307 2915 2363 sicut
2939 2307 3053 2377 ipse
3074 2305 3335 2361 Dominus
3363 2304 3474 2359 ait:

1897 2423 1913 2454 ‹
1948 2401 2078 2457 Sine
2118 2416 2203 2457 me
2231 2400 2363 2456 nihil
2391 2400 2618 2471 potestis
2656 2398 2835 2455 facere
2880 2399 3061 2469 (Joan.
3108 2397 3220 2469 xv).
3252 2416 3269 2448 ι
3320 2395 3475 2453 Unde

1892 2493 2157 2563 glorificat
2201 2491 2443 2556 Patrem,
2488 2492 2672 2547 dicens
2703 2509 2717 2544 :
2754 2510 2774 2543 (
2802 2489 3075 2546 Conﬁteor
3123 2489 3239 2553 tibi,
3290 2487 3470 2551 Pater,

1894 2585 2117 2640 Domine
2148 2583 2270 2639 coeli
2300 2594 2355 2639 et
2380 2593 2560 2648 terrm,
2581 2582 2674 2651 qui
2697 2579 3025 2637 abscondisti
3056 2581 3171 2635 haec
3202 2596 3231 2634 a
3264 2578 3477 2648 sapien—

1895 2676 2038 2732 tibus
2074 2685 2129 2731 et
2167 2676 2555 2747 prudentibus,
2604 2684 2661 2730 et
2707 2673 2956 2730 revelasti
2997 2688 3060 2729 ea
3098 2670 3355 2742 parvulis.
3400 2671 3474 2725 Ita

1890 2769 2073 2834 Pater,
2102 2769 2356 2839 quoniam
2381 2769 2459 2823 sic
2478 2767 2737 2838 placitum
2761 2766 3001 2822 fuitante
3023 2763 3417 2836 te(Mauh.x1).
3453 2782 3471 2816 ι

1891 2862 1948 2917 ln
1974 2876 2039 2917 eo
2069 2876 2197 2917 vero
2225 2862 2372 2932 quod
2394 2861 2642 2917 subditur
2675 2878 2688 2914 :

1969 2976 1986 3007 ι
2014 2954 2086 3011 Ut
2109 2954 2355 3012 videntes
2376 2970 2481 3011 non
2505 2954 2746 3018 videant,
2772 2963 2827 3009 et
2848 2953 3129 3010 audientes
3152 2969 3259 3008 non
3284 2951 3481 3007 intelli-

1891 3054 2049 3117 gant»
2071 3044 2391 3116 Specialiter
2402 3044 2617 3101 Judaeos
2634 3042 3148 3113 percutit.Videntes
3162 3045 3306 3099 enim
3319 3059 3484 3113 quon-

1894 3138 2015 3193 dam
2030 3146 2257 3194 erantet
2271 3137 2571 3203 audientes,
2586 3136 2803 3207 quando
2823 3134 2915 3190 Dei
2935 3135 3265 3191 voluntatem
3286 3150 3484 3206 cogno-

1894 3238 2128 3295 scentes,
2153 3244 2317 3299 opere
2336 3229 2697 3300 complebant.
2733 3228 2884 3284 Unde
2908 3238 2963 3282 et
2990 3229 3265 3300 prophetae
3291 3244 3479 3291 eorum

208 3333 283 3390 te,
316 3326 536 3381 Domine
561 3325 682 3398 (Job
709 3327 865 3399 χιιι),
896 3347 915 3379 ι
975 3327 1041 3382 Et
1066 3327 1232 3383 Isaias
1258 3346 1271 3381 ;
1311 3346 1329 3379 ι
1358 3327 1619 3382 Dominus
1648 3300 1789 3383 Dens
1817 3300 1862 3364 (ἶ
1895 3320 2155 3377 Videntes
2177 3322 2604 3391 appellabantur,
2628 3322 2754 3392 quia
2786 3320 3041 3378 videbant
3067 3338 3129 3377 ea
3155 3338 3275 3392 quae
3299 3322 3481 3377 caeteri

212 3416 355 3471 dedit
394 3417 526 3471 mihi
572 3433 773 3474 aurem.
806 3438 826 3472 ι
877 3418 1057 3474 Finita
1094 3427 1275 3473 autem
1306 3418 1675 3483 similitudine,
1707 3419 1789 3474 in-
1816 3484 1821 3487 _
1892 3416 2077 3471 videre
2091 3431 2195 3470 nou
2216 3424 2698 3485 poterant;gentes
2719 3423 2896 3469 autem
2916 3431 3023 3469 non
3037 3415 3281 3469 videntes
3302 3424 3483 3472 etnon

212 3515 295 3562 ter
340 3508 522 3563 turbas
562 3509 774 3577 clamat,
826 3519 885 3564 ut
931 3510 1275 3565 clamandum
1306 3509 1360 3564 in
1404 3509 1790 3579 praedicatione
1891 3509 2177 3565 audientes
2215 3516 2390 3571 erant,
2418 3508 2544 3577 quia
2575 3507 2861 3562 Dominum
2885 3521 2991 3562 non
3038 3508 3478 3577 cognoscebant:

204 3598 511 3656 doctoribus
536 3602 847 3657 ostenderet
876 3616 891 3655 :
923 3616 1030 3657 non
1072 3610 1282 3657 tantum
1308 3600 1592 3657 altitudine
1616 3602 1786 3669 vocis,

204 3699 461 3759 quantum
512 3692 769 3749 instantia
812 3691 1232 3763 praedicationis,
1280 3691 1434 3761 juxta
1477 3690 1607 3747 illud
1644 3693 1785 3763 quod

202 3794 293 3849 per
316 3778 513 3837 Isaiam
539 3782 739 3838 dicitur
771 3801 785 3837 :
814 3801 834 3834 ι
867 3782 1073 3850 Clama,
1106 3800 1174 3841 ne
1205 3799 1422 3851 cesses,
1453 3786 1610 3856 quasi
1655 3787 1781 3842 tuba

203 3870 372 3926 exalta
401 3887 588 3929 vocem
622 3880 791 3937 tuam,
817 3880 875 3928 et
899 3875 1157 3929 annuntia
1195 3875 1394 3946 populo
1430 3891 1552 3931 meo
1580 3875 1783 3932 sceiera

204 3978 407 4031 eorum,
430 3974 484 4021 et
504 3964 686 4021 domui
714 3963 883 4023 Iacob
915 3975 1137 4035 peccata
1166 3981 1355 4022 eorum
1382 3965 1517 4038 (Isa.
1550 3966 1724 4039 LVIII).
1760 3988 1779 4019 ι
1808 3952 1813 3959 ’

203 4052 264 4109 Et
283 4056 484 4111 iterum
512 4073 526 4110 :
557 4076 575 4108 ι
606 4055 791 4113 Clama
823 4057 874 4113 in
904 4056 1235 4125 fortitudine,
1262 4058 1354 4129 qui
1374 4060 1668 4114 annuntias
1690 4074 1784 4129 pa.

205 4161 336 4204 cem.
377 4169 397 4202 ο

273 4260 290 4292 (
313 4241 722 4315 interrogabant
737 4252 916 4299 autem
929 4260 1051 4300 eum
1065 4245 1311 4316 discipuli
1337 4246 1474 4315 ejus,
1500 4262 1619 4317 quae
1637 4256 1783 4304 esset

211 4349 226 4381 (
253 4331 366 4387 haec
400 4334 675 4403 parabola.
708 4354 727 4387 ι
782 4334 898 4390 Non
930 4336 1226 4406 putandum
1269 4346 1353 4393 est
1382 4339 1526 4408 quod
1555 4354 1679 4394 mox
1714 4339 1780 4393 ﬁ-

205 4424 309 4478 nita
355 4426 743 4493 similitudine,
773 4428 1018 4497 discipuli
1054 4445 1239 4484 coram
1273 4431 1446 4486 turbis
1483 4431 1783 4503 interroga-

207 4519 395 4585 verint,
426 4520 554 4587 sed,
587 4521 726 4576 sicut
760 4522 837 4575 ait
860 4521 1105 4587 Marcus,
1135 4538 1260 4577 cum
1294 4532 1439 4578 esset
1490 4523 1780 4595 singularis

156 4668 159 4675 ,
206 4610 255 4665 in
295 4613 479 4680 domo,
517 4615 926 4686 interrogabant
963 4631 1089 4671 eum
1129 4633 1251 4687 qua:
1287 4627 1433 4673 esset
1477 4618 1591 4674 haec
1619 4634 1781 4690 para-

206 4708 338 4765 bola.

270 4820 288 4853 (
315 4802 522 4869 Quibus
563 4804 649 4860 ille
695 4806 807 4861 ait:
838 4807 1001 4863 Vobis
1030 4810 1215 4863 datum
1256 4816 1340 4864 est
1377 4823 1536 4867 nosse
1575 4822 1778 4883 myste.

209 4911 225 4943 (
253 4895 390 4949 rium
420 4898 571 4968 regni
597 4898 712 4964 Dei,
738 4898 843 4955 illis
870 4909 1051 4955 autem
1073 4901 1164 4970 qui
1188 4900 1321 4957 foris
1343 4913 1483 4969 sunt,
1517 4906 1699 4959 omnia
1723 4906 1779 4960 in

210 4989 520 5057 tparabolis
570 4990 723 5045 ﬁunt.
757 5009 777 5044 ι
830 4992 1030 5049 Domus
1070 5001 1250 5049 autem
1291 4996 1345 5049 in
1385 5012 1488 5067 qua
1532 4997 1781 5068 discipuli

206 5075 483 5134 Dominum
528 5080 953 5153 interrogabant,
999 5084 1353 5154 spiritualiter
1381 5086 1680 5143 Ecclesiam
1708 5089 1782 5144 si-

202 5171 491 5240 gniﬁcavit,
539 5191 660 5246 quae
702 5175 896 5233 domus
942 5178 1034 5234 Dei
1073 5178 1214 5234 facta
1246 5189 1330 5235 est
1364 5194 1463 5250 per
1501 5180 1683 5247 ﬁdem,
1714 5183 1781 5238 de

202 5278 299 5330 qua
330 5266 593 5337 scriptum
624 5277 708 5325 est
741 5288 754 5323 :
791 5288 809 5321 (
856 5269 1093 5326 lntroibo
1128 5272 1182 5326 in
1222 5271 1441 5327 domum
1481 5280 1648 5338 tuam,
1682 5274 1779 5328 ad-

202 5357 363 5413 oraho
382 5359 453 5414 ad
473 5360 735 5432 templum
753 5370 999 5417 sanctum
1025 5370 1175 5418 tuum
1200 5364 1253 5418 in
1280 5365 1473 5419 timore
1493 5372 1587 5419 tuo
1608 5363 1779 5436 (Psal.

203 5444 272 5514 v).
307 5468 327 5501 ι
386 5449 467 5506 Illi
502 5459 685 5508 autem
710 5454 936 5509 audiunt
974 5456 1289 5525 mysterium
1317 5457 1451 5522 Dei,
1474 5457 1569 5527 qui
1599 5456 1781 5528 ingrc-

203 5541 415 5605 diuntur
460 5548 865 5605 tabernaculum
914 5548 1049 5618 ejus.
1107 5550 1208 5617 Qui
1254 5566 1384 5622 ergo
1430 5550 1543 5605 vult
1587 5558 1785 5623 mystc-

202 5634 334 5692 rium
371 5639 466 5694 Dei
512 5654 842 5712 cognoscere
865 5683 879 5708 ,
919 5641 1137 5696 domum
1178 5658 1299 5697 eum
1334 5641 1465 5698 Jesu
1504 5643 1700 5710 intret,
1731 5645 1784 5699 id

198 5738 278 5784 est
317 5731 491 5789 ﬁdelis
532 5733 707 5790 factus
742 5735 1002 5790 unitatem
1024 5734 1280 5790 Ecclesiae
1308 5742 1488 5790 teneat
1514 5735 1641 5807 quia
1672 5736 1785 5807 ipse

201 5823 339 5891 facit,
372 5827 513 5883 sicut
532 5843 632 5901 per
651 5829 992 5885 Psalmistam
1017 5827 1405 5899 dicitur(Psal.
1431 5831 1620 5904 van),
1649 5845 1781 5885 una-

205 5920 368 5977 nimes
397 5922 642 5979 habitare
666 5925 721 5979 in
753 5924 930 5981 domo.
964 5923 1228 5980 Caeterum
1256 5922 1331 5977 illi
1359 5923 1449 5993 qui
1475 5922 1608 5979 foris
1637 5930 1780 5987 sunt,

1808 4665 1860 4724 D

1893 3600 1987 3656 sed
2006 3599 2236 3656 Domino
2248 3599 2499 3655 veniente
2524 3598 2576 3654 in
2597 3598 2817 3664 mundo,
2834 3597 3080 3653 videntes
3092 3605 3146 3652 et
3176 3596 3479 3663 audientes,

1886 3704 2109 3767 propter
2145 3695 2455 3766 superbiam
2485 3693 2613 3749 caeci
2642 3702 2697 3748 et
2722 3692 2868 3748 surdi
2899 3691 3025 3748 facti
3058 3699 3224 3757 sunt,
3264 3692 3480 3761 quando

1887 3792 1942 3846 in
1973 3806 2097 3846 eum
2137 3790 2362 3847 credere
2398 3788 2709 3855 noluerunt,
2750 3785 2969 3857 impleta
3007 3785 3291 3857 prophetia
3326 3784 3477 3841 lsaia‘.

1888 3901 2009 3956 quae
2034 3886 2165 3941 dicit
2193 3900 2209 3939 :
2247 3902 2266 3935 ι
2302 3883 2526 3938 Excaeca
2552 3897 2647 3937 cor
2670 3879 2851 3952 populi
2881 3881 3062 3951 hujus,
3094 3890 3149 3934 et
3177 3892 3337 3934 aures
3365 3878 3482 3949 ejus

1886 3992 2151 4049 aggrava,
2190 3983 2247 4030 et
2279 3974 2466 4030 oculos
2500 3971 2617 4042 ejus
2645 3972 2835 4027 claude
2865 3970 3000 4039 (Ira.
3031 3969 3109 4040 vi)
3141 3986 3156 4022 :
3197 3988 3215 4020 ι
3243 3985 3313 4023 ne
3342 3967 3480 4022 forte

1888 4070 2105 4125 videant
2136 4067 2327 4133 oculis,
2358 4075 2413 4122 et
2439 4066 2661 4121 auribus
2686 4064 2943 4128 audiant,
2992 4071 3049 4117 et
3087 4061 3249 4117 corde
3279 4060 3479 4115 intelli-

1886 4171 2034 4235 gant,
2066 4169 2120 4217 et
2142 4167 2551 4224 convertantur,
2587 4164 2645 4212 et
2676 4171 2861 4211 sanem
2906 4170 3003 4210 eos
3033 4173 3046 4207 :
3079 4167 3188 4209 non
3232 4152 3478 4208 videntes

1885 4263 1941 4310 et
1988 4268 2095 4309 non
2144 4252 2424 4307 audientes
2469 4248 2740 4304 credendo
2790 4245 3074 4300 illuminati
3128 4252 3273 4309 sunt,
3318 4241 3475 4312 juxta

1884 4345 2016 4400 illud
2044 4346 2186 4415 quod
2219 4344 2478 4399 Dominus
2508 4342 2560 4397 in
2589 4338 2882 4410 Evangelio
2909 4338 3040 4393 dicit
3067 4352 3081 4391 :
3116 4336 3173 4391 in
3212 4335 3475 4407 judicium

1884 4452 1986 4507 ego
2038 4435 2091 4490 in
2146 4434 2405 4490 mundum
2454 4435 2599 4488 hunc
2638 4431 2783 4496 veni,
2823 4438 2882 4485 ut
2919 4429 3012 4499 qui
3037 4443 3144 4483 non
3166 4427 3367 4488 vident,
3401 4425 3480 4478 vi-

1884 4531 2070 4594 deant,
2128 4536 2183 4583 et
2219 4526 2310 4597 qui
2338 4526 2546 4590 vident,
2589 4525 2719 4580 (ποί
2761 4526 2912 4578 ﬁant.
2964 4521 3254 4589 Exponens
3298 4524 3478 4569 autem

1887 4624 2148 4680 Dominus
2177 4620 2517 4693 parabolam,
2552 4617 2795 4687 adjunxit
2822 4633 2835 4669 :
2868 4636 2886 4667 (
2921 4614 3015 4667 Est
3040 4619 3219 4664 autem
3246 4609 3361 4663 haec
3386 4622 3480 4676 pa-

1896 4736 1915 4768 (
1944 4716 2128 4773 rabola
2164 4734 2176 4769 :
2215 4713 2414 4770 Semen
2452 4722 2535 4769 est
2574 4710 2795 4767 verbum
2840 4705 2955 4761 Dei.
2985 4702 3086 4771 Qui
3113 4709 3292 4757 autem
3323 4713 3481 4754 secus

1891 4828 1912 4861 ε
1948 4809 2118 4874 viam,
2170 4806 2225 4861 hi
2281 4806 2417 4859 hunt
2446 4803 2537 4873 qui
2574 4801 2839 4861 attdinnt,.
2873 4793 3067 4850 deinde
3121 4792 3270 4847 venit
3297 4790 3481 4846 diabo—

1892 4921 1909 4952 (
1943 4901 2047 4965 lus,
2079 4919 2098 4949 ι
2133 4906 2237 4952 ctc.
2262 4895 2498 4950 Pulchre
2527 4891 2718 4948 semini
2741 4889 2960 4944 verbum
2994 4887 3086 4943 Dei
3111 4892 3475 4956 comparatur,

1887 4995 1977 5066 qui
2000 4993 2141 5048 sicut
2169 5006 2377 5055 semen,
2409 4988 2553 5061 quod
2581 4988 2633 5041 in
2662 4996 2802 5042 terra
2832 4985 3054 5049 seritur,
3083 4995 3308 5052 parvum
3331 4979 3479 5034 vide-

1890 5095 1999 5151 tur,
2024 5093 2210 5156 postea
2239 5095 2494 5137 crescens
2520 5076 2907 5148 multiplicatur
2935 5094 2946 5128 :
2978 5076 3049 5128 ita
3096 5073 3319 5126 verbum
3356 5068 3475 5135 Dei,

1889 5193 2011 5234 cum
2060 5176 2114 5231 in
2158 5175 2414 5231 cordibus
2459 5171 2762 5226 auditorum
2790 5168 3106 5232 seminatur,
3133 5178 3361 5235 parvum
3391 5160 3475 5215 vi-

1889 5270 2071 5335 detur,
2099 5268 2192 5324 sed
2213 5280 2337 5321 cum
2360 5263 2633 5319 auditores
2654 5262 2705 5316 in
2733 5260 2889 5315 bonis
2908 5259 3161 5330 operibus
3182 5253 3476 5318 creverint,

1891 5370 2018 5417 tunc
2040 5360 2242 5432 pariter
2271 5373 2391 5413 cum
2418 5356 2546 5426 ipsis
2570 5354 2793 5410 verbum
2832 5352 2924 5407 Dei
2953 5365 3203 5421 maguum
3240 5350 3474 5401 fructum

1891 5454 1944 5509 in
1974 5452 2262 5508 virtutibus
2282 5448 2507 5521 profert.
2546 5447 2612 5502 Et
2640 5447 2778 5503 sicut
2803 5460 2870 5499 ex
2895 5441 3246 5513 multiplicato
3271 5436 3477 5494 semine

1889 5550 2131 5621 pascitur
2185 5561 2403 5616 corpus,
2438 5545 2512 5600 ita
2537 5545 2705 5600 verbo
2731 5542 2823 5597 Dei
2852 5540 3094 5612 pascitur
3128 5537 3306 5593 anima
3327 5574 3342 5596 ,
3377 5532 3479 5586 Do-

1891 5644 2039 5698 mino
2079 5640 2292 5696 dicente
2326 5658 2336 5692 :
2384 5658 2402 5689 ι
2434 5637 2551 5693 Νοη
2578 5637 2631 5691 in
2658 5635 2774 5691 solo
2812 5649 2951 5705 pane
2989 5632 3121 5685 vivit
3151 5630 3334 5689 homo,
3382 5623 3480 5680 sed

1890 5736 1944 5790 in
1973 5733 2120 5790 omni
2146 5734 2309 5787 verbo
2330 5732 2472 5802 quod
2492 5728 2735 5800 procedit
2756 5728 2822 5783 de
2840 5739 2936 5782 ore
2960 5722 3051 5777 Dei
3077 5718 3291 5791 (Matth.
3321 5717 3415 5787 tv).
3454 5736 3471 5769 ι

1889 5827 1956 5880 Ει
2003 5824 2492 5897 quemadmodum,
2527 5838 2649 5879 cum
2683 5818 3095 5891 multiplicatum
3126 5828 3309 5868 semen
3340 5826 3474 5867 con-

1888 5926 2071 5990 gregat
2104 5919 2155 5972 in
2187 5917 2441 5973 horreum
2483 5912 2736 5984 agricola,
2778 5908 2972 5982 gaudet
3003 5925 3015 5960 :
3051 5905 3125 5960 ita
3157 5920 3279 5960 cum
3309 5904 3472 5958 homo
