4038 6352
526 415 625 471 l67
1158 406 1507 465 HAYMONIS
1545 404 2021 463 HALBERSTAT.
2061 400 2276 459 EPISC.
2312 399 2463 457 OPP.
2503 398 2683 455 PARS
2720 399 2785 455 ll.
2818 429 2887 442 --
2926 399 3157 458 HOMlL.
3696 400 3828 457 168

525 531 592 587 ad
642 528 1005 585 maturitatem
1056 513 1489 595 perseverantize'
1517 523 1845 594 pervenerit,
1905 521 2098 592 dignus
2125 517 2342 586 A-quod
2388 516 2775 585 interpretatur
2813 514 3020 583 absque
3055 510 3219 584 jugo,
3253 512 3497 568 dicitur:
3537 528 3568 568 a
3599 514 3833 572 Marco

524 619 752 675 edicitur
774 626 835 673 ut
857 617 910 671 in
930 612 1182 672 horreum
1207 615 1298 670 Dei
1323 622 1699 687 congregetur,
1724 613 1815 668 ubi
1836 627 1941 667 non
1970 626 2096 667 esu-
2200 604 2451 670 Satanas,
2481 605 2536 660 id
2563 613 2646 660 est
2675 603 2980 659 οοηιτπίυε
3008 622 3021 657 ε
3049 609 3104 658 ει
3131 619 3163 657 εί
3190 600 3444 659 Hammo
3479 604 3673 659 malus
3709 621 3833 677 ³1)·

527 714 652 777 riat,
704 725 876 780 neque
923 709 1092 775 sitiat,
1137 724 1312 779 neque
1362 708 1631 780 percutiat
1661 722 1783 763 eum
1812 715 1975 761 aestus
2005 713 2099 759 aut
2196 697 2444 768 pellatur,
2480 696 2629 767 mille
2658 710 2892 766 namque
2931 695 3163 751 nocendi
3207 694 3372 751 habet
3419 705 3584 752 ἔληθε·
3642 697 3829 752 Idem

528 805 631 869 sol,
665 803 757 858 sed
787 816 999 872 semper
1031 802 1283 870 gaudeat,
1315 815 1631 871 semperque
1665 800 1893 855 laetetur.
1930 798 2096 866 Quasi
2197 794 2375 841 autem
2403 783 2497 855 (Ιιιί
2526 800 2559 839 ³
2589 784 2733 839 Luca
2767 783 3044 850 άίδδοίυεν
3089 799 3120 837 ³
3156 782 3339 838 Marco
3380 782 3642 851 Salamis.
3690 793 3759 842 θι
3792 802 3831 840 a

528 897 671 951 enim
728 904 966 965 tempore
1017 894 1243 950 sationis
1294 891 1536 964 parvum
1575 908 1759 948 semen
1804 891 2099 961 aspiciebat
2199 877 2447 932 Μλῑιῢαθο
2477 875 2651 931 malus
2690 875 3005 963 appellatur»
3032 875 3283 931 deorsum
3309 874 3479 931 ﬂuere
3501 875 3638 933 fac“
3663 893 3832 947 quos

526 986 830 1052 Ρεηιηιίειθ,
875 1000 998 1040 cum
1041 983 1253 1041 dicebat
1284 1002 1297 1038 ε
1336 1003 1355 1036 ι
1385 985 1585 1039 Ευηιθε
1610 984 1758 1039 ibam
1782 990 1837 1038 ει
1864 982 2094 1049 ﬂebam,
2200 970 2440 1041 decipit,
2469 977 2525 1024 et
2554 969 2862 1025 contrarius
2889 977 2973 1024 est
3000 969 3284 1025 animabus
3316 969 3555 1027 ﬁdelium
3579 1013 3593 1036 ,
3646 982 3720 1027 et
3747 974 3834 1029 ad

526 1079 799 1134 mittentes
845 1076 1050 1131 Semina
1099 1091 1195 1130 sua
1249 1073 1418 1143 (Psal.
1474 1076 1656 1144 αχεν).
1688 1094 1706 1126 ι
1755 1074 1919 1142 Quasi
1968 1089 2098 1129 vero

2228 1070 2513 1132 .erpetuum
2536 1061 2735 1115 malum
2759 1075 2896 1130 quos
2915 1059 3188 1131 deceperit
3206 1064 3503 1131 pertrahit,
3543 1073 3625 1120 tot
3650 1066 3826 1120 enim

526 1169 667 1223 idem
695 1181 880 1223 semen
909 1165 1318 1236 multiplicatum
1344 1174 1717 1236 conspexerat,
1742 1181 1865 1221 cum
1886 1166 2094 1220 aiebat:
2200 1152 2360 1208 habet
2384 1155 2675 1221 νοθεῢιιιειν
2719 1163 2852 1225 qua
2887 1157 3116 1212 ηοοεηάί
3160 1157 3372 1228 ingenia
3394 1199 3409 1224 9
3445 1159 3512 1214 de
3553 1176 3673 1229 (ἶυο
3710 1176 3829 1229 Per

526 1257 813 1313 Veniemes
851 1265 1030 1312 autem
1074 1256 1295 1313 venient
1322 1258 1377 1313 in
1409 1257 1785 1322 exsultatione,
1824 1267 2099 1327 portantes
2200 1246 2418 1302 beatum
2444 1246 2663 1303 Petrum
2692 1248 2991 1319 apostolum
3013 1250 3211 1305 dicitur
3236 1266 3251 1305 :
3282 1271 3301 1303 ι
3335 1251 3513 1307 Sobrii
3536 1263 3732 1309 estote
3760 1264 3827 1310 et

526 1348 827 1419 manipulos
865 1362 1010 1403 suos,
1069 1346 1222 1403 Sicut
1258 1363 1388 1419 ergo
1432 1363 1614 1404 semen
1659 1348 1711 1403 in
1753 1363 1849 1419 spe
1891 1348 2099 1403 fructus
2205 1338 2457 1409 vigilate,
2508 1340 2635 1409 quia
2667 1339 3012 1395 adversarius
3041 1351 3222 1396 vester
3248 1343 3492 1398 diabolus
3530 1354 3825 1414 tanquam

527 1444 745 1507 seritur,
773 1442 847 1496 ita
869 1450 924 1497 et
949 1443 1172 1498 verbum
1200 1442 1412 1498 Domini
1448 1434 1677 1511 propter
1697 1440 1866 1496 solam
1895 1454 2102 1494 merce-
2202 1428 2287 1483 130
2315 1428 2533 1499 τυείθηε
2555 1429 2769 1496 Circum
2799 1446 3050 1500 (ιυωτειιε
3080 1448 3239 1502 quem
3268 1432 3509 1500 ἀθνονει,
3532 1437 3621 1490 Clli
3658 1438 3823 1493 resi-

526 1535 648 1589 dem
688 1534 813 1589 vitae
857 1543 1075 1590 aeternae
1106 1535 1406 1590 docendum
1433 1544 1535 1589 est.
1588 1533 1646 1588 In
1674 1533 1878 1588 semine
1906 1532 2103 1603 quippe

432 1626 443 1633 '
527 1623 673 1678 aliud
708 1633 790 1679 est
833 1633 1044 1696 tempus
1082 1626 1325 1690 sationis,
1361 1625 1505 1682 aliud
1532 1625 1816 1680 rnessionis
1850 1643 1862 1677 :
1894 1624 2018 1692 quia
2050 1624 2102 1677 in

528 1718 632 1773 bac
653 1718 763 1773 vita
790 1719 1163 1774 seminandum
1190 1727 1295 1785 est,
1324 1719 1467 1789 quod
1499 1719 1552 1773 in
1582 1717 1761 1773 futuro
1792 1717 2102 1786 recipiatur,

530 1813 763 1882 quando,
811 1813 951 1868 sicut
986 1813 1061 1867 ait
1088 1812 1414 1883 Apostolus:
1454 1832 1472 1864 ι
1503 1811 1844 1880 Quaecunque
1875 1810 2107 1865 semina-

2204 1519 2328 1573 stite
2365 1518 2534 1574 fortes
2554 1520 2607 1574 in
2647 1520 2771 1587 ﬁde,
2813 1523 3049 1577 scientes
3077 1524 3321 1579 eamdem
3363 1526 3677 1595 passionem
3721 1529 3820 1593 ei,

2206 1626 2325 1681 qua:
2344 1612 2397 1666 in
2414 1612 2611 1667 mundo
2628 1621 2731 1679 est,
2748 1623 2943 1669 vestra:
2963 1613 3286 1671 fraternitati
3305 1617 3417 1672 ﬁeri
3434 1617 3487 1688 (Ι
3506 1617 3756 1691 Petr.v).
3793 1642 3813 1672 ι

2286 1721 2305 1754 ο
2348 1702 2481 1758 Nam
2510 1704 2600 1773 qui
2650 1720 2811 1776 supra
2850 1715 3089 1775 petram,
3120 1706 3197 1787 hi.
3226 1717 3387 1776 sunt,
3417 1711 3508 1778 qui
3541 1727 3667 1765 cum
3704 1729 3816 1767 au-

2216 1811 2237 1847 t
2272 1794 2492 1860 dierint,
2508 1810 2629 1849 cum
2651 1796 2844 1866 gaudio
2859 1797 3156 1867 suscipiunt
3176 1800 3422 1865 verbum,
3438 1809 3495 1854 et
3514 1802 3566 1855 hi
3587 1803 3817 1858 radices

530 1907 671 1961 verit
702 1908 880 1973 homo,
915 1906 1029 1961 haec
1066 1914 1122 1960 et
1161 1913 1327 1961 metet
1355 1921 1368 1957 :
1392 1905 1645 1976 quoniam
1678 1904 1768 1974 qui
1800 1904 2028 1958 seminat
2055 1902 2106 1955 in
2138 1894 2183 1953 Β
2218 1904 2236 1936 ⁴
2273 1901 2378 1976 ηοῐξ
2400 1886 2617 1951 habet",
2643 1886 2768 1955 (illia
2792 1887 2860 1940 ad
2891 1896 3101 1956 ῑθωρυε
3130 1889 3375 1953 credunt:
3401 1898 3456 1943 θι
3478 1890 3530 1943 ίη
3555 1899 3816 1960 tempore

530 2014 716 2063 carne,
745 1998 812 2053 de
843 2012 1006 2053 carne
1036 2006 1090 2051 et
1127 1992 1291 2052 metet
1318 1995 1716 2065 corruptionem
1748 2012 1761 2048 :
1793 1995 1884 2064 qui
1929 2002 2107 2047 autem

532 2090 762 2145 seminat
801 2090 857 2143 in
891 2089 1101 2159 spiritu,
1131 2089 1198 2144 de
1228 2089 1419 2158 spiritu
1453 2095 1619 2143 metet
1646 2085 1812 2141 vitam
1851 2094 2111 2140 aeternam

533 2181 730 2253 (Galat.
774 2185 872 2254 vi).
905 2201 924 2235 ι
978 2181 1093 2236 Hoc
1118 2189 1299 2237 autem
1328 2196 1509 2237 semen
1540 2179 1825 2250 Apostolus
1852 2178 1906 2233 in
1937 2178 2113 2233 cordi-

467 2254 489 2277 ³
532 2273 632 2327 bus
655 2272 1037 2344 discipulorum
1053 2288 1172 2328 esse
1195 2272 1483 2344 gaudebat,
1499 2271 1713 2327 dicens:
1737 2290 1755 2321 ‹
1776 2268 1990 2325 Gratias
2014 2285 2113 2340 ago

533 2364 643 2418 Deo
681 2379 801 2419 meo
844 2377 1057 2433 semper
1096 2379 1194 2433 pro
1232 2363 1484 2417 omnibus
1523 2361 1677 2417 vobis
1719 2362 1771 2415 in
1801 2362 1972 2434 gratia
1995 2360 2111 2427 Dei,

532 2471 653 2524 qua:
678 2455 799 2510 data
825 2463 907 2510 est
934 2455 1083 2509 vobis
1106 2456 1157 2509 in
1185 2446 1407 2510 Christo
1428 2453 1553 2510 Jesu
1580 2473 1592 2509 :
1621 2454 1747 2525 quia
1778 2455 1832 2509 in
1866 2454 2116 2509 omnibus

532 2547 724 2603 divites
755 2545 878 2601 facti
908 2547 1039 2601 estis
1070 2547 1122 2601 in
1163 2546 1271 2610 illo,
1305 2546 1360 2601 in
1402 2547 1549 2602 omni
1580 2548 1767 2612 verbo,
1807 2555 1862 2600 et
1890 2546 1943 2600 ln
1969 2544 2117 2600 omni

535 2637 758 2693 scientia
791 2677 807 2704 ,
857 2637 932 2691 ita
981 2646 1039 2691 ut
1091 2637 1223 2692 nihil
1274 2638 1424 2693 vobis
1478 2637 1619 2693 desit
1667 2638 1721 2692 in
1781 2636 1888 2690 ulla
1947 2636 2117 2706 gratia

536 2728 589 2800 (ι
635 2728 758 2783 Cor.
815 2728 876 2799 ι).
908 2748 927 2780 ι

612 2819 762 2886 «Qui
813 2828 993 2874 autem
1056 2834 1210 2875 secus
1263 2822 1429 2887 viam,
1480 2820 1537 2875 hi
1592 2828 1719 2876 sunt
1745 2821 1837 2891 qui
1873 2820 2118 2884 audiunt,

542 2929 561 2961 ι
588 2911 778 2966 deinde
805 2912 953 2967 venit
978 2912 1244 2980 diabolus,
1270 2922 1323 2969 et
1348 2914 1485 2969 tollit
1504 2918 1729 2969 verbum
1751 2914 1817 2969 de
1847 2913 2008 2969 corde
2032 2929 2121 2968 e0-

542 3026 561 3057 ι
588 3022 728 3072 rum,
777 3023 844 3063 ne
877 3009 1160 3065 credentes
1203 3010 1338 3064 salvi
1385 3012 1536 3064 ﬁant.
1571 3031 1588 3063 ι
1651 3011 1726 3065 De
1769 3011 1873 3065 hoc
1919 3013 2122 3064 semine

538 3097 750 3154 Marcus
780 3100 853 3154 ita
880 3101 1071 3156 scribit
1099 3120 1111 3155 :
1146 3121 1165 3156 ι
1191 3103 1254 3158 Hi
1298 3111 1475 3157 autem
1517 3112 1642 3158 sunt
1670 3103 1761 3172 qui
1789 3103 1933 3158 circa
1956 3102 2117 3165 viam,

537 3188 627 3243 ubi
655 3191 952 3245 seminatur
988 3192 1230 3259 verbum,
1270 3203 1475 3249 etcum
1514 3194 1808 3257 audierint,
1843 3193 2123 3249 confestim

2218 1997 2236 2030 ε
2277 1972 2586 2032 tentationis
2634 1978 2909 2033 recedunt.
2949 1997 2967 2028 ι
3019 1978 3172 2034 Sicut
3219 1978 3446 2035 Domino
3493 1992 3811 2051 exponente

2214 2072 2622 2142 cognoscimus,
2665 2078 2790 2126 sunt
2831 2071 3106 2138 nonnulli,
3137 2073 3228 2142 qui
3269 2089 3390 2128 cum
3434 2075 3663 2130 verbum
3705 2077 3809 2131 Dei

2214 2166 2497 2237 przedicari
2527 2166 2772 2231 audiunt,
2799 2167 2924 2220 totis
2952 2167 3091 2221 votis
3112 2180 3170 2221 se
3191 2175 3502 2223 servaturos
3534 2170 3679 2237 quod
3703 2185 3807 2224 au-

2216 2258 2398 2323 diunt,
2426 2257 2778 2327 promittunt:
2800 2257 2893 2312 sed
2922 2257 3012 2312 ubi
3035 2258 3183 2314 locus
3204 2259 3463 2329 peccandi
3486 2261 3803 2326 advenerit,

2218 2354 2417 2420 subito,
2437 2353 2581 2423 quod
2613 2353 2761 2422 prius
2788 2353 3170 2422 promiserant,
3206 2352 3614 2409 obliviscuntur.
3638 2355 3799 2411 Verbi

2218 2446 2409 2517 gratia,
2440 2461 2561 2502 cum
2589 2446 2814 2500 audiunt
2841 2446 3005 2516 aliqui
3028 2446 3314 2501 Dominum
3336 2446 3639 2502 dicentem:
3669 2467 3687 2497 ι
3709 2446 3800 2501 Vae

2219 2538 2371 2593 vobis
2400 2537 2689 2601 divitibus,
2738 2538 2829 2608 qui
2867 2538 3078 2592 habetis
3106 2547 3345 2593 vestram
3372 2528 3784 2593 consolationem

2222 2629 2374 2700 (Luc.
2397 2630 2496 2701 vr),
2528 2648 2546 2681 ι
2579 2638 2670 2685 et:
2700 2628 2952 2694 Difﬁcile,
2981 2631 3073 2700 qui
3100 2630 3361 2701 pecunias
3388 2630 3608 2693 habent.
3628 2632 3791 2685 intra-

2219 2721 2353 2776 bunt
2373 2721 2428 2775 in
2457 2736 2678 2792 regnum
2706 2722 2985 2786 caelorum,
3007 2723 3290 2777 avaritiam
3312 2725 3651 2778 detestantur
3673 2743 3687 2777 :
3710 2722 3801 2776 sed

2221 2813 2312 2870 ubi
2341 2814 2474 2869 born
2502 2814 2934 2886 compunctionis
2972 2816 3285 2879 transierit,
3324 2831 3429 2870 non
3469 2816 3645 2870 solum
3674 2828 3800 2883 pro-

2220 2907 2366 2978 prias
2387 2906 2602 2961 divitias
2630 2906 2985 2963 immoderate
3011 2909 3266 2973 retinent,
3297 2909 3392 2963 sed
3414 2909 3577 2962 etiam
3604 2906 3809 2961 alienas

2224 3015 2311 3055 res
2360 3000 2750 3070 concupiscunt
2794 3000 2878 3054 vel
2922 2997 3156 3070 rapiunt.
3209 2998 3469 3054 Similiter
3514 2999 3642 3064 alii,
3679 2999 3813 3052 dum

2224 3090 2451 3145 audiunt
2479 3090 2799 3160 Apostolum
2837 3090 3101 3146 dicentem
3129 3089 3192 3161 (1
3232 3088 3351 3144 Cor.
3397 3090 3483 3159 vr)
3510 3106 3523 3142 :
3555 3089 3815 3143 Adulteri

2226 3195 2448 3252 regnum
2492 3181 2586 3237 Dei
2629 3197 2735 3237 non
2772 3181 3155 3252 possidebunt,
3186 3182 3363 3237 carnis
3401 3182 3819 3235 immunditiam

541 3282 689 3336 venit
736 3283 988 3351 Satanas,
1017 3294 1072 3340 et
1119 3286 1295 3341 aufert
1337 3288 1561 3342 verbum
1602 3287 1745 3357 quod
1799 3288 2120 3342 seminatum

2228 3274 2583 3341 detestantur,
2614 3274 2749 3330 adeo
2774 3282 2835 3329 ut
2855 3283 2910 3329 et
2930 3274 3181 3345 lacrymis
3206 3274 3514 3345 plerumque
3536 3289 3819 3344 compun-

542 3381 627 3428 est
654 3373 707 3427 in
750 3374 999 3430 cordibus
1024 3390 1232 3431 eorum.
1266 3397 1282 3428 ι
1337 3375 1619 3432 Mattliaeus
1641 3391 1771 3432 vero
1798 3379 1870 3432 ita
1905 3395 1917 3429 :
1948 3396 1966 3428 ‹
1996 3374 2123 3430 Οηι-

538 3464 625 3520 nis
663 3465 754 3536 qui
792 3466 943 3521 audit
974 3468 1197 3522 verbum
1244 3468 1414 3539 regni,
1449 3477 1503 3524 et
1531 3483 1637 3523 non
1667 3468 1945 3539 intelligit,
1977 3466 2126 3522 venit

538 3557 711 3613 malus
751 3568 806 3614 et
848 3560 987 3628 rapit
1013 3558 1156 3629 quod
1186 3561 1508 3615 seminatum
1539 3569 1624 3615 est
1651 3560 1706 3614 in
1738 3561 1901 3615 corde
1926 3557 2060 3627 ejus.
2100 3577 2118 3609 ι

540 3647 599 3703 ln
642 3650 838 3720 quibus
878 3651 1057 3705 verbis
1097 3651 1389 3706 Dominicaa
1416 3652 1768 3722 expositionis
1799 3652 1901 3706 hoc
1933 3666 2128 3721 cogno-

541 3742 759 3806 scimus,
798 3744 923 3811 quia
956 3743 1191 3807 viantes,
1225 3743 1396 3798 malas
1421 3753 1477 3797 et
1505 3743 1809 3799 immundas
1842 3743 2125 3812 cogitatio-

544 3848 640 3888 nes
664 3832 988 3904 signiﬁcant.
1041 3832 1177 3888 Sunt
1198 3836 1343 3890 enim
1365 3836 1643 3902 nonnulli,
1667 3838 1757 3906 qui
1787 3830 2011 3892 verbum
2034 3836 2128 3892 Dei

544 3923 787 3987 audiunt,
823 3923 920 3977 sed
960 3923 1086 3978 dum
1125 3923 1399 3979 immunda
1448 3925 1714 3981 desideria
1769 3929 1823 3982 in
1877 3927 2130 3983 cordibus

545 4012 657 4067 suis
701 4014 1023 4068 commorari
1060 4016 1397 4084 permittunt,
1446 4032 1633 4073 semen
1677 4018 1827 4073 verbi
1855 4018 1951 4074 Dei
1974 4019 2133 4089 spiri-

548 4103 707 4157 talem
747 4102 978 4168 fructum
1003 4104 1246 4175 proferre
1270 4122 1376 4162 non
1403 4115 1581 4178 potest
1598 4127 1611 4163 :
1630 4109 1864 4179 dumque
1880 4110 1932 4164 in
1946 4125 2133 4165 eorum

547 4193 801 4248 cordibus
835 4193 1163 4251 immundam
1194 4198 1571 4268 cogitationem
1601 4200 1927 4256 immundior
1950 4200 2132 4272 sequi-

548 4289 636 4336 tur
656 4285 919 4353 operatio,
948 4286 1102 4356 quasi
1126 4302 1157 4341 a
1179 4288 1450 4345 viantibus
1472 4293 1694 4346 verbum
1726 4292 1822 4348 Dei
1840 4293 2136 4348 conculca-

549 4381 659 4439 tur,
690 4390 757 4430 ne
783 4374 1099 4433 fructiﬁcari
1124 4380 1317 4450 possit,
1340 4381 1586 4452 qualibus
1612 4398 1711 4453 per
1739 4383 2058 4453 prophetam
2078 4384 2135 4439 in

550 4466 730 4536 specie
767 4466 918 4523 Judae
961 4469 1195 4525 dicitur:
1228 4490 1245 4521 ι
1280 4470 1347 4526 Ει
1384 4472 1614 4542 posuisti
1642 4482 1706 4527 ut
1747 4481 1891 4528 terra
1941 4490 2136 4545 corpus

551 4567 733 4625 tuum,
777 4566 832 4614 et
861 4560 1016 4630 quasi
1054 4561 1194 4615 viam
1233 4564 1641 4620 transeuntibus
1682 4563 1829 4636 (Isa.
1864 4564 1975 4638 LI).
2013 4584 2034 4620 ι
2068 4566 2137 4620 Et

2188 3432 2200 3443 _
2225 3374 2419 3435 gantur
2443 3379 2457 3418 :
2486 3365 2583 3421 sed
2617 3366 2709 3421 ubi
2739 3366 2918 3421 carnis
2938 3364 3281 3435 pulchritudo
3308 3382 3495 3421 eorum
3515 3367 3689 3421 oculis
3711 3382 3817 3436 ap-

2224 3458 2488 3530 paruerit,
2505 3458 2899 3514 obliviscuntur
2920 3460 3062 3528 quod
3080 3461 3229 3528 prius
3253 3461 3640 3530 promiserant,
3656 3469 3713 3513 et
3732 3460 3816 3514 sic

2228 3547 2412 3602 faciles
2440 3548 2507 3603 ad
2537 3559 2820 3618 peccatum
2847 3550 3093 3614 redeunt,
3124 3551 3277 3620 quasi
3301 3551 3454 3622 prius
3476 3561 3663 3606 contra
3686 3567 3818 3621 pec-

2230 3647 2410 3694 catum
2457 3639 2593 3693 nihil
2633 3639 2991 3696 deliberatum
3033 3642 3310 3698 baberent.
3364 3642 3443 3698 De
3482 3644 3677 3712 quibus
3714 3658 3818 3714 per

2231 3732 2578 3789 Salomonem
2637 3734 2880 3791 dicitur:
2924 3754 2944 3786 ι
2990 3735 3142 3791 Sicut
3197 3736 3347 3791 canis
3400 3738 3693 3793 revertitur
3743 3738 3816 3791 ad

2230 3826 2491 3879 vomitum
2544 3841 2703 3881 suum
2738 3867 2754 3893 ,
2811 3827 2893 3883 sic
2951 3828 3146 3883 stultus
3198 3828 3267 3883 ad
3317 3828 3604 3884 stultitiam
3656 3843 3813 3882 suam

2233 3914 2426 3986 (Prov.
2457 3918 2618 3989 xxvr)
2638 3959 2653 3984 ,
2686 3938 2707 3971 ι
2743 3928 2799 3975 at
2839 3929 3027 3976 contra
3056 3920 3199 3976 idem
3228 3922 3341 3991 ipse
3378 3938 3478 3977 nos
3516 3921 3811 3976 admonet:

2192 4042 2195 4045 η
2237 4028 2257 4061 ι
2289 4009 2447 4065 Omni
2498 4020 2739 4083 tempore
2793 4014 2900 4070 sint
2934 4016 3256 4071 vestimenta
3306 4025 3397 4070 tua
3444 4017 3708 4081 candida,
3759 4025 3818 4069 et

2233 4100 2413 4155 oleum
2448 4101 2515 4157 de
2553 4103 2731 4173 capite
2754 4112 2847 4161 tuo
2870 4096 2976 4159 non
3005 4104 3221 4161 deﬁciat
3262 4105 3461 4177 (Eccle.
3491 4108 3588 4178 ix).
3626 4126 3644 4158 ι
3678 4106 3818 4161 Hinc

2236 4192 2301 4247 de
2328 4203 2515 4250 sancta
2552 4195 2776 4251 muliere
2801 4196 3002 4252 dictum
3032 4208 3150 4254 est:
3186 4217 3206 4250 ι
3234 4198 3303 4254 Et
3329 4200 3508 4254 vultus
3539 4200 3680 4255 illius
3707 4215 3813 4255 non

2237 4294 2321 4340 est
2355 4286 2584 4356 amplius
2610 4286 2664 4341 in
2693 4287 2906 4344 diversa
2933 4299 3171 4345 mutatus
3210 4290 3277 4362 (Ι
3305 4290 3433 4362 Reg.
3470 4293 3541 4363 l),
3574 4310 3592 4343 ι
3638 4292 3693 4346 id
3734 4302 3818 4347 cst

2237 4377 2614 4447 qualisfuerat
2645 4388 2885 4450 tempore
2912 4376 3204 4447 orationis,
3242 4382 3405 4438 talem
3431 4399 3489 4438 se
3509 4384 3659 4438 omni
3684 4394 3819 4439 tem-

2238 4485 2369 4539 pore
2403 4470 2526 4526 vitae
2564 4486 2675 4526 suae
2705 4474 3043 4527 monstravit.
3079 4473 3236 4530 Tales
3271 4472 3401 4546 ergo
3439 4492 3562 4531 cum
3593 4478 3819 4531 verbum

2241 4561 2334 4614 Dei
2366 4561 2618 4627 audiunt,
2669 4563 2824 4633 quasi
2848 4564 3153 4634 germinare
3183 4565 3238 4619 in
3267 4566 3347 4620 eis
3370 4566 3600 4633 videtur,
3633 4568 3728 4623 sed
3756 4568 3823 4621 ad

550 4647 747 4703 iterum
773 4668 786 4703 :
812 4649 879 4705 Hi
902 4651 1157 4708 dixerunt
1185 4654 1379 4709 animae
1409 4662 1545 4710 tuae:
1570 4655 1932 4715 lncurvareut
1960 4668 2125 4713 trans-

2238 4656 2610 4709 maturitatem
2647 4670 2754 4710 non
2784 4656 3068 4727 pervenit,
3103 4658 3229 4727 quia
3254 4666 3442 4714 contra
3472 4668 3664 4713 aestum
3703 4667 3826 4713 ten-

549 4752 778 4793 eamus:
823 4749 879 4795 et
915 4743 1008 4811 qui
1053 4745 1334 4801 mercedes
1372 4756 1709 4818 congregat,
1757 4750 1905 4806 misit
1945 4765 2039 4806 eas
2075 4751 2132 4806 in

552 4829 823 4885 sacculum
870 4842 1166 4903 pertusum.
1215 4835 1368 4892 Sicut
1407 4838 1554 4893 enim
1597 4840 1844 4896 sacculus
1880 4850 2133 4912 pertusus

553 4918 756 4975 frustra
802 4937 833 4976 a
877 4924 1156 4993 superiore
1191 4938 1347 4996 parte
1390 4932 1668 4988 mercedes
1711 4932 1949 5004 colligit,
1998 4948 2135 5005 quas

555 5010 781 5070 inferius
814 5014 1005 5083 fundit,
1038 5018 1112 5073 ita
1155 5018 1359 5077 frustra
1410 5026 1636 5081 verbum
1680 5026 1776 5081 Dei
1813 5028 1995 5092 audit,
2038 5028 2131 5097 qui

557 5103 687 5158 illud
713 5105 766 5160 in
796 5118 1040 5164 ventrem
1071 5114 1344 5179 memoria:
1364 5131 1472 5171 non
1497 5116 1712 5172 retinet.
1740 5116 1892 5172 Unde
1918 5117 2053 5172 bene
2077 5118 2133 5172 in

560 5194 679 5266 lege
702 5194 846 5267 (Leu.
876 5198 939 5270 ιι)
982 5214 1142 5257 omne
1176 5204 1377 5260 animal
1416 5207 1562 5276 quod
1591 5223 1699 5262 non
1730 5207 2000 5273 ruminat,
2032 5208 2131 5261 im~

559 5288 817 5343 mundum
860 5301 1139 5361 reputatur
1174 5312 1187 5348 :
1229 5296 1355 5366 quia
1397 5297 1473 5353 illi
1511 5313 1541 5351 a
1584 5296 1852 5352 sacriﬁcio
1882 5297 1976 5352 Dei
2015 5307 2139 5352 sunt

561 5379 741 5446 alieni,
771 5396 801 5435 a
831 5397 1058 5452 quorum
1082 5388 1343 5442 memoria
1367 5389 1612 5443 diabolus
1637 5388 1863 5443 verbum
1891 5390 2015 5445 vitae
2041 5390 2141 5446 tol-

560 5472 645 5540 lit,
670 5489 737 5529 ne
764 5475 1051 5532 credentes
1084 5478 1218 5533 salvi
1245 5479 1397 5533 ﬁant.
1440 5479 1507 5534 Et
1539 5480 1667 5549 quia
1696 5480 1945 5538 diabolus
1972 5484 2138 5538 variis

562 5567 736 5624 modis
766 5570 1040 5635 homines,
1087 5587 1154 5626 ne
1188 5572 1413 5627 verbum
1459 5571 1556 5628 Dei
1595 5573 1896 5640 retineant,
1931 5576 2137 5642 illudit,

563 5661 730 5716 variis
755 5661 921 5717 etiam
951 5662 1261 5718 nominibus
1289 5664 1357 5718 ab
1379 5665 1724 5737 evangelistis
1754 5676 2025 5722 censetur.
2056 5665 2139 5723 Ab

566 5751 668 5807 isto
704 5753 793 5822 qui
829 5753 932 5807 hoc
962 5751 1307 5822 Evangelium
1336 5754 1585 5826 scripsit,
1616 5756 1861 5813 diabolus
1886 5757 1976 5827 qui
2004 5759 2142 5813 latro

567 5840 679 5895 sive
701 5841 1015 5896 criminator
1040 5842 1125 5897 vel
1151 5841 1402 5899 deorsum
1430 5842 1620 5914 ﬂuens,
1652 5845 1915 5903 Hebraice
1941 5846 2108 5903 Belial
2126 5889 2141 5915 ,

2239 4746 2459 4801 talionis
2501 4763 2610 4801 non
2651 4757 2911 4818 pugnant.
2960 4747 3114 4804 Unde
3152 4749 3288 4806 bene
3322 4750 3479 4820 juxta
3510 4749 3828 4805 Mattbaeum

2239 4839 2623 4908 evangelistam
2651 4839 2865 4911 (Matth.
2894 4840 3042 4912 xui),
3070 4851 3190 4897 orto
3217 4842 3329 4897 sole
3350 4850 3630 4908 aruerunt,
3663 4842 3716 4896 id
3741 4852 3832 4898 est

2238 4940 2358 4986 orta
2389 4932 2681 4985 tentatione
2712 4931 3045 4989 defecerunt.
3097 4933 3186 4988 Sol
3228 4933 3374 4987 enim
3408 4932 3464 4987 in
3499 4930 3828 5003 Scripturis,

2239 5038 2362 5078 cum
2378 5023 2430 5076 in
2446 5023 2585 5076 bono
2606 5023 2839 5092 ponitur,
2866 5024 3149 5080 Dominum
3170 5024 3352 5079 Jesum
3371 5025 3661 5095 signiﬁcat,
3684 5027 3830 5081 sicut

2241 5116 2502 5184 scriptum
2528 5124 2612 5171 est
2636 5131 2650 5169 :
2681 5134 2700 5167 ι
2732 5116 2899 5179 Vobis
2925 5118 3018 5187 qui
3048 5117 3250 5172 timetis
3275 5118 3476 5183 Deum,
3509 5119 3715 5173 orietur
3741 5119 3827 5174 sol

2234 5206 2458 5276 iustitiae
2479 5206 2698 5277 (Malae.
2728 5208 2802 5280 ιγ)
2830 5227 2842 5262 :
2876 5228 2892 5260 ι
2922 5224 3045 5264 cum
3067 5225 3197 5265 vero
3215 5210 3269 5264 in
3292 5209 3669 5276 malo,acstum
3700 5218 3825 5264 ten-

2242 5298 2481 5364 tationis,
2500 5298 2644 5353 sicut
2662 5299 2728 5353 de
2754 5299 2999 5369 reprobis
3022 5301 3246 5356 dicitur:
3280 5319 3301 5352 ί
3324 5301 3393 5355 Et
3410 5316 3442 5356 a
3468 5300 3583 5357 sole
3608 5303 3826 5356 mtuati

2241 5398 2387 5445 sunt.
2424 5410 2443 5443 ι
2469 5389 2619 5444 Alios
2643 5389 2788 5443 enim
2811 5392 3144 5461 prosperitas
3170 5389 3341 5458 inﬂat,
3365 5392 3501 5447 alios
3522 5390 3828 5449 adversitas

2240 5481 2469 5553 frangit,
2509 5496 2577 5536 ne
2607 5491 2885 5552 acceptum
2914 5497 3096 5538 semen
3124 5484 3191 5539 ad
3215 5484 3585 5539 maturitatem
3621 5486 3829 5553 perdu-

2241 5581 2385 5627 cant.
2413 5572 2615 5627 Contra
2644 5581 2872 5643 utraque
2900 5573 3095 5630 damna
3133 5575 3421 5646 Apostolus
3461 5591 3645 5631 semen
3680 5578 3831 5646 quod

2241 5666 2487 5721 audierat
2511 5665 2800 5721 observare
2828 5666 3103 5734 studebat,
3125 5685 3248 5724 cum
3271 5669 3450 5725 aiebat
3474 5687 3487 5723 :
3509 5688 3528 5720 ‹
3550 5670 3655 5725 Per
3674 5684 3831 5725 arma

2237 5753 2461 5825 iustitia:
2488 5771 2518 5810 a
2544 5756 2748 5810 dextris
2770 5765 2827 5812 et
2849 5771 2879 5810 a
2906 5757 3170 5823 sinistris,
3209 5776 3306 5830 per
3333 5760 3557 5831 gloriam
3587 5768 3641 5815 et
3676 5760 3832 5828 igno-

2247 5839 2533 5911 bilitatem,
2565 5860 2661 5917 per
2688 5846 2963 5906 infamiam
2998 5859 3053 5906 et
3087 5852 3283 5906 bonam
3314 5850 3545 5918 famam,
3574 5859 3634 5905 ut
3660 5850 3827 5906 sedu-
