4038 6352
173 440 267 495 169

1359 432 1663 492 ΗΟΜΙῌΑΕ
1699 433 1788 489 DE
1827 431 2172 488 TEMPORE.

3305 439 3401 494 i70

171 562 342 606 ctores
378 557 436 604 et
491 563 740 610 veraces,
783 551 926 607 sicut
972 553 1061 622 qui
1104 546 1273 619 ignoti
1309 556 1362 602 ct
1400 545 1600 616 cogniti
1647 544 1730 616 (11
1760 553 1811 613 Α
1847 541 3396 616 tibusvalde,quodDominusterrihiliterclamat,dicens:

169 637 285 696 Cor.
318 641 418 712 vr),
449 659 470 694 ι
501 649 606 698 etc.
631 639 828 697 Omnes
849 657 988 694 enim
1013 640 1287 710 :equalitcr
1311 639 1584 709 diligebat.
1624 637 1732 692 llos

169 733 306 787 enim
335 745 530 787 omnes
562 731 618 786 in
649 744 747 786 suo
766 743 930 799 opere
951 727 1269 798 significavit
1295 726 1510 781 Balaam
1538 725 1625 781 ille
1648 725 1734 780 di—

173 823 346 885 vinus,
385 823 482 893 qui
511 838 632 879 cum
669 831 849 878 castra
884 821 1248 876 lsraelitarum
1275 829 1554 884 cerneret,
1591 819 1734 874 dice-

169 916 254 969 bat
279 929 294 966 :
329 931 349 964 ι
383 912 646 969 Moriatur
673 913 852 968 anima
877 927 996 968 mea
1021 921 1194 968 morte
1213 910 1505 981 iustorum,
1528 922 1585 966 et
1605 910 1736 965 fiant

169 1004 458 1061 novissima
501 1020 621 1061 mea
656 1004 849 1060 horum
879 1003 1074 1060 similia
1113 1003 1316 1076 (Num.
1345 1003 1554 1072 xxrn):
1587 1022 1606 1055 ›
1642 1003 1735 1057 sed

167 1104 341 1166 postea
370 1103 512 1152 astu
539 1094 778 1150 avaritiae
803 1102 978 1151 tactus
997 1135 1016 1164 ,
1054 1095 1109 1150 in
1135 1109 1324 1150 eorum
1357 1102 1586 1150 mortem
1609 1108 1739 1148 cond

167 1185 338 1242 silium
379 1183 571 1252 dedit,
619 1185 814 1256 quibus
859 1199 919 1242 se
964 1185 1031 1242 ad
1075 1195 1306 1242 mortem
1352 1184 1470 1241 ﬁeri
1507 1183 1737 1240 similem

166 1279 378 1350 optavit.

235 1389 254 1423 ι
287 1369 444 1438 Quod
493 1379 673 1427 autem
714 1370 770 1426 in
797 1369 966 1442 spinis
992 1369 1217 1436 cecidit,
1253 1369 1309 1425 hi
1339 1377 1465 1426 sunt
1499 1368 1592 1438 qui
1641 1383 1737 1424 au-

173 1482 188 1514 t
223 1463 439 1519 dierunt
476 1472 534 1518 et
565 1478 596 1518 a
634 1462 1081 1520 sollicitudinibus
1121 1471 1178 1518 et
1223 1462 1585 1533 voluptatibus
1613 1461 1738 1516 vitae

172 1569 189 1602 ι
223 1561 412 1608 euntes
463 1551 821 1616 suﬂ'ocantur,
885 1559 942 1606 et
984 1567 1091 1606 non
1136 1550 1376 1606 referunt
1420 1549 1674 1604 fructum.
1714 1571 1732 1600 ο

167 1641 351 1698 Mirum
380 1643 542 1700 valde
569 1643 860 1710 videretur,
904 1643 950 1698 si
977 1642 1244 1714 quispiam
1265 1656 1363 1712 per
1390 1641 1572 1711 spinas
1600 1639 1739 1694 divi-

168 1736 262 1791 tias
291 1736 640 1807 interpretari
663 1735 942 1801 voluisset,
967 1735 1072 1790 nisi
1095 1735 1197 1790 hoc
1222 1734 1334 1789 suis
1353 1732 1534 1788 verbis
1557 1730 1740 1786 Domi-

166 1840 260 1880 nus
277 1827 658 1895 exposuisset,
697 1827 928 1882 maxime
950 1843 1071 1882 cum
1097 1827 1265 1896 spinae
1295 1835 1536 1896 pungant
1553 1865 1569 1890 ,
1604 1824 1739 1879 divi-

1849 653 1868 685 ι
1904 633 1998 691 Va:
2017 635 2170 692 vobis
2194 633 2467 701 divitibus,
2490 637 2582 705 qui
2597 637 2807 695 habetis
2825 649 3060 696 vestram
3073 643 3403 698 consolatio-

1837 740 1963 780 nem
1977 723 2128 797 (Luc.
2151 725 2247 796 vi).
2263 745 2281 778 ι
2302 725 2606 782 Etiterum:
2630 748 2649 780 ι
2669 729 2912 798 Difﬁcile,
2925 733 3016 802 qui
3035 735 3292 802 pecunias
3309 737 3404 790 ha-

1841 817 1993 883 bent,
2026 817 2080 871 in
2111 831 2333 887 regnum
2348 817 2609 873 caelorum
2630 818 2908 877 intrabunt
2922 823 3272 897 (Luc.xvm).
3297 847 3316 881 ι
3341 828 3406 882 Et

1845 926 1864 959 ι
1907 907 2139 962 iterum:
2185 906 2417 963 Facilius
2462 918 2548 964 est
2585 909 2849 966 camelum
2879 927 2976 982 per
3005 914 3250 971 foramen
3275 932 3406 973 acus

1842 999 2094 1065 transire,
2110 1014 2271 1068 quam
2299 998 2515 1054 divitem
2542 1000 2747 1057 intrare
2793 1001 2848 1056 in
2893 1018 3113 1073 regnum
3145 1008 3403 1064 ctelorum

1838 1088 2032 1160 (Marc.
2049 1091 2127 1160 χ).
2141 1111 2158 1144 ι
2179 1089 2620 1148 HincetJacobus
2641 1093 2942 1162 apostolus:
2967 1113 2986 1146 ι
3006 1096 3161 1167 Agite
3173 1117 3316 1155 nunc
3329 1101 3408 1154 di-

1838 1181 2216 1253 vites,plorate
2241 1183 2506 1267 ululantes
2532 1184 2588 1238 in
2613 1185 2844 1242 miseriis
2879 1202 3000 1256 qua:
3029 1192 3409 1259 supervenient

1841 1273 2012 1328 vobis.
2035 1273 2246 1330 Divitias
2264 1284 2458 1331 vestrae
2469 1277 2782 1346 putrefacta:
2793 1288 2938 1347 sunt,
2957 1283 3276 1340 vestimenta
3294 1301 3412 1341 ves-

1839 1369 1922 1417 tra
1937 1378 1967 1418 a
1981 1363 2141 1420 tineis
2163 1375 2400 1421 comesta
2415 1375 2559 1432 sunt,
2586 1381 2774 1424 aurum
2789 1379 2845 1424 et
2859 1379 3142 1441 argentum
3167 1382 3408 1429 vestrum

1839 1453 2173 1523 aeruginavit,
2193 1462 2249 1509 et
2261 1470 2442 1526 aerugo
2457 1469 2643 1512 eorum
2656 1459 2808 1514 vobis
2821 1459 2872 1514 in
2899 1461 3264 1516 testimonium
3287 1464 3410 1523 erit.

1839 1551 1894 1596 et
1917 1543 2316 1600 manducabunt
2327 1561 2520 1601 carnes
2533 1556 2741 1604 vestras
2755 1550 2896 1605 sicut
2916 1551 3056 1621 ignis
3067 1551 3275 1624 (Iacob.
3291 1552 3343 1622 v)
3353 1591 3365 1605 .
3390 1572 3406 1602 ι

1841 1635 1909 1691 Et
1930 1635 2098 1692 Isaias
2123 1655 2136 1691 :
2160 1636 2282 1693 (Vae
2308 1639 2400 1709 qui
2425 1638 2748 1713 conjungitis
2761 1643 2981 1700 domum
3009 1645 3077 1699 ad
3101 1645 3338 1710 domum,
3361 1653 3416 1698 ct

1841 1744 2032 1798 agrum
2073 1729 2142 1783 ad
2176 1743 2360 1800 agrum
2395 1731 2656 1801 copulatis
2698 1749 2866 1803 usque
2892 1735 2960 1788 ad
2999 1735 3286 1790 terminum
3312 1736 3414 1789 loci

1841 1816 1976 1888 (ha.
1989 1818 2067 1888 v).
2093 1839 2112 1872 ι
2131 1817 2432 1875 Notandum
2446 1830 2648 1888 autem,
2664 1823 2787 1892 quia
2803 1824 2908 1879 duo
2931 1834 3056 1880 sunt
3069 1841 3188 1894 qua:
3202 1825 3420 1880 divitias

166 1915 247 1969 tia:
269 1915 579 1980 mulceant,
618 1923 798 1972 tamen
824 1915 873 1970 si
893 1930 1015 1970 cum
1043 1913 1473 1970 consideratione
1501 1911 1733 1967 attendi-
1761 1908 1809 1968 B
1837 1910 2189 1982 coniungunt,
2230 1912 2616 1970 sollicitudines
2654 1924 2710 1970 et
2746 1917 3064 1988 voluptates.
3100 1919 3235 1985 Quia
3273 1920 3417 1974 enim

164 2019 295 2069 mus,
330 2005 534 2060 divitia:
557 2006 722 2076 spina:
751 2014 880 2060 sunt
909 2022 922 2058 :
958 2005 1085 2075 quia
1107 2005 1246 2059 sicut
1267 2003 1435 2073 spinae
1460 2002 1574 2058 suis
1595 2016 1733 2072 pun-

162 2093 426 2150 ctionibus
451 2109 648 2166 corpus
690 2093 893 2149 laniant
912 2102 968 2148 et
993 2101 1312 2157 cruentant,
1360 2100 1518 2161 turpe
1551 2107 1614 2146 ac
1638 2088 1738 2144 fte-

160 2185 280 2239 dum
301 2187 359 2241 in
383 2186 556 2243 oculis
577 2185 851 2242 hominum
880 2185 1130 2251 reddunt,
1150 2185 1229 2240 sic
1253 2199 1406 2239 amor
1426 2183 1736 2238 divitiarum

158 2275 395 2331 animam
419 2277 675 2332 miseram
701 2283 758 2331 et
779 2275 1050 2330 infelicem
1069 2289 1253 2330 coram
1275 2273 1446 2329 oculis
1460 2273 1555 2328 Dei
1576 2273 1734 2328 facit:

157 2373 206 2419 et
247 2367 397 2421 sicut
437 2366 604 2437 spinae
634 2365 1004 2421 intractabiles
1031 2374 1191 2429 sunt,
1218 2373 1274 2419 et
1301 2365 1394 2419 vix
1419 2363 1624 2434 absque
1651 2363 1742 2418 la:-

158 2459 306 2514 sione
332 2461 563 2515 tractari
591 2468 832 2530 possunt,
850 2460 924 2514 ita
945 2458 1096 2512 avari
1113 2467 1169 2512 et
1187 2458 1387 2528 cupidi,
1406 2458 1534 2528 quia
1559 2471 1745 2512 amore

159 2556 470 2611 divitiarum
501 2564 770 2624 tenentur,
802 2571 908 2611 non
933 2555 1107 2610 solum
1130 2554 1422 2618 extraneis,
1457 2552 1551 2608 sed
1579 2552 1744 2607 etiam

161 2648 391 2718 propriis
420 2649 639 2718 asperi,
684 2647 857 2702 amari
891 2657 945 2702 et
988 2645 1356 2701 intractabiles
1399 2654 1564 2710 sunt,
1587 2642 1744 2713 juxta

165 2740 287 2794 illud
311 2740 456 2808 quod
485 2753 583 2808 per
610 2737 955 2793 Salomonem
980 2737 1178 2791 dicitur
1205 2755 1216 2789 :
1249 2754 1268 2786 ι
1300 2735 1445 2790 Bene
1470 2735 1600 2790 facit
1626 2735 1743 2796 ani-

167 2848 260 2886 mm
293 2847 407 2887 sua:
431 2831 514 2884 vir
542 2830 876 2896 misericors,
909 2845 1106 2884 avarus
1131 2836 1313 2883 autem
1341 2827 1504 2882 etiam
1526 2827 1746 2896 propin-

166 2935 294 2989 quos
315 2919 495 2990 abiicit
519 2918 700 2990 (Prov.
721 2917 820 2988 xi).
848 2937 866 2968 ι
899 2916 1050 2972 Unde
1070 2915 1207 2971 bene
1221 2915 1375 2985 juxta
1401 2914 1564 2969 alium
1587 2930 1745 2970 evan-

170 3011 428 3078 gelistam,
455 3010 665 3066 scilicet
689 3008 1020 3073 Matthzeum,
1053 3023 1159 3063 non
1188 3007 1364 3062 solum
1392 3007 1629 3071 divitias,
1653 3006 1747 3062 sed

169 3101 326 3155 etiam
374 3101 588 3157 fallaces
635 3099 854 3154 divitias
897 3097 1157 3154 Dominus
1200 3097 1463 3170 appellat,
1511 3097 1743 3153 dicens:

177 3208 195 3242 ι
227 3188 454 3247 Fallacia
495 3192 807 3248 divitiarum
853 3188 1204 3257 sufl‘ocantur,
1251 3199 1306 3245 et
1349 3206 1457 3246 non
1505 3188 1751 3248 referunt

1841 2019 1965 2060 cum
1990 2003 2261 2074 voluptate
2281 2005 2580 2063 sollicitudo
2601 2024 2706 2064 non
2732 2011 3006 2075 convenit,
3031 2011 3308 2066 sciendum
3334 2019 3419 2066 est

1838 2096 1966 2165 quia
1995 2095 2102 2151 alio
2126 2105 2369 2167 tempore
2380 2113 2534 2153 amor
2553 2099 2862 2155 divitiarum
2885 2116 2981 2172 per
3000 2102 3416 2158 sollicitudinem

1840 2194 2076 2240 mentem
2097 2187 2356 2254 stimulat,
2373 2188 2478 2244 alio
2489 2203 2617 2244 vero
2632 2190 2686 2244 in
2697 2191 2968 2262 voluptate
2990 2192 3218 2248 relaxat.
3247 2193 3302 2246 In
3326 2208 3416 2248 ac-

1841 2277 2109 2345 quirendo
2128 2279 2324 2348 quippe
2337 2287 2392 2333 et
2406 2279 2820 2336 sollicitudinem
2849 2283 3031 2349 habet,
3046 2299 3114 2339 ne
3135 2286 3278 2353 ipsas
3293 2300 3418 2354 per-

1842 2365 1957 2431 dat,
1997 2368 2143 2422 velut
2169 2369 2533 2439 negotiatores
2563 2371 2629 2425 de
2658 2386 2822 2442 regno
2856 2375 2921 2427 ad
2947 2390 3170 2444 regnum
3196 2375 3423 2429 diversis

1844 2458 2175 2527 temporibus
2212 2459 2580 2516 discurrentes
2601 2501 2617 2527 ,
2653 2471 2712 2517 ut
2746 2478 2839 2518 eas
2868 2465 3150 2534 acquirere
3178 2467 3420 2537 possint,

1845 2547 1902 2602 in
1938 2556 2145 2602 tantum
2175 2558 2234 2604 ut
2263 2551 2308 2604 si
2332 2552 2455 2621 quis
2482 2552 2561 2606 eis
2590 2553 2734 2622 ipsas
2758 2553 2969 2610 auferre
2993 2556 3241 2624 voluerit,
3273 2572 3421 2611 arma

1845 2649 2034 2692 contra
2059 2653 2183 2694 eum
2213 2641 2440 2711 erigant.
2475 2640 2815 2713 Voluptatem
2849 2659 2977 2703 vero
3011 2647 3177 2701 habet
3213 2648 3266 2702 in
3296 2664 3420 2719 pos-

1845 2728 2099 2795 sidendo,
2144 2731 2268 2800 quia
2318 2732 2423 2787 illis
2465 2733 2666 2789 divitiis
2703 2737 2926 2792 satiatus
2963 2740 3173 2793 animus
3200 2755 3422 2803 eorum,

1849 2826 1960 2872 tam
1989 2819 2044 2872 in
2074 2819 2313 2887 luxuria,
2355 2837 2516 2891 quam
2557 2823 2610 2876 in
2638 2824 2758 2881 aliis
2786 2827 2946 2882 rebus
2973 2827 3170 2897 iniquis
3194 2838 3248 2885 et
3275 2831 3425 2886 volu-

1845 2908 2036 2979 ptariis
2064 2911 2308 2982 erigitur.
2358 2912 2611 2983 Quisquis
2648 2929 2776 2987 ergo
2821 2917 2926 2972 tale
2955 2934 3050 2973 cor
3083 2921 3276 2986 habet,
3310 2938 3426 2977 ver-

1847 2999 1975 3054 bum
2019 3000 2116 3056 Dei
2160 3002 2215 3056 in
2254 3017 2318 3058 eo
2361 3003 2693 3061 fructificare
2731 3023 2839 3063 non
2882 3009 3070 3064 valet:
3112 3012 3237 3080 quia
3287 3013 3426 3066 sicut

1848 3089 2086 3145 densitas
2130 3091 2407 3161 spinarum
2455 3109 2634 3149 rorem
2670 3095 2792 3150 coeli
2833 3105 2886 3152 et
2927 3099 3159 3154 calorem
3196 3100 3323 3155 solis
3359 3101 3424 3154 ad

1851 3180 2086 3235 radicem
2132 3182 2356 3236 seminis
2395 3184 2676 3252 pervenire
2721 3200 2828 3240 non
2867 3189 3097 3256 patitur,
3139 3189 3214 3242 ita
3267 3205 3421 3244 amor

177 3283 405 3338 fructum
427 3283 638 3354 (Matth.
660 3283 801 3355 xm).
843 3303 861 3334 ι
893 3283 1130 3339 Fallaces
1158 3283 1301 3339 enim
1331 3292 1476 3348 sunt,
1498 3283 1622 3353 quia
1653 3281 1742 3337 diu
1770 3271 1815 3336 C
1845 3275 2155 3330 divitiarum
2179 3276 2474 3346 spiritalem
2497 3278 2872 3348 pinguedinem
2897 3280 2951 3334 in
2971 3289 3150 3336 mente
3169 3283 3426 3337 accedere

181 3359 455 3429 ndbiscum
483 3389 797 3443 permanere
820 3389 926 3429 non
950 3381 1196 3444 possunt.
1220 3373 1327 3428 Aut
1353 3373 1497 3430 enim
1521 3388 1621 3428 nos
1648 3387 1742 3428 eas

186 3465 484 3519 deserentes
507 3465 875 3534 expendimus,
903 3475 996 3520 aut
1016 3465 1146 3535 ipsae
1177 3479 1276 3519 nos
1303 3471 1584 3519 manentes
1617 3460 1742 3531 reji-

180 3554 346 3608 ciunt.
384 3554 528 3611 Unde
559 3569 657 3624 per
674 3557 967 3626 apostolum
993 3555 1220 3610 Paulum
1250 3553 1530 3610 Timotheo
1554 3553 1742 3626 praeci-

179 3648 354 3717 pitur:
387 3666 407 3698 ι
434 3647 670 3718 Praecipe
697 3649 952 3705 divitibus
984 3647 1146 3716 hujus
1171 3647 1350 3702 saeculi
1380 3661 1488 3702 non
1513 3645 1742 3702 sublime

182 3753 377 3810 sapere,
405 3755 503 3796 nec
533 3753 752 3811 sperare
767 3740 820 3794 in
843 3740 1048 3794 incerto
1070 3738 1404 3804 divitiarum,
1433 3736 1526 3793 sed
1554 3737 1606 3791 in
1633 3735 1743 3791 Deo

184 3827 311 3894 vivo,
359 3829 452 3899 qui
504 3837 730 3900 pmstat
771 3828 928 3884 nobis
969 3829 1150 3884 omnia
1196 3827 1408 3902 abunde
1448 3827 1518 3882 ad
1556 3826 1744 3881 fruen-

192 3920 294 3974 dum
314 3961 330 3986 ,
361 3922 501 3976 bene
542 3934 702 3993 agere
720 3962 736 3987 ,
764 3921 959 3977 divites
983 3921 1099 3976 fieri
1136 3921 1189 3975 in
1217 3920 1470 3992 operibus
1495 3919 1651 3974 bonis
1692 3915 1744 3989 (Ι

196 4005 304 4064 Tim.
327 4012 440 4082 vr),
476 4030 494 4062 ι
513 4019 618 4066 etc.
652 4010 779 4066 Sive
804 4019 953 4066 certe
990 4009 1209 4065 fallaces
1229 4018 1371 4076 sunt,
1399 4008 1524 4078 quia
1549 4006 1746 4062 mentis

188 4097 398 4170 impiam
429 4115 536 4157 non
563 4101 932 4172 exstinguunt,
949 4100 1040 4155 sed
1063 4107 1267 4170 quanto
1283 4098 1454 4168 magis
1469 4095 1746 4166 acquisita:

189 4188 384 4260 fuerint,
417 4199 573 4248 tanto
607 4193 778 4263 magis
805 4192 861 4248 in
886 4191 1241 4262 acquisitione
1270 4191 1508 4245 animum
1536 4201 1748 4260 posses-

189 4284 308 4339 soris
332 4285 660 4352 accendunt,
694 4284 983 4340 Salomone
1009 4291 1260 4350 testante,
1289 4282 1382 4352 qui
1413 4281 1488 4336 ait
1513 4299 1526 4336 :
1557 4299 1575 4332 ι
1607 4279 1747 4334 Ava-

191 4386 268 4428 rus
291 4379 390 4430 non
423 4374 738 4446 implebitur
763 4373 1006 4446 pecuniis
1026 4414 1041 4440 ,
1083 4388 1182 4429 nec
1209 4373 1388 4427 anima
1411 4371 1556 4426 illius
1584 4369 1748 4426 satia-

189 4462 313 4519 bitur
331 4466 488 4522 bonis
503 4466 792 4537 (Eccle.v).
815 4485 834 4518 ι
860 4464 999 4521 Solae
1020 4475 1198 4520 autem
1221 4481 1363 4521 verae
1403 4463 1603 4518 divitia:
1625 4473 1750 4518 sunt

191 4568 294 4623 quae
335 4557 425 4613 hic
459 4573 560 4613 nos
596 4558 651 4612 in
682 4557 788 4613 fide
827 4557 1018 4613 divites
1057 4556 1295 4622 faciunt,
1327 4563 1382 4611 et
1405 4553 1746 4625 postmodum

1844 3381 1950 3419 non
1987 3367 2272 3435 permittit.
2299 3367 2366 3420 Et
2386 3368 2507 3422 ideo
2535 3369 2579 3422 si
2602 3373 2656 3422 in
2676 3370 2930 3439 prtedicto
2951 3373 3156 3426 semine
3183 3373 3426 3426 volumus

1846 3455 2162 3510 fructificari
2187 3497 2202 3521 ,
2247 3459 2539 3528 appetitum
2572 3460 2878 3514 divitiarum
2905 3463 3236 3519 mortificare
3267 3465 3426 3520 debe-

1845 3563 1985 3602 mus.
2001 3546 2136 3614 Quia
2158 3548 2598 3620 sicutApostolus
2617 3552 2778 3607 dicit:
2807 3571 2825 3604 t
2845 3552 3013 3609 Nemo
3033 3554 3270 3610 militans
3293 3556 3423 3621 Deo,

1847 3638 2164 3710 implicatse
2183 3643 2414 3710 negotiis
2440 3643 2788 3700 saecularibus
2805 3645 2890 3717 (II
2907 3645 3038 3700 Tim.
3067 3663 3105 3701 ιι
3111 3663 3184 3719 ).»
3217 3647 3323 3703 Sed
3343 3649 3427 3703 his

1845 3729 1914 3784 de
1940 3730 2114 3785 tribus
2126 3739 2288 3788 terra:
2317 3734 2604 3804 generibus
2635 3735 2824 3802 dictis,
2867 3737 2995 3808 quid
3021 3738 3088 3794 de
3117 3738 3257 3795 bona
3283 3746 3427 3794 terra

1846 3818 2104 3876 Dominus
2123 3820 2394 3892 proferat,
2424 3824 2725 3882 audiamus.

1924 3929 1941 3961 ι
1974 3910 2128 3978 Quod
2155 3923 2335 3970 autem
2367 3915 2425 3971 in
2460 3917 2659 3972 bonam
2693 3928 2927 3988 terram,
2968 3921 3025 3975 hi
3056 3931 3210 3988 sunt,
3254 3923 3343 3993 qui
3372 3922 3427 3977 in

1853 4021 1872 4054 ι
1909 4005 2071 4059 corde
2099 4006 2242 4061 bono
2269 4016 2325 4062 et
2367 4009 2574 4079 optimo
2614 4011 2895 4069 audientes
2927 4015 3150 4071 verbum
3196 4017 3444 4072 retinent.

1854 4114 1871 4146 ι
1910 4105 1964 4149 ct
1990 4095 2227 4153 fructum
2247 4099 2480 4156 afferunt
2508 4102 2862 4174 inpatientia.
2887 4126 2907 4159 ι
2939 4106 3086 4163 Bona
3111 4124 3240 4180 ergo
3262 4119 3426 4176 terra,

1846 4189 2048 4244 bonum
2093 4199 2176 4246 est
2222 4207 2318 4247 cor
2357 4193 2629 4250 hominis:
2663 4198 2802 4252 bona
2832 4199 3029 4269 quippe
3073 4209 3216 4255 terra
3261 4201 3430 4256 tribus

1850 4292 2006 4339 terrae
2033 4284 2320 4354 generibus
2359 4290 2692 4346 contrarium
2719 4292 2846 4347 facit
2870 4313 2883 4346 :
2923 4301 2978 4350 et
3003 4295 3144 4350 bona
3166 4303 3309 4350 terra
3335 4296 3428 4352 bo-

1848 4389 1977 4428 num
2006 4373 2239 4431 fructum
2281 4375 2442 4445 facit,
2472 4378 2616 4448 quod
2644 4382 2818 4438 bonus
2848 4383 3012 4438 homo
3032 4384 3100 4440 de
3127 4387 3269 4440 bono
3303 4385 3424 4438 the-

1849 4480 2012 4520 sauro
2037 4467 2217 4523 cordis
2247 4469 2329 4524 sui
2354 4469 2561 4540 profert
2588 4472 2808 4528 bonum.
2843 4473 2948 4529 Sed
2965 4475 3090 4544 quia
3112 4490 3218 4528 non
3242 4488 3429 4528 omnes

1851 4559 2036 4614 fideles
2067 4561 2350 4632 aequaliter
2388 4564 2714 4621 fructificant
2737 4607 2753 4633 ,
2801 4581 2900 4624 nec
2929 4569 3180 4622 omnibus
3207 4567 3429 4637 aequalis

193 4645 410 4705 haeredes
439 4649 592 4720 regni
630 4649 888 4704 ctelorum
917 4649 1286 4714 constituunt;
1325 4649 1428 4703 has
1465 4659 1740 4717 quaerere,
1772 4626 1825 4687 D
1851 4648 2009 4704 datur
2028 4626 2387 4722 grafia,recte
2411 4655 2640 4710 dicitur:
2663 4656 2760 4711 «Ηί
2777 4665 2900 4712 sunt
2920 4658 3012 4725 qui
3033 4658 3086 4711 in
3107 4626 3430 4713 cordebono

194 4735 278 4792 has
301 4753 484 4795 amare
521 4739 778 4795 Dominus
817 4739 1099 4803 monebat,
1127 4753 1249 4794 cum
1275 4739 1521 4795 dicebat:
1553 4761 1572 4792 ‹
1606 4739 1745 4796 The-

194 4833 445 4887 saurizate
462 4832 616 4888 vobis
640 4833 922 4887 thesauros
948 4831 1000 4884 in
1027 4833 1183 4895 coelo,
1207 4831 1297 4886 ubi
1321 4847 1419 4888 nec
1447 4848 1629 4902 aerugo
1648 4847 1747 4889 nec

196 4918 318 4975 tinea
340 4922 656 4988 demolitur,
678 4931 734 4977 et
752 4923 844 4978 ubi
866 4922 1012 4978 fures
1038 4939 1142 4978 non
1163 4921 1421 4979 effodiunt
1447 4940 1550 4981 nec
1569 4926 1750 4980 furan-

197 5016 286 5064 tur.
310 5013 410 5070 Ubi
440 5015 585 5070 enim
599 5015 886 5070 thesaurus
911 5023 1051 5080 tuus,
1079 5014 1153 5069 ibi
1175 5022 1229 5069 et
1255 5029 1350 5070 cor
1365 5024 1512 5070 tuum
1535 5014 1746 5086 (Matth.

195 5113 238 5153 vn
257 5099 294 5171 ).
333 5122 351 5156 ι
395 5102 454 5159 Si
494 5103 640 5159 enim
669 5119 797 5160 vere
819 5105 1013 5160 divites
1040 5120 1161 5160 esse
1181 5105 1374 5176 cupitis
1393 5146 1408 5172 ,
1435 5122 1592 5161 veras
1617 5107 1751 5162 divi-

196 5190 284 5246 tias
297 5203 471 5250 amate
496 5213 510 5249 :
537 5195 580 5251 si
611 5195 823 5251 culmen
846 5197 958 5252 veri
978 5197 1199 5253 honoris
1223 5196 1485 5266 quaeritis,
1513 5197 1580 5252 ad
1603 5197 1750 5252 illam

197 5283 449 5343 cteleStem
500 5288 728 5358 patriam
769 5289 1092 5358 quantocius
1133 5298 1438 5360 properate.
1480 5287 1750 5345 Caeterum

199 5368 298 5430 istas
315 5377 517 5432 divitiae
549 5387 677 5433 sunt
710 5378 962 5445 fallaces,
1004 5395 1124 5450 qua:
1153 5383 1268 5437 sine
1291 5390 1514 5451 peccato
1537 5391 1632 5436 aut
1663 5383 1751 5438 vix

199 5473 278 5517 aut
297 5468 441 5523 nullo
474 5471 634 5525 modo
659 5471 868 5540 acquiri
895 5482 1141 5541 possunt,
1163 5473 1316 5542 juxta
1343 5473 1473 5529 illud
1507 5473 1650 5543 quod
1675 5475 1752 5529 ait

197 5549 504 5625 Apostolus:
541 5581 560 5614 ι
596 5563 734 5619 Nam
765 5563 860 5634 qui
893 5563 1079 5618 volunt
1101 5565 1294 5622 divites
1323 5566 1471 5632 fieri,
1509 5567 1752 5624 incidunt

201 5641 247 5697 in
280 5653 624 5709 tentationem
667 5663 722 5710 et
760 5655 814 5709 in
855 5653 1104 5724 laqueum
1129 5655 1323 5712 diaboli
1347 5697 1360 5722 ,
1411 5667 1468 5713 et
1487 5658 1750 5716 desideria

203 5738 352 5797 multa
375 5751 434 5799 et
458 5745 688 5812 inutilia,
707 5762 825 5816 quae
853 5755 1104 5818 mergunt
1121 5747 1394 5804 hominem
1408 5749 1460 5804 in
1477 5749 1753 5808 interitum

202 5837 249 5882 et
267 5836 612 5901 perditionem
637 5839 688 5910 (Ι
714 5840 962 5912 Τίηωι).
992 5860 1012 5894 ι
1041 5840 1193 5899 Unde
1206 5841 1501 5902 timendum
1525 5848 1756 5904 estdivi-

620 5931 889 5996 Ρλτιιοι..
937 5933 1216 5998 CXVIII.

1851 4750 1907 4796 et
1935 4741 2140 4811 optimo
2172 4744 2453 4801 audientes
2476 4748 2730 4812 verbum,
2760 4749 2992 4802 retinent
3024 4749 3174 4804 illud.
3214 4769 3233 4802 ι
3259 4750 3429 4824 Majus

1855 4841 1943 4886 est
1969 4832 2112 4887 enim
2141 4835 2404 4902 optimum
2460 4851 2578 4892 esse
2612 4852 2774 4907 quam
2808 4836 3008 4894 bonum
3034 4855 3048 4894 :
3077 4842 3203 4913 quia
3241 4859 3430 4900 omnes

1853 4923 1906 4976 in
1954 4923 2192 4978 Ecclesia
2240 4939 2376 4994 pene
2413 4927 2634 4982 verbum
2681 4929 2934 4996 audiunt,
2970 4932 3064 4988 sed
3107 4949 3214 4989 non
3241 4950 3429 4991 omnes

1852 5013 2132 5082 aequaliter
2159 5014 2449 5084 proficiunt
2484 5035 2497 5070 :
2545 5018 2639 5073 sed
2669 5019 2805 5075 alius
2847 5020 2966 5092 plus
3007 5024 3248 5094 proficit,
3293 5025 3428 5080 alius

1855 5105 2051 5160 minus.
2067 5105 2168 5172 Qui
2184 5107 2327 5162 enim
2353 5109 2699 5179 temporalem
2721 5112 3078 5169 substantiam
3099 5115 3236 5170 bene
3251 5115 3432 5186 dispo-

1853 5197 1953 5262 nit,
1981 5198 2181 5252 bonum
2203 5198 2434 5254 fructum
2462 5199 2626 5256 facit:
2652 5204 2741 5273 qui
2765 5219 2895 5260 vero
2914 5206 3096 5260 omnia
3115 5207 3429 5278 temporalia

1856 5303 1953 5358 pro
1978 5303 2161 5344 amore
2190 5289 2536 5361 perfectionis
2566 5293 2876 5364 reliquerit,
2907 5299 3165 5368 optinnun
3194 5299 3426 5354 fructum

1855 5381 2002 5437 facit.
2035 5381 2161 5441 Sive
2188 5393 2335 5439 certe
2355 5383 2554 5439 bonum
2581 5386 2812 5442 fructum
2841 5387 2991 5456 facit,
3015 5391 3106 5461 qui
3131 5406 3227 5461 pro
3249 5405 3431 5445 amore

1855 5473 2086 5530 ﬁliorum
2109 5475 2348 5545 legitimo
2383 5478 2550 5533 utitur
2570 5479 2821 5551 conjugio
2847 5500 2859 5534 :
2886 5483 2976 5552 qui
3005 5499 3134 5539 vero
3155 5484 3430 5538 continen-

1855 5567 1985 5622 tiam
2005 5567 2089 5621 vel
2125 5567 2488 5638 virginitatem
2515 5570 2742 5627 Domino
2771 5572 2947 5639 vovit,
2973 5574 3238 5644 optimum
3276 5572 3425 5627 facit.

1858 5655 2010 5713 Unde
2028 5659 2165 5713 bene
2186 5657 2466 5716 Matthaaus
2489 5663 2834 5733 evangelista,
2857 5672 2914 5719 ut
2933 5665 3073 5720 inter
3092 5665 3237 5735 ipsos
3255 5661 3431 5733 iustos

1857 5748 2213 5804 differentiam
2237 5752 2582 5817 ostenderet,
2609 5754 2676 5808 de
2698 5753 2904 5824 jactato
2927 5756 2982 5810 in
3005 5755 3145 5809 bona
3174 5763 3319 5810 terra
3342 5770 3432 5812 se-

1859 5842 2002 5898 mine
2017 5841 2175 5897 dicit:
2197 5842 2480 5899 tEtortum
2500 5845 2625 5900 fecit
2648 5845 2904 5917 fructum,
2920 5845 3062 5901 aliud
3076 5846 3430 5913 tricesimum,

3120 5943 3159 6003 6
