3994 6354
585 484 684 542 171

1213 482 1564 539 HAYMONIS
1603 480 2078 537 HALBERSTAT.
2118 479 2333 535 EPISC.
2369 478 2519 535 OPP.
2563 477 2740 534 PARS
2776 476 2843 534 ll.
2879 507 2950 518 —
2982 477 3213 533 HOMIL.

3757 476 3864 534 172

584 599 731 657 aliud
744 596 1305 671 sexagesimum,aliud
1318 594 2080 667 centesimum(llatth.xni).i
2099 593 2166 647 Et
2190 596 2238 656 Α
2266 591 2505 661 paciﬁci,
2537 593 2788 661 quoniam
2818 590 2911 645 ﬁlii
2942 590 3035 644 Dei
3079 590 3416 651 vocabuntur
3450 586 3680 661 (Matth.
3713 590 3803 663 v).
3834 611 3855 646 ι

586 692 833 749 Marcus:
863 711 887 747 ι
909 689 1181 747 All‘erebat
1205 690 1747 755 unum'tricesimum,
1762 698 1817 744 et
1836 703 2000 742 unum
2018 700 2165 741 sexa-

584 785 867 856 gesimum,
881 790 935 841 et
956 796 1123 839 unum
1152 780 1504 837 centesimum
1525 779 1719 851 (Marc.
1743 780 1839 849 iv).
1868 798 1886 831 ι
1906 778 1964 832 lu
1992 777 2164 833 tribus

584 890 715 945 ergo
728 873 941 944 frugum
966 872 1272 942 generibus,
1291 872 1633 927 tres’ordiues
1654 871 1707 925 in
1735 869 1977 925 Ecclesia
1989 877 2165 925 osten-

583 964 678 1028 dit,
704 962 1131 1034 coniugatorum,
1163 962 1551 1017 continentium
1566 969 1622 1015 et
1639 958 2165 1031 virginum.’l‘riccsi-

584 1072 703 1112 mus
715 1056 859 1113 enim
872 1056 1080 1113 fructus
1090 1056 1159 1110 ad
1171 1052 1486 1124 conjugatos
1498 1053 1746 1122 pertinet,
1762 1052 1853 1120 qui
1868 1060 2074 1106 castum
2089 1050 2166 1104 in-

582 1158 668 1205 ter
691 1163 750 1205 se
781 1164 1023 1206 amorem
1041 1155 1339 1210 servantes,
1359 1146 1539 1201 sobrie
1557 1186 1571 1211 ,
1592 1143 1735 1213 juste
1760 1152 1813 1199 et
1829 1145 1915 1214 pie
1939 1144 2157 1209 vivunt,
2192 1203 2201 1211 ,

584 1242 728 1311 quod
756 1240 825 1296 ab
847 1242 964 1310 ipsa
988 1239 1276 1311 digitorum
1295 1230 1577 1307 iunctione
1601 1236 1702 1291 sub
1729 1236 1960 1303 quadam
1992 1234 2163 1304 ﬁgura

582 1333 1003 1397 demonstratur,
1016 1328 1466 1400 quemadmodum
1482 1328 1535 1381 in
1550 1326 1840 1397 trigenario
1853 1338 2077 1380 numero
2089 1323 2165 1381 di.

578 1423 690 1494 gito
707 1418 1132 1492 digitusjunctus
1145 1427 1348 1475 castam
1372 1416 1806 1486 coniunctionem
1832 1415 1970 1469 inter
1989 1413 2166 1471 virum

580 1522 637 1568 et
649 1527 871 1568 uxorem
885 1509 1243 1580 signiﬁeat,de
1254 1523 1359 1577 qua
1373 1507 1631 1576 scriptum
1645 1512 1728 1561 est
1746 1522 1787 1557 ει
1810 1504 2047 1558 Eterunt
2059 1502 2164 1557 duo

584 1604 641 1658 in
663 1617 827 1658 carne
840 1617 945 1657 una
961 1597 1114 1671 (Gen.
1132 1601 1215 1671 ιι).
1230 1618 1248 1651 ι
1270 1596 1676 1667 Sexagesimum
1691 1609 1821 1649 vero
1837 1593 2069 1647 fructum
2086 1591 2165 1645 vi-

581 1696 701 1750 duae
733 1701 791 1748 et
820 1690 1164 1748 continentiae
1180 1686 1483 1759 proferunt,
1500 1686 1625 1739 dum
1640 1683 1968 1754 voluptatem
1985 1680 2167 1735 carnis

577 1788 808 1859 experti,
822 1786 1119 1858 longiorem
1136 1780 1533 1838 tribulationem
1549 1775 1987 1845 sustinent,un
2000 1774 2165 1828 etiam

583 1884 639 1939 in
668 1883 784 1952 ipsa
810 1880 1099 1951 digitorum
1129 1874 1531 1945 computatione
1558 1870 1877 1934 ostenditur,
1903 1864 2165 1938 quemad-

2263 684 2329 737 Et
2356 683 2479 739 alibi
2506 700 2518 736 :
2554 702 2572 733 ι
2607 681 2811 737 ﬂabete
2841 681 2920 738 sal
2949 682 3001 735 in
3033 682 3201 747 vobis,
3231 691 3285 736 et
3313 697 3499 753 pacem
3524 683 3743 739 habete
3775 683 3862 739 in-

2263 782 2345 828 ter
2368 787 2460 827 vos
2478 772 2669 844 (Marc.
2692 772 2792 843 ιχ).
2816 791 2834 823 ι
2868 771 3016 827 Unde
3036 770 3234 827 Paulus
3257 772 3561 847 exemplum
3583 775 3859 847 magistri

2262 871 2499 926 secutus,
2526 862 2803 932 discipulis
2833 862 3104 933 prrecepit,
3134 863 3316 925 dicens
3341 881 3353 916 :
3386 882 3403 917 ι
3433 863 3624 923 Pacem
3659 868 3833 935 sequ:

2263 953 2394 1007 mini
2422 952 2606 1023 (Hebr.
2637 953 2761 1023 xu).
2794 973 2813 1005 ι

2788 1048 3069 1107 HOMILIA
3121 1048 3304 1105 XXIII.

2635 1154 2892 1197 DOIINICA
2929 1156 2981 1194 IN
3016 1156 3462 1205 QUINQUAGESIIA.

2334 1233 2482 1303 (Luc.
2515 1235 2692 1305 xvm.)
2737 1256 2754 1286 ε
2796 1236 2853 1290 ln
2898 1236 2988 1291 illo
3034 1249 3303 1307 tempore,
3349 1240 3637 1310 assumpsit
3681 1240 3856 1299 .lcsus

2269 1343 2287 1374 ι
2322 1324 2602 1381 duodecim
2628 1325 2920 1396 discipulos
2947 1341 3106 1393 suos,
3134 1336 3190 1383 et
3211 1327 3287 1382 ait
3310 1327 3417 1389 illis
3441 1346 3456 1381 :
3488 1329 3628 1385 Ecce
3647 1345 3858 1389 ascen—

2271 1432 2288 1465 ι
2319 1414 2498 1470 dimus
2525 1413 2951 1486 Hierosolymam
2969 1456 2985 1483 ,
3017 1424 3074 1470 et
3103 1418 3622 1475 consummabantur
3647 1423 3854 1477 omnia

2272 1522 2288 1555 ι
2322 1518 2440 1574 quae
2481 1504 2679 1574 scripta
2721 1514 2846 1560 sunt
2889 1522 2985 1576 per
3024 1507 3342 1577 prophetam
3376 1507 3443 1563 de
3469 1509 3607 1564 Filio
3650 1509 3853 1569 homi-

2271 1614 2289 1646 ι
2321 1594 2425 1659 nis,
2451 1603 2555 1650 etc.
2588 1615 2606 1649 ι
2643 1594 2901 1668 Superior
2928 1604 3107 1652 textus
3135 1598 3455 1668 evangelica:
3482 1598 3746 1665 lectionis
3772 1617 3854 1657 re-

2266 1683 2409 1749 tulit,
2439 1685 2704 1754 quomodo
2730 1686 2989 1743 Dominus
3016 1689 3336 1759 temporales
3370 1690 3588 1749 divitias
3629 1691 3850 1763 fugien-

2267 1775 2363 1831 das
2390 1784 2445 1829 et
2472 1783 2824 1847 spontaneam
2851 1787 3222 1849 paupertatem
3259 1794 3377 1836 esse
3417 1782 3712 1839 amaudam
3747 1784 3846 1839 do-

2267 1864 2460 1932 cuerit,
2478 1864 2690 1921 dicens:
2718 1885 2735 1919 ι
2757 1866 2893 1934 Quia
2909 1867 3119 1924 diﬁicile
3132 1871 3224 1940 qui
3240 1874 3494 1940 pecunias
3509 1874 3738 1936 habent,
3760 1877 3846 1930 in-

577 1950 794 2031 modum
824 1950 887 2029 in
919 1971 1255 2043 sexagesimo
1285 1981 1509 2023 numero
1534 1965 1731 2035 digitus
1765 1979 1792 2016 a
1825 1962 1991 2032 digito
2024 1973 2151 2029 pre-
2182 1950 2231 2012 B
2259 1960 2478 2016 trahunt
2500 1960 2552 2015 in
2571 1975 2793 2034 regnum
2813 1962 3069 2018 ctelorum
3086 1962 3236 2035 (Luc.
3264 1965 3419 2036 xvnr)
3445 1984 3459 2019 :
3502 1966 3723 2023 (acilius
3763 1980 3845 2026 est

576 2068 765 2131 mitur,
808 2080 997 2122 eorum
1046 2060 1478 2120 tribulationem,
1531 2071 1692 2126 quam
1738 2051 1947 2123 experti
1997 2059 2152 2115 sunt,

576 2162 975 2225 demonstrans,
1022 2158 1163 2213 sicut
1202 2156 1278 2210 ait
1314 2152 1638 2223 Apostolus:
1674 2170 1690 2201 ι
1726 2145 2151 2203 Tribulationem

575 2253 759 2309 carnis
799 2252 1075 2308 habebunt
1105 2246 1474 2316 hujuscemodi
1502 2242 1553 2314 (Ι
1578 2242 1702 2296 Cor.
1725 2244 1847 2302 vn).
1884 2258 1903 2290 ι
1955 2236 2153 2291 Cente-

575 2347 772 2402 simum
798 2358 929 2399 vero
956 2340 1191 2396 fructum
1221 2337 1457 2407 virgines
1485 2333 1783 2406 proferunt,
1815 2331 1944 2385 dum
1970 2328 2153 2385 carnis

579 2434 1038 2505 incorruptionem
1091 2428 1318 2485 Domino
1368 2425 1731 2497 promittunt,
1786 2428 1936 2475 tanto
1985 2418 2155 2488 magis

574 2527 858 2598 prtemium
887 2522 1220 2595 percepturi,
1255 2526 1458 2590 quanto
1489 2516 1792 2572 uberiorem
1846 2523 1899 2569 et
1943 2511 2151 2584 gravio-

580 2636 696 2676 rem
726 2620 838 2674 Deo
869 2617 1103 2672 fructum
1131 2614 1413 2684 proferunt
1438 2629 1450 2664 :
1482 2608 1637 2679 cujus
1665 2606 1924 2677 perfectio
1954 2605 2009 2659 in
2040 2604 2157 2673 ipsa

579 2712 872 2782 digitorum
907 2706 1313 2777 computatione
1347 2703 1773 2763 demonstratur,
1802 2694 2155 2766 quemadmo-

583 2803 709 2857 dum
737 2798 1083 2856 centenarius
1108 2810 1363 2851 numerus
1393 2793 1458 2847 de
1496 2792 1628 2847 laeva
1658 2789 1854 2845 transit
1880 2789 1934 2843 in
1967 2786 2154 2841 dexte—

580 2905 727 2955 ram,
760 2895 816 2944 et
845 2885 1109 2943 circulum
1141 2883 1469 2954 exprimens,
1500 2880 1559 2935 ﬁt
1588 2880 1640 2935 in
1673 2877 1891 2935 modum
1920 2890 2154 2939 corona},

580 2979 726 3035 illam
766 2973 1271 3033 immarcescibilem
1302 2986 1559 3027 coronam
1587 2968 1812 3040 virginis
1835 2967 2149 3028 ostendens,

581 3086 745 3142 quam
782 3084 879 3139 per
915 3066 1235 3139 prophetam
1277 3063 1536 3118 Dominus
1578 3058 1878 3131 pollicetur,
1927 3056 2154 3111 dicens:

587 3182 604 3213 ι
640 3161 766 3216 Haec
814 3158 946 3215 dicit
997 3156 1259 3212 Dominus
1307 3153 1607 3216 eunuchis,
1659 3150 1751 3220 qui
1800 3146 2160 3204 custodierint

580 3258 849 3324 pmcepta
875 3264 1023 3313 mea,
1066 3256 1121 3303 et
1154 3244 1417 3316 elegerint
1439 3257 1559 3313 quae
1583 3240 1761 3305 volui,
1808 3239 1945 3294 dabo
1983 3238 2063 3294 eis
2106 3238 2157 3293 in

2266 2050 2412 2106 enim
2436 2052 2700 2107 camelum
2732 2066 2829 2124 per
2855 2052 3097 2110 foramen
3112 2070 3242 2111 acus
3264 2058 3495 2121 transire
3512 2097 3528 2121 ,
3567 2074 3738 2128 quam
3765 2060 3845 2115 di-

2256 2144 2420 2198 vitem
2436 2144 2641 2200 intrare
2655 2146 2707 2200 in
2724 2159 2948 2217 regnum
2960 2144 3056 2201 Dei
3071 2146 3265 2217 (Marc.
3282 2148 3360 2220 x).
3373 2149 3740 2205 iEtdixerunt
3752 2153 3840 2220 qui

2255 2237 2546 2293 audiebant
2571 2253 2584 2291 :
2610 2236 2742 2305 Quis
2770 2248 2950 2308 potest
2974 2239 3153 2295 salvus
3181 2239 3298 2295 ﬁeri
3320 2240 3455 2295 iAit
3486 2240 3633 2296 illis:
3662 2259 3682 2293 ι
3711 2240 3841 2309 Qua

2256 2330 2609 2399 impossibilia
2657 2339 2783 2387 sunt
2828 2332 2967 2403 apud
3013 2333 3290 2398 homines,
3334 2335 3518 2389 omnia
3559 2336 3834 2404 possibilia

2256 2428 2383 2474 sunt
2410 2422 2549 2489 apud
2566 2422 2754 2477 Deum.
2794 2442 2813 2475 ι
2834 2423 2901 2477 Ει
2930 2424 3123 2480 iterum
3152 2425 3390 2482 ostendit
3427 2427 3555 2497 quia
3584 2427 3829 2499 apostoli,

2255 2510 2348 2579 qui
2391 2513 2570 2566 omnia
2617 2512 2950 2582 reliquerunt
2988 2524 3209 2586 propter
3237 2532 3465 2589 regnum
3500 2518 3631 2583 Dei,
3664 2518 3832 2574 multo

2256 2604 2410 2673 plura
2440 2604 2701 2675 recipient
2726 2606 2779 2659 in
2807 2606 2909 2661 hoc
2930 2615 3188 2677 tempore,
3214 2617 3270 2664 et
3296 2609 3353 2663 in
3382 2610 3579 2667 saeculo
3599 2618 3818 2665 venturo

2260 2696 2422 2749 vitam
2450 2703 2730 2757 aeternam,
2758 2703 2811 2750 et
2837 2705 2961 2767 post
2984 2697 3101 2753 haec
3124 2697 3403 2767 subiunxit
3428 2719 3441 2755 :

2334 2804 2352 2835 ‹
2385 2784 2687 2855 Assumpsit
2726 2783 2883 2841 Jcsus
2922 2785 3208 2845 duodecim
3248 2788 3563 2860 discipulos.
3594 2810 3613 2842 υ
3669 2790 3830 2862 Igitur

2258 2883 2379 2944 post
2406 2874 2635 2930 inﬁrmis
2665 2876 2928 2933 redditam
2967 2878 3256 2933 sanitatem
3276 2919 3290 2944 ,
3338 2889 3465 2951 post
3490 2882 3715 2937 divitum
3743 2882 3829 2935 in-

2260 2971 2536 3034 crepatam
2576 2965 2864 3031 duritiam,
2912 2974 3033 3038 post
3078 2966 3443 3039 apostolorum
3480 2978 3835 3041 spontaneam

2259 3062 2632 3124 paupertatem
2693 3062 2893 3113 mterna
2956 3057 3315 3128 promissione
3378 3069 3788 3116 remuneratam
3823 3099 3840 3126 ,

2262 3143 2456 3198 transit
2491 3144 2558 3199 ad
2612 3144 2881 3216 passionis
2929 3160 3040 3202 sua:
3089 3156 3367 3219 tropaeum,
3417 3157 3476 3203 ut
3525 3150 3848 3205 ostenderet

2262 3252 2368 3292 nou
2394 3252 2552 3306 posse
2580 3252 2681 3293 nec
2706 3237 2936 3295 salutem
2966 3237 3267 3310 perfectam
3290 3240 3563 3310 consequi,
3595 3256 3702 3297 nec
3732 3250 3849 3296 ter-

579 3304 887 3396 atatim
918 3345 972 3392 et
1002 3304 1056 3391 in
1085 3304 1269 3391 muris
1281 3333 1415 3388 meis
1442 3304 1618 3387 locum
1648 3327 1781 3400 (Ian.
1809 3328 1940 3399 ωτι).
1976 3348 1994 3380 ι
2049 3326 2155 3384 Lo-
2185 3304 2229 3366 (ἶ
2264 3304 2749 3398 reita—relinquere,
2788 3338 2842 3384 et
2876 3330 2945 3386 ad
2966 3304 3215 3388 caelestia
3250 3304 3653 3407 apprehendere
3672 3372 3690 3398 ν
3736 3335 3845 3389 “Si

581 3446 705 3487 eum
732 3429 1071 3486 nominatum
1101 3425 1240 3483 dabo
1284 3424 1363 3478 eis
1411 3429 1465 3477 et
1508 3434 1702 3476 nomen
1735 3421 2152 3490 sempiternum,

582 3520 725 3590 quod
761 3533 868 3576 non
903 3516 1118 3589 peribit.
1173 3513 1275 3581 Qui
1317 3512 1514 3574 etiam,
1564 3509 1610 3565 si
1650 3508 1997 3580 pollutionem
2047 3524 2154 3564 non

583 3612 757 3668 solum
787 3618 1000 3674 mente,
1048 3606 1143 3663 sed
1173 3605 1337 3661 etiam
1367 3615 1593 3672 corpore
1624 3600 1888 3672 fugerint,
1935 3601 2157 3656 audiant

579 3702 723 3773 quod
750 3701 984 3758 Joannes
1018 3700 1094 3756 ait
1125 3699 1178 3751 iu
1210 3693 1528 3765 Apocalypsi
1555 3712 1567 3745 :
1600 3711 1617 3743 ι
1650 3692 1715 3746 lli
1738 3701 1884 3756 sunt,
1913 3692 2006 3760 qui
2033 3707 2156 3746 eum

581 3794 893 3851 mulieribus
928 3808 1037 3847 non
1068 3798 1192 3845 sunt
1219 3785 1576 3856 coinquinati,
1600 3782 1838 3853 virgines
1862 3781 2006 3836 enim
2033 3790 2159 3836 sunt

580 3886 765 3958 (Apoc.
794 3887 928 3955 xiv).
964 3904 983 3936 ι
1026 3881 1124 3939 Vel
1152 3887 1303 3936 certe
1334 3876 1664 3931 tricesimum
1695 3872 1932 3928 fructum
1970 3869 2152 3941 profe-

587 3986 752 4045 runt,
797 3977 889 4047 qui
918 3976 1079 4032 ﬁdem
1119 3980 1319 4030 sancta:
1348 3968 1629 4025 Trinitatis
1659 3966 2005 4023 conﬁtentur.
2053 3965 2159 4020 Sed

584 4071 710 4141 quia
741 4069 877 4126 ﬁdes
907 4068 1024 4123 sine
1051 4064 1303 4136 operibus
1331 4068 1542 4116 mortua
1568 4066 1671 4125 est,
1701 4057 2033 4113 tricesimum
2065 4055 2159 4111 ad-

576 4165 811 4235 iungunt
837 4155 1196 4226 sexagesimo,
1236 4168 1355 4208 cum
1397 4151 1451 4205 in
1489 4148 1828 4206 confessione
1857 4148 1981 4203 ﬁdei
2017 4147 2156 4202 bona

580 4271 748 4328 opera
790 4254 1013 4317 addunt.
1067 4248 1203 4316 Quia
1237 4247 1379 4303 enim
1415 4260 1507 4302 sex
1544 4254 1671 4303 sunt
1711 4244 1825 4301 dies
1866 4244 1920 4297 in
1961 4244 2156 4315 quibus

581 4350 710 4406 licet
734 4343 976 4417 operari,
1000 4355 1096 4411 per
1123 4337 1531 4408 scxageuarium
1560 4334 1795 4391 fructum
1824 4336 1964 4391 bona
1991 4349 2156 4405 opera

585 4441 912 4513 ﬁgurantur.
958 4432 1071 4511 Sed
1092 4430 1216 4500 quia
1244 4429 1336 4499 qui
1370 4436 1514 4484 recte
1540 4428 1713 4483 credit
1747 4436 1801 4483 et
1827 4429 1964 4483 bene
1993 4428 2155 4495 vivit,

583 4531 821 4585 futuram
859 4521 1165 4578 mercedem
1203 4526 1509 4589 exspectat,
1555 4517 1909 4573 centesimum
1948 4518 2158 4574 tricesi-

590 4633 742 4678 mum
784 4614 1097 4687 proferunt,
1147 4608 1598 4682 quemadmodum
1637 4608 1860 4681 gloriam
1893 4618 2154 4663 aeternam

585 4708 906 4780 percipiant.
967 4704 1072 4760 Sed
1102 4700 1353 4772 quoniam
1402 4700 1455 4752 in
1500 4698 1645 4754 omni
1685 4714 1847 4768 opere
1884 4699 2028 4753 bono
2063 4714 2159 4769 pa-

586 4799 772 4856 tientia
804 4795 1109 4853 neeessaria
1138 4801 1222 4848 est
1245 4832 1260 4856 ,
1292 4800 1436 4846 recte
1464 4790 1747 4846 subditur:
1782 4810 1799 4841 ι
1830 4790 1896 4843 Ει
1921 4789 2157 4845 fructum

585 4890 817 4949 aderunt
848 4890 902 4944 in
932 4887 1243 4957 patientia.»
1277 4880 1423 4939 Bona
1464 4882 1626 4954 igitur
1657 4891 1798 4937 terra
1830 4897 1925 4950 per
1948 4882 2157 4952 patien-

599 4986 724 5038 tiam
756 4978 990 5053 profert,
1033 4976 1158 5047 quia
1195 4973 1336 5030 nulla
1372 4982 1497 5029 sunt
1525 4974 1664 5028 bona
1691 4988 1810 5043 quae
1839 4973 2076 5043 agimus,
2115 4972 2160 5026 si

587 5071 946 5142 pessimorum
985 5066 1124 5122 mala
1160 5064 1534 5136 aequanimiter
1564 5080 1669 5119 non
1702 5064 2011 5117 toleramus.
2063 5064 2166 5117 Pa-

590 5164 777 5220 tientia
816 5162 959 5219 enim
999 5173 1127 5215 vera
1168 5166 1290 5224 est,
1341 5172 1460 5226 qua:
1501 5157 1648 5211 nullo
1685 5155 1867 5209 furore
1907 5155 2162 5220 vincitur,

589 5256 732 5313 nulla
763 5253 1104 5310 tribulatione
1133 5258 1435 5320 separatur,
1479 5246 1623 5302 nulla
1652 5245 2024 5316 persecutione
2053 5253 2165 5299 tur-

588 5349 789 5404 batur:
828 5361 947 5416 qua:
976 5359 1082 5398 non
1108 5342 1280 5399 solum
1309 5342 1364 5396 in
1389 5340 1586 5394 divinis
1608 5337 1832 5408 flagellis
1854 5337 2163 5392 necessaria

590 5448 705 5505 est,
752 5439 846 5494 sed
873 5438 1035 5492 etiam
1080 5438 1145 5491 ad
1188 5435 1558 5507 proximorum
1596 5431 2058 5501 persecutionem,
2106 5441 2167 5488 ut

595 5533 654 5591 in
682 5530 930 5587 omnibus
960 5530 1173 5583 animus
1197 5522 1597 5595 perseverantis
1627 5521 1856 5576 fructum
1885 5522 2074 5577 all'erat
2109 5524 2164 5578 in

590 5622 851 5695 patientia
879 5638 891 5673 :
927 5618 1051 5689 quia
1098 5618 1269 5669 bonus
1311 5626 1417 5667 non
1445 5609 1579 5675 fuit,
1609 5612 1701 5681 qui
1733 5611 1902 5668 malos
1932 5613 2166 5668 tolerare

592 5714 878 5772 recusavit.
914 5709 1039 5764 Haec
1061 5709 1232 5761 virtus
1253 5703 1429 5773 qualis
1451 5703 1538 5765 sit,
1565 5705 1727 5759 etiam
1755 5705 2012 5759 Dominus
2038 5706 2162 5760 alibi

594 5803 919 5863 manifestat,
948 5814 1068 5854 eum
1100 5794 1229 5849 dicit
1256 5812 1265 5846 :
1303 5814 1318 5844 ι
1350 5794 1404 5848 lu
1435 5794 1689 5863 patientia
1720 5804 1896 5851 vestra
1928 5796 2166 5866 posside-

596 5896 721 5953 bitis
754 5892 960 5947 animas
991 5896 1197 5942 vestras
1216 5885 1366 5957 (Luc.
1398 5890 1528 5957 xxi).
1566 5909 1579 5937 ι
1630 5888 1691 5940 Et
1722 5889 1944 5943 iterum:
1970 5907 1987 5941 ι
2007 5887 2162 5947 Beati

2260 3420 2346 3475 ille
2390 3429 2691 3479 moreretur
2740 3437 2840 3492 pro
2886 3422 3127 3480 omnium
3170 3423 3379 3493 salute,
3435 3424 3528 3495 qui
3574 3433 3661 3479 est
3693 3425 3846 3481 salus

2258 3510 2500 3567 omnium
2528 3519 2791 3571 nostrum.
2826 3511 3032 3580 Quibus
3053 3513 3221 3569 etiam
3241 3514 3410 3579 vitam
3431 3522 3692 3569 aeternam
3714 3529 3846 3586 pro-

2258 3602 2501 3666 miserat,
2522 3602 2803 3673 passiones
2830 3605 3108 3676 anteponit
3132 3604 3565 3670 tribulationum,
3595 3615 3655 3659 ut
3675 3606 3720 3660 si
3742 3620 3843 3661 eos

2260 3690 2552 3746 delectaret
2592 3691 2742 3749 locus
2780 3693 3136 3762 celsitudinis,
3173 3695 3326 3765 prius
3363 3702 3644 3750 exerceret
3682 3693 3842 3750 dolor

2261 3776 2641 3837 tribulationis.
2679 3781 2958 3839 Praedictis
2984 3798 3113 3856 ergo
3145 3782 3616 3849 tribulationibus,
3654 3782 3843 3837 consi-

2261 3877 2558 3933 derandum
2585 3885 2688 3944 est,
2714 3878 2857 3950 quod
2882 3879 3184 3950 praevidens
3211 3878 3475 3934 Dominus
3498 3894 3568 3934 ex
3594 3893 3692 3932 sua
3720 3892 3847 3949 pas-

2262 3972 2413 4028 sione
2445 3972 2657 4028 animos
2687 3973 3072 4042 discipulorum
3103 3971 3524 4037 conturbandos,
3564 3970 3724 4042 longe
3754 3970 3842 4025 eis

2263 4069 2388 4115 ante
2417 4060 2661 4115 eamdem
2689 4062 2998 4131 passionem
3038 4060 3331 4135 praedicere
3359 4060 3563 4125 voluit,
3592 4067 3653 4115 ut
3692 4067 3846 4115 tanto

2260 4152 2438 4208 minus
2460 4153 2611 4208 turba
2621 4161 2807 4208 rentur
2828 4160 3067 4223 tempore
3086 4152 3373 4222 passionis,
3390 4158 3595 4222 quanto
3618 4158 3675 4219 et
3696 4150 3845 4206 banc

2261 4259 2292 4298 a
2321 4244 2411 4313 pio
2454 4244 2713 4315 magistro
2758 4244 3069 4315 praadictam
3109 4241 3427 4298 recolerent.
3486 4240 3662 4305 Minus
3694 4240 3842 4296 enim

2256 4335 2435 4408 jacula
2460 4334 2666 4391 feriunt
2715 4349 2835 4405 qua:
2861 4333 3247 4405 praevidentur.
3288 4331 3398 4389 Nec
3426 4332 3602 4389 solum
3630 4331 3846 4402 passio-

2260 4428 2346 4484 nis
2385 4442 2495 4483 sua:
2531 4440 2781 4497 pmnam,
2828 4426 2922 4480 sed
2960 4426 3122 4480 etiam
3166 4423 3581 4481 resurrectionis
3610 4422 3845 4493 gloriam

2261 4517 2538 4588 praedixit,
2587 4524 2645 4572 ut
2674 4531 2796 4571 cum
2823 4530 2946 4571 eum
2975 4517 3292 4573 morientem
3324 4516 3485 4588 (sicut
3523 4513 3847 4585 praedictum

2265 4611 2404 4683 erat)
2431 4619 2748 4675 cernerent,
2780 4610 2942 4666 etiam
2969 4618 3398 4665 resurrecturqu
3427 4607 3654 4664 minime
3682 4606 3844 4663 dubi—

2267 4710 2462 4757 tarent.
2493 4702 2560 4757 Et
2587 4716 2723 4771 quos
2748 4701 3105 4758 contristabat
3134 4701 3446 4757 denuntiata
3472 4700 3679 4769 passio,
3713 4699 3849 4754 laeti-

2266 4795 2455 4849 ﬁcaret
2477 4795 2734 4863 prmdicta
2760 4795 3091 4850 resurrectio
3117 4812 3131 4848 :
3164 4793 3465 4865 praevidens
3487 4794 3652 4849 etiam
3678 4809 3850 4865 paga-

2267 4900 2457 4940 norum
2486 4885 2767 4941 stultitiam
2794 4885 3049 4952 l‘uturam,
3067 4887 3159 4956 qui
3190 4886 3386 4943 dicturi
3404 4896 3561 4945 erant
3586 4902 3715 4944 eum
3740 4903 3848 4944 non

2267 4986 2583 5048 spontanee,
2611 4979 2706 5034 sed
2732 4986 2977 5035 coactum
3002 4993 3100 5048 pro
3122 4979 3278 5036 nobis
3318 4980 3634 5051 passionem
3677 4980 3848 5037 susu-

2271 5073 2471 5138 uuisse,
2499 5071 2649 5141 prius
2677 5072 2849 5143 ipsam
2883 5072 3189 5141 passionem
3216 5071 3497 5143 praedixit,
3541 5079 3605 5127 ut
3642 5071 3849 5127 intelli-

2270 5178 2477 5233 gamus,
2507 5162 2647 5232 quod
2690 5162 2738 5218 is
2776 5162 2867 5232 qui
2908 5170 2965 5218 et
3000 5161 3178 5217 locum
3219 5160 3488 5230 passionis
3533 5168 3589 5221 et
3634 5169 3851 5232 tempus

2270 5254 2563 5324 praedicere
2594 5254 2804 5324 potuit,
2845 5252 3151 5322 passionem
3180 5250 3452 5309 declinare
3478 5260 3696 5321 posset,
3746 5251 3853 5307 nisi

2272 5346 2411 5403 hanc
2435 5361 2533 5415 pro
2561 5352 2741 5400 nostra
2769 5345 3138 5415 redemptione
3161 5352 3457 5415 spontanee
3479 5344 3850 5403 sustinuisset.

2271 5434 2386 5490 Non
2433 5434 2576 5490 enim
2620 5448 2741 5487 eum
2788 5449 2933 5490 mors
2976 5434 3267 5506 compulit,
3315 5433 3411 5492 sed
3465 5434 3579 5506 ipse
3618 5441 3855 5491 morteln

2270 5541 2429 5596 quam
2459 5524 2627 5579 voluit
2652 5523 2841 5595 elegit,
2876 5523 3033 5593 juxta
3060 5526 3204 5595 quod
3234 5526 3350 5597 ipse
3377 5535 3617 5596 tempore
3638 5526 3857 5599 passio-

2272 5616 2358 5671 nis
2394 5614 2629 5684 judicem
2673 5614 2933 5672 allocutus
2970 5625 3055 5672 est
3084 5656 3100 5683 ,
3149 5617 3334 5675 dicens
3379 5636 3393 5674 :
3459 5636 3478 5671 ι
3519 5617 3856 5677 Potesmtem

2275 5706 2445 5763 habeo
2520 5709 2750 5779 ponendi
2824 5710 3061 5767 animam
3129 5726 3341 5777 meam,
3405 5719 3460 5764 et
3530 5717 3858 5780 potestatem

2273 5803 2446 5859 habeo
2475 5804 2670 5858 iterum
2701 5804 2945 5863 sumendi
2976 5820 3096 5860 eam
3139 5804 3320 5877 (Joan.
3345 5804 3422 5876 χ).
3463 5823 3482 5856 ι
3521 5803 3587 5859 Et
3612 5804 3809 5858 iterum
3839 5817 3853 5852 :

2279 5912 2297 5945 ί
2324 5894 2488 5949 Nemo
2513 5896 2656 5951 tollet
2682 5911 2710 5950 a
2727 5913 2809 5951 mc
2827 5897 3061 5952 animam
3078 5912 3277 5964 meam,
3299 5898 3391 5953 sed
3420 5912 3517 5968 ego
3540 5910 3685 5967 pono
3711 5907 3858 5957 eam,
