3994 6354
164 518 261 588 us

1341 520 1645 582 HOMILUE
1688 524 1773 580 DE
1811 522 2152 581 TEMPORE.

3293 532 3393 588 174

166 643 412 702 etiterum
424 657 582 700 sumo
596 658 715 699 eam
733 642 1004 716 (Joan.x).
1022 662 1040 696 ι
1058 643 1168 699 Nec
1189 644 1363 698 solum
1386 658 1716 713 paganorum
1745 644 1793 705 Α
1820 649 2003 712 parte,
2042 642 2326 713 aliquando
2355 650 2562 713 partem
2596 660 2695 715 pro
2724 652 2839 702 toto
2864 662 3091 717 ponere;
3132 663 3259 718 pars
3288 664 3389 720 pro

164 734 458 801 stultitiam,
478 734 572 789 sed
593 733 756 789 etiam
770 730 1146 790 haereticorum
1164 734 1427 789 insaniam
1443 734 1528 789 his
1542 734 1721 789 verbis

165 827 411 891 destruit,
461 827 554 897 qui
594 827 848 882 dixerunt
880 826 1042 881 alium
1092 825 1260 882 Deum
1289 826 1502 881 Veteris
1530 824 1717 881 Testa-

164 918 350 982 menti,
395 925 451 971 et
492 916 653 973 alium
692 915 859 984 Novi,
902 932 1024 972 eum
1068 925 1192 972 ante
1233 932 1385 973 suam
1413 916 1718 987 passionem

162 996 462 1080 complenda
500 1009 908 1080 praenuntiavit,
954 996 1089 1080 quae
1111 1010 1165 1064 in
1189 1008 1486 1081 Scripturis
1525 1009 1593 1063 de
1628 1006 1719 1061 illo

160 1098 360 1155 fuerant
386 1100 663 1171 praedicta,
693 1099 983 1155 ostendens
1009 1099 1245 1171 seipsum
1270 1100 1438 1155 Deum
1465 1114 1585 1157 esse
1609 1096 1717 1155 Ve-

160 1191 279 1246 teris
305 1199 357 1246 et
386 1190 522 1247 Novi
552 1190 906 1257 Testamenti,
934 1192 1026 1262 qui
1055 1192 1159 1248 hoc
1185 1200 1369 1264 ageret
1393 1200 1450 1246 et
1475 1191 1715 1256 doceret,

159 1282 285 1351 quod
313 1296 437 1337 eum
476 1282 531 1336 in
559 1282 737 1337 Veteri
766 1281 1114 1338 Testamento
1152 1284 1428 1355 prephetae
1469 1289 1714 1337 acturum

157 1379 206 1427 et
227 1373 509 1427 doctarum
534 1356 1010 1445 prophetaverunt.
1048 1373 1311 1429 Nimirum
1339 1389 1469 1445 ergo
1493 1374 1608 1451 ipse
1633 1382 1716 1428 est

157 1463 282 1518 Deus
308 1465 521 1522 Veteris
548 1482 613 1522 ac
638 1466 773 1523 Novi
801 1467 1160 1537 Testamenti,
1194 1468 1333 1525 sicut
1362 1464 1476 1539 ipse
1510 1469 1585 1523 ait
1618 1482 1716 1538 per

156 1555 467 1626 Prophetam
493 1577 506 1613 :
540 1579 559 1611 ι
590 1560 702 1630 Ego
729 1560 870 1615 Deus
899 1570 953 1616 et
980 1575 1087 1616 non
1101 1571 1282 1615 mutor
1307 1558 1526 1632 (Malae.
1552 1560 1659 1629 ιιι).
1689 1580 1707 1612 ι

155 1649 215 1704 Et
236 1650 462 1707 iterum:
487 1671 505 1705 ‹
528 1651 666 1707 Ante
694 1667 779 1707 me
806 1668 912 1708 non
937 1660 1022 1709 est
1047 1652 1309 1708 formatus
1330 1651 1494 1718 Deus,
1522 1660 1576 1707 et
1595 1661 1715 1722 post

153 1758 229 1798 me
251 1758 356 1800 non
385 1744 493 1800 erit
519 1742 652 1817 (Isa.
685 1745 861 1815 xun).
895 1764 914 1798 ι
953 1743 1021 1800 Et
1046 1744 1272 1815 pulchre
1302 1742 1548 1798 Salvator
1575 1742 1713 1797 duo-

151 1838 308 1894 decim
340 1839 634 1911 discipulos
673 1838 1005 1910 assumpsit,
1055 1839 1250 1913 quibus
1291 1844 1557 1892 secretum
1602 1850 1712 1890 suae

149 1931 403 2001 passionis
431 1931 689 2011 revelavit
715 1941 770 1988 et
800 1930 1236 1997 resurrectionis,
1264 1935 1483 2011 propter
1511 1928 1711 1983 duode-

1824 739 1936 788 toto
1960 733 2198 804 ponitur,
2224 734 2363 789 sicut
2386 734 2647 805 scriptum
2674 745 2758 791 est
2786 754 2800 791 :
2840 757 2857 789 ‹
2893 738 3178 795 Descendit
3223 737 3391 797 Jacob

1821 825 1879 880 in
1908 825 2198 897 IEgypwm
2230 826 2283 880 in
2306 826 2589 881 animabus
2611 829 2945 899 septuaginta
2972 827 3121 901 (Gen.
3159 831 3322 904 XLVI).
3366 849 3387 887 ι

1820 915 2071 988 Nunquid
2092 919 2285 975 anima:
2307 919 2425 993 sine
2444 918 2762 989 corporibus
2780 921 3211 978 descenderunt?
3229 924 3387 979 absit.

1822 1007 1929 1063 Sed
1968 1024 2066 1079 per
2092 1010 2369 1065 meliorem
2399 1009 2635 1067 hominis
2660 1020 2891 1087 partem,
2923 1008 3043 1087 quae
3068 1024 3149 1070 est
3177 1017 3355 1071 anima
3372 1058 3389 1085 ,

1820 1107 1964 1155 totus
1993 1100 2309 1172 intelligitur
2340 1102 2520 1156 homo.
2555 1102 2751 1157 Totum
2780 1096 2910 1158 vero
2935 1120 3035 1175 pro
3060 1114 3211 1176 parte
3238 1109 3392 1180 poni-

1821 1197 1930 1254 tur,
1959 1189 2242 1246 sicutalibi
2270 1190 2464 1262 legitur
2488 1210 2500 1245 :
2532 1211 2549 1243 ι
2576 1189 2977 1249 Videbitomnis
3005 1210 3132 1249 caro
3157 1198 3391 1254 salutare

1818 1277 1914 1334 Dei
1944 1278 2093 1350 (Luc.
2120 1281 2223 1352 ιιι).
2257 1302 2275 1333 ι
2316 1281 2431 1337 Νοιι
2462 1283 2605 1353 quod
2629 1280 2963 1339 Salvatorem
2994 1278 3294 1341 venientem
3324 1288 3391 1343 ad

1784 1388 1789 1391 ν
1811 1367 2075 1440 judicium
2110 1386 2239 1427 caro
2268 1371 2541 1428 volucrum
2567 1382 2623 1428 et
2648 1374 2976 1444 serpentium
3002 1382 3163 1445 atque
3199 1375 3391 1432 bestia-

1813 1472 1935 1517 rum
1964 1462 2147 1519 visura
2176 1464 2267 1530 sit,
2301 1464 2395 1520 sed
2427 1465 2603 1521 omnis
2631 1480 2777 1532 caro,
2811 1464 2869 1541 id
2897 1477 2981 1522 est
3005 1467 3180 1523 omnis
3209 1467 3390 1524 homo.

1814 1553 1950 1608 Nam
2001 1562 2055 1610 et
2098 1555 2151 1610 in
2194 1555 2407 1611 Domini
2440 1557 2691 1627 passione
2727 1558 2793 1613 de
2831 1552 3135 1613 latronibus
3194 1558 3392 1614 dicitur

1814 1646 1955 1716 quod
1986 1654 2212 1717 uterque
2239 1647 2526 1702 Dominum
2555 1648 3038 1719 blasphemaverit,
3075 1642 3218 1719 quod
3257 1648 3396 1706 alius

1815 1739 2140 1811 evangelista
2170 1739 2510 1798 manifestius
2560 1744 2816 1810 ostendit,
2850 1744 3059 1799 scilicet
3092 1732 3220 1816 quia
3249 1759 3395 1802 unus

1812 1845 1937 1886 eum
1966 1829 2454 1901 blasphemaverit,
2488 1833 2629 1889 alter
2655 1849 2785 1890 vero
2812 1831 3119 1889 crediderit.
3161 1834 3239 1889 Ita
3266 1849 3395 1906 ergo

1814 1928 1869 1976 et
1902 1921 1957 1975 in
1993 1921 2095 1977 hoc
2127 1920 2246 1977 loco
2277 1937 2308 1976 a
2337 1921 2524 1992 majori
2565 1933 2719 1996 parte
2756 1932 2926 1980 totum
2964 1941 3063 1996 pro
3101 1934 3254 1996 parte
3292 1941 3389 1996 po-
3436 1954 3451 1966 -

148 1997 271 2078 narii
313 2024 524 2080 numeri
566 2002 974 2095 perfectionem.
1027 1997 1396 2078 Duodena'rius
1428 2018 1573 2074 enim
1604 2034 1706 2071 nu-
1737 1997 1786 2060 Β
1812 2012 1953 2078 suit,
1994 2028 2117 2068 cum
2144 2013 2323 2069 dixit:
2358 2034 2377 2067 ‹
2412 2014 2947 2073 Consummabuntur
2976 2019 3179 2073 omnia.
3216 2037 3235 2070 ι
3287 2014 3391 2086 Qui

147 2130 317 2170 merus
359 2104 632 2187 perfectus
675 2126 795 2184 est,
840 2125 895 2172 et
938 2115 992 2171 in
1041 2115 1153 2171 suis
1196 2113 1439 2186 partibus
1484 2110 1707 2175 divisus,

143 2206 523 2277 perfectionem
549 2209 835 2279 quamdam
864 2206 1150 2279 significat.
1187 2203 1411 2260 Constat
1439 2212 1617 2258 autem
1644 2215 1712 2256 ex

141 2299 308 2369 primo
338 2300 533 2370 impari
561 2310 617 2355 et
640 2301 814 2372 primo
841 2299 981 2370 pari,
1015 2298 1069 2353 id
1094 2309 1181 2353 est
1207 2311 1274 2352 ex
1306 2296 1477 2350 tribus
1505 2302 1559 2348 et
1586 2309 1715 2363 qua-

141 2396 289 2445 tuor:
334 2390 466 2461 quia
486 2391 691 2461 primus
713 2390 910 2460 impar,
934 2384 1221 2449 ternarius,
1256 2386 1569 2456 primusque
1593 2397 1709 2452 par,

140 2480 541 2552 quaternarius,
568 2483 679 2537 sive
704 2482 849 2536 enim
872 2480 971 2535 tria
998 2480 1052 2533 in
1078 2486 1326 2548 quatuor,
1349 2477 1462 2531 sive
1484 2480 1715 2544 quatuor

141 2572 189 2628 in
214 2573 319 2627 tria
352 2573 540 2637 ducas,
586 2570 975 2627 duodenarium
1003 2582 1288 2624 numerum
1318 2564 1616 2636 complent,
1662 2573 1716 2619 et

143 2672 244 2719 tres
271 2662 490 2734 quidem
525 2662 591 2716 ad
620 2662 1005 2731 perfectionem
1035 2659 1338 2730 pertinent,
1376 2665 1597 2727 propter
1624 2657 1712 2711 in-

144 2755 405 2811 dividuam
427 2753 724 2809 trinitatem
749 2752 930 2830 Patris
949 2760 1005 2807 et
1025 2751 1145 2806 Filii
1172 2758 1225 2805 et
1247 2746 1484 2819 Spiritus
1504 2747 1674 2802 sancti
1695 2765 1707 2798 :

144 2854 190 2901 et
212 2854 429 2918 pr0pter
451 2844 553 2899 tria
583 2851 841 2912 tempora,
864 2848 988 2895 ante
1014 2840 1213 2911 legem,
1240 2836 1341 2893 sub
1381 2837 1498 2907 lege
1531 2843 1585 2891 et
1612 2836 1711 2891 sub

146 2939 303 3011 gratia
322 2979 336 3003 ,
377 2937 488 2992 sive
522 2943 743 3007 propter
770 2940 883 2989 tres
911 2930 1238 3003 principales
1265 2928 1514 2993 virtutes,
1549 2925 1706 2981 fidem

144 3031 415 3096 videlicet,
454 3044 600 3100 spem
630 3034 687 3081 et
715 3025 1054 3081 charitatem.
1107 3021 1497 3090 Quaternarius
1528 3027 1705 3074 autem

146 3132 197 3177 et
237 3122 349 3191 ipse
387 3121 451 3175 ad
494 3117 877 3190 perfectionem
914 3116 1180 3186 pertinet,
1226 3121 1448 3184 propter
1476 3121 1709 3183 quatuor

148 3212 449 3284 evangelia,
490 3220 544 3267 et
579 3218 804 3281 propter
845 3219 1079 3280 quatuor
1103 3206 1427 3278 principales
1457 3204 1706 3270 virtutes,

150 3305 258 3358 sive
284 3312 496 3373 propter
521 3312 748 3374 quatuor
775 3310 1014 3369 tempora
1044 3298 1192 3364 anni,
1220 3297 1304 3352 vel
1333 3302 1553 3379 propter
1577 3310 1706 3364 qua.

154 3403 274 3448 tuor
287 3359 560 3457 ‘aniinalia,
589 3408 706 3462 qua:
729 3392 885 3462 plena
912 3390 1085 3465 oculis
1114 3397 1241 3444 ante
1263 3396 1318 3443 et
1347 3370 1492 3443 retro
1522 3387 1577 3440 in
1608 3385 1709 3440 cir-
1734 3359 1782 3424 δ

156 3487 298 3541 cuitu
331 3486 469 3555 sedis
500 3486 594 3540 Dei
627 3501 742 3540 esse
770 3489 1284 3540 commemorantur.
1335 3470 1709 3533 Duodenarius

150 3562 357 3648 quoque
386 3592 634 3631 numerus
664 3586 716 3632 et
744 3576 856 3646 ipse
881 3574 1155 3646 perfectus
1183 3579 1292 3635 est,
1326 3578 1548 3641 propter
1575 3568 1709 3623 duo-

152 3671 312 3727 decim
338 3668 700 3741 patriarchas,
740 3676 795 3723 et
825 3666 1104 3722 duodecim
1143 3663 1449 3736 apostolos,
1489 3669 1544 3715 et
1575 3660 1710 3715 duo-

154 3761 309 3818 decim
354 3775 568 3817 menses
609 3759 767 3823 anni,
814 3764 868 3812 et
910 3755 1191 3811 duodecim
1236 3755 1400 3810 horas
1440 3752 1580 3818 diei,
1625 3749 1712 3805 vel

158 3833 353 3923 propter
378 3849 657 3904 duodecim
687 3848 950 3911 seniores,
983 3846 1074 3917 qui
1104 3845 1375 3916 geminato
1404 3856 1629 3896 numero
1656 3840 1708 3894 in

165 3939 452 4013 Apocalypsi
474 3941 688 4011 Agnum
712 3938 959 4003 adorant,
989 3956 1007 3988 ί
1031 3938 1308 3991 mittentes
1334 3948 1561 3989 coronas
1587 3945 1712 3987 suas

163 4042 263 4085 ante
289 4030 542 4086 thronum
572 4029 666 4085 Dei
695 4030 878 4101 (Apoc.
901 4025 997 4091 ιν).
1030 4046 1049 4079 ι
1085 4024 1220 4093 Quia
1248 4039 1347 4095 ego
1376 4022 1632 4077 Dominus
1658 4029 1712 4075 et

160 4122 295 4177 fidem
324 4132 526 4178 sanctae
552 4120 833 4176 Trinitatis
869 4126 923 4174 et
959 4118 1260 4173 doctrinam
1288 4123 1522 4186 quatuor
1545 4126 1712 4166 evan-

159 4210 392 4283 geliorum
425 4225 524 4282 per
550 4209 832 4265 duodecim
870 4206 1233 4278 apostolorum
1271 4203 1707 4289 praedicationem

157 4305 481 4358 nuntiaturus
518 4310 638 4358 erat
680 4302 902 4367 mundo,
950 4308 1095 4354 recte
1126 4298 1406 4353 duodecim
1443 4294 1710 4365 apostolos

158 4394 448 4463 assumpsit,
482 4392 677 4462 quibus
705 4382 971 4447 sccl-etum
1001 4404 1112 4443 suae
1140 4385 1405 4456 passionis
1430 4383 1706 4446 revelavit,

158 4484 354 4539 dicens:
390 4503 409 4535 ι
440 4482 579 4539 Ecce
609 4482 951 4538 ascendimus
977 4478 1425 4548 Hierosolymam,
1449 4485 1577 4541 etc.,
1601 4494 1619 4527 ι
1653 4481 1712 4527 ut

158 4590 266 4627 cum
304 4574 477 4628 omnia
520 4573 577 4627 in
620 4588 685 4628 eo
725 4570 989 4641 completa
1017 4568 1311 4629 vidissent,
1361 4580 1479 4634 qum
1517 4560 1584 4620 ab
1619 4562 1710 4618 illo

157 4666 390 4735 prmdicla
425 4664 735 4730 audiebant,
765 4676 1032 4718 memores
1059 4667 1241 4715 essent
1266 4655 1557 4728 praecepti,
1601 4669 1708 4725 quo

158 4757 252 4810 ait:
282 4776 295 4808 ι
328 4757 481 4825 Quod
508 4752 628 4811 dico
652 4755 806 4810 vobis
835 4755 888 4809 in
918 4751 1172 4815 tenebris,
1200 4749 1361 4805 dicite
1389 4750 1440 4803 in
1470 4747 1705 4802 lumine:

157 4858 202 4900 et
223 4849 351 4916 quod
380 4849 439 4903 in
471 4862 598 4902 aure
625 4846 821 4900 auditis
848 4843 903 4898 in
929 4840 1210 4905 cubiculis,
1231 4840 1521 4909 praedicate
1550 4852 1713 4907 super

161 4945 277 4992 lecta
300 4939 452 5008 (Luc.
480 4937 599 5008 xu).
626 4956 644 4988 ›
683 4935 987 4991 Notandum
1019 4942 1199 4986 autem
1226 4930 1369 5000 quod
1396 4930 1502 4984 ait:
1530 4946 1548 4979 ι
1572 4927 1711 4982 Ecce

159 5032 477 5085 ascendimus
498 5028 945 5099 Hierosolymam,
969 5033 1023 5079 et
1054 5022 1570 5079 consummabuntur
1595 5035 1710 5073 om—

159 5122 234 5175 nia
269 5138 383 5192 quae
412 5121 613 5190 scripta
645 5128 772 5176 sunt
810 5119 875 5173 de
909 5116 1046 5171 Filio
1078 5114 1331 5170 hominis.
1373 5134 1391 5164 ι
1440 5111 1712 5178 Quaeritur

158 5221 314 5268 autem
350 5226 521 5283 quare
554 5211 729 5265 dicat:
759 5227 785 5283 ε
818 5207 1345 5263 Consummabnntur
1374 5202 1553 5259 omnia
1589 5217 1707 5271 qua:

158 5301 335 5373 scripta
359 5277 489 5358 sunt
506 5302 573 5357 de
594 5291 734 5355 Filio
755 5277 1015 5362 hominis,
1042 5316 1059 5348 ι
1092 5312 1211 5351 cum
1245 5307 1482 5365 tempore
1502 5295 1709 5364 passio-

157 5398 230 5448 nis
253 5394 427 5449 omnia
457 5391 723 5461 completa
769 5404 873 5443 non
920 5389 1029 5444 sint
1065 5403 1185 5456 qua;
1224 5388 1290 5442 de
1329 5385 1420 5440 illo
1450 5384 1705 5455 praedicta

156 5495 311 5539 erant.
353 5484 545 5539 Adhuc
574 5482 716 5539 enim
749 5483 990 5537 restabat
1026 5480 1257 5550 gioriosa
1294 5480 1410 5550 ejus
1438 5479 1702 5545 ascensio,

156 5585 202 5629 et
227 5575 452 5648 Spiritus
479 5577 653 5633 sancti
680 5575 749 5630 de
776 5572 927 5629 caelis
956 5573 1169 5635 missio,
1213 5573 1475 5626 adventus
1514 5570 1579 5624 ad
1614 5572 1705 5641 jn-

156 5664 336 5721 dicium
363 5708 379 5733 ,
431 5678 488 5723 et
533 5665 920 5738 discipulorum
970 5662 1319 5733 praedicatio,
1370 5672 1425 5717 et
1470 5663 1706 5733 gentium

157 5763 369 5829 vocatio,
409 5772 465 5818 et
500 5764 667 5818 multa
701 5762 803 5817 alia
826 5802 840 5826 ,
880 5773 1001 5831 quae
1038 5758 1105 5813 de
1138 5756 1231 5811 illo
1265 5758 1518 5825 praedicta
1552 5771 1709 5812 nemo

157 5857 384 5929 atnhigit.
402 5854 507 5912 Sed
538 5859 603 5912 ad
636 5858 736 5911 hoc
767 5855 1071 5917 dicendum,
1105 5854 1230 5924 quia
1257 5868 1385 5907 usus
1415 5851 1708 5923 Scripturae

157 5957 255 6016 est,
295 5963 390 6021 per
426 5959 635 6022 tropum
676 5952 1049 6023 synecdochen
1090 5947 1373 6017 aliquando
1412 5954 1579 6001 totum
1612 5961 1709 6016 pro

1737 4715 1790 4777 D

1813 2104 2003 2159 modus
2029 2103 2315 2162 locutionis
2345 2122 2451 2161 non
2480 2107 2651 2163 solum
2682 2110 2735 2163 in
2758 2107 3076 2179 Scripturis,
3104 2111 3199 2165 sed
3225 2110 3391 2166 etiam

1812 2193 1865 2248 in
1893 2194 2093 2251 nostris
2119 2194 2645 2253 confabulationibus
2671 2200 2903 2255 usitatus"
2925 2209 3026 2266 est,
3059 2216 3180 2256 cum
3202 2194 3389 2257 dicere

1813 2287 2047 2345 solemus
2084 2307 2096 2342 :
2145 2291 2324 2345 omnis
2369 2291 2532 2347 homo
2577 2292 2631 2347 in
2662 2294 2937 2350 civitatem
2977 2295 3241 2362 ascendit,
3262 2296 3389 2351 vel;

1811 2380 1989 2434 omnis
2014 2381 2145 2436 urbs
2176 2381 2565 2447 conclamavit,
2603 2400 2709 2439 non
2740 2382 2882 2455 quod
2912 2374 3107 2458 aliquis
3135 2397 3286 2443 extra
3316 2388 3395 2443 ci-

1812 2469 2034 2527 vitatem
2066 2487 2175 2527 non
2205 2474 2559 2541 remanserit,
2601 2476 2684 2531 vel
2721 2477 2773 2532 in
2802 2461 3023 2534 civitate
3062 2472 3246 2535 tacens
3283 2496 3388 2535 non

1810 2561 2006 2630 fuerit,
2050 2564 2143 2620 sed
2180 2581 2208 2620 a
2240 2564 2431 2645 majori
2469 2574 2623 2637 parte
2662 2575 2829 2623 totum
2868 2568 3246 2645 significamus.
3309 2572 3385 2626 Ita

1811 2660 1869 2707 et
1908 2653 1964 2710 in
2008 2655 2111 2711 hoc
2151 2655 2271 2711 loco
2312 2672 2343 2711 a
2385 2652 2579 2728 majori
2624 2669 2780 2729 parte
2824 2650 2992 2715 totum
3032 2662 3387 2733 significatur,

1812 2757 1934 2797 cum
1952 2742 2150 2811 dicitur
2178 2760 2195 2799 :
2224 2763 2244 2797 ‹
2273 2748 2796 2803 consummabuntur
2825 2750 3027 2816 omnia,
3062 2772 3079 2804 ι
3109 2768 3213 2807 non
3246 2755 3389 2823 quod

1810 2833 1991 2888 omnia
2011 2834 2067 2889 in
2093 2835 2344 2907 passione
2367 2848 2738 2893 consummata
2764 2848 2907 2905 sunt,
2932 2843 3023 2896 sed
3049 2836 3175 2913 quia
3197 2859 3389 2914 magna

1810 2937 1877 2975 ex
1918 2929 2071 2992 parte
2110 2935 2485 2981 consummata
2526 2935 2690 2994 sunt,
2739 2930 2921 2985 omnia
2966 2935 3390 2987 consummanda

1810 3014 2080 3072 dicuntur.
2112 3012 2264 3086 Quae
2308 3020 2454 3075 enim
2505 3036 2535 3075 a
2586 3021 2817 3078 diversis
2860 3023 3111 3081 Patribus
3161 3026 3392 3083 diversis

1811 3109 2142 3178 temporibus
2185 3112 2442 3181 praedicta
2490 3121 2644 3179 sunt,
2698 3114 2751 3169 in
2804 3131 2911 3171 uno
2956 3117 3256 3188 eodemque
3283 3118 3392 3175 lilio

1812 3199 2045 3256 hominis
2096 3202 2323 3259 Domino
2372 3203 2497 3261 Iesu
2551 3204 2770 3263 Christo
2819 3219 3192 3266 consummata
3243 3222 3389 3266 sunt.

1811 3289 1964 3358 Quod
1993 3301 2053 3347 ut
2076 3292 2415 3350 manifestius
2445 3296 2790 3368 intelligatur,
2815 3300 3061 3356 dicamus
3089 3286 3188 3356 sub
3214 3318 3394 3357 exem-

1813 3381 1921 3451 plo,
1953 3383 2102 3437 verbi
2119 3386 2317 3455 gratia,
2347 3387 2537 3456 viginti
2567 3390 2688 3458 quis
2714 3389 2966 3447 denarios
2982 3394 3243 3463 erogavit,
3272 3409 3392 3447 rur-

1812 3487 1906 3528 sus
1935 3474 2197 3544 quinque,
2241 3484 2295 3531 et
2332 3475 2464 3531 alias
2501 3478 2847 3547 quindecim:
2896 3481 3116 3553 triginta
3153 3497 3388 3555 quoque,

1812 3572 1865 3620 et
1904 3573 1986 3620 ter
2010 3566 2190 3622 decies
2223 3582 2321 3638 per
2353 3567 2563 3623 diversa
2598 3577 2842 3641 tempora
2872 3572 3047 3637 dedit;
3092 3573 3207 3629 haec
3246 3568 3289 3628 si
3334 3575 3386 3628 in

1811 3673 1976 3712 unum
2006 3660 2306 3730 receperit,
2349 3661 2645 3716 centenarii
2686 3664 2895 3719 numeri
2930 3680 3197 3721 summam
3233 3666 3384 3721 inve—

1811 3747 1941 3802 niet.
1997 3747 2074 3804 Ita
2108 3763 2236 3821 ergo
2286 3749 2498 3805 Domini
2539 3750 2863 3817 incarnatio,
2894 3753 3073 3823 passio
3112 3763 3166 3809 et
3201 3769 3388 3810 resur-

1812 3844 1981 3898 rectio
2005 3840 2231 3899 diversis
2272 3845 2603 3915 temporibus
2639 3862 2668 3900 a
2705 3843 2932 3903 diversis
2967 3846 3218 3904 Patribus
3247 3865 3387 3921 prte-

1813 3932 1954 3987 dicta
1993 3941 2145 3998 sunt,
2194 3935 2287 3990 sed
2319 3935 2370 3989 in
2401 3950 2507 3989 uno
2536 3937 2831 3993 mediatore
2875 3938 2967 3994 Dei
3014 3947 3067 3994 et
3111 3932 3387 3995 hominum

1812 4031 2203 4089 consummata,
2243 4033 2298 4078 et
2332 4024 2453 4079 ideo
2481 4025 2710 4081 ﬁrmitas
2739 4026 2861 4082 ﬁdei
2892 4028 3182 4085 immobilis
3208 4045 3391 4101 perse-

1809 4123 1964 4169 verat
1988 4133 2002 4168 :
2031 4114 2155 4185 quia
2177 4116 2358 4171 omnia
2384 4132 2503 4186 quae
2528 4117 2579 4171 in
2603 4116 2821 4174 Christo
2844 4120 3020 4175 futura
3048 4131 3205 4178 erant
3230 4133 3387 4178 antea

1809 4204 2065 4275 praedicta
2089 4204 2324 4261 fuerant.
2354 4206 2667 4263 Passionem
2691 4225 2906 4280 quoque
2932 4213 3251 4282 prmdicens,
3281 4230 3391 4268 ma-

1811 4300 1893 4369 gis
1934 4313 1991 4353 se
2035 4297 2203 4353 filium
2243 4299 2480 4355 hominis
2531 4315 2692 4370 quam
2733 4300 2927 4357 Filium
2991 4303 3084 4359 Dei
3130 4305 3388 4377 appellari

1810 4393 1998 4460 voluit,
2028 4401 2088 4448 ut
2115 4394 2423 4449 ostenderet
2474 4393 2597 4465 quia
2625 4409 2722 4465 per
2749 4395 2853 4451 hoc
2879 4398 3020 4466 quod
3048 4397 3189 4453 filius
3218 4398 3389 4453 homi-

1809 4484 1895 4539 nis
1921 4482 2049 4549 fuit,
2088 4485 2261 4554 potuit
2290 4486 2493 4553 teneri,
2522 4485 2808 4558 ﬂagellari,
2847 4490 2955 4557 pati
3005 4497 3058 4544 et
3112 4490 3385 4560 crucifigi,

1809 4574 2070 4630 Divinitas
2099 4581 2277 4629 autem
2307 4575 2653 4646 impassibilis
2684 4578 2899 4631 mansit.
2940 4577 3069 4643 Quae
3095 4586 3271 4632 autem
3301 4595 3388 4634 es.

1811 4671 1963 4729 sent,
2006 4680 2125 4734 qua:
2166 4673 2406 4734 tempore
2436 4666 2701 4736 passionis
2743 4667 2796 4719 in
2840 4665 2929 4719 illo
2964 4670 3384 4724 consummanda

1814 4762 2011 4816 essent,
2043 4754 2353 4809 manifestat
2382 4770 2503 4809 cum
2534 4754 2808 4823 adjnngit:

1890 4863 1908 4895 ι
1942 4843 2208 4899 Tradetur
2239 4845 2382 4898 enim
2425 4844 2691 4914 gentibus,
2727 4854 2780 4898 et
2825 4844 3093 4910 illudetur,
3128 4856 3181 4903 et
3210 4847 3388 4923 ﬂagel-

1818 4956 1836 4988 ε
1876 4935 2090 5000 labitur,
2121 4944 2177 4990 et
2205 4945 2553 5005 conspuetur,
2584 4944 2638 4991 et
2666 4946 2948 5007 postquam
2977 4938 3382 5012 flagellaverint,

1819 5044 1836 5077 ς
1877 5025 2125 5080 occident
2148 5040 2292 5091 eum,
2322 5034 2377 5079 et
2405 5023 2489 5080 die
2520 5026 2677 5080 tertia
2707 5037 2967 5095 resurget.
3000 5049 3017 5080 ι
3050 5029 3176 5097 Qua:
3208 5034 3386 5087 omnia

1814 5115 1878 5169 de
1906 5114 1996 5169 illo
2030 5116 2307 5185 praedicta,
2341 5124 2393 5169 et
2422 5116 2477 5170 in
2517 5116 2607 5171 illo
2646 5117 2907 5187 completa
2945 5119 3122 5175 nullus
3152 5122 3383 5178 fidelium

1814 5205 2057 5271 dubitat,
2102 5215 2153 5261 et
2208 5206 2434 5276 diligens
2478 5207 2647 5262 lector
2696 5208 2851 5264 facile
2899 5214 3138 5282 reperire
3190 5224 3384 5284 potest.

1813 5297 1964 5364 Quod
1998 5298 2142 5353 enim
2174 5300 2465 5354 tradendus
2495 5310 2660 5369 esset,
2684 5303 2997 5372 praedictum
3029 5304 3149 5369 fuit,
3184 5306 3387 5361 scilicet

1812 5391 1879 5445 ab
1901 5389 2152 5456 Ieremia,
2167 5392 2257 5460 qui
2273 5391 2401 5447 dicit
2428 5411 2439 5446 :
2464 5412 2483 5444 ι
2507 5393 2750 5450 Tradidit
2772 5412 2857 5451 me
2871 5412 3029 5467 quem
3046 5398 3347 5469 diligebam.
3364 5419 3380 5449 ι

1814 5483 1880 5537 Et
1925 5481 2209 5538 Psalmista
2239 5499 2254 5539 :
2284 5502 2304 5533 ‹
2354 5484 2605 5541 Traditus
2653 5502 2768 5541 sum
2818 5496 2872 5541 et
2922 5503 3028 5541 non
3073 5487 3387 5557 cgrcdiehar

1816 5571 1986 5642 (Psal.
2016 5573 2263 5644 LXXVIII),
2302 5594 2319 5625 ι
2354 5577 2493 5645 quod
2541 5577 2816 5647 impletum
2862 5587 2947 5632 est
2986 5587 3226 5647 tempore
3258 5594 3375 5645 pas-

1816 5665 2003 5728 sionis,
2037 5667 2252 5735 quando
2294 5666 2458 5725 Judas
2488 5669 2759 5735 Scarioth,
2800 5687 2938 5725 unus
2977 5671 3040 5724 de
3085 5669 3385 5735 duodecim,

1815 5759 1945 5814 abiit
1967 5758 2032 5813 ad
2065 5760 2334 5829 principes
2360 5763 2719 5827 sacerdotum,
2756 5763 2939 5817 dicens
2964 5778 2979 5815 :
3008 5778 3026 5809 ι
3061 5758 3197 5825 Quid
3224 5761 3388 5817 vultis

1816 5852 1943 5905 mihi
1974 5853 2123 5919 dare,
2152 5861 2205 5907 et
2227 5869 2326 5924 ego
2352 5856 2499 5908 vobis
2520 5870 2642 5909 eum
2668 5850 3104 5922 tradam(dfatth.
3131 5853 3277 5919 xxvi)
3301 5854 3323 5905 ?
3365 5874 3381 5905 ι

1815 5946 1883 5999 At
1912 5944 1985 5999 illi
2017 5947 2407 6001 constituerunt
2436 5949 2481 5999 ci
2511 5947 2724 6017 triginta
2757 5957 3059 6017 argenteos,
3085 5953 3137 5997 et
3160 5954 3381 6014 accrpta
