3994 6354
576 501 684 558 175

1210 501 1564 560 HAYMONIS
1615 500 2091 560 HALBERSTAT.
2135 502 2345 560 EPISC.
2399 503 2549 560 OPP.
2589 503 2770 560 PARS
2807 503 2871 558 ll.
2914 534 2983 545 —
3021 502 3254 561 HOMIL.

3751 511 3880 563 176

575 617 824 688 pecunia,
859 615 1081 672 tradidit
1126 630 1249 672 eum
1289 617 1554 672 ministris
1593 617 1854 687 principis
1901 617 2154 671 sacerdo-
2183 619 2235 680 Α
2259 615 2668 681 intellexerunt;
2717 615 2974 670 nimirum
3010 615 3155 685 quod
3181 615 3302 670 istis
3340 615 3513 686 pietas
3541 615 3882 672 absconde—

579 719 715 777 tum,
747 709 961 766 dicens:
981 726 1001 760 ι
1021 707 1193 775 Quem
1217 708 1492 763 osculatus
1516 707 1692 775 fuero,
1720 709 1834 779 ipse
1844 717 1957 764 est:
1985 715 2160 763 tenete

576 816 721 860 eum.
759 817 778 852 ι
816 798 970 866 Quod
996 796 1297 854 illudendus
1340 805 1515 863 esset,
1557 797 1638 853 sic
1678 799 1735 852 in
1775 798 1892 868 ejus
1935 813 2161 868 persona

581 891 714 946 dicit
752 886 1037 946 Psalmista
1069 904 1082 941 :
1111 907 1131 939 ι
1165 887 1525 957 Opprobrium
1574 886 1749 944 factus
1799 903 1920 943 sum
1970 888 2161 942 vicinis

575 982 733 1048 meis,
751 978 1107 1036 subsannatio
1126 985 1182 1035 et
1199 979 1380 1034 illusio
1393 979 1626 1035 inimicis
1647 979 1780 1035 meis
1795 977 2125 1052 (Psal.xxx).
2138 998 2158 1032 ι

575 1072 646 1128 Et
683 1073 926 1128 iterum:
965 1089 984 1122 ι
1019 1069 1215 1127 Lumbi
1257 1071 1364 1125 mei
1405 1070 1609 1141 impleti
1652 1079 1779 1126 sunt
1824 1069 2163 1125 illusionibus

578 1161 752 1234 (Paul.
781 1161 1020 1232 xxxvu).
1054 1179 1074 1212 ι
1100 1159 1474 1217 EtIeremias:
1495 1180 1513 1212 ι
1541 1161 1958 1216 lnsurrexerunt
1989 1161 2041 1214 in
2080 1174 2165 1214 me

575 1254 678 1309 viri
705 1253 958 1309 illusores
980 1272 1000 1305 ι
1032 1247 1178 1323 quod
1205 1252 1481 1323 impletum
1505 1260 1592 1307 est
1618 1260 1858 1322 tempore
1877 1251 2164 1321 passionis,

577 1343 794 1414 quando
822 1357 1079 1398 coronam
1104 1342 1346 1412 spineam
1370 1343 1709 1414 imponentes
1740 1342 1905 1412 capiti
1931 1343 2048 1412 ejus
2067 1381 2081 1406 ,
2113 1349 2168 1395 et

580 1437 776 1491 dantes
798 1435 1119 1492 arundinem
1142 1435 1198 1490 in
1223 1436 1445 1492 dextera
1465 1434 1601 1505 ejus,
1633 1445 1688 1491 et
1713 1450 1852 1506 genu
1875 1434 2016 1490 ﬂexo
2041 1442 2168 1490 ante

579 1525 1047 1602 eum,illudebant
1060 1526 1417 1593 ei,dieentes:
1438 1543 1459 1579 ι
1490 1527 1624 1593 Ave,
1654 1543 1750 1583 rex
1785 1527 2110 1583 Iudaeorum.
2143 1546 2162 1580 ι

580 1617 736 1684 Quod
767 1615 1117 1689 ﬂagellandus
1143 1627 1312 1684 esset,
1339 1619 1420 1674 sic
1462 1618 1518 1673 in
1548 1619 1664 1690 ejus
1686 1634 1917 1690 persona
1958 1620 2169 1675 Zacha-

582 1709 694 1763 rias
746 1709 1010 1778 propheta
1056 1709 1310 1778 praedixit
1358 1728 1373 1764 :
1430 1729 1448 1760 ‹
1504 1710 1670 1782 Virga
1718 1713 2022 1782 percutient
2073 1712 2168 1768 lilii

581 1798 747 1855 lsrael
795 1799 1092 1870 principem
1138 1815 1295 1855 suum
1338 1797 1523 1869 (Zach.
1574 1800 1720 1872 xm).
1765 1821 1782 1852 ι
1820 1801 1887 1856 Ει
1924 1802 2165 1856 iterum:

593 1907 612 1940 ι
645 1889 954 1945 Percutiam
994 1898 1267 1959 pastorem
1320 1898 1376 1944 et
1424 1891 1800 1962 dispergentur
1834 1907 1962 1948 oves
1991 1892 2168 1963 gregis

2262 710 2371 776 bat,
2410 708 2515 765 illis
2539 709 2789 780 impietas
2813 707 3190 778 patefaciebat.
3219 706 3392 763 Habet
3425 708 3572 763 enim
3607 709 3878 764 humana

2263 815 2416 856 mens
2445 801 2549 856 hoc
2577 800 2855 870 proprium
2873 839 2889 865 ,
2919 807 2978 853 ut
3006 797 3151 868 quod
3176 797 3398 854 omnino
3428 812 3534 854 non
3570 798 3733 865 vult,
3767 809 3880 856 aut

2263 891 2353 944 vix
2379 898 2474 944 aut
2501 890 2657 945 tarde
2690 889 2878 944 credat
2908 905 2920 942 :
2946 895 3002 944 et
3024 887 3166 957 quod
3190 888 3338 942 omni
3367 889 3526 944 modo
3559 888 3686 944 ﬁeri
3723 890 3873 952 vult,

2265 982 2421 1038 facile
2454 982 2716 1053 intelligat
2763 991 2818 1036 et
2859 979 3073 1036 facilius
3102 980 3309 1036 credat.
3333 981 3470 1048 Quia
3508 996 3638 1053 ergo
3683 981 3876 1038 εἰη(ιεὶ

2265 1073 2367 1129 hoc
2385 1073 2644 1143 Optabam
2665 1071 2934 1142 quomodo
2952 1070 3201 1126 occidere
3223 1079 3466 1140 possent,
3488 1071 3615 1127 licet
3633 1071 3877 1128 occulte

2266 1163 2333 1218 de
2362 1163 2476 1232 ejus
2512 1162 2764 1233 passione
2793 1162 2994 1232 aliquid
3029 1161 3299 1227 audirent,
3335 1161 3617 1217 confestim
3643 1162 3872 1217 intelli-

2267 1252 2465 1324 gebant
2497 1270 2510 1306 :
2535 1254 2662 1324 quia
2691 1268 2820 1310 vero
2853 1253 3084 1323 apostoli
3108 1268 3209 1309 nec
3230 1253 3505 1324 optabant,
3537 1269 3641 1311 nec
3664 1257 3872 1312 crede-

2267 1343 2401 1398 bant
2443 1343 2587 1414 quod
2630 1342 2879 1399 Christus
2920 1344 3014 1398 Dei
3057 1343 3226 1399 Filius
3269 1345 3412 1400 mori
3462 1354 3685 1415 posset,
3737 1346 3870 1401 licet

2268 1434 2555 1492 manifeste
2591 1435 2708 1505 ejus
2734 1435 3042 1506 passionem
3087 1434 3397 1506 praedictam
3437 1435 3719 1502 audirent,
3751 1451 3867 1491 non

2269 1527 2658 1599 intelligebant.
2705 1526 2842 1582 Nam
2887 1535 3147 1597 quantum
3207 1527 3343 1582 dura
3397 1535 3452 1582 et
3500 1541 3698 1597 aspera
3747 1529 3868 1597 ejus

2267 1620 2449 1688 passio
2489 1619 2873 1689 discipulorum
2912 1619 3183 1674 mentibus
3217 1617 3516 1682 videretur,
3543 1618 3750 1673 Petrus
3777 1619 3860 1672 in-

2269 1709 2432 1775 dicat,
2467 1709 2560 1779 qui
2597 1724 2720 1764 cum
2755 1709 3012 1764 Dominus
3039 1708 3163 1765 alibi
3191 1723 3344 1765 suam
3372 1709 3682 1780 passionem
3721 1725 3861 1780 pm

2269 1799 2494 1864 diceret,
2517 1799 2812 1868 assumpsit
2838 1815 2962 1855 eum
2989 1808 3221 1866 secreto,
3247 1799 3460 1855 dicens:
3494 1817 3514 1851 ι
3535 1799 3696 1856 Absit
3725 1817 3757 1854 a
3789 1810 3856 1862 te,

2270 1889 2519 1955 Domine,
2549 1904 2657 1944 non
2701 1888 2796 1945 ﬁet
2837 1890 3012 1956 istud;
3055 1906 3162 1946 non
3208 1891 3353 1946 enim
3395 1892 3553 1947 decet
3596 1901 3656 1947 ut
3691 1892 3860 1947 Filius

585 1978 1275 2052 (Ibid.),iquodimpletum
1292 1983 1438 2036 estin
1452 1983 2180 2055 passione,quandoﬂagellis
2208 1982 2254 2042 B
2282 1979 2378 2034 Dei
2407 1987 2584 2050 ευδιει
2610 1986 2837 2035 mortem
2865 1979 3078 2051 (ΜαιιΙι-
3110 1979 3243 2051 XVI).
3271 1999 3291 2033 ι
3317 1980 3553 2036 Verbum
3581 1990 3773 2038 autem
3803 1984 3856 2036 in

579 2066 768 2135 jussus
789 2076 872 2126 est
885 2070 1042 2136 caedi,
1060 2071 1271 2126 dicente
1285 2070 1457 2126 Pilato
1481 2089 1494 2126 :
1518 2090 1536 2122 ι
1559 2072 1699 2143 Ergo
1713 2072 2032 2144 ﬂagellatum
2048 2089 2170 2128 eum

593 2158 885 2215 dimittam.
914 2180 933 2211 ι
961 2159 1115 2228 Quod
1130 2161 1508 2231 conspuendus
1536 2171 1697 2229 esset,
1727 2163 1806 2217 sic
1835 2163 1886 2216 in
1899 2163 2015 2233 ejus
2045 2176 2169 2232 per-

591 2265 726 2307 sona
767 2251 1094 2323 praedixerat
1140 2252 1304 2308 Isaias
1353 2254 1614 2323 propheta
1645 2270 1657 2305 :
1695 2271 1714 2304 ι
1753 2253 1968 2309 Faciem
1997 2269 2171 2308 meam

583 2360 693 2400 non
718 2344 890 2401 averti
937 2346 1005 2401 ab
1035 2345 1437 2415 increpantibus
1464 2355 1520 2402 et
1549 2348 1969 2418 conspuentibus
2001 2349 2054 2404 in
2085 2364 2174 2406 me

582 2433 720 2504 (Isa.
752 2434 826 2505 ι).
867 2454 886 2488 ›
913 2435 983 2491 Et
1000 2435 1102 2492 Iob
1129 2454 1142 2490 :
1176 2454 1194 2488 ι
1227 2437 1644 2494 lnsurrexerunt
1672 2440 1727 2494 in
1759 2455 1843 2496 me
1869 2441 1972 2496 viri
1999 2442 2171 2512 iniqui

585 2527 789 2597 absque
824 2527 1226 2595 misericordia,
1275 2538 1328 2584 et
1363 2545 1472 2586 non
1503 2541 1860 2602 pepercerunt
1895 2533 1948 2588 in
1977 2533 2172 2590 faciem

586 2633 762 2674 meam
798 2633 993 2688 spuere
1037 2618 1160 2689 (Job
1203 2621 1356 2692 xxx),
1392 2641 1411 2674 ι
1441 2622 1894 2694 quod.impletum
1921 2635 2006 2679 est
2041 2633 2173 2680 tem-

586 2722 719 2779 pore
738 2708 1029 2777 passionis,
1052 2711 1268 2779 quando
1290 2721 1553 2780 spuerunt
1572 2712 1628 2766 in
1652 2712 1846 2768 faciem
1865 2713 2000 2783 ejus.
2022 2715 2174 2782 Quod

587 2796 914 2853 occidendus
962 2806 1139 2863 esset,
1192 2799 1270 2856 sic
1312 2802 1638 2871 pmdixerat
1683 2803 1906 2870 Daniel,
1938 2805 2168 2861 dicens:

593 2907 612 2941 ι
648 2887 937 2945 Occidetur
976 2888 1256 2957 Christus,
1286 2898 1342 2946 et
1371 2907 1479 2948 non
1510 2893 1617 2948 erit
1656 2892 1772 2962 ejus
1820 2894 1979 2966 (Dan.
2009 2897 2112 2967 ix),
2148 2916 2167 2949 ι

585 2988 641 3034 et
669 2989 792 3035 eaet.
836 2979 974 3035 Hinc
1001 2981 1226 3052 .Moyses
1258 2981 1381 3038 filiis
1408 2983 1572 3040 Israel
1607 2986 1723 3039 ait:
1773 3005 1792 3037 ι
1843 2987 1909 3041 Et
1936 2987 2041 3041 erit
2062 2988 2172 3042 vita

583 3080 679 3128 tua
698 3073 938 3144 pendens
957 3083 1083 3128 ante
1107 3073 1293 3130 oculos
1317 3084 1467 3140 tuos,
1496 3085 1552 3132 et
1576 3092 1683 3132 non
1709 3077 1897 3134 credes
1920 3079 2043 3134 vitae
2069 3089 2174 3135 tua:

585 3163 780 3235 (Deut.
825 3165 1052 3237 xxvm),
1090 3185 1109 3217 ι
1161 3167 1255 3222 sed
1296 3167 1512 3223 timebis
1557 3169 1700 3238 quod
1751 3170 2030 3240 impletum
2067 3180 2168 3237 est,

584 3257 800 3327 quando
847 3259 1086 3329 pendens
1114 3259 1170 3314 in
1200 3275 1381 3325 cruce,
1426 3259 1684 3317 inclinato
1731 3263 1938 3334 capite,
1996 3265 2175 3319 emisit

2273 2071 2569 2142 Scripturis
2599 2073 2769 2127 sacris
2793 2072 2962 2127 tribus
2997 2073 3171 2128 modis
3197 2071 3537 2142 intelligitur,
3567 2073 3856 2144 aliquando

2270 2177 2370 2232 pro
2415 2164 2534 2232 ipso
2567 2163 2826 2229 Domino,
2857 2163 3146 2232 aliquando
3172 2177 3270 2232 pro
3313 2162 3459 2218 facto
3487 2164 3739 2234 ponitur,
3767 2165 3855 2218 ali-

2270 2254 2486 2324 quando
2506 2269 2605 2324 pro
2629 2254 2790 2310 dicto.
2813 2253 2920 2310 Pro
2941 2254 3190 2319 Domino,
3212 2262 3272 2308 ut
3293 2253 3454 2309 illud:
3475 2273 3493 2306 ι
3519 2254 3578 2309 ln
3594 2257 3855 2327 principio

2271 2346 2622 2400 eratverbum
2639 2345 2821 2417 (Ioan.
2843 2346 2908 2417 ι).
2932 2365 2952 2398 ι
2972 2346 3041 2401 Et
3060 2345 3220 2401 illud:
3245 2363 3265 2398 ι
3293 2344 3473 2401 Verbo
3501 2345 3724 2403 Domini
3743 2349 3853 2406 cali

2273 2435 2469 2490 firmati
2486 2444 2610 2492 sunt
2627 2434 3003 2508 (Psal.xxxu).
3043 2455 3062 2490 ι
3083 2435 3188 2492 Pro
3200 2435 3367 2503 facto,
3381 2438 3509 2492 utin
3523 2437 3718 2496 Exodo
3728 2439 3847 2512 legi-

2271 2541 2392 2582 mus
2412 2526 2478 2582 de
2491 2526 2671 2598 Moyse
2688 2568 2704 2595 ,
2729 2527 3018 2583 interfecto
3029 2527 3315 2600 Egyptio:
3337 2546 3356 2580 ι
3389 2528 3843 2601 Quomodopalam

2270 2615 2473 2673 factum
2487 2627 2570 2674 est
2589 2619 2816 2674 verbum
2831 2619 2972 2674 istud
2990 2618 3142 2690 (Cap.
3161 2620 3257 2692 ll)?
3280 2640 3298 2672 ι
3318 2620 3460 2677 sicut
3480 2621 3797 2693 alibilegitur
3817 2637 3831 2675 :

2279 2725 2298 2758 ι
2318 2708 2632 2779 Quicunque
2646 2709 2843 2765 dixerit
2854 2709 3077 2765 verbum
3088 2719 3278 2766 contra
3293 2711 3490 2767 Filium
3505 2714 3752 2779 hominis,
3765 2729 3840 2768 re-

2272 2800 2521 2854 mittetur
2535 2800 2582 2854 ei
2597 2799 2808 2872 (Matth.
2835 2802 2959 2872 xu),
2981 2822 2998 2852 ι
3017 2809 3071 2857 et
3085 2811 3231 2869 caet.;
3250 2801 3325 2859 ita
3337 2805 3458 2860 etin
3472 2806 3727 2875 praesenti
3741 2805 3847 2860 loco

2273 2891 2542 2963 pro'dicto
2568 2892 2805 2962 ponitur,
2836 2909 2957 2948 cum
2979 2894 3180 2950 dicitur
3212 2913 3225 2948 :
3261 2914 3278 2947 ι
3307 2896 3437 2952 Erat
3460 2897 3694 2952 verbum
3722 2898 3850 2953 istud

2273 2985 2644 3042 absconditum
2667 2986 2845 3053 abeis,
2869 3005 2888 3038 ›
2907 2987 2962 3043 id
2986 2996 3070 3043 est
3089 2989 3254 3044 dictio
3274 2988 3401 3048 ista.
3416 2991 3522 3047 Sed
3546 2993 3679 3062 quia
3706 2994 3855 3049 disci-

2279 3075 2414 3145 puli,
2445 3076 2587 3145 quod
2612 3076 2678 3130 de
2705 3075 2917 3131 Domini
2942 3077 3192 3147 passione
3230 3080 3512 3136 manifeste
3544 3084 3850 3148 audierunt,

2274 3180 2380 3220 non
2429 3165 2829 3238 intelligebant,
2877 3168 3090 3224 venitur
3120 3168 3185 3223 ad
3231 3171 3564 3226 miraculum.
3610 3174 3758 3229 Nam
3806 3177 3854 3230 in

2273 3268 2460 3310 eorum
2485 3258 2771 3326 praesentia
2801 3273 2974 3315 caecus
3019 3259 3347 3316 illuminatus
3381 3271 3496 3327 est,
3525 3270 3587 3316 ut
3616 3264 3858 3320 disceret

586 3350 855 3420 spiritum.
888 3351 1043 3419 Quod
1073 3361 1195 3423 post
1225 3360 1452 3408 mortem
1475 3353 1562 3409 die
1588 3354 1747 3408 tertia
1770 3333 2175 3411 resurrecturus
2202 3333 2248 3397 Ο
2279 3345 2414 3402 nihil
2438 3347 2504 3402 de
2530 3348 2648 3419 eius
2674 3349 2856 3406 verbis
2883 3351 3150 3419 ἀυδίιπθν
3179 3351 3557 3422 quem-“*an
3576 3354 3861 3412 miraculis

587 3451 764 3509 esset,
791 3443 871 3498 sic
915 3443 1178 3515 scriptum
1206 3452 1290 3500 est
1319 3445 1373 3499 in
1411 3442 1548 3501 Osee
1576 3445 1838 3515 propheta
1867 3461 1879 3497 :
1928 3464 1947 3497 ι
1991 3445 2178 3501 Viviﬁ-

587 3531 736 3589 cabit
782 3548 882 3589 nos
909 3542 1033 3604 post
1062 3535 1198 3590 duos
1232 3534 1378 3601 dies,
1409 3534 1463 3588 in
1513 3531 1600 3589 die
1644 3534 1808 3588 tertia
1839 3535 2180 3590 resuscitabit

585 3638 719 3690 nos,
765 3633 821 3680 et
856 3625 1097 3681 vivemus
1139 3627 1193 3680 in
1226 3635 1524 3695 conspectu
1559 3626 1676 3696 ejus
1714 3625 1870 3696 (Osee
1901 3627 1997 3698 Vi).
2035 3646 2052 3677 ι
2112 3626 2181 3680 Et

589 3714 936 3784 Sophonias:
977 3735 996 3766 ι
1032 3716 1298 3786 Exspecta
1344 3731 1462 3782 me,
1493 3717 1624 3772 dicit
1667 3717 1957 3783 Dominus,
2002 3717 2059 3772 in
2093 3717 2178 3773 die

587 3806 1008 3862 resurrectionis
1036 3822 1170 3862 meae
1200 3807 1254 3862 in
1279 3806 1519 3861 futurum
1547 3807 1733 3878 (Soph.
1768 3808 1873 3880 ιιι).
1915 3829 1934 3861 ι
1968 3809 2036 3864 Et
2063 3810 2176 3879 ipse

587 3911 689 3967 per
712 3896 1055 3954 Psalmistam
1081 3914 1098 3953 :
1127 3919 1143 3948 ‹
1183 3898 1297 3969 Ego
1331 3897 1561 3953 dormivi
1598 3907 1652 3953 et
1675 3913 1921 3954 somnum
1950 3901 2086 3972 cepi,
2123 3910 2178 3956 et

589 3991 871 4046 exsurrexi
887 3987 1060 4063 (Psal.
1089 3990 1193 4063 ιιι).
1215 4010 1234 4043 ι
1254 3991 1322 4045 Ει
1340 3990 1468 4047 alibi
1496 4008 1508 4044 :
1534 4010 1551 4042 ι
1574 3991 1858 4048 Resuscita
1879 4008 1985 4059 me,
2008 4002 2062 4048 et
2075 4009 2174 4066 ego

590 4081 814 4137 reddam
839 4083 940 4148 eis,
976 4103 995 4134 ι
1022 4083 1167 4154 quod
1193 4082 1472 4152 impletum
1505 4091 1588 4138 est
1610 4083 1697 4138 die
1724 4084 1886 4140 tertia
1906 4095 2026 4155 post
2053 4102 2171 4155 pas.

593 4173 836 4240 sionem,
867 4174 1084 4245 quando
1135 4175 1420 4241 mulieres,
1449 4190 1569 4246 qum
1619 4184 1744 4230 ante
1785 4175 2077 4231 diluculum
2107 4177 2174 4232 ad

591 4265 896 4336 sepulcrum
923 4276 1217 4333 venerant,
1241 4269 1309 4323 ab
1343 4268 1535 4340 angelo
1561 4270 1848 4324 audierunt
1881 4288 1894 4323 :
1939 4289 1958 4320 ‹
1991 4268 2172 4326 Iesum

597 4357 862 4427 quaeritis,
902 4373 1012 4413 non
1033 4366 1120 4414 est
1147 4358 1255 4422 hic,
1289 4360 1525 4414 surrexit
1549 4359 1742 4430 (Marc.
1768 4361 1903 4433 xvr).
1939 4380 1958 4414 ι

669 4467 689 4500 ι
727 4450 796 4504 Et
841 4449 942 4520 ipsi
985 4449 1123 4520 nihil
1166 4449 1360 4505 horum
1393 4449 1789 4506 intellexerunt.
1823 4451 1952 4507 Erat
1995 4461 2174 4508 autem

597 4561 616 4593 ι
652 4541 876 4597 verbum
913 4541 1059 4596 istud
1095 4540 1471 4595 absconditum
1501 4540 1569 4594 ab
1607 4541 1685 4596 eis
1707 4582 1722 4606 ,
1757 4550 1812 4596 et
1839 4558 1945 4597 non
1974 4543 2174 4598 intelli-

598 4652 617 4684 ι
649 4634 847 4705 gebant
880 4648 1000 4704 quae
1037 4632 1378 4688 dicebantur.
1411 4651 1429 4683 »
1465 4631 1519 4686 1η
1557 4631 1846 4703 Evangelio
1883 4637 2175 4689 secundum

592 4721 854 4780 Joannem
879 4724 1129 4795 legimus,
1159 4723 1300 4793 quod
1325 4737 1447 4777 cum
1474 4722 1732 4778 Dominus
1759 4721 1962 4779 IndIeis
1990 4726 2054 4780 de
2080 4741 2176 4782 sua

594 4814 844 4886 passione
870 4814 1043 4869 velate
1068 4813 1401 4884 loqueretur,
1427 4813 1650 4868 dicens:
1683 4833 1701 4864 ι
1739 4813 1874 4870 Cum
1905 4815 2177 4872 exaltave—

597 4905 720 4961 ritis
746 4905 917 4960 filium
940 4905 1192 4969 hominis,
1222 4915 1353 4960 tunc
1379 4905 1561 4961 scietis
1583 4907 1707 4977 quia
1734 4923 1832 4980 ego
1853 4924 1975 4963 sum
1995 4909 2175 4978 (Joan.

597 4997 735 5065 νιιι).
760 5015 780 5048 ι
804 4995 902 5051 Et:
935 5014 954 5046 ι
977 4995 1033 5051 Si
1055 4995 1324 5051 exaltatus
1349 4996 1503 5052 fuero
1527 5014 1555 5051 a
1587 5006 1748 5062 terra,
1765 4998 1943 5052 omnia
1967 4998 2177 5052 traham

601 5089 669 5143 ad
712 5089 976 5160 meipsum
1017 5088 1195 5160 (Joan.
1216 5090 1313 5161 xu)
1347 5106 1360 5143 :
1391 5110 1410 5142 ι
1448 5091 1547 5160 ipsi
1577 5090 1760 5144 statim
1790 5088 2175 5159 intelligentes,

604 5182 996 5252 responderunt
1023 5181 1260 5237 dicentes
1298 5199 1309 5233 :
1346 5200 1364 5234 ι
1397 5181 1726 5236 Daemonium
1758 5179 1952 5245 habes;
1987 5179 2106 5247 quis
2134 5189 2184 5232 te

600 5273 796 5343 quaerit
822 5272 1125 5329 interﬁcere
1164 5273 1345 5344 (Joan.
1378 5274 1520 5342 vn)?
1554 5293 1572 5324 ι
1598 5269 1705 5324 Nos
1728 5269 2030 5323 audivimus
2058 5269 2182 5338 quia

601 5362 850 5419 Chrisws
877 5373 1062 5420 manet
1082 5363 1136 5418 in
1158 5372 1444 5425 aeternum,
1472 5360 1559 5415 hic
1584 5374 1729 5424 vero,
1755 5373 1876 5413 cum
1899 5358 2182 5413 manifeste

602 5472 754 5512 suam
802 5457 1112 5527 passionem
1155 5455 1497 5526 praediceret,
1532 5450 1760 5520 apostoli
1806 5450 1939 5504 nihil
1989 5452 2178 5504 horum

603 5549 1002 5606 intellexerunt.
1026 5547 1165 5616 Quid
1188 5554 1271 5602 est
1295 5545 1438 5614 quod
1464 5541 1631 5598 Judaei
1660 5555 1768 5598 tam
1797 5541 1971 5598 velata
1997 5542 2178 5597 audie-

600 5650 761 5708 runt,
799 5650 857 5697 ut
887 5639 1229 5710 Evangelista
1277 5635 1609 5706 expositione
1658 5635 1875 5704 dignum
1926 5637 2174 5701 duceret,

602 5732 788 5790 dicens
819 5747 834 5786 :
869 5750 889 5784 ι
921 5730 1036 5786 Hoc
1077 5736 1259 5784 autem
1297 5726 1471 5793 dixit,
1501 5727 1809 5798 significans
1857 5745 1960 5798 qua
2007 5737 2180 5783 morte

600 5833 746 5881 esset
770 5823 1064 5879 moriturus
1091 5818 1270 5891 (Joan.
1316 5818 1437 5889 xu),
1473 5840 1489 5872 ι
1523 5829 1576 5874 et
1619 5819 1719 5890 ipsi
1767 5821 1948 5876 statim
1976 5820 2178 5874 intelle-

606 5922 841 5970 xerunt:
876 5911 1100 5982 apostoli
1126 5918 1305 5965 autem
1335 5909 1620 5966 manifeste
1655 5909 1955 5972 audierunt,
1989 5919 2040 5965 et
2074 5925 2177 5964 non

2278 3439 2530 3495 videbant
2556 3454 2862 3497 coruscare.
2892 3442 3043 3498 Unde
3067 3451 3121 3497 et
3144 3444 3390 3500 subditur
3418 3464 3430 3498 :

2354 3549 2373 3582 ι
2405 3531 2632 3587 Factum
2659 3541 2742 3588 est
2776 3542 2956 3588 autem
2988 3550 3112 3589 cum
3143 3535 3600 3606 appropinquaret
3620 3535 3855 3602 Iericho,

2283 3643 2302 3675 ι
2330 3638 2502 3680 caecus
2538 3626 2758 3696 quidam
2798 3627 3018 3682 sedebat
3061 3642 3218 3682 secus
3259 3629 3401 3683 viam
3446 3629 3786 3686 mendicans.
3834 3650 3849 3681 I

2276 3713 2492 3771 Iericho
2511 3716 2704 3772 civitas
2735 3725 2819 3773 est
2857 3725 3008 3772 trans
3041 3715 3334 3774 Iordanem
3361 3720 3417 3775 in
3455 3728 3600 3775 terra
3629 3721 3854 3790 promis-

2276 3805 2464 3871 sionis,
2492 3805 2559 3862 ad
2585 3822 2746 3877 quam
2773 3806 2869 3861 ﬁlii
2889 3805 3053 3862 lsrael
3079 3808 3313 3877 primum
3336 3809 3572 3877 venisse,
3607 3809 3855 3866 Iordanis

2275 3913 2489 3955 amnem
2514 3905 2878 3964 transeuntes,
2902 3898 3170 3969 leguntur,
3194 3915 3314 3970 quae
3338 3902 3675 3972 temporibus
3697 3901 3857 3956 Iosue

2276 3992 2597 4047 mirabiliter
2643 4005 2675 4046 a
2705 3990 2964 4057 Domino,
3010 4005 3138 4045 arca
3178 3991 3348 4062 ipsius
3389 3991 3607 4046 Domini
3649 4001 3854 4063 septem

2275 4080 2463 4136 diebus
2506 4081 2903 4147 circumducta,
2946 4079 3204 4136 subversa
3229 4087 3314 4134 est
3343 4097 3355 4132 :
3397 4080 3494 4135 sed
3524 4081 3857 4151 temporibus

2273 4175 2460 4233 Achab
2489 4176 2632 4246 regis
2656 4177 2724 4232 ab
2744 4175 2900 4232 Ahiel
2923 4176 3167 4246 principe
3188 4173 3542 4239 resediﬁcata,
3565 4183 3628 4228 ut
3652 4174 3857 4245 Regum

2275 4274 2462 4321 narrat
2488 4266 2716 4322 historia
2743 4265 2862 4337 (III
2892 4265 3022 4336 Reg.
3050 4265 3187 4335 xvi),
3206 4266 3326 4336 quae
3347 4265 3507 4335 juxta
3536 4263 3857 4334 interpreta-

2277 4359 2480 4414 tionem
2505 4356 2671 4414 Iosue
2715 4359 2773 4414 in
2817 4358 3178 4429 primogenito
3222 4369 3325 4414 suo
3364 4358 3609 4415 fundavit
3633 4375 3778 4425 eam,
3808 4358 3858 4414 in

2277 4450 2570 4506 novissimo
2589 4466 2688 4506 suo
2710 4449 2968 4506 stabilivit
2991 4459 3181 4519 portas
3213 4450 3350 4520 ejus.
3376 4451 3736 4521 lnterpretata
3767 4466 3860 4504 au-

2281 4550 2388 4596 tem
2432 4540 2650 4597 Iericho
2693 4541 2747 4596 in
2792 4548 2978 4596 nostra
3038 4540 3222 4612 lingua
3275 4539 3473 4596 dicitur
3517 4540 3664 4595 luna.
3710 4541 3859 4595 Luna

2281 4633 2475 4703 quippe
2507 4650 2628 4703 qua:
2663 4633 2952 4688 menstruis
2980 4632 3129 4688 horis
3165 4631 3453 4688 crescitet
3481 4631 3772 4697 decrescit,
3810 4633 3860 4684 in

2282 4722 2575 4792 Scripturis
2621 4721 2906 4792 aliquando
2953 4721 3220 4778 defectum
3266 4730 3467 4778 nostra:
3515 4721 3864 4776 mortalitatis

2283 4814 2540 4878 insinuat,
2568 4813 2659 4883 qui
2697 4813 2993 4868 crescimus
3032 4813 3325 4878 nascendo,
3355 4811 3726 4868 decrescimus
3751 4826 3862 4864 mo-

2286 4906 2499 4960 riendo:
2524 4920 2784 4975 augemur
2802 4905 2854 4959 in
2883 4907 3178 4976 prosperis,
3201 4906 3495 4961 minuimur
3516 4904 3571 4958 in
3598 4903 3860 4959 adversis.

2286 4995 2543 5051 Dominus
2559 5004 2739 5050 autem
2754 4997 2906 5065 quasi
2922 4996 3140 5052 Iericho
3161 4995 3629 5068 appropinquavit,
3649 4994 3864 5063 quando

2286 5086 2552 5144 defectum
2595 5099 2795 5144 nostra:
2839 5091 3019 5144 carnis
3060 5090 3175 5144 sive
3217 5087 3630 5144 mutabilitatem
3655 5101 3863 5141 assum-

2287 5177 2392 5246 psit
2415 5195 2428 5230 :
2459 5185 2520 5233 ut
2539 5179 2631 5248 qui
2659 5178 3008 5235 immutabilis
3031 5186 3151 5234 erat
3179 5179 3233 5234 in
3255 5179 3386 5244 suis,
3413 5175 3687 5233 mutabilis
3710 5175 3866 5230 ﬁeret

2286 5269 2338 5322 in
2371 5269 2587 5323 nostris.
2622 5267 2729 5324 Sed
2777 5283 2844 5325 eo
2891 5269 3107 5325 Iericho
3151 5270 3643 5340 appropinquante,
3685 5281 3866 5322 caecus

2283 5361 2498 5430 quidam
2549 5362 2772 5418 sedebat
2811 5376 2980 5440 ﬁsecus
3026 5361 3169 5417 viam
3223 5361 3556 5416 mendicans.
3615 5357 3766 5413 Unde
3809 5368 3869 5412 et

2283 5455 2499 5524 quidam
2535 5445 2882 5509 metricoriim
2909 5454 2986 5509 ait
3017 5470 3033 5508 :
3057 5453 3225 5509 Filius
3247 5453 3486 5508 occurrit
3506 5451 3734 5507 Domino
3755 5463 3864 5504 ca:-

2285 5555 2435 5602 catus
2462 5547 2515 5602 in
2545 5548 2676 5603 orbe
2711 5547 2897 5603 Timaei
2921 5548 3212 5619 quondam.
3254 5546 3580 5618 Spiritaliter
3615 5559 3744 5599 vero
3769 5557 3865 5612 ge—

2286 5655 2386 5694 nus
2413 5639 2659 5710 designat
2684 5638 3004 5704 humanum,
3026 5639 3169 5710 quod
3190 5647 3319 5693 tunc
3347 5638 3641 5693 ctecitatem
3668 5635 3869 5689 mentis

2287 5731 2544 5798 incurrit,
2577 5732 2794 5801 quando
2821 5731 3001 5786 lumen
3031 5730 3274 5785 veritatis
3311 5729 3514 5794 amisit,
3546 5735 3602 5783 et
3637 5725 3704 5780 ad
3730 5739 3866 5780 con-

2287 5821 2668 5890 cupiscendum
2719 5821 2919 5893 lignum
2975 5821 3196 5877 vetitum
3236 5819 3418 5877 oculos
3455 5817 3698 5889 aperuit,
3729 5826 3785 5871 et
3811 5815 3867 5868 in

2291 5913 2527 5967 tenebris
2571 5913 2772 5967 erroris
2811 5912 3014 5978 incidit,
3051 5911 3102 5966 in
3151 5927 3254 5981 qua
3285 5927 3388 5968 non
3425 5910 3596 5966 solum
3628 5904 3864 5972 gentilis,
