3994 6354
211 438 308 489 I77

1439 426 1740 485 HOMILUE
1783 425 1872 481 DE
1910 427 2251 483 TEMPORE.

3362 431 3463 486 178

200 543 296 599 sed
319 544 485 598 etiam
515 539 817 596 Iudzeorum
844 541 1069 611 populus
1098 541 1398 605 tenebatur,
1441 540 1532 610 qui
1558 540 1624 594 de
1653 552 1779 606 pec-
1808 539 1861 599 Α
1885 538 2023 591 sicut
2050 553 2179 593 voce
2211 539 2384 610 angeli
2419 542 2485 594 ad
2523 542 2742 596 Mariam
2775 542 2970 598 dicitur
2995 559 3007 595 :
3042 561 3060 593 1
3097 541 3257 598 Dabit
3283 543 3334 599 ei
3359 543 3463 599 Do-

197 637 311 694 cati
339 635 523 692 radice
542 644 713 699 ortus,
734 635 1008 706 originalis
1028 637 1235 707 peccati
1260 636 1474 692 vinculo
1503 635 1784 691 tenebatur

196 730 482 796 astrictus,
516 738 652 784 teste
676 729 932 798 Apostolo
950 729 1042 800 qui
1064 730 1138 784 ait
1165 745 1178 785 :
1209 747 1230 781 1
1264 728 1379 785 Non
1401 737 1487 785 est
1511 729 1784 785 distinctio

195 818 372 874 Iudaei
401 827 457 874 et
481 819 690 886 Graeci;
725 834 912 874 omnes
952 820 1096 874 enim
1148 827 1511 889 peccaverunt
1538 827 1593 874 et
1626 829 1786 889 egent

194 909 375 980 gloria
424 908 520 964 Dei
568 908 739 980 (Rom.
789 909 893 978 111).
932 928 950 960 1
976 908 1131 965 Unde
1163 910 1301 964 bene
1330 908 1614 963 Matthteus
1651 908 1785 964 duos

191 1013 373 1054 caecos
403 1000 602 1070 posuit,
637 1008 698 1054 ut
737 1015 802 1055 ex
834 1007 1058 1069 utroque
1097 1000 1292 1071 populo
1337 999 1544 1071 aliquos
1582 999 1783 1053 illumi-

191 1091 412 1145 nandos
454 1105 552 1162 per
597 1091 809 1146 Domini
841 1090 1269 1146 incarnationem
1305 1091 1620 1146 insinuaret.
1648 1089 1783 1145 Cum

189 1196 325 1252 ergo
353 1181 618 1237 Dominus
643 1180 858 1237 Iericho
889 1182 1358 1252 appropinquavit,
1386 1196 1562 1238 cazcus
1583 1181 1782 1236 illumi-

189 1280 354 1327 natus
383 1281 493 1339 est,
523 1272 771 1328 videlicet
791 1289 961 1345 genus
995 1275 1312 1341 humanum,
1339 1275 1464 1344 quia
1488 1289 1610 1330 cum
1640 1289 1784 1330 mor-

189 1363 411 1418 talitate
440 1371 637 1418 nostra:
664 1363 845 1420 carnis
872 1363 1090 1418 indutus
1117 1363 1238 1429 fuit,
1261 1364 1328 1420 ad
1342 1364 1783 1420 suamimmorta-

187 1453 408 1510 litatem
435 1469 533 1510 nos
567 1453 900 1510 reformavit.
934 1453 1103 1510 Secus
1150 1455 1292 1510 viam
1330 1463 1506 1510 autem
1537 1453 1780 1520 sedebat,

185 1545 314 1614 quia
361 1560 396 1598 a
438 1545 526 1600 via
572 1545 816 1601 veritatis
845 1554 1166 1602 recesserat.
1202 1544 1348 1602 Bene
1387 1553 1564 1600 autem
1610 1560 1784 1601 caecus

186 1635 292 1690 iste
319 1643 382 1690 et
415 1649 573 1691 secus
592 1635 736 1690 viam
761 1636 971 1701 sedere,
999 1646 1055 1690 et
1081 1637 1389 1691 mendicare
1415 1635 1628 1699 dicitur,
1655 1636 1781 1705 quia

185 1735 314 1781 sunt
340 1727 588 1782 nonnulli
618 1728 709 1798 qui
745 1742 845 1782 nec
883 1742 1041 1783 secus
1075 1728 1218 1783 viam
1245 1728 1468 1793 sedent,
1500 1743 1598 1782 nec
1622 1742 1778 1782 men-

184 1817 398 1875 dicant.
431 1818 536 1876 Sed
564 1821 761 1876 iterum
788 1832 914 1877 sunt
937 1823 1057 1888 alii,
1083 1824 1175 1893 qui
1215 1837 1370 1879 secus
1396 1823 1613 1892 quidem
1637 1824 1778 1879 viam

1884 627 2063 682 minus
2093 629 2233 685 Deus
2279 631 2460 685 sedem
2495 631 2664 688 David
2698 634 2869 702 patris
2913 633 2998 689 sui
3048 632 3200 705 (Luc.
3242 632 3304 704 1).
3343 652 3364 685 1
3391 634 3460 688 Et

1883 719 2175 789 Apostolus
2208 739 2220 775 :
2255 740 2273 772 1
2309 721 2409 790 Qui
2445 722 2620 779 factus
2647 733 2730 780 est
2756 726 2807 780 ei
2832 740 2901 780 ex
2935 725 3140 780 semine
3176 723 3347 779 David
3378 740 3462 780 se-

1886 811 2120 868 cundum
2148 828 2366 868 carnem
2398 813 2570 884 (Rom.
2598 816 2659 886 1).
2695 835 2714 868 1
2742 815 2887 872 Bene
2911 826 3090 873 autem
3111 815 3270 873 Iesus
3289 813 3463 871 Naza-

1885 918 2048 958 renus
2083 905 2320 960 transire
2359 904 2577 972 dicitur,
2614 907 2739 976 quia
2770 921 2877 961 non
2918 907 3059 963 sicut
3107 907 3283 964 caeteri
3317 921 3463 962 mor-

1884 994 2021 1049 tales
2051 996 2105 1050 in
2135 997 2334 1051 mundo
2360 997 2676 1067 permansit,
2701 998 2793 1052 sed
2823 1007 3108 1070 postquam
3142 998 3457 1070 praedicavit

1883 1093 1938 1140 et
1971 1100 2160 1155 passus
2188 1095 2301 1151 est,
2351 1086 2562 1142 diabolo
2605 1095 2876 1157 superato,
2920 1088 3094 1143 victor
3138 1090 3205 1143 ad
3234 1089 3450 1144 Patrem

1885 1177 2064 1230 rediit.
2091 1174 2373 1233 Transitus
2394 1188 2574 1232 autem
2595 1178 2760 1248 ipsius
2781 1176 2882 1232 fuit
2899 1177 2966 1233 de
2986 1177 3124 1233 coelo
3143 1179 3196 1232 in
3219 1187 3459 1246 uterum,

1883 1265 1951 1320 de
1979 1273 2132 1320 utero
2163 1267 2215 1322 in
2246 1267 2568 1338 sepulcrum,
2600 1268 2668 1323 de
2719 1267 2966 1340 sepulcro
3013 1268 3210 1323 iterum
3241 1270 3293 1323 in
3345 1283 3457 1325 coe-

1886 1356 2012 1411 lum.
2043 1359 2117 1412 De
2145 1357 2296 1427 cujus
2325 1360 2554 1415 transitu
2577 1359 2767 1415 Petrus
2809 1358 3083 1428 apostolus
3104 1359 3234 1413 dicit
3259 1377 3272 1412 :
3307 1379 3325 1412 1
3356 1359 3458 1426 Qui

1882 1450 2229 1517 pertransivit
2257 1451 2661 1518 benefaciendo,
2684 1460 2738 1506 et
2769 1451 3007 1506 sanando
3031 1464 3220 1505 omnes
3241 1464 3460 1520 oppres—

1883 1554 1972 1596 sos
2012 1556 2043 1594 a
2080 1541 2293 1598 diabolo
2325 1541 2461 1613 (Act.
2490 1543 2567 1614 ιι).
2607 1562 2625 1594 1
2654 1541 2816 1611 Cujus
2861 1542 3150 1597 transitum
3187 1540 3462 1594 admirans

1881 1630 2140 1695 Ecclesia,
2173 1633 2227 1687 in
2248 1631 2484 1689 Canticis
2510 1635 2844 1689 canticorum
2867 1635 2972 1688 ait:
2998 1652 3016 1685 1
3040 1633 3179 1688 Ecce
3195 1633 3298 1687 iste
3312 1632 3463 1686 venit

1883 1721 2079 1778 saliens
2105 1723 2156 1777 in
2185 1724 2477 1791 montibus,
2511 1725 2778 1780 transiens
2801 1724 2965 1779 colles
2996 1723 3172 1793 (Cant.
3207 1721 3290 1793 ιι).
3329 1742 3348 1773 1

1959 1874 1975 1906 1
2012 1853 2080 1910 Et
2103 1855 2192 1924 qui
2233 1856 2496 1925 praeibam
2516 1897 2531 1922 ,
2563 1856 2912 1928 increpabant
2935 1869 3057 1910 eum
3086 1862 3141 1909 ut
3181 1861 3404 1910 taceret.
3435 1870 3456 1905 1

183 1911 417 1977 sedent,
467 1912 560 1967 sed
596 1928 705 1968 non
736 1915 1065 1970 mendicant.
1093 1914 1285 1970 Adhuc
1312 1915 1475 1970 etiam
1502 1924 1628 1970 sunt
1665 1916 1777 1982 alii,
1808 1904 1858 1966 Β
1882 1904 1975 2000 ml
1999 1904 2671 2016 ὦ
2685 1904 3463 2016 Egit-{#1:}—'ﬁnigiiégggiﬁ

182 2003 274 2071 qui
311 2012 373 2058 et
416 2019 572 2060 secus
607 2005 750 2060 viam
802 2005 1020 2073 sedent,
1060 2016 1116 2063 et
1150 2007 1478 2062 mendicant.
1507 2005 1606 2062 Via
1635 2009 1776 2065 enim

181 2101 267 2146 est
316 2092 602 2160 Christus,
647 2097 740 2166 qui
771 2096 902 2150 dicit
936 2114 951 2151 :
986 2117 1003 2148 1
1037 2097 1148 2168 Ego
1175 2113 1294 2153 sum
1335 2098 1450 2164 via,
1485 2098 1686 2154 veritas
1725 2107 1781 2154 et

182 2183 296 2238 vita
347 2184 473 2256 (Job
513 2186 646 2258 x1v).
689 2207 708 2239 1
747 2187 857 2244 Nec
880 2203 1038 2244 secus
1063 2189 1210 2244 viam
1239 2190 1460 2255 sedent,
1491 2205 1590 2245 nec
1623 2206 1777 2246 men-

181 2275 395 2340 dicant,
423 2277 517 2346 qui
538 2293 638 2335 nee
665 2279 835 2334 Deum
866 2282 1111 2348 credunt,
1145 2296 1247 2336 nec
1276 2281 1542 2351 spiritales
1567 2282 1781 2337 divitias

179 2367 250 2420 ab
284 2382 358 2421 eo
378 2378 646 2436 quaerunt.
684 2370 854 2426 Secus
877 2371 1018 2426 viam
1060 2373 1276 2437 sedent,
1317 2373 1410 2427 sed
1437 2387 1544 2426 non
1571 2373 1780 2426 mendi-

178 2464 341 2521 cant,
383 2458 524 2512 sicut
556 2462 797 2529 perversi
829 2470 882 2516 et
925 2461 1044 2517 l‘alsi
1091 2461 1417 2528 Christiani,
1467 2464 1556 2532 qui
1613 2465 1779 2518 Deum

180 2549 446 2613 credunt,
478 2550 573 2605 sed
609 2567 639 2604 a
669 2553 813 2607 bono
842 2566 1005 2622 opere
1054 2561 1361 2623 torpentes,
1400 2553 1670 2624 spiritales
1699 2553 1782 2608 di-

183 2637 352 2691 vitias
379 2638 451 2692 ab
479 2653 545 2692 eo
589 2655 836 2707 quaerere
879 2656 984 2694 non
1024 2641 1272 2706 student,
1311 2643 1400 2711 qui
1435 2642 1603 2712 (juxta
1633 2643 1778 2713 Apo-

186 2726 413 2798 stolum)
449 2746 469 2779 1
504 2728 835 2784 conﬁtentur
858 2745 917 2785 se
964 2746 1124 2786 nosse
1168 2731 1368 2796 Deum,
1407 2732 1568 2787 factis
1602 2743 1778 2787 autem

187 2826 392 2888 negant
423 2816 551 2888 (Tit.
580 2818 642 2889 1).
686 2838 705 2870 1
736 2818 904 2874 Secus
936 2821 1077 2874 viam
1106 2819 1324 2884 sedent,
1351 2831 1406 2875 et
1436 2821 1776 2888 mendicant,

189 2909 282 2977 qui
328 2910 492 2964 Deum
546 2909 803 2975 credunt,
859 2921 912 2966 et
951 2911 1230 2968 caelestem
1275 2912 1500 2983 gloriam
1549 2914 1779 2970 assiduis

190 3000 528 3056 orationibus
553 3017 796 3071 quaerere
826 3018 932 3058 non
962 3014 1198 3069 cessant,
1229 3005 1292 3060 de
1321 3003 1570 3075 qualibus
1591 3004 1773 3060 Domi-

195 3107 300 3147 nus
338 3093 505 3150 dicit:
544 3114 562 3148 1
601 3093 748 3152 Beati
793 3096 884 3168 qui
915 3096 1164 3153 esurth
1189 3104 1242 3154 et
1267 3096 1461 3154 sitiunt
1487 3094 1775 3168 justitiam,

195 3185 446 3252 quoniam
475 3188 576 3257 ipsi
603 3189 988 3244 saturabuntur
1010 3187 1225 3260 (Matth.
1264 3191 1339 3261 v).
1380 3210 1399 3243 1

277 3293 298 3326 1
332 3275 398 3330 Et
440 3293 562 3331 cum
605 3280 844 3335 audisset
876 3281 1092 3336 turbam
1131 3289 1576 3353 praetereuntem,
1608 3284 1776 3339 inter-

209 3385 231 3416 1
262 3368 472 3436 rogavit
515 3371 640 3438 quid
684 3384 843 3428 esset.
893 3392 912 3425 1
945 3373 1125 3430 Turba
1170 3376 1515 3444 praeteriens,
1544 3379 1778 3449 patriar-

210 3456 432 3512 charum
459 3460 719 3532 signilicat
743 3465 986 3520 ordinem
1016 3477 1071 3521 et
1096 3468 1505 3537 prophetarum,
1538 3470 1630 3538 qui
1653 3484 1778 3538 pro-

201 3553 386 3615 pterea
409 3559 790 3618 praetereuntes
810 3555 1079 3622 dicuntur,
1101 3557 1226 3627 quia
1255 3571 1352 3626 per
1377 3558 1774 3613 successionem

199 3638 362 3705 geniti
404 3647 458 3693 et
497 3654 847 3713 generantes,
897 3647 962 3703 de
1005 3649 1110 3703 hoc
1157 3649 1355 3705 saeculo
1397 3649 1726 3705 transierunt
1759 3668 1772 3704 :

200 3730 364 3784 multa
403 3741 580 3788 tamen
627 3737 692 3790 de
722 3739 935 3794 Domini
976 3741 1380 3807 incarnatione,
1412 3751 1466 3796 et
1493 3744 1775 3813 passione,

200 3829 250 3874 ct
282 3827 700 3894 resurrectione,
734 3839 895 3901 atque
920 3832 1142 3888 humani
1167 3835 1379 3904 generis
1408 3835 1778 3906 redemptione

201 3913 395 3984 scripta
445 3916 796 3988 reliquerunt.
840 3920 994 3989 Quod
1041 3940 1164 3979 cum
1216 3925 1456 3982 audisset
1488 3941 1694 3998 caseus,
1724 3928 1777 3983 id

200 4011 274 4057 est
298 4018 468 4074 genus
502 4006 814 4076 humanum,
845 4011 1197 4084 interrogavit
1222 4016 1353 4085 quid
1372 4015 1477 4071 hoc
1504 4027 1666 4074 esset.

270 4111 289 4144 1
324 4095 397 4148 At
422 4095 496 4150 illi
531 4098 781 4154 dixerunt
807 4101 878 4168 ei,
909 4105 1053 4173 quod
1083 4103 1237 4160 Iesus
1263 4105 1574 4164 Nazarenus
1606 4119 1780 4167 trans-

205 4201 223 4232 1
255 4184 376 4239 iret.
413 4205 433 4239 1
462 4186 528 4241 Et
561 4203 684 4244 cum
727 4191 966 4248 audisset
1002 4195 1069 4250 ab
1120 4195 1200 4251 eis
1236 4197 1378 4266 quod
1407 4197 1566 4254 Iesus
1608 4198 1780 4256 Naza-

204 4292 362 4335 renus
400 4283 672 4351 transiret,
699 4285 753 4339 id
783 4293 866 4341 est
915 4302 1037 4342 eum
1064 4303 1129 4343 ex
1158 4305 1344 4346 eorum
1377 4290 1530 4346 libris
1566 4292 1779 4349 Domini

203 4368 652 4440 incarnationem,
692 4377 995 4446 passionem
1041 4387 1095 4433 et
1144 4383 1595 4437 resurrectionem
1644 4385 1779 4438 didi-

203 4458 382 4526 cisset,
405 4463 620 4518 credula
646 4480 779 4520 voce
805 4467 969 4536 coepit
997 4467 1252 4536 clamare,
1279 4471 1464 4526 dicens
1489 4490 1502 4524 :

275 4569 295 4600 1
333 4548 456 4606 Iesu
485 4551 560 4608 illi
599 4554 800 4621 David,
843 4557 1100 4612 miserere
1129 4560 1252 4615 mei.
1282 4579 1301 4612 1
1326 4559 1386 4614 In
1417 4559 1570 4630 cujus
1597 4563 1778 4619 verbis

207 4643 421 4712 pulchre
459 4648 722 4704 catholica
773 4652 1184 4707 commendatur
1226 4653 1380 4721 ﬁdes,
1412 4671 1532 4726 qua:
1576 4657 1780 4712 media-

207 4746 373 4792 torem
401 4739 495 4794 Dei
522 4748 576 4796 et
619 4743 898 4798 hominum
947 4752 1002 4800 et
1045 4761 1229 4801 verum
1280 4746 1447 4803 Deum
1491 4758 1546 4804 et
1590 4765 1778 4804 verum

206 4833 473 4890 hominem
496 4838 782 4892 comitetur
803 4847 858 4893 et
882 4839 1073 4894 credit.
1098 4838 1210 4895 Nisi
1230 4841 1374 4895 enim
1397 4854 1584 4897 verum
1607 4841 1779 4898 Deum

205 4923 540 4992 credidisset,
573 4927 818 4982 misereri
864 4928 968 4983 sibi
999 4930 1065 4982 ab
1112 4929 1200 4984 illo
1247 4945 1355 4985 non
1392 4941 1640 5002 posceret
1681 4948 1694 4984 :
1726 4940 1782 4986 et

206 5019 304 5073 nisi
334 5023 582 5076 eumdem
613 5039 800 5078 verum
827 5023 1096 5078 hominem
1125 5025 1460 5090 credidisset,
1491 5041 1596 5081 non
1629 5025 1778 5080 dice-

207 5120 286 5166 ret
315 5131 328 5165 :
359 5133 376 5163 1
406 5111 535 5169 Iesu
563 5113 636 5168 fili
665 5113 857 5169 David.
886 5133 905 5167 1
935 5113 1062 5170 Iesu
1078 5130 1312 5185 namque
1333 5113 1528 5170 Latino
1550 5115 1782 5186 eloquio,

207 5203 442 5259 salvator
470 5191 584 5260 sive
626 5206 879 5263 salutaris
914 5208 1132 5262 dicitur.
1165 5205 1256 5262 Sic
1277 5206 1422 5261 enim
1459 5205 1642 5261 Iesum
1672 5206 1785 5262 cla-

209 5298 396 5360 mavit,
420 5306 478 5351 ut
505 5297 673 5352 lilium
715 5298 885 5353 David
912 5313 1018 5354 non
1050 5297 1347 5353 dimitteret
1381 5314 1394 5350 :
1421 5308 1477 5352 et
1502 5297 1579 5351 sic
1615 5296 1784 5351 ﬁlium

209 5386 374 5441 David
422 5388 731 5454 invocavit,
775 5397 836 5443 ut
881 5389 1203 5445 salvatorem
1251 5405 1358 5445 non
1408 5389 1784 5460 pertransiret,

209 5481 500 5536 ostendens
537 5481 664 5552 quia
706 5480 972 5535 mediator
995 5481 1088 5536 Dei
1124 5489 1178 5534 et
1217 5480 1492 5535 hominum
1526 5479 1785 5536 Dominus

209 5569 366 5629 Iesus
394 5573 671 5642 Christus,
703 5576 756 5630 in
785 5589 889 5629 una
918 5575 1212 5646 eademque
1245 5590 1477 5645 persona
1507 5591 1574 5629 ex
1604 5574 1783 5631 divina

187 5669 553 5740 humanaque
583 5669 882 5725 substantia
919 5664 1186 5739 perfectus
1210 5667 1371 5732 Deus,
1407 5665 1680 5738 perfectus
1703 5677 1786 5723 est

211 5769 259 5816 el
304 5761 468 5815 homo
513 5762 828 5818 credendus.
879 5759 1047 5814 Filius
1093 5757 1259 5812 David
1310 5757 1523 5824 dicitur,
1555 5759 1677 5828 quia
1717 5759 1784 5813 de

213 5853 383 5927 stirpe
410 5853 581 5911 David
621 5869 841 5911 carnem
881 5867 980 5923 pro
1015 5850 1168 5906 nobis
1213 5849 1494 5921 redempor
1528 5851 1782 5922 suscepit,

1881 2037 2029 2103 bant,
2050 2037 2235 2093 turbas
2260 2038 2660 2094 immundorum
2691 2040 2978 2111 spirituum
3009 2038 3337 2110 signiﬁcant,
3369 2039 3461 2108 qui

1880 2127 2000 2182 initi
2021 2126 2146 2183 ﬁdei
2176 2128 2470 2183 humanum
2503 2144 2670 2201 genus
2710 2145 2742 2185 a
2787 2130 2997 2185 Domini
3027 2128 3346 2184 credulitate
3376 2143 3460 2182 re-

1880 2234 2073 2274 vocare
2102 2221 2280 2275 conati
2322 2229 2463 2286 sunt,
2494 2237 2599 2278 non
2632 2221 2802 2277 solum
2849 2221 3140 2285 suadendo,
3175 2219 3269 2275 sed
3295 2218 3460 2274 etiam

1880 2312 2238 2383 increpando,
2284 2314 2341 2369 id
2390 2323 2475 2370 est
2514 2315 2917 2386 persecutiones
2975 2323 3032 2370 et
3087 2312 3464 2368 tribulationes

1881 2404 2287 2458 commovendo.
2341 2403 2448 2459 Sed
2489 2405 2619 2474 quid
2662 2421 2837 2462 caecus
2914 2405 3103 2461 fecerit
3161 2404 3459 2458 audiamus.

1887 2512 1904 2543 1
1938 2491 2057 2561 Ipse
2085 2507 2215 2547 vero
2248 2493 2417 2548 multo
2451 2495 2624 2566 magis
2652 2495 2919 2551 clamabat
2951 2512 2966 2551 :
2993 2493 3093 2549 Fili
3136 2493 3336 2558 David,
3364 2491 3463 2546 mi-

1887 2606 1904 2637 1
1941 2601 2126 2641 serere
2155 2587 2280 2642 mei.
2311 2607 2329 2638 1
2351 2587 2459 2644 Sed
2485 2604 2661 2645 caecus
2689 2590 2859 2661 magis
2884 2605 2949 2645 ac
2974 2589 3143 2661 magis
3172 2586 3459 2653 clamabat,

1879 2679 2004 2746 quia
2034 2687 2234 2748 quanto
2264 2680 2494 2750 amplius
2517 2697 2688 2751 genus
2713 2684 3009 2736 humanum
3039 2696 3097 2736 se
3131 2681 3200 2736 ab
3229 2681 3463 2735 immun-

1879 2768 1960 2822 dis
1988 2769 2266 2838 spiritibus
2295 2771 2459 2825 sentit
2484 2771 2714 2842 0pprimi
2735 2812 2748 2836 ,
2790 2779 2942 2825 tanto
2973 2771 3251 2826 ardentius
3280 2769 3464 2825 studet

1878 2859 1944 2912 ad
1972 2859 2257 2914 Dominum
2288 2861 2522 2917 clamare
2541 2903 2556 2927 ,
2581 2863 2774 2938 dicens
2805 2878 2926 2918 cum
2957 2862 3223 2932 Propheta
3255 2880 3268 2915 :
3303 2881 3323 2914 1
3359 2861 3464 2915 Do-

1877 2949 2050 3015 mine,
2098 2949 2367 3020 refugium
2413 2951 2589 3007 factus
2635 2968 2694 3008 es
2741 2955 2898 3009 nobis
2943 2969 2973 3008 a
3017 2953 3366 3024 generatione
3408 2960 3464 3006 et

1875 3042 2129 3114 progenie
2161 3043 2332 3115 (Psal.
2365 3046 2608 3118 1.xxx1x).
2647 3066 2666 3100 1
2703 3045 2854 3103 Unde
2874 3057 2931 3102 et
2960 3047 3096 3102 bene
3118 3046 3317 3101 dicitur
3348 3065 3362 3099 :

1951 3177 1969 3209 1
2013 3154 2174 3213 Stans
2201 3167 2377 3214 autem
2401 3156 2575 3225 Iesus,
2599 3157 2760 3230 jussit
2787 3174 2986 3217 caecum
3010 3159 3204 3216 adduci
3227 3159 3294 3215 ad
3323 3172 3400 3214 se.
3431 3178 3448 3210 1

1800 3267 1847 3331 ρ
1877 3249 2029 3305 Tunc
2055 3261 2238 3305 autem
2266 3250 2528 3307 Dominus
2553 3268 2754 3308 caecum
2793 3253 2860 3308 ad
2896 3268 2955 3309 se
3005 3252 3322 3324 spiritaliter
3369 3251 3462 3305 ad-

1878 3339 1999 3394 duci
2016 3338 2198 3409 jussit,
2223 3342 2440 3410 quando
2460 3342 2736 3412 apostolos
2757 3343 2825 3398 ad
2853 3342 3254 3412 praedicandum
3277 3342 3461 3415 generi

1879 3431 2116 3486 humano
2147 3431 2320 3495 misit,
2344 3433 2529 3488 dicens
2560 3449 2576 3488 :
2616 3452 2635 3485 1
2667 3434 2870 3490 Euntes
2920 3435 2976 3490 in
3025 3435 3285 3490 mundum
3337 3435 3462 3488 uni-

1880 3535 2099 3575 versum
2130 3561 2146 3586 ,
2211 3521 2500 3590 praedicate
2565 3521 2918 3595 Evangelium
2985 3524 3132 3578 omni
3195 3533 3464 3578 creaturae

1881 3615 2076 3687 (Marc.
2111 3616 2246 3687 va).
2282 3634 2300 3666 1
2331 3616 2399 3670 Et
2428 3616 2665 3671 iterum:
2706 3635 2725 3668 1
2759 3616 2995 3684 Euntes,
3041 3617 3231 3672 docete
3275 3631 3465 3671 omnes

1880 3714 2087 3777 gentes,
2110 3707 2450 3777 baptizantes
2487 3723 2582 3770 eos
2602 3707 2656 3762 in
2672 3709 2888 3763 nomine
2916 3708 3118 3774 Patris,
3144 3718 3200 3763 et
3229 3707 3375 3776 Filii,
3407 3717 3463 3764 et

1879 3799 2120 3870 Spiritus
2167 3801 2340 3855 sancti
2368 3799 2583 3871 (Matth.
2614 3801 2832 3872 xxvm).
2869 3821 2888 3854 1
2923 3800 3025 3868 Qui
3054 3811 3182 3857 tunc
3211 3814 3334 3855 eum
3366 3799 3461 3855 ad-

1880 3893 2168 3957 duxerunt,
2201 3891 2416 3960 quando
2443 3890 2671 3962 profecti
2699 3891 3132 3962 praedicaverunt
3155 3891 3378 3962 ubique,
3401 3898 3456 3945 et

1880 3980 2107 4052 reliqua.

1959 4115 1978 4147 1
2023 4095 2090 4151 Et
2141 4113 2263 4152 cum
2312 4099 2830 4171 appropinquasset,
2874 4102 3233 4174 interrogavit
3285 4100 3462 4168 illum,
3507 4085 3515 4093 ’

1887 4210 1905 4241 1
1950 4189 2178 4246 dicens:
2209 4190 2346 4258 Quid
2392 4192 2490 4246 tibi
2530 4193 2613 4248 vis
2663 4193 2893 4249 faciam?
2923 4213 2943 4247 1
2989 4194 3234 4251 Adducto
3283 4202 3463 4250 autem

1883 4297 2026 4340 unco
2055 4282 2123 4337 ad
2152 4299 2232 4349 se,
2264 4283 2620 4353 interrogavit
2643 4299 2767 4339 eum
2795 4285 2924 4355 quid
2965 4284 3158 4352 vellet,
3185 4300 3294 4341 non
3319 4283 3464 4355 quod

1881 4379 2171 4450 ignoraret,
2205 4393 2325 4432 cum
2352 4394 2489 4448 pene
2520 4393 2730 4445 omnes,
2754 4380 2846 4450 qui
2878 4379 2953 4434 ibi
2979 4380 3226 4446 aderant,
3252 4379 3308 4434 id
3334 4393 3466 4432 nos-
3499 4407 3504 4416 -

1881 4479 2036 4524 sent:
2065 4469 2160 4525 sed
2202 4469 2382 4524 lumen
2410 4470 2552 4540 quod
2577 4485 2644 4525 ex
2681 4486 2775 4526 sua
2811 4470 3054 4526 bonitate
3094 4471 3388 4541 largiturus
3415 4469 3465 4522 ei

1881 4567 2022 4626 erat,
2052 4560 2118 4614 ad
2149 4559 2230 4614 sui
2259 4559 2571 4630 petitionem
2614 4560 2899 4626 tribueret,
2927 4567 2983 4615 et
3025 4557 3143 4626 ejus
3178 4555 3471 4613 confessio—

1887 4667 2009 4707 nem
2036 4651 2381 4721 approbaret.
2414 4650 2545 4707 Pius
2570 4651 2716 4705 enim
2744 4649 3006 4704 Dominus
3035 4663 3132 4703 sua
3163 4648 3303 4704 dona
3345 4663 3468 4720 gra-

1886 4746 2045 4810 tuita,
2067 4753 2254 4801 nostra
2278 4743 2392 4798 vult
2418 4758 2540 4798 esse
2563 4743 2774 4804 merita,
2795 4741 2849 4795 id
2869 4749 2973 4806 est,
2990 4755 3096 4796 non
3127 4740 3240 4796 vult
3262 4741 3470 4798 bonum

1886 4844 2132 4891 nostrum
2185 4836 2411 4888 invitum
2439 4841 2496 4887 et
2531 4841 2780 4888 coactum
2806 4847 2948 4900 esse,
2977 4833 3071 4889 sed
3102 4842 3461 4904 spontaneum

1887 4935 1941 4980 et
1968 4925 2350 4989 voluntarium,
2381 4931 2438 4978 et
2475 4923 2619 4994 quod
2642 4923 2799 4979 nobis
2824 4911 3016 4993 sponte
3067 4925 3317 4993 largitur,
3347 4925 3463 4980 vult

1888 5021 2090 5076 nostris
2114 5018 2465 5090 petitionibus
2488 5015 2746 5070 tribuere.
2786 5015 2855 5069 Et
2882 5016 3026 5082 ideo,
3055 5016 3303 5093 quamvis
3333 5016 3471 5072 sciat

1887 5113 2018 5183 quid
2067 5112 2224 5167 nobis
2275 5123 2496 5164 necesse
2543 5107 2636 5171 sit,
2674 5114 2960 5177 antequam
3009 5115 3256 5178 petamus
3311 5122 3458 5172 eum,

1888 5205 2074 5260 dicens
2106 5213 2131 5256 :‘
2151 5224 2168 5254 1
2205 5201 2284 5256 Ne
2306 5199 2522 5255 solliciti
2556 5197 2676 5254 sitis
2701 5198 2894 5254 animae
2919 5206 3116 5254 vestra:
3143 5198 3272 5268 quid
3307 5214 3462 5254 man-

1889 5292 2095 5348 ducetis
2125 5290 2340 5362 (Matth.
2372 5288 2470 5359 v1),
2509 5307 2528 5342 1
2560 5299 2688 5354 etc.,
2720 5288 3025 5359 importune
3053 5303 3151 5344 nos
3186 5298 3366 5344 tamen
3396 5289 3463 5344 ad

1889 5390 2178 5462 petendum
2210 5387 2558 5451 iuvitat,cum
2590 5385 2759 5440 dicit:
2794 5403 2811 5436 1
2848 5384 3040 5450 Petite,
3056 5393 3112 5440 et
3139 5385 3416 5455 accipietis
3444 5401 3458 5437 :

1891 5483 2134 5554 quaerite,
2160 5489 2216 5534 et
2245 5479 2532 5534 invenietis
2570 5497 2582 5531 :
2615 5478 2844 5548 pulsate,
2877 5488 2933 5532 et
2975 5479 3247 5549 aperietur
3288 5476 3461 5531 vobis.

1891 5575 2078 5631 Omnis
2105 5573 2247 5628 enim
2269 5570 2363 5642 qui
2387 5572 2541 5642 petit.
2573 5570 2770 5639 accipit
2796 5587 2809 5624 :
2847 5578 2902 5625 et
2926 5570 3020 5640 qui
3049 5568 3243 5640 quaerit
3263 5607 3278 5632 ,
3303 5567 3460 5622 inve-

1894 5669 1989 5731 nit,
2021 5676 2074 5722 et
2115 5665 2348 5736 pulsanti
2380 5663 2653 5736 aperietur
2699 5661 2913 5734 (Matth.
2955 5661 3074 5731 v11).
3129 5679 3148 5712 1
3203 5677 3223 5712 1
3265 5659 3336 5714 At
3375 5658 3466 5714 ille

1898 5777 1915 5807 1
1949 5757 2084 5811 dixit
2114 5771 2127 5808 :
2157 5755 2401 5819 Domine,
2435 5761 2496 5809 ut
2522 5753 2754 5810 videam.
2791 5771 2810 5804 1
2846 5751 2922 5806 De
2958 5763 3066 5819 quo
3105 5763 3249 5806 οωεο
3297 5751 3469 5811 versi-

1893 5849 2026 5905 ﬁcus
2053 5848 2268 5920 quidam
2295 5848 2370 5903 ait
2404 5866 2420 5904 :
