3994 6354
519 375 622 433 179

637 488 745 546 Non
769 500 942 539 aurum
963 497 1117 536 cmcus
1140 481 1363 546 Domino,
1391 477 1711 546 conpraemia
1735 474 1902 546 multa,

637 537 743 602 §ed
761 537 920 600 lucem
941 546 1098 610 petiit,
1122 537 1616 610 radiansquerefulsit
1634 539 1680 587 in
1703 537 1864 610 astris.

639 613 786 676 Cujus
805 615 854 662 in
875 602 1104 670 exemplo
1122 612 1298 657 cuncta
1317 602 1553 655 radiantia
1569 608 1788 663 poscunt.

519 738 577 794 In
605 737 753 807 cuius
792 729 1045 806 petitione
1092 725 1372 795 discimus,
1421 728 1545 799 quia
1594 725 1651 780 in
1701 723 1942 782 oratione
1979 737 2086 778 non

521 846 735 893 aurum,
781 842 886 882 non
936 814 1242 896 argentum,
1281 836 1387 876 non
1429 827 1674 874 terrenas
1720 811 1954 880 divitias,
1981 827 2086 896 non

517 919 872 989 longiturnam
898 915 1086 978 vitam,
1117 929 1223 968 non
1259 911 1549 966 vindictam
1581 907 1942 970 inimicorum,
1990 889 2084 960 sed

517 1005 782 1063 inell'abile
809 1003 989 1060 lumen
1009 1017 1252 1075 quaarere
1279 997 1673 1063 debemus,hoc
1697 999 1802 1062 e'st,
1828 1003 1886 1051 ut
1913 995 2084 1064 ipsum

520 1101 700 1156 videre
757 1098 1046 1170 possimus,
1103 1113 1121 1146 ι
1149 1093 1241 1164 qui
1271 1091 1533 1148 illuminat
1571 1103 1784 1144 omnem
1814 1084 2087 1142 hominem

515 1196 818 1250 venientem
849 1191 902 1246 in
929 1174 1072 1246 hunc
1103 1189 1358 1244 mundum
1407 1183 1588 1257 (Joan.
1617 1185 1678 1250 ι),
1715 1203 1734 1235 ι
1762 1181 1914 1252 juxta
1943 1181 2087 1252 quod

515 1288 630 1358 ipse
683 1285 956 1348 admonet,
981 1283 1165 1336 dicens
1196 1295 1210 1333 :
1247 1297 1266 1330 ‹
1298 1277 1532 1346 Quaerite
1582 1275 1816 1358 primum
1863 1288 2086 1343 regnum

514 1355 609 1433 Dei
642 1375 984 1445 etjustitiam
1017 1367 1154 1440 eius,
1181 1378 1235 1424 et
1261 1369 1374 1424 haec
1411 1367 1591 1422 omnia
1629 1355 1948 1434 adjicientur
1989 1380 2088 1420 vo-

511 1461 598 1523 bis
628 1465 842 1539 (Matth.
865 1463 962 1537 vl).
996 1482 1014 1514 ι
1049 1462 1316 1528 Quantum
1341 1467 1520 1513 autem
1543 1456 1675 1512 ﬁdes
1696 1456 1890 1523 valeat,
1915 1453 2088 1512 mani-

516 1541 900 1626 festatur,cum
928 1555 1158 1612 infertur
1187 1573 1199 1608 :

593 1671 610 1703 ι
657 1652 724 1707 Et
767 1649 924 1707 Jesus
963 1649 1039 1702 ait
1069 1646 1144 1702 illi
1173 1661 1188 1700 :
1219 1641 1481 1716 Respice,
1508 1641 1640 1698 ﬁdes
1671 1649 1760 1696 tua
1796 1652 1847 1696 te
1883 1641 2085 1696 salvum

522 1761 542 1794 ί
587 1742 732 1798 fecit.
771 1762 788 1794 ι
823 1741 880 1798 Si
907 1739 1051 1796 enim
1074 1739 1174 1794 iste
1195 1753 1292 1808 per
1317 1735 1476 1792 ﬁdem
1503 1735 1832 1791 illuminatus
1851 1741 1952 1798 est,
1970 1731 2086 1804 qui-

1141 364 1490 420 HAYMONIS
1528 361 2006 419 HALBERSTAT.
2048 359 2260 416 EPISC.
2295 357 2444 415 OPP.
2488 355 2664 412 PARS
2703 355 2764 409 ll.
2806 383 2874 394 —-
2909 352 3141 408 HOMIL.

2113 485 2159 540 Α
2189 474 2351 528 etiam
2394 481 2449 528 et
2487 473 2551 527 de
2585 471 2688 550 ﬁde
2710 471 2876 542 ipsius
2901 470 3052 534 caeci,
3080 469 3134 523 hi
3168 467 3258 550 qui
3297 467 3528 524 aderant
3582 465 3779 523 Domi-

3681 350 3782 409 ιω

2192 581 2315 620 num
2361 547 2730 638 gloriﬁcabant
2759 582 2770 616 :
2804 563 2878 617 ita
2907 571 2962 617 et
2995 578 3092 616 nos
3117 547 3259 617 bona
3284 576 3447 632 opera
3477 559 3777 628 facientes,

2189 657 2243 711 in
2271 645 2475 732 sanctis
2505 654 3002 732 conversationibus
3048 654 3248 708 nostris
3282 652 3551 732 talesnos
3587 660 3779 706 osten-

2188 731 2316 802 dere
2342 747 2621 818 debemus,
2648 734 2708 799 ut
2747 723 2804 798 in
2853 743 3007 798 nobis
3049 741 3380 819 gloriﬁcetur
3426 723 3604 806 Deus,
3642 742 3782 796 sicut

2188 837 2303 908 ipse
2347 837 2618 900 admonet,
2662 835 2847 891 dicens
2880 853 2892 889 :
2927 855 2945 885 ι
2977 833 3178 890 Luceat
3218 835 3306 888 lux
3357 842 3540 888 vestra
3589 845 3778 886 coram

2189 927 2511 990 hominibus,
2539 937 2598 980 ut
2635 926 2851 980 videant
2875 933 3055 980 vestra
3085 926 3224 979 bona
3248 909 3436 994 opera,
3465 929 3519 976 et
3563 917 3777 990 gloriﬁ-

2187 997 2802 1090 ceritPatrenivestt'UIit,
2821 1015 2908 1085 qui
2925 1014 2977 1068 in
2998 1013 3150 1068 cmlis
3165 1020 3248 1068 est
3273 1007 3486 1081 (Matth.
3506 1009 3594 1080 v).
3619 1028 3640 1062 ι
3674 1006 3778 1062 Sed

2187 1107 2327 1180 quod
2349 1103 2417 1162 ad
2451 1122 2619 1178 genus
2647 1107 2938 1162 humanum
2969 1103 3200 1159 diximus
3235 1099 3506 1174 pertinere
3537 1115 3776 1171 genera-

2189 1199 2331 1264 liter,
2355 1205 2528 1268 potest
2567 1207 2619 1251 et
2640 1197 2706 1250 ad
2734 1209 3169 1266 unumquemque
3195 1203 3538 1264 peccatorem
3581 1189 3778 1246 referri

2189 1287 2510 1362 specialiter.
2537 1288 2635 1356 Qui
2666 1289 2807 1344 enim
2833 1287 3111 1344 criminale
3155 1274 3435 1364 peccatum
3473 1284 3780 1340 committit

2189 1361 2242 1436 in
2273 1396 2455 1452 opere,
2480 1381 2638 1451 quale
2663 1389 2746 1435 est
2769 1369 3114 1444 adulterium,
3145 1361 3510 1441 homicidium,
3534 1375 3776 1440 furtum,

2189 1473 2398 1542 rapina,
2427 1471 2788 1542 sacrilegium,
2820 1480 2875 1525 ct
2917 1470 3001 1524 his
3030 1469 3244 1534 similia,
3268 1469 3568 1537 odiumque
3598 1475 3776 1542 gestat

2188 1563 2242 1618 in
2271 1564 2450 1627 corde,
2475 1579 2648 1618 caecus
2684 1573 2764 1618 est
2791 1563 2843 1618 in
2876 1571 3076 1628 mente,
3097 1560 3302 1616 Joanne
3332 1559 3582 1630 apostolo
3616 1568 3772 1625 teste,

2190 1655 2281 1728 qui
2303 1655 2416 1710 ait:
2453 1673 2470 1704 ι
2509 1653 2696 1710 Omnis
2721 1653 2810 1724 qui
2838 1654 2949 1708 odit
2975 1653 3192 1708 fratrem
3223 1667 3398 1716 suum,
3431 1651 3484 1704 in
3526 1648 3775 1706 tenebris

2191 1753 2291 1809 est,
2325 1753 2378 1800 et
2409 1744 2462 1799 in
2489 1744 2726 1800 tenebris
2748 1743 3006 1809 ambulat,
3037 1751 3092 1797 et
3129 1743 3296 1798 nescit
3340 1757 3448 1814 quo
3489 1751 3608 1807 eat,
3637 1756 3771 1812 quo-

516 1850 730 1904 cunque
769 1849 876 1890 non
925 1832 1130 1898 credit,
1171 1829 1402 1886 inﬁdelis
1443 1837 1545 1893 est,
1591 1829 1716 1899 quia
1765 1827 2082 1883 intenebris

2194 1837 2332 1892 niam
2355 1835 2589 1891 tenebrae
2609 1833 3016 1892 obcaecaverunt
3036 1834 3218 1889 oculos
3231 1831 3346 1902 ejus
3369 1831 3420 1902 (1
3439 1831 3612 1886 Joan.
3639 1835 3720 1903 η).
3747 1851 3766 1884 ι

518 1933 791 1989 manet,et
813 1925 866 1978 in
893 1922 1129 1978 tenebris
1142 1929 1242 1976 est.
1260 1919 1392 1976 Cum
1405 1933 1534 1990 ergo
1555 1918 1630 1973 ait
1655 1937 1668 1972 :
1699 1936 1716 1969 ‹
1746 1917 1905 1973 Fides
1927 1925 2013 1972 tua
2038 1925 2090 1972 te

517 2015 722 2069 salvum
742 2013 890 2078 fecit,
916 2033 934 2066 ι
958 2011 1411 2083 intelligiturquia
1437 2009 1569 2064 ﬁdes
1595 2024 1786 2080 magna
1802 2016 1884 2064 est
1897 2008 2084 2071 virtus,

421 2139 438 2158 ς
516 2107 632 2162 sine
653 2121 759 2176 qua
783 2103 1114 2176 impossibile
1134 2112 1217 2159 est
1242 2103 1459 2172 placere
1475 2101 1586 2156 Deo
1608 2099 1792 2171 (Hebr.
1820 2099 1918 2170 χι).
1939 2098 2094 2154 Sicut

516 2200 659 2254 enim
681 2197 972 2253 inﬁdelitas
994 2203 1166 2250 mater
1187 2203 1241 2250 et
1263 2194 1415 2250 radix
1438 2202 1521 2249 est
1549 2193 1788 2248 omnium
1815 2191 2088 2257 vitiorum,

516 2291 594 2344 sic
621 2288 756 2344 ﬁdes
779 2287 930 2358 origo
962 2287 1198 2342 omnium
1228 2285 1483 2340 virtutum
1504 2325 1518 2348 ,
1544 2284 1756 2338 dicente
1786 2281 2086 2352 Propheta:

523 2399 540 2432 ι
573 2379 760 2436 Justus
787 2387 966 2434 autem
993 2394 1060 2434 ex
1084 2377 1186 2432 ﬁde
1215 2376 1348 2433 vivit
1376 2375 1606 2446 (Habac.
1631 2373 1718 2446 ιι),
1748 2391 1768 2426 ι
1799 2388 1957 2443 quam
1980 2372 2088 2429 Do-

514 2471 694 2526 minus
727 2469 1114 2526 commendans
1144 2467 1443 2538 discipulis,
1475 2467 1550 2521 ait
1583 2484 1596 2519 :
1633 2486 1651 2517 ι
1697 2463 1899 2520 Habete
1930 2463 2087 2518 ﬁdem

516 2563 611 2620 Dei
641 2561 834 2634 (Marc.
868 2561 969 2632 χι).
1008 2579 1027 2612 ι
1069 2559 1135 2614 Ει
1164 2560 1395 2614 iterum:
1433 2577 1452 2610 ι
1488 2557 1544 2613 Si
1587 2556 1883 2612 habueritis
1929 2554 2088 2610 ﬁdem

517 2657 660 2712 sicut
687 2671 914 2726 granum
943 2653 1170 2724 sinapis,
1201 2653 1452 2709 diceretis
1477 2651 1645 2706 monti
1688 2651 1814 2704 huic
1845 2667 1858 2704 :
1895 2649 2088 2703 Transi

519 2749 664 2810 hinc,
700 2756 754 2802 et
793 2745 1052 2802 transiret
1080 2743 1231 2816 (Luc.
1259 2743 1413 2816 xvn).
1449 2763 1466 2796 ι
1523 2743 1676 2810 Quod
1717 2752 1895 2796 autem
1930 2757 2089 2796 nemo

517 2836 794 2892 beneﬁciis
817 2836 914 2891 Dei
937 2837 1182 2905 ingratus
1207 2834 1406 2912 debeat.
1424 2848 1720 2898 remanere,
1749 2840 1897 2887 recte
1931 2831 1996 2886 de
2024 2845 2090 2886 eo

517 2931 714 2986 dicitur
748 2947 762 2983 :

593 3039 613 3073 ι
659 3018 726 3075 Et
762 3015 1046 3074 confestim
1077 3015 1247 3082 vidit,
1273 3024 1332 3070 et
1361 3015 1684 3085 sequebatur
1711 3014 1860 3069 illum
1885 3012 2090 3083 magni-

525 3132 545 3166 ι
590 3112 758 3168 ﬁcans
783 3111 972 3166 Deum.
1014 3129 1032 3160 ι
1065 3107 1278 3175 Quanto
1315 3108 1457 3164 enim
1487 3109 1714 3180 quisque
1750 3107 1870 3178 plus
1909 3123 1938 3160 a
1977 3107 2088 3161 Deo

2188 1926 2290 1995 Qui
2321 1935 2498 1980 autem
2526 1923 2792 1980 desiderat
2815 1923 3128 1991 illuminari,
3155 1932 3209 1978 et
3231 1924 3524 1979 caritatem
3573 1924 3770 1978 ruentis

2190 2015 2477 2085 deponere,
2504 2013 2610 2069 'non
2641 2014 2798 2069 debet
2821 2015 3024 2068 orando
3053 2031 3081 2068 a
3112 2014 3370 2086 petitione
3413 2029 3659 2093 cessare,
3683 2013 3768 2068 sed

2190 2107 2503 2177 spiritaliter
2535 2121 2748 2178 semper
2791 2107 3122 2172 mendicare,
3159 2105 3210 2160 id
3235 2114 3335 2169 est,
3365 2105 3434 2159 ad
3465 2105 3764 2160 Ecclesiam

2188 2199 2389 2264 veniat,
2415 2208 2470 2254 et
2501 2198 2775 2254 humiliter
2801 2215 2895 2254 sua
2936 2209 3156 2270 peccata
3190 2187 3480 2255 commissa
3507 2197 3763 2254 conﬁtea-

2190 2300 2298 2358 tur,
2326 2291 2620 2370 praelerita
2641 2301 2862 2363 peccata
2892 2289 3104 2348 fletibus
3129 2291 3316 2358 diluat,
3341 2301 3396 2347 et
3438 2294 3517 2370 ad_
3549 2294 3762 2348 audien-

2189 2387 2314 2442 dum
2345 2385 2566 2441 verbum
2598 2387 2837 2442 divinum
2883 2387 3111 2442 libenter
3137 2403 3296 2444 aures
3326 2365 3517 2442 cordis.
3559 2387 3759 2458 aperiat

2189 2477 2288 2547 (lbi
2312 2477 2454 2532 enim
2480 2478 2535 2532 in
2559 2487 2867 2534 sanctorum
2893 2479 3155 2550 exemplis
3179 2479 3292 2533 sive
3310 2479 3492 2534 verbis
3517 2479 3748 2553 reperiet,

2189 2569 2445 2636 quoniam
2497 2569 2563 2624 de
2599 2569 2890 2638 praeteritis
2930 2569 3138 2626 delictis
3172 2569 3593 2626 satisfactionem
3613 2568 3739 2623 acci-

2188 2661 2318 2729 piet,
2349 2670 2403 2715 et
2428 2661 2494 2725 de
2538 2659 2732 2717 futuris
2763 2660 3052 2733 cautelam)
3077 2678 3092 2730 ;
3122 2661 3216 2717 sed
3243 2661 3287 2716 si
3309 2677 3406 2732 pro
3431 2670 3626 2716 aeterna
3648 2659 3743 2712 vita

2189 2749 2414 2822 coeperit
2451 2751 2726 2823 cogitare,
2769 2759 2824 2806 et
2869 2751 2938 2806 ad
2977 2766 3098 2806 eam
3141 2735 3265 2821 post
3289 2747 3752 2824 peccatumﬁeudo

2195 2841 2391 2908 redire,
2417 2857 2593 2898 caecus
2623 2827 2678 2898 et
2716 2857 2873 2898 secus
2904 2843 3044 2896 viam
3083 2842 3253 2908 sedet,
3277 2851 3332 2896 et
3364 2842 3654 2908 mendicat,
3678 2835 3756 2893 cui

2192 2943 2336 2990 recte
2368 2937 2615 3006 congruit
2639 2936 2784 3006 quod
2813 2935 3052 2991 dicitur:
3089 2954 3108 2988 ‹
3145 2935 3361 2991 Etcum
3396 2937 3606 2991 audiret
3645 2947 3758 2989 tur-

2187 3025 2310 3079 bam
2361 3034 2795 3096 praetereuntem,
2849 3027 3211 3098 interrogabat
3256 3027 3382 3096 quid
3407 3027 3513 3080 hoc
3542 3034 3702 3081 esset.
3741 3042 3758 3076 ι

2191 3115 2369 3172 Turba
2399 3117 2715 3187 praeteriens
2743 3125 3050 3172 sanctorum
3093 3126 3176 3172 est
3227 3117 3488 3172 unanimis
3539 3117 3764 3180 chorus,

521 3205 876 3268 illuminatur,
907 3210 1055 3258 tanto
1077 3199 1305 3272 amplius
1338 3209 1394 3256 et
1414 3199 1704 3272 perfectius
1731 3198 1884 3254 bonis
1911 3197 2087 3266 operi-

2194 3207 2281 3262 vel
2314 3223 2500 3264 eorum
2539 3209 2777 3263 actiones
2814 3215 2869 3263 et
2899 3207 3199 3263 doctrinam
3224 3207 3495 3279 signiﬁcat,
3519 3206 3770 3290 qui.proo

520 3299 622 3352 bus
645 3313 704 3353 se
731 3311 987 3354 exercere
1015 3298 1173 3353 debet
1195 3297 1375 3368 :‘sicut
1407 3297 1509 3352 iste
1533 3309 1707 3352 caecus
1734 3310 1856 3349 mox
1879 3301 2092 3362 recepto

521 3389 722 3446 lumine
746 3406 850 3446 non
880 3391 1034 3463 piger
1063 3390 1344 3462 remansit,
1384 3387 1477 3444 sed
1529 3388 1696 3443 Deum
1751 3395 1966 3442 secutus
2011 3395 2093 3439 est

519 3481 868 3554 magniﬁcans
895 3481 1065 3538 illum.
1088 3481 1326 3538 Deeebat
1349 3481 1492 3537 enim
1521 3488 1580 3538 ut
1623 3480 1672 3535 is
1691 3479 1782 3548 qui
1809 3493 1838 3532 a
1867 3477 2094 3534 Domino

519 3573 853 3631 illuminatus
885 3573 1058 3630 fuerat
1109 3590 1226 3646 non.
1264 3583 1411 3629 retro
1439 3574 1660 3639 rediret,
1683 3572 1776 3628 sed
1803 3572 1970 3626 Deum
2002 3585 2090 3626 se-

521 3673 796 3734 queretur.
831 3665 995 3736 Sequi
1027 3667 1169 3720 enim
1199 3665 1508 3732 Dominum,
1562 3665 1759 3718 imitari
1801 3671 1904 3730 est,
1953 3663 2094 3718 sicut

519 3755 634 3824 ipse
682 3755 810 3808 dicit
867 3772 880 3808 :
934 3773 952 3804 ‹
1009 3755 1110 3821 Qui
1161 3756 1292 3810 mihi
1339 3755 1648 3821 ministrat,
1698 3770 1782 3822 me
1838 3763 2094 3826 sequatur

523 3843 704 3912 (Joan.
739 3844 857 3917 xu),
893 3865 911 3896 ι
943 3852 1047 3900 etc.
1077 3845 1141 3900 Et
1172 3847 1366 3901 iterum
1395 3865 1407 3900 :
1439 3865 1459 3898 ι
1495 3847 1596 3916 Qui
1625 3848 1737 3902 vult
1762 3849 1946 3904 venire
1971 3857 2088 3919 post

519 3951 606 3989 me
633 3933 844 4004 (Matth.
879 3936 978 4006 1x),
1011 3956 1029 3988 ι
1058 3945 1112 3991 et
1136 3931 1359 4007 reliqua.
1383 3936 1484 3992 Ubi
1507 3925 1798 3994 notandum
1823 3939 1948 4008 quia
1970 3945 2096 3994 sunt

520 4026 757 4081 nonnulli
805 4029 896 4097 qui
948 4044 1046 4082 nec
1084 4029 1282 4094 vident,
1313 4045 1411 4086 nec
1457 4041 1795 4101 sequuntur:
1838 4041 1962 4087 sunt
2007 4031 2092 4086 alii

519 4119 610 4188 qui
642 4119 842 4185 vident,
871 4119 964 4174 sed
997 4136 1102 4174 non
1134 4131 1433 4191 sequuntur
1465 4137 1478 4175 :
1519 4121 1608 4176 alii
1636 4123 1798 4177 etiam
1829 4117 1956 4177 sunt
2001 4124 2091 4192 qui

523 4222 577 4264 et
602 4212 784 4267 vident
811 4221 866 4268 et
891 4223 1206 4284 sequuntur.
1239 4214 1346 4269 Nec
1398 4215 1582 4271 vident
1629 4231 1729 4271 nec
1773 4227 2089 4286 sequuntur,

521 4299 659 4359 sicut
699 4317 822 4360 sunt
862 4307 1054 4376 pagani
1093 4315 1146 4361 et
1175 4303 1374 4370 Judaei,
1401 4307 1491 4377 qui
1522 4289 1623 4362 nec
1649 4307 1844 4362 bonum
1896 4305 2091 4360 intelli-

519 4405 672 4468 gunt,
700 4412 798 4452 nec
827 4389 1135 4468 operantur.
1179 4395 1393 4462 Vident,
1423 4406 1476 4452 et
1509 4415 1612 4452 non
1659 4406 1972 4468 sequuntur,
2003 4397 2094 4468 qui

519 4490 718 4543 bonum
739 4483 1067 4556 intelligunt,
1083 4489 1174 4542 sed
1193 4489 1402 4559 cperari
1433 4498 1800 4554 contemnunt,
1818 4489 1956 4544 sicut
1978 4488 2093 4543 falsi

2193 3311 2382 3370 pterea
2429 3308 2818 3371 praetereuntes
2867 3299 3142 3366 dicuntur,
3171 3300 3294 3370 quia
3321 3313 3421 3353 non
3447 3297 3648 3353 habent
3669 3297 3770 3354 hic

2193 3401 2496 3449 manentem
2529 3393 2826 3458 civitatem,
2851 3393 2944 3448 sed
2971 3384 3206 3447 futuram
3236 3401 3350 3447 toto
3374 3389 3644 3446 desiderio
3679 3391 3764 3444 in-

2193 3485 2433 3554 quirunt.
2468 3483 2754 3538 Praeterire
2796 3481 2992 3554 quippe
3043 3493 3353 3538 sanctorum
3401 3491 3501 3545 est,
3560 3497 3663 3536 non
3713 3481 3765 3536 in

2193 3589 2432 3630 amorem
2485 3573 2690 3642 mundi,
2743 3573 2979 3629 radicem
3030 3571 3207 3628 cordis
3267 3571 3507 3643 inﬁgere,
3565 3573 3656 3626 sed
3701 3569 3766 3625 ad

2193 3667 2451 3724 aeternam
2482 3667 2646 3721 vitam
2681 3674 2791 3720 toto
2819 3666 3089 3721 desiderio
3117 3665 3397 3720 festinare.
3447 3663 3598 3720 Unde
3634 3677 3767 3718 unus

2193 3773 2400 3822 eorum,
2433 3772 2553 3812 cum
2585 3752 2804 3812 vidisset
2839 3757 3059 3826 impium
3090 3756 3543 3827 superemltatum
3568 3764 3622 3811 et
3659 3755 3765 3809 ele-

2198 3862 2415 3918 vatum,
2455 3852 2532 3907 ait
2585 3869 2598 3905 :
2662 3872 2680 3904 ι
2739 3848 3017 3918 Transivi,
3057 3860 3112 3906 et
3163 3865 3289 3906 ecce
3317 3866 3424 3905 non
3450 3859 3568 3904 erat
3601 3845 3764 3919 (Psal.

2200 3941 2406 4012 xxxvi),
2445 3961 2464 3994 ›
2491 3949 2598 3996 etc.
2623 3927 2870 4010 'Cumque
2900 3955 2965 3994 ex
2995 3954 3180 3995 eorum
3214 3937 3474 4007 exemplis
3521 3945 3576 3992 et
3617 3933 3769 3989 dictis

2198 4043 2448 4106 peccator
2473 4033 2824 4104 peccantibus
2855 4029 3424 4086 audierit‘terribililer
3452 4025 3768 4084 comminari

2197 4141 2410 4198 poenam
2441 4134 2496 4182 et
2517 4123 2828 4196 Apostolum
2874 4115 3192 4178 clamantem
3223 4138 3236 4174 :
3267 4140 3285 4173 ι
3339 4119 3516 4175 Nolite
3543 4132 3724 4200 errare
3754 4133 3766 4168 :

2198 4233 2372 4288 neque
2401 4217 2652 4281 adulteri,
2681 4230 2853 4286 neque
2899 4229 3152 4285 rapaces,
3191 4228 3364 4283 neque
3414 4210 3770 4266 masculorum

2200 4308 2576 4364 concubitores
2603 4305 2828 4380 regnum
2860 4304 2956 4361 Dei
2984 4307 3339 4376 possidebunt
3366 4303 3415 4378 (Ι
3458 4303 3580 4358 Cor.
3611 4303 3707 4374 vi).
3747 4321 3763 4351 ι

2198 4403 2267 4457 Ει
2325 4389 2712 4472 ptenitcntibus
2767 4398 3068 4470 repromitti
3121 4397 3372 4460 veniam,
3422 4401 3770 4475 compunctus

2200 4494 2364 4547 corde
2385 4493 2682 4562 interrogat
2716 4489 2842 4558 quid
2868 4489 2969 4544 hoc
2991 4489 3081 4544 sit.
3103 4489 3171 4544 Et
3197 4503 3321 4544 cum
3345 4502 3410 4571 ex
3443 4502 3630 4542 eorum
3655 4500 3770 4540 ver-

521 4597 583 4636 ac
611 4582 772 4652 tepidi
793 4580 1188 4647 Christiani,dc
1214 4581 1407 4652 quibus
1419 4582 1675 4636 Dominus
1697 4582 1772 4635 ait
1789 4582 1840 4635 in
1859 4580 2096 4652 Evange-
2122 4571 2174 4630 D
2200 4585 2282 4640 bis
2305 4583 2569 4646 didicerit,
2588 4580 2852 4636 nihilesse
2879 4595 3038 4636 omne
3059 4579 3202 4648 quod
3224 4586 3493 4633 terremun
3522 4585 3578 4632 ct
3599 4587 3771 4630 trans-

519 4674 634 4728 lio:
673 4691 691 4724 ι
727 4671 840 4728 Nan
890 4673 1068 4728 omnis
1119 4674 1207 4752 qui
1256 4673 1382 4728 dicit
1407 4672 1560 4739 mihi,
1588 4672 1829 4738 Domine,
1852 4671 2094 4739 Domine,

522 4765 749 4818 intrabit
778 4765 830 4818 in
851 4761 1078 4836 regnum
1103 4765 1362 4819 cmlorum
1388 4761 1602 4834 (Matth.
1632 4763 1750 4832 vn).
1779 4783 1794 4814 ι
1825 4763 1920 4817 Et:
1943 4783 1960 4814 ι
1991 4761 2098 4816 Ρο-

520 4853 676 4924 pulus
705 4853 791 4908 hic
819 4841 974 4910 labiis
1005 4869 1088 4908 me
1122 4855 1374 4918 honorat,
1402 4869 1496 4908 cor
1518 4865 1695 4908 autem
1729 4871 1912 4910 eurum
1943 4853 2097 4926 longe

521 4954 604 5000 est
627 4962 655 5000 a
686 4961 770 5000 me
799 4945 932 5016 (Isa.
959 4963 1122 5012 xxix;
1158 4946 1326 5002 Marc.
1347 4946 1466 5020 vn).
1504 4968 1521 5000 ι
1553 4949 1747 5004 Vident
1783 4959 1835 5002 et
1858 4966 2095 5019 sequun-

524 5046 634 5103 tur,
663 5037 822 5092 veluti
847 5039 1221 5108 perfectissimi
1251 5041 1564 5106 Christiani,
1597 5041 1687 5110 qui
1715 5052 1766 5094 et
1789 5041 1958 5095 Deum
1983 5058 2098 5095 cre-

523 5129 672 5192 dunt,
703 5136 756 5184 et
781 5129 981 5184 bonum
1036 5131 1176 5200 quod
1226 5130 1547 5200 intelligunt,
1594 5147 1757 5200 opere
1807 5132 2094 5200 complent.

524 5219 676 5276 Unde
733 5221 1004 5290 apostolus
1055 5221 1252 5276 Paulus
1302 5221 1433 5274 dicit
1481 5235 1494 5274 :
1567 5239 1585 5272 ι
1637 5221 1811 5276 Corde
1865 5223 2101 5279 creditur

523 5314 588 5367 ad
627 5309 914 5380 justitiam,
951 5329 1044 5367 ore
1100 5322 1278 5367 autem
1337 5311 1604 5366 confessio
1655 5309 1714 5366 ﬁt
1763 5313 1830 5367 ad
1872 5313 2096 5368 salutem

523 5401 693 5475 (Rom.
725 5403 803 5476 χ),
839 5423 857 5454 ι
891 5419 1026 5472 quos
1053 5401 1326 5472 apostolus
1354 5401 1541 5456 Petrus
1583 5403 1848 5467 hortatur,
1871 5403 2055 5460 dicens
2083 5425 2093 5458 :

529 5513 548 5546 ι
579 5494 829 5550 Christus
868 5509 1057 5564 passus
1097 5501 1180 5547 est
1230 5507 1330 5561 pro
1375 5491 1546 5559 nobis,
1590 5495 1740 5549 vobis
1791 5495 2097 5566 relinquens

519 5588 849 5657 exemplum,
887 5593 944 5639 ut
970 5583 1270 5652 sequamini
1299 5584 1523 5655 vestigia
1560 5584 1674 5654 ejus
1703 5586 1756 5658 (1
1781 5585 1925 5643 Petr.
1958 5589 2040 5659 ll).
2073 5609 2091 5640 ι

526 5697 544 5726 ι
589 5679 657 5733 Et
682 5678 859 5734 omnis
883 5675 1052 5746 plebs,
1079 5683 1135 5730 ut
1165 5675 1318 5740 vidit,
1337 5675 1483 5730 dedit
1523 5676 1734 5733 laudem
1759 5677 1888 5733 Deo.
1931 5701 1950 5732 ι
1981 5679 2094 5736 Non

521 5769 695 5830 ωιυω
745 5776 928 5824 autem
975 5765 1042 5823 de
1090 5757 1352 5822 miraculo
1387 5770 1528 5838 quod
1565 5770 1855 5838 acciderat,
1910 5787 2097 5828 verum

2202 4675 2417 4728 itorium
2457 4682 2556 4738 est,
2605 4671 2757 4741 quasi
2783 4669 2966 4726 Jesum
2995 4669 3330 4725 Nazarenum
3355 4669 3586 4724 transire
3606 4669 3769 4722 audit.

2202 4765 2339 4834 Quid
2369 4780 2530 4836 agere
2558 4765 2772 4830 debeat,
2803 4765 2849 4819 si
2877 4763 3057 4818 lumen
3082 4763 3260 4818 cordis
3293 4762 3532 4832 recipere
3570 4761 3775 4816 deside-

2204 4867 2309 4924 rat,
2333 4873 2508 4913 caecus
2534 4873 2631 4910 suo
2666 4855 2913 4926 exemplo
2941 4855 3196 4920 ostendit,
3223 4869 3346 4910 cum
3387 4836 3672 4916 'clamavit,
3701 4850 3774 4905 di-

2201 4964 2330 5004 cens
2363 4965 2376 5000 :
2413 4966 2430 4998 ι
2463 4939 2588 5000 Jesu
2614 4945 2687 5000 ﬁli
2717 4942 2906 5011 David,
2933 4947 3109 5000 miser.-
3131 4959 3189 5000 re
3221 4944 3346 4998 mei.
3379 4931 3610 4998 {Ctecus
3635 4941 3774 4996 enim

2202 5039 2267 5092 ad
2299 5037 2582 5092 Dominum
2614 5035 2834 5100 clamat,
2864 5035 3077 5106 quando
3107 5045 3360 5106 peccator
3406 5049 3500 5104 pro
3541 5032 3775 5103 peccatis

2203 5129 2314 5184 suis
2349 5129 2559 5182 veniam
2616 5137 2844 5199 petens,
2893 5125 3168 5182 humiliter
3219 5118 3541 5197 ingemiscit,
3597 5125 3776 5179 dicens

2202 5236 2323 5275 cum
2354 5219 2665 5288 Propheta:
2709 5238 2727 5269 ι
2764 5217 3027 5286 Quoniam
3079 5217 3418 5287 iniquitatem
3462 5231 3638 5272 meam
3681 5230 3777 5287 ego

2202 5327 2489 5384 cognosco,
2517 5321 2570 5366 et
2597 5322 2874 5380 peccatum
2899 5328 3074 5367 meum
3103 5319 3292 5366 contra
3324 5327 3408 5366 me
3439 5320 3521 5365 est
3544 5325 3776 5379 semper.

2204 5402 2318 5457 Tibi
2355 5402 2450 5457 soli
2484 5401 2790 5472 pec'cavi,et
2817 5402 3016 5456 malum
3041 5390 3222 5457 coram
3253 5399 3303 5457 te
3326 5401 3424 5456 feci
3451 5400 3626 5471 (Psal.
3651 5411 3722 5472 ι).
3755 5417 3774 5451 ι

2201 5491 2306 5549 Sed
2334 5495 2457 5564 quia
2483 5494 2743 5548 immundi
2771 5493 2991 5563 spiritus
3023 5503 3210 5548 contra
3237 5509 3360 5548 eum
3403 5503 3560 5564 quem
3607 5491 3779 5546 redire

2201 5590 2268 5642 ad
2319 5589 2526 5642 veniam
2582 5585 2836 5654 viderint,
2875 5595 3224 5658 consurgunt,
3268 5594 3418 5642 recte
3467 5585 3714 5639 subditur
3763 5598 3776 5634 :

2207 5698 2223 5729 ι
2273 5679 2338 5762 Et
2369 5679 2457 5746 qui
2489 5677 2785 5748 praeibam,
2817 5672 3171 5748 increpabant
3207 5693 3328 5733 eum
3374 5685 3432 5730 ut
3481 5683 3703 5729 taceret.
3757 5690 3774 5722 ι

2201 5768 2594 5825 Przetcreuntes
2631 5785 2760 5844 ergo
2805 5786 2948 5826 caeco
2989 5771 3260 5828 silentium
3309 5769 3586 5841 imponere
3641 5763 3784 5822 vole-
