3994 6354
105 429 207 484 tat
292 493 303 499 _

1346 415 1647 473 HOMIIJJ“.
1693 412 1779 467 DE
1820 411 2165 468 TEMPORE.

3254 410 3354 467 182

103 540 258 602 haut,
280 536 404 607 quia
436 532 691 591 immundi
719 532 957 603 spiritus,
988 548 1054 585 ne
1094 536 1345 601 peccator
1387 528 1451 582 ad
1498 526 1670 597 pteui-
1701 523 1753 584 A
1778 510 2007 579 donante
2045 518 2362 590 credamus,
2397 525 2550 594 juxta
2588 524 2719 580 illud
2756 525 2897 591 quod
2941 524 3199 578 Dominus
3241 524 3355 577 ait:

105 624 329 685 tentiam
366 616 575 692 redeat,
607 620 998 681 contradicunt.
1030 614 1210 678 Multis
1252 636 1464 693 quoque
1496 619 1669 674 modis

105 719 369 777 immundi
392 714 615 791 ‘spiritus
640 728 761 791 post
797 717 1187 775 confessionem
1233 724 1468 772 mentem
1501 721 1671 768 retra-

105 815 239 870 here
275 818 557 877 conantur,
584 826 652 867 ne
699 812 753 867 in
803 811 1151 867 conversione
1195 815 1529 880 permaneat,
1573 805 1673 861 ali—

105 902 324 974 quando
347 900 703 968 suasionibus,
732 900 1017 972 aliquando
1042 900 1524 981 increpationibus,
1547 913 1675 953 con-

110 1009 189 1052 tra
218 1012 340 1067 quat
364 995 543 1052 omnia
571 995 835 1066 scriptura
863 992 1164 1050 Salomonis
1200 990 1436 1045 animum
1462 986 1677 1042 firmare

112 1088 391 1151 admenet,
417 1101 536 1139 cum
569 1085 697 1140 dicit
728 1105 740 1138 :
781 1104 798 1136 ι
833 1083 958 1149 Fili,
988 1082 1249 1139 accedens
1278 1080 1344 1134 ad
1365 1079 1677 1134 servitutem

110 1178 227 1241 Dei,
253 1186 341 1231 sta
382 1176 435 1230 in
472 1170 681 1246 justitia
714 1178 765 1231 et
798 1177 1006 1239 timOre,
1052 1182 1105 1228 et
1153 1185 1396 1243 praepara
1447 1170 1681 1225 animam

112 1274 257 1319 tuam
286 1264 351 1319 ad
379 1266 723 1320 te‘ntatione'm
747 1262 941 1337 (Eccle.
966 1262 1052 1335 ιι).
1068 1283 1083 1313 υ
1103 1261 1210 1317 Nec
1231 1261 1402 1317 solum
1424 1259 1682 1315 immundi

111 1355 360 1424 spiritus,
389 1356 478 1409 sed
508 1354 670 1410 etiam
694 1348 813 1425 ipsa
840 1356 1170 1411 consuetudo
1193 1354 1453 1425 peccandi
1501 1352 1686 1408 durius

113 1446 308 1516 incipit
334 1447 616 1513 rebellare,
648 1454 767 1503 cum
808 1450 1036 1504 senserit
1064 1457 1183 1519 post
1209 1452 1424 1503 assueta
1451 1445 1590 1501 mala
1620 1445 1687 1502 ad

112 1536 343 1590 virtutes
362 1536 499 1592 velle
528 1538 628 1593 ire.
659 1536 820 1595 Verbi
844 1539 1039 1611 gratia,
1067 1540 1311 1597 ebriosus
1340 1538 1533 1609 aliquis
1567 1552 1689 1594 cum

113 1628 176 1682 ad
224 1629 577 1685 sobrietatem
622 1630 801 1687 redire
844 1633 1138 1704 consurgit,
1185 1647 1310 1686 mox
1339 1640 1526 1688 contra
1566 1646 1690 1687 eum

115 1718 353 1773 titillatio
374 1722 593 1790 potandi
618 1725 788 1795 surgit
812 1740 826 1789 ;
856 1723 1068 1779 adulter
1092 1725 1218 1779 dum
1251 1725 1556 1781 castitatem
1599 1739 1693 1780 vo-

116 1811 209 1875 \it,
236 1812 424 1866 statim
454 1822 638 1868 contra
677 1828 799 1869 eum
840 1816 1022 1871 carnis
1050 1815 1333 1871 delectatio
1381 1816 1689 1887 consurgit,

114 1909 165 1953 ct
194 1901 264 1955 ad
290 1905 569 1973 praeterita
598 1907 884 1963 commissa
908 1908 1183 1964 retrahere
1212 1909 1377 1980 cupit,
1401 1925 1468 1965 ue
1495 1908 1561 1964 ad
1588 1900 1695 1963 Do-
1722 1889 1769 1949 Β

116 1995 327 2048 minum
349 2004 722 2053 convertatur:
741 2000 866 2071 quia
887 2020 905 2053 ι
930 2017 1056 2057 caro
1080 2002 1415 2071 concupiscit
1440 2000 1698 2057 adversus

114 2085 391 2157 spiritum,
410 2089 632 2159 Spiritus
642 2091 897 2148 adversus
908 2104 1124 2148 carnem
1140 2090 1365 2163 (Gai.v).
1379 2112 1395 2145 ι
1412 2086 1541 2147 Haec
1552 2090 1695 2149 enim

117 2182 357 2238 invicem
389 2178 765 2251 adversantur,
796 2193 855 2239 ut
884 2201 989 2241 non
1019 2202 1081 2241 ea
1110 2202 1229 2257 quae
1257 2184 1505 2243 volumus
1535 2171 1699 2240 facia-

118 2286 392 2335 mns,nee
419 2286 554 2342 pura
609 2274 784 2330 mente
832 2277 998 2331 Deum
1045 2277 1358 2347 conspicere
1404 2274 1695 2331 valeamus.

119 2360 225 2415 Sed
251 2362 386 2430 quid
439 2363 620 2419 facere
657 2365 871 2431 debeat,
908 2368 1021 2421 sive
1068 2376 1254 2423 contra
1304 2367 1698 2422 immundorum

119 2452 415 2521 spirituum
447 2442 817 2521 tentationcm,
841 2459 954 2514 sive
979 2467 1163 2514 contra
1199 2459 1374 2514 carnis
1397 2459 1704 2514 delectatio-

122 2557 274 2607 nem,
309 2544 399 2612 qui
430 2540 740 2613 h'ujusmodi
768 2557 851 2604 est
876 2549 1118 2622 exemplo
1154 2550 1309 2618 hujus
1335 2550 1459 2605 czeci
1491 2552 1705 2605 instrui-

125 2643 229 2699 tur,
293 2648 421 2689 cum
476 2632 862 2693 subinfertur:
906 2660 923 2691 ‹
967 2640 1084 2711 ipse
1136 2640 1266 2697 Vero
1318 2642 1486 2696 multo
1537 2643 1705 2713 magis

125 2728 441 2783 clamabat:
488 2724 593 2783 Fili
636 2731 838 2796 David,
874 2733 1131 2788 miserere
1182 2734 1305 2787 mei.
1341 2753 1360 2785 ι
1393 2730 1509 2801 Quo
1560 2736 1702 2790 enim

129 2818 314 2872 acrius
373 2832 431 2873 se
477 2819 675 2889 aliquis
717 2821 879 2876 sentit
926 2822 1229 2893 impugnari
1279 2836 1306 2876 a
1347 2823 1701 2894 malignorum

134 2910 419 2978 spirituum
450 2910 769 2976 tentatione,
793 2924 885 2966 seu
915 2914 983 2967 ah
1012 2913 1125 2985 ipsa
1157 2915 1545 2970 consuetudine
1579 2932 1701 2987 pec-

131 2999 311 3064 candi,
336 3013 401 3054 eo
430 2999 622 3055 fortius
646 3002 803 3057 debet
826 3016 1068 3074 pugnare
1108 3003 1158 3057 in
1188 3004 1454 3071 oratione,
1484 3014 1704 3077 prepter

131 3088 261 3143 illud
285 3090 423 3161 quod
446 3090 706 3146 Dominus
725 3090 797 3145 ait
822 3110 833 3144 :
866 3110 882 3142 ι
918 3091 1030 3147 Hoc
1051 3102 1215 3164 genus
1239 3108 1342 3147 non
1368 3092 1580 3162 ejicitur
1601 3095 1702 3150 nisi

137 3181 189 3233 in
222 3182 462 3237 oratione
490 3191 543 3238 et
565 3181 772 3254 jejunio
801 3181 1012 3255 (Matth.
1036 3182 1136 3255 1x).
1170 3186 1193 3234 ἰ
1230 3182 1386 3239 Unde
1414 3184 1702 3255 Apostolus

137 3269 333 3325 Petrus
385 3243 584 3327 fideles.
616 3243 718 3344 per
786 3243 1068 3343 epistolam
1096 3243 1394 3339 ladmonet,
1448 3243 1633 3329 dicens
1686 3243 1775 3329 εδ

146 3381 163 3411 ε
210 3361 395 3417 Estote
436 3364 723 3432 prudentes
758 3374 815 3420 et
856 3363 1070 3434 vigilate
1114 3363 1168 3416 in
1199 3364 1553 3429 orationibus,
1582 3365 1707 3433 quia

149 3452 488 3507 adversarius
530 3464 705 3509 vester
752 3454 999 3509 diabolus
1046 3462 1303 3524 tanquam
1359 3453 1443 3508 leo
1492 3455 1709 3524 rugiens

145 3541 362 3605 circuit,
399 3556 640 3611 quaerens
668 3559 819 3616 quem
852 3544 1114 3610 devoret;
1144 3543 1229 3598 cui
1261 3544 1496 3599 resistite
1542 3543 1710 3600 fortes

144 3631 198 3685 in
232 3631 337 3687 fide
365 3634 418 3703 (Ι
442 3622 585 3688 Par.
620 3636 688 3705 v).
724 3652 742 3687 ι
774 3635 956 3706 Neque
985 3636 1126 3691 enim
1155 3636 1333 3691 divina
1364 3638 1537 3706 pietas
1563 3636 1710 3706 adju-

148 3726 338 3779 torium
372 3725 472 3781 sibi
500 3728 789 3796 ptenitenti
818 3727 1058 3797 negabit,
1088 3728 1133 3783 si
1166 3727 1254 3782 ille
1288 3729 1495 3783 orando
1543 3745 1573 3783 a
1613 3744 1709 3799 pe-

148 3816 327 3871 titione
338 3824 453 3871 non
478 3817 760 3884 defecerit,
784 3833 883 3873 nec
904 3820 975 3873 de
1000 3820 1110 3874 suis
1134 3820 1339 3875 meritis
1354 3820 1554 3891 aliquid
1574 3834 1715 3890 prae-

144 3920 337 3984 suum,
356 3912 458 3968 sed
484 3913 541 3966 in
588 3913 734 3967 illius
770 3913 1143 3968 misericordia
1195 3913 1451 3980 conﬁdat,
1489 3915 1573 3969 cui
1614 3928 1716 3985 per

167 4000 465 4073 Prophetam
495 4004 728 4059 dicitur:
760 4023 779 4056 ε
816 4004 873 4059 in
905 4004 1131 4059 Domino
1158 4004 1416 4061 faciemus
1439 4006 1713 4074 virtutem,

164 4101 207 4146 et
232 4094 342 4163 ipse
370 4094 444 4149 ad
466 4095 695 4150 nihiium
722 4090 947 4151 deducet
982 4096 1238 4150 inimicos
1279 4105 1492 4152 nostros
1531 4094 1713 4168 (Paul.

162 4184 295 4254 ιιι).
361 4204 380 4238 ›
432 4186 703 4252 Quantam
758 4194 937 4242 autem
987 4186 1412 4242 misericordiam
1460 4188 1718 4243 Dominus

162 4276 539 4342 penitentibus
559 4276 831 4343 exhibeat,
864 4276 1023 4346 quale
1052 4278 1310 4332 auxilium
1356 4280 1720 4349 pugnantibus

160 4377 331 4424 contra
372 4380 650 4440 peccatum
696 4371 954 4440 praebeat,
1001 4370 1375 4425 manifestatur
1417 4386 1539 4425 cum
1586 4372 1718 4426 sub-

157 4459 425 4531 jungitur:
465 4479 481 4511 I
521 4459 687 4515 Stans
718 4468 895 4515 autem
950 4459 1119 4522 'esus,
1152 4458 1314 4527 jussit
1354 4472 1477 4514 eum
1528 4461 1719 4516 adduci

1784 635 1802 667 ι
1832 617 2003 671 Amen
2029 612 2149 671 dico
2176 614 2348 682 vobis,
2386 614 2646 688 quidquid
2676 610 2896 673 orantes
2920 616 3123 688 petitis,
3155 616 3358 672 credite

1775 712 1901 783 quia
1931 711 2229 783 accipietis,
2266 721 2320 768 et
2355 711 2447 768 fiet
2474 712 2624 769 vobis
2647 702 2860 784 (Matth.
2891 709 3025 782 ixi).
3056 708 3076 763 ὃ
3124 708 3191 765 Et
3224 722 3359 780 quo-

1779 805 1922 859 niam
1957 804 2263 874 quicunque
2292 819 2399 858 non
2431 802 2653 874 negiigit
2680 792 2838 880 digne
2864 800 3152 872 paenitere,
3183 800 3249 857 de
3274 813 3361 857 ve'

1778 894 1865 948 nia
1900 910 2005 949 non
2043 895 2200 949 debet
2238 893 2559 964 desperare,
2604 900 2749 948 recte
2792 892 3025 947 dicitUr:
3060 898 3080 944 ‘c
3111 890 3359 962 Respice,

1781 982 1915 1038 fides
1940 992 2028 1037 tua
2059 992 2111 1037 te
2140 984 2345 1039 salvum
2383 982 2529 1039 fecit.
2562 1000 2579 1034 ›
2622 981 2701 1037 De
2742 996 2848 1055 quo
2888 992 3033 1038 recte
3072 984 3359 1040 subditur:

1788 1090 1806 1124 ‹
1835 1071 1906 1127 Et.
1932 1073 2213 1128 confestim
2244 1074 2411 1140 vidit,
2455 1080 2510 1129 et
2545 1073 2873 1144 sequebatur
2904 1072 3082 1140 illum,
3118 1073 3364 1146 magniﬁ-

1784 1184 1912 1223 cans
1955 1169 2142 1223 Deum.
2180 1188 2198 1220 ι
2253 1166 2401 1224 Solet
2444 1170 2621 1222 autem
2664 1167 3011 1238 contingere,
3057 1174 3118 1222 ut
3162 1175 3363 1237 quanto

1786 1259 2012 1329 quisque
2038 1260 2103 1313 de
2134 1258 2427 1329 majoribus
2460 1257 2697 1328 peccatis
2725 1272 2821 1328 per
2844 1257 3224 1327 paenitentiam
3252 1255 3368 1312 fue-

1789 1350 1859 1403 rit
1892 1348 2179 1416 liberatus,
2224 1358 2372 1405 tanto
2413 1350 2616 1423 gratior
2654 1350 2957 1405 liberatoris
2994 1350 3367 1406 misericordia

1789 1448 2149 1519 cognoscitur.
2182 1446 2335 1502 Unde
2364 1447 2500 1502 bene
2526 1447 2722 1503 dicitur
2748 1466 2759 1500 :
2788 1446 2811 1498 ἰ
2841 1445 2908 1501 Et
2932 1445 3106 1501 omnis
3134 1444 3285 1516 plebs
3309 1452 3370 1499 ut

1790 1543 1941 1607 vidit,
1967 1543 2111 1598 dedit
2133 1538 2344 1597 laudem
2369 1541 2501 1599 Deo.
2526 1563 2543 1594 ι
2571 1540 2685 1610 Quo
2707 1542 2849 1597 enim
2874 1540 3102 1611 quisQue
3125 1539 3176 1593 in
3200 1537 3369 1609 gradu

1793 1642 1878 1690 est
1899 1634 2074 1700 altior,
2100 1650 2165 1690 eo
2186 1642 2238 1688 et
2261 1634 2313 1688 in
2340 1634 2565 1691 crimine
2592 1630 2844 1706 gravidr:
2873 1640 3076 1703 quanto
3104 1639 3280 1686 autem
3306 1628 3373 1683 de

1795 1724 2133 1797 gravioribus
2160 1724 2397 1797 peccatis
2437 1739 2467 1778 a
2518 1725 2628 1779 Deo
2674 1720 2835 1779 fuerit
2870 1723 3161 1787 liberatus,
3208 1728 3264 1775 et
3308 1719 3374 1775 de

1796 1814 2235 1887 profundioribus
2263 1816 2498 1871 tenebris
2521 1824 2728 1883 erutus,
2762 1823 2912 1871 tanto
2946 1814 3230 1889 gloriosius
3263 1813 3369 1868 Do-

1797 1904 1926 1958 mini
1954 1903 2375 1959 misericordiam
2401 1903 2796 1973 deprecabitur.

2328 2038 2608 2095 HOMILIA
2660 2038 2844 2095 XXIV.

2352 2168 2405 2207 IN
2442 2168 2532 2208 DIE
2562 2160 2819 2209 ὀιηιιυι

1872 2267 2112 2340 (Mnru.
2142 2266 2244 2341 vt.)
2286 2284 2304 2318 ι
2330 2266 2389 2321 In
2426 2267 2813 2338 illotempore:
2845 2265 2990 2322 Dixit
3024 2264 3181 2321 Jesus
3216 2262 3376 2321 disci-

1807 2383 1825 2414 ι
1857 2362 1995 2433 puiis
2023 2361 2137 2417 suis
2166 2380 2177 2414 :
2212 2360 2345 2415 Cum
2366 2359 2650 2430 jejuna‘ti‘s,
2696 2360 2858 2416 nolite
2899 2360 3013 2416 fieri
3045 2360 3184 2416 sicut
3207 2360 3369 2431 hypo-

1808 2472 1827 2506 ‹
1860 2454 2011 2509 critaa
2034 2454 2234 2517 tristes,
2258 2459 2312 2505 ct
2333 2451 2559 2522 reliqua.
2585 2471 2601 2503 ι
2622 2448 2893 2520 Jejunium
2916 2450 3111 2521 quippe
3133 2449 3377 2519 omnipo-

1805 2544 1937 2598 tenti
1955 2544 2062 2598 Deo
2082 2540 2294 2613 gratu‘m
2317 2542 2509 2608 est,ita
2534 2542 2811 2606 duntaxat,
2832 2541 2874 2596 si
2898 2541 3057 2612 digne
3076 2549 3131 2595 et
3148 2541 3379 2610 irrepre-

1805 2631 2141 2688 hensibiiiter
2178 2631 2293 2685 fiat.
2330 2632 2497 2687 Erant
2532 2632 2747 2702 quidem
2784 2629 2989 2688 Scribm
3018 2641 3072 2687 et
3096 2629 3376 2696 Pharismi,

1804 2726 1893 2796 qui
1934 2734 2170 2795 tempore
2206 2723 2394 2793 jejunii
2437 2727 2518 2781 sui
2557 2725 2988 2781 exterminabant
3031 2725 3194 2780 facies
3233 2734 3378 2788 suas,

1804 2826 2070 2890 quatenus
2099 2828 2350 2888 parerent
2377 2817 2681 2873 hominibus
2698 2815 3022 2890 jejunantes.
3047 2808 3105 2872 Si
3132 2830 3259 2888 ergo
3285 2815 3380 2886 hy-

1802 2909 2021 2981 pocrita:
2042 2918 2197 2963 erant
2221 2908 2318 2974 illi,
2337 2910 2426 2977 qui
2446 2909 2571 2964 ideo
2594 2909 2759 2964 facies
2780 2923 2903 2964 suas
2924 2908 3379 2970 exterminabant,

1804 3006 1861 3052 ut
1887 2996 2518 3068 hominibusjejunantes
2540 3005 2883 3069 apparerent,
2907 3006 3119 3053 constat
3141 2996 3266 3065 quia
3290 2994 3383 3064 qui

1804 3088 1947 3144 aliud
1971 3098 2113 3143 tenet
2136 3090 2188 3143 in
2212 3088 2396 3155 corde,
2424 3099 2479 3143 et
2506 3089 2647 3144 aliud
2676 3089 2788 3159 agit
2816 3090 2867 3143 in
2896 3103 3079 3159 opere,
3104 3087 3384 3159 hypocrita

1805 3189 1910 3245 eSt,
1940 3182 2081 3236 sicut
2108 3180 2311 3236 Scribze
2340 3191 2394 3236 et
2414 3178 2692 3247 Pharisari,
2727 3181 2818 3250 qui
2848 3194 2970 3235 cum
2994 3179 3260 3254 haberent
3291 3179 3383 3233 iae-

1808 3276 1981 3329 titiam
2012 3276 2064 3329 in
2097 3282 2276 3328 mente
2300 3275 2364 3330 de
2385 3290 2523 3329 vana
2544 3274 2730 3345 gloria,
2757 3274 3029 3329 tristitiam
3048 3282 3229 3328 tamen
3251 3287 3384 3342 prae-

1807 3364 2054 3419 ferebant
2083 3365 2136 3418 in
2166 3364 2335 3419 Vultu.
2375 3382 2391 3416 ι
2418 3366 2799 3419 Exterminant
2826 3366 2969 3419 enim
2998 3364 3162 3419 facies
3186 3378 3330 3418 suas.
3362 3381 3380 3412 ι

1810 3453 1915 3508 Pro
1951 3468 2015 3508 eo
2044 3453 2208 3508 verbo
2238 3455 2376 3525 quod
2408 3455 2461 3509 in
2493 3455 2880 3510 consuetudine
2906 3454 3162 3523 legimus,
3203 3461 3386 3508 exter-

1810 3551 2036 3615 minant,
2054 3552 2249 3604 beatus
2274 3550 2632 3622 Hieronymus
2646 3549 2802 3604 docet
2820 3562 2938 3604 esse
2960 3547 3239 3620 legendum
3257 3563 3271 3599 τ
3298 3546 3389 3601 de-

1811 3641 2124 3696 metiuntur.
2156 3640 2290 3695 Nam
2317 3640 2681 3697 exterminare
2704 3647 2787 3695 est
2838 3649 2990 3695 extra
3014 3639 3261 3715 proprios
3284 3646 3390 3692 ter-

1812 3730 1988 3785 minos
2027 3731 2275 3785 edueere.
2326 3727 2519 3785 Verius
2566 3730 2710 3784 enim
2761 3729 2955 3802 legitur
2994 3728 3395 3785 :demoliuntur

1815 3820 1980 3877 facies
2002 3836 2143 3883 suas,
2174 3822 2274 3877 hoc
2298 3830 2403 3888 est,
2431 3822 2747 3890 depravant,
2772 3830 2826 3875 et
2850 3835 2954 3876 non
2978 3822 3159 3876 lavant
3180 3834 3261 3887 se,
3280 3819 3397 3892 palo

1815 3918 1983 3972 iorem
2014 3917 2178 3972 etiam
2208 3916 2520 3971 continuum
2552 3916 2847 3971 facieten‘us
2874 3916 3231 3987 praetendunt.
3276 3933 3296 3967 ε
3328 3913 3397 3971 Ut

1823 4031 1839 4060 c
1862 4009 2144 4063 videantur
2160 4009 2234 4063 ’ab
2248 4008 2573 4064 hominibus.
2589 4025 2607 4060 ι
2630 4007 2743 4062 Hoc
2763 4016 2942 4071 est,ut
2960 4009 3251 4062 humanam
3272 4005 3397 4062 inde

1816 4098 2028 4156 laudem
2062 4108 2481 4170 consequantur.

1893 4211 1910 4244 ι
1941 4192 2021 4247 Tu
2059 4204 2181 4247 cum
2215 4192 2459 4262 jejunas,
2498 4204 2637 4262 nnge
2677 4198 2840 4261 caput
2876 4197 3047 4245 tuum.
3079 4206 3097 4241 ι
3142 4186 3256 4243 Hoc
3292 4194 3397 4253 est,

1820 4285 1945 4339 dum
1976 4281 2220 4354 jejunas,
2253 4280 2502 4337 festivum
2533 4289 2585 4335 te
2608 4282 2830 4337 exhibe.
2870 4279 3172 4345 Palaestini,
3203 4286 3397 4334 secun-

1821 4382 1948 4437 dum
1978 4394 2204 4451 quorum
2231 4394 2437 4435 morem
2460 4378 2721 4434 Dominus
2744 4378 3003 4448 loquitur,
3034 4377 3222 4432 diebus
3246 4373 3401 4429 festis

1822 4473 1942 4528 oleo
1978 4473 2251 4543 ungebam
2288 4479 2482 4540 caput,
2533 4477 2589 4525 et
2628 4469 2880 4541 pretiosis
2925 4466 3209 4538 unguentis
3240 4465 3399 4517 fove-

160 4550 221 4603 ad
247 4565 323 4605 se.
358 4570 374 4601 ι
402 4550 503 4617 Qui
525 4565 654 4621 ergo
668 4551 827 4621 ‘prius
846 4548 1135 4615 transibat,
1148 4556 1370 4619 propter
1399 4550 1707 4605 tenttionei

1824 4565 1975 4620 bant.
2000 4562 2065 4617 Et
2090 4570 2173 4617 est
2192 4577 2383 4617 sensus
2410 4579 2423 4616 :
2448 4560 2585 4617 Cum
2606 4560 2840 4631 jejunus,
2864 4558 3114 4614 festivum
3137 4564 3190 4609 te
3208 4553 3403 4608 exhibe

159 4640 450 4696 dzemonum
494 4642 745 4697 humanis
785 4640 1051 4696 mentibus
1094 4640 1290 4704 illatas,
1326 4657 1473 4696 nunc
1502 4652 1604 4711 per
1632 4644 1718 4697 in-

160 4734 406 4788 stantiam
433 4733 685 4789 clamoris
716 4741 838 4788 stat.
866 4733 1004 4800 Quia
1036 4747 1156 4787 cum
1186 4734 1566 4804 phantasmata
1601 4745 1719 4791 ten-

163 4826 415 4881 tationurn
460 4827 518 4882 in
566 4828 810 4883 oratione
856 4828 1110 4896 patimur,
1157 4828 1311 4896 quasi
1356 4836 1719 4884 transruntem

164 4919 436 4975 Dominum
460 4922 707 4977 audimus
733 4937 748 4975 :
775 4922 866 4976 sed
894 4921 937 4976 si
970 4921 1021 4974 in
1047 4921 1269 4986 orando,
1293 4925 1597 4991 qtuerendo,
1632 4939 1723 4994 pe-

164 5011 331 5077 tendo,
362 5009 625 5080 pulsando
650 5012 1202 5081 perseveraverimus,
1246 5015 1397 5082 quasi
1443 5023 1592 5069 stans
1626 5031 1723 5073 nos

165 5104 222 5156 ad
255 5120 310 5159 se
347 5104 540 5160 adduci
584 5104 751 5173 jubet.
794 5105 1055 5172 Quoniam
1102 5105 1486 5173 tranquillitate
1532 5109 1725 5164 mentis

167 5195 384 5261 reddita,
413 5195 747 5250 dulcedinem
770 5210 879 5250 suae
901 5195 1368 5265 contemplationis
1388 5197 1467 5251 vel
1490 5200 1728 5254 tenuiter

169 5285 488 5352 manifestat,
514 5286 637 5355 quia
678 5294 738 5340 ut
768 5287 887 5355 ipse
923 5286 1033 5339 ait:
1072 5304 1090 5337 ι
1116 5283 1265 5340 Beati
1303 5288 1501 5341 mundo
1540 5289 1728 5354 corde,

169 5380 417 5447 quoniam
442 5378 548 5449 ipsi
584 5378 755 5433 Deum
792 5376 1043 5431 videbunt
1083 5376 1293 5448 (Matth.
1324 5378 1399 5449 v).
1434 5398 1453 5431 ι
1504 5379 1570 5435 Ει
1604 5381 1728 5451 quia

170 5467 218 5521 in
241 5470 486 5524 oratione
507 5477 630 5524 ante
650 5468 829 5524 omnia
851 5476 1104 5521 aeternam
1128 5468 1352 5537 gloriam
1382 5486 1623 5539 qurerere
1642 5471 1733 5526 de-

170 5555 371 5625 bemus,
412 5570 558 5616 recte
596 5562 957 5631 interrogatus
982 5564 1156 5612 czecus
1179 5573 1208 5610 a
1238 5558 1473 5614 Domino
1500 5576 1515 5612 :
1552 5580 1569 5611 ε
1598 5562 1734 5629 Quid

172 5651 243 5704 vis
269 5651 463 5708 faciam
496 5652 631 5708 tibi?
658 5671 676 5704 ι
706 5649 985 5721 respondit
1010 5666 1021 5701 :
1048 5667 1067 5699 ι
1099 5649 1338 5714 Domine,
1368 5661 1428 5705 ut
1453 5653 1681 5709 videam.
1713 5674 1731 5707 ›

172 5741 232 5798 Et
253 5746 522 5817 praecipue
544 5744 683 5800 ﬁdes
706 5744 760 5798 in
786 5742 1030 5798 oratione
1054 5741 1355 5794 necessaria
1397 5750 1503 5808 est,
1546 5752 1603 5799 ut
1645 5747 1739 5801 bo-

175 5852 290 5892 num
330 5838 479 5911 quod
518 5837 830 5909 quaerimus,
870 5833 1098 5889 firmiter
1140 5831 1385 5900 accipere
1430 5848 1587 5903 posse
1626 5837 1736 5894 Deo

1827 4665 1881 4712 et
1907 4656 2157 4722 hilarem,
2189 4656 2343 4726 quasi
2374 4671 2481 4710 non
2512 4654 2743 4709 videaris
2769 4652 3045 4723 jejunare,
3093 4649 3185 4702 sed
3223 4645 3404 4716 potius

1828 4748 2218 4803 solemnitatem
2250 4746 2548 4802 celebrare.
2574 4741 2869 4815 Allegorice
2908 4754 3035 4794 vero
3059 4738 3233 4793 oleum
3267 4738 3408 4794 sicut

1828 4841 2047 4911 ponitur
2064 4839 2117 4893 in
2142 4837 2337 4891 malam
2362 4844 2588 4904 partem,
2616 4834 2690 4887 ita
2715 4840 2767 4886 et
2795 4831 2847 4885 in
2878 4832 3093 4883 bonam.
3127 4826 3405 4898 Recipitur

1829 4929 1973 4985 enim
2002 4930 2054 4982 in
2085 4926 2277 4981 malam
2306 4932 2513 4996 partem
2552 4922 2764 4991 quando
2803 4919 3162 4975 adulationem
3201 4917 3409 4988 signifi-

1832 5029 1936 5076 cat.
1973 5016 2125 5074 Unde
2152 5028 2249 5086 per
2271 5015 2611 5070 PSaimistam
2634 5012 2769 5067 dicit
2793 5029 2805 5064 :
2845 5028 2864 5062 ι
2888 5010 3079 5065 Oleum
3109 5008 3410 5080 peccatoris

1834 5123 1940 5163 non
1978 5107 2270 5177 impiuguet
2297 5113 2457 5174 caput
2481 5116 2659 5157 meum
2690 5099 2859 5171 (Psal.
2892 5099 3037 5171 ωειλ).
3068 5118 3089 5152 ι
3134 5098 3411 5167 Decipitur

1836 5200 1979 5254 enim
2015 5199 2068 5253 in
2105 5198 2299 5252 bonam
2328 5202 2558 5267 partem,
2591 5193 2729 5248 sicut
2757 5193 2895 5248 idem
2918 5190 3206 5247 Psalmista
3233 5191 3363 5247 dicit
3392 5208 3404 5218 ·

1844 5312 1860 5343 ε
1892 5291 2056 5347 Unxit
2089 5300 2142 5344 te
2173 5289 2312 5344 Deus
2341 5288 2481 5342 Deus
2514 5295 2634 5340 tuus
2667 5286 2784 5341 oleo
2802 5284 3009 5338 laetitia
3032 5290 3151 5353 prae
3184 5297 3408 5338 consor—

1840 5385 1982 5439 tibus
2014 5383 2120 5437 tuis
2142 5380 2310 5453 (Psal.
2344 5378 2511 5450 κων).
2545 5399 2562 5431 ι
2598 5379 2654 5433 in
2683 5379 2799 5434 oleo
2825 5379 2966 5433 enim
2991 5376 3227 5431 charitas
3248 5376 3411 5447 signi-

1842 5473 2053 5536 ficatur,
2078 5472 2200 5542 quia
2224 5472 2362 5525 sicut
2386 5469 2563 5525 oleum
2584 5470 2793 5525 cunctis
2817 5467 3114 5537 liquoribus
3134 5464 3410 5536 prasceiiit,

1838 5565 1909 5619 ita
1934 5565 2096 5618 etiam
2119 5563 2327 5617 cunctis
2347 5562 2635 5616 virtutibus
2654 5560 2983 5630 praee'm‘inet.
3014 5556 3165 5612 Unde
3182 5553 3412 5618 ’Pau‘ius,

1839 5670 1961 5710 eum
1994 5655 2058 5708 de
2084 5667 2144 5709 ea
2169 5652 2499 5721 loqueretur,
2526 5652 2655 5707 dicit
2679 5669 2693 5704 :
2724 5670 2741 5702 ι
2766 5649 2954 5705 Adhuc
2978 5643 3413 5701 excellentiorem

1838 5749 1981 5803 viam
2013 5747 2164 5802 vobis
2192 5747 2502 5802 demonstro
2534 5746 2585 5818 (1
2606 5744 2729 5800 Car.
2753 5745 2872 5817 xu).
2905 5762 2924 5795 ι
2958 5742 3026 5795 Et
3055 5739 3179 5792 alibi
3207 5755 3219 5790 :
3257 5757 3277 5788 ε
3305 5737 3417 5792 Ma-

1840 5846 1967 5893 nent
1997 5852 2141 5893 nunc
2168 5836 2303 5905 tria,
2344 5837 2508 5903 fides,
2548 5850 2702 5907 spes,
2740 5833 2996 5890 charitas.
3042 5827 3210 5895 Major
3236 5837 3414 5885 autem
