3994 6354
486 4518 496 4548 ι

551 384 653 437 185

1172 379 1523 437 HAYMONIS
1561 377 2036 436 HALBERSTAT.
2075 375 2292 434 EPISC.
2323 373 2475 431 OPP.
2515 373 2695 429 PARS
2733 372 2795 428 ll.
2829 400 2898 411 -—
2935 367 3169 427 HOMIL.

3727 370 3832 426 184

552 494 745 548 horum
780 502 864 549 est
891 491 1126 548 charitas
1153 489 1208 562 (Ι
1238 490 1360 545 Cor.
1397 491 1539 561 xm).
1572 509 1589 541 ι
1634 489 1742 545 Per
1782 497 1944 561 caput
1980 490 2125 545 enim
2152 495 2203 553 Α
2230 487 2339 552 cio,
2364 499 2484 555 quae
2513 485 2689 539 omnia
2731 484 2786 537 in
2827 496 3080 538 mensura
3116 489 3173 538 et
3207 495 3434 538 numero
3474 489 3532 538 et
3569 481 3833 552 pondere

551 584 846 654 principale
871 582 1064 638 mentis
1083 590 1282 638 nostrae
1303 581 1632 652 designatur.
1658 579 1795 647 Quia
1818 589 1946 636 tunc
1965 592 2128 636 erunt

552 682 703 742 grata
747 683 931 728 nostra
966 669 1205 742 jejunia,
1251 671 1302 727 si
1345 670 1635 727 dilectione
1673 669 1767 727 Dei
1804 678 1858 726 et
1899 671 2132 741 proximi

554 762 752 819 fuerint
779 763 1014 819 condita.
1857 767 1860 769 ’

627 875 645 905 ‹
673 855 846 911 Nolite
876 856 1244 912 thesaurizare
1271 857 1425 913 vobis
1451 856 1734 911 thesauros
1756 855 1812 909 in
1840 863 2009 921 terra,
2040 853 2132 909 ubi

2233 579 2519 649 disposuit,
2543 576 2852 648 quindecim
2879 576 3056 632 adhuc
3079 589 3343 631 annorum
3362 575 3529 631 vitam
3554 575 3835 648 lacrymis

2228 671 2587 742 precibusque
2611 678 2728 726 erat
2755 677 3165 726 consecuturus.

2307 782 2328 814 ‹
2356 762 2456 818 Hic
2481 777 2603 818 cum
2627 763 2864 817 audisset
2889 762 2954 818 de
2982 760 3130 828 Jesu,
3152 761 3300 816 misit
3327 761 3396 816 ad
3421 777 3547 818 eum
3567 762 3833 820 seniores

2236 874 2257 908 ι
2283 853 2612 921 Iudaeorum,
2640 871 2837 926 rogans
2864 869 2987 910 eum
3015 863 3076 910 ut
3099 855 3311 910 veniret
3348 863 3404 911 et
3441 855 3693 912 salvaret
3719 871 3832 912 ser-

556 968 573 997 ι
606 963 785 1020 aerugo
816 956 871 1004 et
899 949 1045 1003 tinea
1073 948 1466 1012 exterminant,
1494 955 1550 1002 et
1577 947 1668 1003 ubi
1698 945 1844 1002 fures
1872 945 2135 1002 effodiunt
2237 967 2255 1000 ι
2285 963 2410 1002 vum
2437 962 2572 1018 ejus.
2606 967 2626 1000 ι
2667 947 2912 1018 Superna
2947 947 3350 1018 dispensatione
3377 948 3578 1004 factum
3604 960 3734 1016 δι,
3777 960 3831 1006 ut

554 1060 571 1092 ‹
601 1049 654 1095 et
681 1039 953 1096 furantur.
982 1059 1004 1093 ι
1037 1039 1141 1095 Per
1170 1041 1269 1094 has
1298 1047 1410 1094 tres
1435 1039 1662 1110 species,
1689 1037 1743 1092 id
1765 1045 1849 1092 est
1876 1051 1976 1107 per
1996 1051 2133 1091 aeru-

547 1133 726 1202 ginem
757 1143 814 1188 et
843 1133 1064 1197 tineam,
1093 1141 1150 1189 et
1171 1148 1270 1203 per
1295 1130 1984 1196 fures,ostenditDominus
1996 1129 2131 1185 nihil

546 1233 720 1280 tutum
764 1240 886 1281 esse
928 1226 984 1280 in
1041 1234 1190 1280 terra
1235 1225 1292 1280 in
1327 1223 1754 1295 possessionibus
1797 1223 2126 1278 divitiarum.

543 1317 804 1385 Quaedam
828 1318 974 1372 enim
994 1326 1122 1373 sunt
1159 1333 1281 1389 quae
1299 1331 1480 1386 aerugo
1505 1317 1746 1382 devorat,
1771 1316 1911 1371 sicut
1937 1329 2128 1369 aurum

544 1416 600 1463 et
649 1418 952 1479 argentum,
1002 1417 1058 1464 et
1104 1416 1302 1464 caetera
1347 1407 1583 1463 metalla.
1629 1405 1749 1461 Alia
1800 1413 1959 1472 sunt,
2009 1419 2130 1475 quae

471 1571 486 1580 Ι
545 1514 726 1568 aerugo
757 1514 865 1554 non
891 1499 1133 1565 devorat,
1164 1499 1259 1555 sed
1295 1499 1440 1554 tinea
1483 1498 1751 1562 comedit,
1795 1497 1934 1553 sicut
1958 1495 2127 1551 vesti-

548 1597 729 1662 menta
762 1589 936 1645 serica
981 1599 1040 1644 et
1067 1589 1172 1645 alia
1217 1591 1476 1661 pretiosa.
1513 1588 1631 1644 Alia
1659 1583 1838 1656 sunt,’
1863 1603 1984 1658 quae
2028 1602 2128 1643 nec

544 1694 727 1749 aerugo
747 1680 991 1747 devorat,
1016 1695 1116 1736 nec
1137 1681 1284 1736 tinea
1308 1681 1560 1746 comedit,
1586 1681 1680 1735 sed
1702 1681 1850 1735 fures
1869 1678 2128 1735 eﬁ‘odiunt

544 1779 598 1827 et
626 1771 892 1838 furantur,
923 1774 1435 1845 sicutsuntgemmae
1460 1772 1610 1828 etbis
1626 1771 1844 1827 similia.
1868 1770 2121 1838 Proinde,

2230 1038 2470 1094 seniores
2493 1037 2798 1094 Judaeorum
2821 1039 3168 1096 mitterentur
3191 1040 3258 1095 ad
3283 1040 3590 1108 Dominum,
3620 1043 3831 1114 hisque

2229 1129 2552 1196 astantibus,
2576 1130 2668 1200 qui
2698 1129 2999 1202 languerat,
3023 1140 3261 1199 sanaret,
3286 1147 3394 1203 quo
3414 1133 3828 1190 inexcusabiles

2228 1221 2437 1289 forent,
2469 1223 2514 1278 si
2547 1223 2799 1280 credente
2835 1224 2952 1280 viro
2985 1225 3173 1294 gentili
3219 1240 3330 1282 non
3369 1227 3687 1283 crederent.
3728 1227 3828 1284 Ve-

2228 1328 2348 1367 rum
2375 1313 2634 1382 quaeritur
2659 1315 2931 1384 quomodo
2981 1317 3290 1383 conveniat,
3319 1317 3464 1386 quod
3485 1316 3671 1374 Lucas
3701 1335 3827 1374 cen-

2229 1405 2494 1462 turionem
2535 1407 2754 1462 nuntios
2798 1407 3040 1472 misisse,
3089 1407 3377 1466 Matthteus
3415 1419 3599 1466 autem
3637 1413 3824 1483 ipsum

2228 1497 2522 1554 accessisse
2555 1506 2741 1552 narrat
2770 1499 2840 1553 ad
2868 1497 3176 1554 Dominum.
3211 1500 3317 1556 Sed
3336 1502 3427 1572 pie
3447 1504 3825 1572 quaerentibus

2227 1586 2385 1642 facile
2435 1596 2584 1657 patet
2612 1589 2754 1658 quod
2785 1588 3068 1646 Matthaeus
3105 1591 3390 1648 brevitatis
3421 1607 3587 1649 causa
3617 1593 3824 1650 dixerit

2225 1677 2398 1749 ipsum
2429 1679 2759 1746 accessisse,
2793 1679 2947 1750 cujus
2980 1681 3311 1738 desiderium
3353 1691 3412 1739 et
3451 1685 3713 1741 voluntas
3761 1687 3822 1740 ad

2229 1771 2513 1827 Dominum
2541 1773 2833 1840 veraciter,
2867 1773 2987 1830 aliis
3011 1774 3138 1830 licet
3163 1774 3556 1844 deferentibus,
3587 1787 3675 1834 est
3703 1794 3821 1850 per-

544 1864 668 1933 qnia
744 1864 951 1920 incerta
1005 1873 1090 1920 est
1143 1865 1320 1920 omnis
1384 1866 1510 1920 vitae
1565 1870 1763 1919 nostra:
1821 1863 2123 1919 substantia
2151 1855 2356 1926 Blata,
2401 1863 2630 1934 mystice
2673 1863 2838 1919 etiam
2879 1865 3036 1920 nobis
3087 1867 3478 1922 commendans
3521 1868 3633 1924 hoc
3679 1872 3820 1939 quod

541 1963 595 2008 et
621 1956 861 2010 omnium
888 1971 1069 2012 rerum
1095 1956 1396 2026 possessio,
1427 1955 1619 2010 suadet
1643 1969 1742 2010 nos
1771 1953 2030 2010 Dominus
2067 1954 2121 2008 in

543 2047 678 2102 coelo
720 2047 924 2103 idcirco
965 2047 1351 2108 thesaurizare.
1389 2044 1668 2113 Quomodo
1706 2051 1886 2099 autem
1909 2044 2030 2113 quis
2067 2043 2121 2098 in

542 2137 741 2193 coelum
770 2139 1140 2194 thesaurizare
1163 2139 1352 2210 possit,
1380 2138 1484 2194 nisi
1509 2137 1724 2192 divitias
1752 2145 1878 2192 ante
1904 2149 1964 2192 se
1987 2135 2125 2191 elee—

542 2245 822 2301 mosynam
845 2229 1093 2286 faciendo
1123 2229 1451 2300 praemittat?
1482 2228 1775 2284 Possumus
1808 2243 1905 2298 per
1932 2227 2124 2298 aerugi-

541 2336 664 2374 nem
692 2330 747 2375 et
775 2321 976 2376 tineam
1003 2329 1058 2376 et
1087 2336 1186 2391 per
1211 2320 1390 2387 fures,
1417 2320 1724 2392 spirituales
1747 2319 2013 2390 nequitias
2044 2319 2122 2374 in-

541 2413 797 2482 telligere.
822 2411 1031 2482 IErugo
1055 2413 1201 2467 enim
1224 2412 1533 2482 superbiam
1562 2411 1828 2484 designat.
1861 2410 2123 2482 Superbia

539 2506 681 2560 enim
711 2512 944 2571 mentes,
974 2520 1113 2574 quas
1140 2505 1425 2571 invaserit,
1465 2521 1497 2560 a
1535 2513 1679 2560 statu
1708 2519 1820 2560 suae
1848 2503 2125 2559 rectitudi-

539 2597 626 2651 nis
661 2580 909 2666 deperire
943 2595 1091 2650 facit.
1134 2595 1240 2650 Per
1279 2596 1512 2660 tineam,
1551 2593 1750 2649 invidia
1789 2594 2120 2664 designatur.

537 2689 742 2744 Invidia
769 2689 914 2743 enim
944 2701 1040 2742 cor
1069 2687 1212 2757 quod
1240 2687 1569 2757 corrumpit,
1608 2687 1674 2741 ab
1709 2685 1855 2741 omni
1898 2683 2121 2754 integri-

539 2794 650 2852 tate
697 2784 1004 2856 disrumpit.
1036 2783 1143 2840 Per
1193 2783 1361 2850 fures,
1394 2782 1617 2853 maligni
1665 2782 1888 2852 spiritus
1934 2779 2127 2834 intelli-

539 2879 696 2950 gendi
742 2887 898 2945 sunt,
945 2879 1072 2950 quia
1118 2879 1186 2934 ad
1234 2879 1337 2934 hoc
1383 2876 1698 2948 invigilant,
1742 2882 1803 2929 ut
1844 2874 2126 2930 thesauros

540 2973 735 3027 animae
780 2981 980 3028 nostrae
1022 2971 1289 3028 furentur.
1327 2970 1389 3025 In
1437 2969 1575 3025 ccelo
1613 2968 1757 3024 enim
1794 2981 1977 3039 aarugq
2018 2980 2124 3020 non

540 3073 643 3129 est,
679 3063 804 3132 quia
840 3063 1093 3134 superbia
1131 3064 1185 3118 in
1223 3062 1362 3118 caelo
1395 3061 1571 3117 locum
1615 3075 1722 3117 non
1758 3058 1957 3123 habet,
1999 3056 2122 3127 quia

534 3156 647 3225 jam
674 3154 919 3210 diabolus
956 3170 1081 3210 cum
1118 3154 1233 3211 suis
1270 3152 1591 3226 sequacibus
1631 3151 1758 3207 inde
1793 3149 2006 3206 cecidit.
2046 3148 2125 3204 lbi

2227 1953 2489 2022 scriptum
2529 1962 2658 2010 est:
2706 1974 2725 2007 ι
2751 1954 3007 2012 Accedite
3054 1957 3122 2011 ad
3166 1971 3289 2013 eum
3332 1965 3388 2013 et
3434 1957 3818 2014 illuminamini

2226 2043 2400 2116 (Psal.
2441 2045 2659 2118 xxxm).
2693 2066 2713 2099 ι
2749 2045 2886 2102 Nam
2921 2047 3048 2117 quia
3094 2046 3256 2103 ﬁdem
3299 2049 3672 2115 centurionis,
3718 2067 3816 2120 qua

2223 2148 2351 2191 vere
2375 2136 2652 2192 acceditur
2675 2137 2742 2192 ad
2773 2134 2980 2204 Jesum,
3025 2138 3140 2208 ipse
3169 2139 3246 2194 ita
3273 2138 3533 2206 laudavit,
3575 2149 3641 2194 ut
3675 2142 3808 2196 dice-

2226 2238 2346 2284 ret:
2382 2249 2400 2281 ι
2431 2229 2548 2285 Non
2591 2231 2770 2286 inveni
2810 2239 3015 2286 tantam
3061 2230 3222 2287 ﬁdem
3263 2232 3319 2288 in
3357 2231 3546 2298 Israel,
3578 2252 3599 2286 ι
3644 2234 3812 2303 ipsum

2224 2320 2405 2390 potius
2431 2320 2727 2377 accessisse
2753 2319 2822 2376 ad
2847 2319 3122 2376 Christum
3151 2321 3332 2378 dicere
3368 2321 3541 2377 voluit
3580 2325 3809 2394 prudens

2226 2415 2596 2487 Evangelium,
2625 2431 2788 2486 quam
2810 2415 2930 2472 illos
2962 2432 3057 2487 per
3077 2432 3214 2487 quos
3244 2418 3411 2474 verba
3444 2432 3545 2473 sua
3571 2420 3800 2474 miserat.

2229 2505 2396 2562 Porro
2412 2516 2590 2562 autem
2607 2506 2782 2564 Lucas
2797 2508 2903 2564 hoc
2921 2517 3113 2575 totum,
3127 2510 3579 2579 quemadmodum
3596 2518 3792 2580 gestum

2226 2600 2314 2663 sit,
2341 2599 2554 2669 aperuit
2584 2607 2647 2654 ut
2691 2614 2760 2654 ex
2788 2600 2893 2655 hoc
2920 2598 3221 2670 intelligere
3249 2615 3581 2672 cogeremur,
3609 2615 3781 2671 quem-

2225 2689 2514 2746 admodum
2555 2687 2848 2748 acéessisse
2886 2693 3082 2749 dixerit
3119 2692 3286 2761 alius,
3327 2695 3422 2764 qui
3459 2693 3676 2750 mentiri
3703 2708 3795 2748 non

2225 2782 2418 2852 potuit.
2452 2781 2604 2837 Sicut
2628 2783 2772 2838 enim
2807 2783 2896 2839 illa
2933 2784 3124 2841 mulier
3154 2785 3370 2858 (Matth.
3400 2785 3502 2858 ιι),
3534 2801 3658 2856 quae
3684 2802 3798 2842 san-

2227 2874 2405 2944 guinis
2449 2873 2652 2930 lluxum
2695 2876 3022 2946 patiebatur,
3045 2877 3292 2947 quamvis
3333 2877 3604 2938 ﬁmbriam
3656 2878 3805 2935 vesti-

2227 2965 2397 3021 menti
2420 2964 2538 3035 ejus
2567 2967 2821 3032 tenuerit,
2852 2968 3025 3038 magis
3052 2977 3256 3034 tamen,
3286 2968 3412 3038 quia
3435 2968 3698 3034 credidit,
3736 2977 3809 3022 te-

2227 3056 2349 3129 tigit
2381 3058 2691 3124 Dominum,
2724 3073 2885 3128 quam
2919 3057 3021 3114 illa;
3048 3058 3222 3114 turbae
3248 3074 3280 3113 a
3307 3057 3499 3127 quibus
3522 3059 3812 3128 premeba-

2227 3160 2338 3218 tur,
2370 3153 2446 3207 ita
2471 3161 2524 3207 et
2554 3153 2827 3219 centurio,
2865 3169 2973 3224 quo
3007 3153 3181 3223 magis
3222 3150 3477 3217 credidit,
3526 3163 3595 3206 eo
3639 3152 3815 3222 magis

542 3248 684 3302 tinea
713 3262 821 3302 non
849 3256 966 3314 est,
999 3247 1053 3302 id
1091 3255 1176 3303 est
1213 3246 1415 3302 invidia
1439 3286 1454 3313 ,
1495 3245 1624 3316 quia
1652 3243 1832 3299 nullus
1859 3241 2121 3298 invidebit
2148 3226 2192 3290 C
2224 3248 2456 3303 accessit
2483 3246 2550 3301 ad
2577 3244 2884 3300 Dominum.

539 3339 813 3394 beatudini
841 3347 1167 3394 sanctorum.
1196 3337 1274 3394 lbi
1303 3336 1451 3394 fures
1479 3352 1587 3393 non
1613 3343 1759 3402 sunt,
1797 3334 1853 3391 id
1895 3342 1980 3390 est
2005 3333 2116 3389 dte-

538 3447 754 3497 mones,
782 3432 908 3501 quia
935 3447 1057 3487 cum
1083 3431 1260 3502 capite
1285 3446 1384 3487 suo
1413 3430 1537 3485 inde
1567 3434 1912 3485 corruerunt.

615 3546 632 3576 ‹
664 3525 768 3582 Ubi
798 3535 882 3580 est
910 3527 1197 3581 thesaurus
1221 3532 1366 3588 tuus,
1412 3524 1484 3578 ibi
1523 3531 1577 3577 et
1613 3537 1710 3578 cor
1747 3529 1916 3575 tuum.
1951 3538 1970 3572 ι
2006 3518 2120 3575 Hoc

541 3631 647 3671 non
678 3625 887 3670 tantum
915 3617 981 3672 de
1005 3615 1234 3686 pecunia
1267 3622 1351 3670 est
1383 3612 1807 3684 intelligendum,
1834 3611 1929 3666 sed
1955 3611 2118 3665 etiam

539 3709 606 3762 de
634 3708 782 3762 omni
806 3707 956 3762 vitio.
997 3706 1306 3761 Thesaurus
1329 3705 1537 3769 divitis,
1572 3705 1620 3759 si
1646 3704 1746 3760 sub
1772 3713 1917 3758 terra
1943 3700 2120 3756 defos-

539 3814 632 3853 sus
666 3799 852 3866 fuerit,
892 3809 946 3854 et
990 3799 1066 3853 ibi
1107 3812 1202 3854 cor
1235 3797 1380 3853 illius
1408 3797 1512 3852 erit
1539 3795 1870 3860 meditando,
1918 3809 1986 3850 ne
2026 3801 2120 3849 aut

539 3888 688 3944 fures
721 3889 967 3955 efferant,
1006 3897 1100 3943 aut
1139 3888 1305 3944 etiam
1343 3888 1411 3942 ab
1447 3885 1716 3958 aliquibus
1759 3885 2120 3956 corruptioni-

538 3983 640 4037 bus
664 3981 942 4053 perdatur.
981 3980 1289 4036 Thesaurus
1314 3981 1484 4052 gulosi
1511 3981 1746 4035 hominis
1795 3987 1984 4034 venter
2009 3985 2116 4044 est,

542 4073 668 4143 quia
693 4088 907 4143 semper
936 4074 1040 4128 hoc
1073 4073 1304 4145 cogitat,
1341 4072 1609 4143 quomodo
1649 4079 1894 4126 ventrem
1936 4081 2120 4141 posset

539 4167 781 4237 implere.
811 4167 1119 4224 Thesaurus
1139 4167 1326 4223 lascivi
1346 4175 1471 4223 sunt
1497 4165 1701 4221 ludicra
1750 4173 1805 4221 et
1830 4163 2119 4235 voluptatis

531 4261 675 4330 joca.
705 4260 773 4314 Et
795 4261 1098 4331 cuicunque
1130 4260 1260 4316 vitio
1293 4261 1415 4332 quis
1458 4259 1717 4326 adhaeret,
1749 4257 1826 4314 illi
1860 4259 2028 4315 servit
2061 4267 2116 4315 et

517 4352 610 4420 illi
636 4351 948 4414 famulatur.

1078 4482 1360 4541 HOMILIA
1396 4482 1563 4539 XXV.

887 4614 1045 4656 FER“.
1082 4614 1282 4665 QUINTA
1318 4614 1453 4655 POST
1491 4614 1744 4655 CINERUII.

604 4713 756 4785 (Luc.
795 4713 920 4784 vn.)
965 4731 983 4764 c
1012 4714 1071 4768 ln
1107 4713 1199 4768 illo
1243 4722 1481 4784 tempore
1509 4729 1523 4767 :
1554 4712 1900 4768 Centurionis
1933 4713 2116 4784 cujus-

537 4826 553 4855 ι
583 4805 708 4858 dam
736 4819 924 4859 servus
957 4805 1094 4859 male
1121 4806 1352 4870 habens,
1384 4813 1502 4859 erat
1537 4805 1862 4870 moriturus,
1901 4805 1992 4874 qui
2038 4803 2113 4858 illi

536 4913 554 4944 ι
585 4902 704 4947 erat
724 4893 1014 4964 pretiosus,
1029 4902 1085 4950 et
1110 4894 1363 4964 reliquaa
1391 4895 1609 4962 Quaerat
1629 4893 1768 4950 forte
1787 4895 1999 4965 aliquis,
2026 4895 2111 4951 vel

531 4985 671 5054 pius,
719 4993 780 5038 ut
814 4984 1053 5038 inveniat
1080 5024 1095 5049 ,
1121 4984 1205 5039 vel
1234 4985 1458 5055 impius,
1493 4994 1552 5040 ut
1580 4985 1971 5054 reprehendat,
2003 5001 2109 5055 qua

533 5077 742 5131 ratione
767 5074 1108 5146 Evangelista
1147 5091 1357 5131 servum
1382 5119 1396 5142 ,
1435 5077 1527 5147 qui
1571 5091 1676 5132 non
1715 5087 1979 5142 mortuus,
2017 5077 2110 5132 sed

531 5174 753 5221 sanatus
793 5163 1162 5230 subinl‘ertur,
1219 5167 1416 5221 dixerit
1461 5182 1582 5222 esse
1624 5167 1966 5223 moriturum.
2012 5167 2111 5224 Cui

528 5258 769 5314 breviter
792 5257 1246 5328 respondendum,
1272 5258 1400 5328 quia
1426 5272 1614 5313 revera
1643 5267 1762 5312 erat
1791 5261 2106 5327 moriturus,

529 5353 576 5407 si
605 5365 713 5406 non
742 5349 944 5406 domini
973 5350 1054 5404 sui
1085 5348 1190 5405 ﬁde
1214 5349 1578 5419 deprecantis,
1603 5361 1658 5404 et
1678 5348 1877 5405 Christi
1905 5352 2107 5420 pietate

526 5440 837 5498 miserentis
876 5438 1065 5494 fuisset
1098 5439 1341 5494 redditus
1367 5439 1509 5492 vitae.
1551 5438 1643 5494 Sic
1679 5440 1942 5499 Ezechias
1976 5461 2068 5499 rex
2091 5487 2105 5511 ,

521 5536 675 5608 juxta
699 5533 989 5605 quemdam
1017 5534 1267 5588 humanae
1293 5540 1498 5588 naturae
1532 5535 1767 5602 modum,
1797 5547 1914 5593 erat
1945 5540 2109 5594 mori-

527 5636 703 5693 turus,
733 5642 857 5682 cum
891 5625 1100 5680 veracis
1129 5626 1404 5696 pr0phetae
1433 5627 1613 5682 verbis
1646 5630 1888 5684 audivit:
1930 5651 1946 5681 ι
1977 5632 2101 5687 Dis-

529 5733 666 5790 pone
705 5717 887 5772 domui
933 5725 1068 5782 tum,
1114 5718 1239 5786 quia
1285 5718 1534 5774 morieris
1569 5728 1654 5782 tu,
1716 5728 1771 5775 et
1813 5738 1915 5776 non
1959 5722 2107 5777 vives

531 5806 664 5878 (Isa.
697 5810 957 5878 xxxviii):
984 5828 1000 5857 ι
1022 5808 1117 5863 sed
1142 5809 1352 5864 occulto
1381 5810 2102 5886 divinzeProvidentiaejudi-

2300 3357 2319 3390 ‹
2351 3337 2536 3410 Diligit
2561 3337 2705 3393 enim
2733 3343 2946 3408 gentem
2975 3345 3241 3401 nostram,
3265 3343 3320 3391 et
3341 3348 3675 3407 synagogam
3701 3333 3815 3404 ipse

2228 3449 2246 3481 ι
2283 3429 2569 3486 aediﬁcavit
2609 3427 2783 3484 nobis.
2823 3448 2843 3481 ι
2903 3427 3007 3496 Qui
3051 3427 3371 3484 aedificatam
3418 3443 3450 3482 a
3496 3425 3814 3481 centurione

2222 3532 2408 3578 narrat
2445 3537 2794 3594 synagogam,
2825 3521 3104 3578 evidenter
3142 3521 3458 3586 ostendunt,
3497 3519 3625 3590 quia
3670 3518 3811 3574 sicut

2222 3633 2321 3673 nos
2350 3616 2656 3681 ecclesiam,
2681 3615 2760 3670 sic
2784 3615 2948 3671 etiam
2971 3614 3050 3670 illi
3076 3628 3424 3686 synagogam,
3450 3627 3558 3667 non
3577 3626 3811 3668 conven-

2222 3719 2335 3765 tum
2363 3707 2699 3765 solummodo
2723 3706 2993 3775 ﬁdelium,
3034 3708 3130 3763 sed
3163 3716 3218 3763 et
3253 3706 3434 3762 locum
3473 3720 3583 3776 quo
3614 3719 3812 3761 conveo

2220 3802 2474 3870 niebant,
2515 3801 2626 3858 sint
2657 3800 2928 3872 appellare
2973 3800 3148 3869 soliti,
3175 3801 3330 3873 juxta
3367 3799 3513 3870 quod
3551 3808 3609 3857 et
3646 3814 3810 3869 supra

2221 3895 2522 3950 docuimus.

2298 4005 2318 4038 ι
2345 3984 2502 4042 Jesus
2529 3995 2707 4041 autem
2737 3986 2852 4041 ibat
2880 4001 3003 4041 cum
3017 3984 3141 4042 illis.
3168 4005 3188 4038 ›
3208 3985 3400 4057 Magna
3436 3985 3653 4041 Domini
3681 3985 3811 4040 sub-

2220 4075 2440 4142 limitas,
2474 4075 2566 4146 qui
2617 4075 2732 4132 solo
2765 4077 2931 4132 verbo
2957 4090 3152 4133 curare
3172 4076 3405 4143 valebat,
3443 4076 3537 4132 sed
3566 4091 3676 4132 non
3701 4077 3808 4130 mi-

2221 4183 2320 4222 nor
2345 4167 2641 4234 humilitas,
2681 4169 2772 4238 qui
2813 4185 3027 4224 servum
3055 4169 3304 4241 dignatus
3327 4178 3413 4226 est
3434 4170 3661 4226 visitare
3693 4170 3811 4224 lan-

2221 4267 2494 4332 guentem.
2524 4259 2661 4314 Nam
2696 4261 2850 4330 quasi
2890 4267 3085 4330 potens
3125 4268 3183 4316 et
3215 4260 3481 4331 benignus
3503 4269 3562 4316 et
3588 4271 3811 4331 rogatus

2219 4352 2429 4409 salvare
2457 4352 2734 4424 pergebat,
2765 4360 2820 4406 et
2844 4351 3053 4407 itineris
3082 4351 3259 4408 medio
3288 4363 3507 4424 rogatus
3531 4352 3680 4407 dicto
3704 4352 3809 4407 sal-

2219 4445 2386 4511 vavit,
2415 4459 2485 4499 ne
2510 4442 2759 4500 videlicet
2785 4443 2855 4498 ob
2885 4445 3251 4516 impotentiam
3277 4445 3498 4512 virium,
3527 4454 3585 4501 et
3603 4461 3714 4501 non
3739 4447 3808 4501 ob

2219 4533 2537 4589 humilitatis
2579 4533 2882 4604 exemplum
2907 4576 2922 4601 ,
2977 4536 3331 4607 corporaliter
3374 4537 3456 4593 ire
3499 4547 3804 4607 putaretur.

2140 4600 2195 4661 Ῑ)
2219 4624 2361 4679 Alibi
2391 4624 2458 4679 ad
2489 4600 2803 4681 salvandum
2844 4600 3015 4680 ﬁlium
3052 4600 3226 4699 reguli
3264 4628 3451 4684 venire
3489 4600 3697 4696 noluit,
3741 4646 3808 4686 ne

2221 4715 2416 4769 divites
2456 4715 2754 4771 honorasse
2794 4716 3069 4772 videretur
3107 4735 3120 4771 :
3163 4717 3283 4785 hic,
3329 4734 3396 4773 ne
3437 4720 3804 4777 conditionem

2220 4805 2488 4875 sprevisse
2514 4805 2788 4872 servilem,
2820 4806 2888 4860 ad
2915 4807 3248 4864 centurionis
3272 4808 3535 4864 famulum
3564 4825 3694 4867 mox
3726 4813 3806 4867 ire

2217 4895 2504 4950 concessit.
2541 4913 2558 4946 ‹
2584 4895 2653 4950 Ει
2677 4911 2798 4951 cum
2817 4896 2932 4965 jam
2956 4913 3064 4953 non
3091 4897 3248 4969 longe
3270 4908 3414 4954 esset
3434 4915 3464 4953 a
3493 4901 3677 4969 domo,
3703 4904 3806 4958 mi-

2221 5005 2238 5037 ι
2268 4986 2340 5040 sit
2361 4987 2430 5040 ad
2454 5000 2576 5040 eum
2605 4988 2851 5044 centurio
2881 4989 3120 5056 amicos,
3149 4989 3334 5045 dicens
3358 5008 3372 5044 :
3405 4991 3628 5046 Domine
3648 5032 3665 5057 ,
3694 4993 3805 5050 noli

2224 5097 2243 5131 ε
2271 5078 2476 5132 vexari.
2506 5077 2622 5134 Non
2653 5080 2798 5135 enim
2820 5080 3014 5152 dignus
3041 5097 3160 5136 sum
3182 5092 3242 5137 ut
3269 5083 3369 5138 sub
3395 5090 3596 5138 tectum
3620 5100 3806 5140 meum

2222 5187 2242 5221 ε
2272 5169 2459 5225 intres.
2490 5188 2509 5220 ›
2555 5168 2783 5241 Propter
2819 5170 2942 5225 vita:
2981 5171 3198 5242 gentilis
3243 5172 3632 5228 conscientiam
3681 5191 3806 5247 gra-

2215 5259 2329 5314 vari
2361 5274 2421 5314 se
2447 5259 2620 5328 magis
2648 5260 2958 5329 dignatione
2991 5262 3201 5318 Domini
3237 5264 3474 5332 putavit,
3515 5279 3681 5334 quam
3715 5267 3806 5337 ju-

2212 5366 2366 5406 van:
2398 5365 2498 5406 nec
2532 5365 2691 5420 posse
2738 5353 2939 5409 habere
2985 5355 3252 5425 hospitem
3288 5355 3597 5423 Christum,
3641 5357 3807 5426 cujus

2209 5443 2310 5496 etsi
2348 5441 2452 5497 ﬁde
2478 5441 2756 5512 praeditus,
2787 5445 3026 5500 nondum
3067 5456 3245 5502 tamen
3284 5458 3403 5503 erat
3439 5451 3805 5506 sacramentis

2212 5535 2468 5589 imbutus.
2501 5535 2606 5590 Sed
2632 5551 2964 5607 quaecunque
2993 5547 3180 5594 nostra
3203 5540 3492 5596 inﬁrmitas
3521 5557 3629 5596 non
3656 5556 3805 5610 pra:-

2211 5626 2396 5692 sumit,
2424 5626 2601 5680 divina
2625 5629 2797 5698 gratia
2818 5627 2948 5684 dare
2970 5629 3136 5684 novit.
3161 5629 3231 5684 Et
3249 5630 3388 5687 alius
3408 5632 3675 5696 centurio,
3703 5634 3803 5703 qui

2215 5719 2376 5791 (sicut
2401 5730 2456 5775 et
2480 5722 2599 5792 iste)
2630 5723 2938 5779 credentem
2966 5739 3034 5780 ex
3059 5725 3309 5796 gentibus
3338 5725 3590 5797 populum
3617 5727 3776 5796 prati

2215 5824 2391 5884 gurat,
2419 5829 2622 5886 magnae
2659 5817 2779 5872 ﬁdei
2807 5825 2862 5872 et
2884 5817 3106 5885 justitiae
3134 5819 3330 5875 merito
3357 5818 3590 5890 Spiritus
3617 5819 3803 5876 sancti
