3994 6354
189 459 300 519 185

193 581 431 641 donum,
485 570 798 644 priusquam
848 564 1247 636 baptizaretur,

194 640 444 729 nondum
470 640 858 727 catechizatur,
895 668 950 713 et
984 657 1144 712 ﬁdem
1189 666 1341 708 suam
1379 645 1586 729 laudari
1617 658 1647 696 a
1669 640 1777 696 Do-

197 763 366 825 mino,
396 767 457 814 et
480 755 736 812 famulum
761 750 957 809 salvari
979 733 1296 820 promeruit.
1327 741 1404 795 De
1431 752 1538 808 quo
1560 727 1783 807 pulchre

194 866 291 923 per
333 823 656 920 allegoriam
696 841 912 906 dicitur,
953 839 1046 908 qui
1091 850 1215 892 cum
1259 831 1442 887 Iesum
1485 842 1593 882 non
1629 823 1784 893 longe

196 915 493 999 habereta
531 939 719 1000 domo,
755 944 936 989 tamen
973 927 1074 985 sub
1115 933 1316 981 tectum
1359 933 1515 976 suum
1556 915 1785 970 invitare

198 1051 306 1091 non
343 1032 576 1088 auderet
612 1044 628 1084 :
672 1027 799 1097 quia
844 1037 1010 1096 prope
1047 1016 1352 1075 amantibus
1389 1025 1514 1066 eum
1551 1007 1787 1064 salutare

200 1125 418 1196 ipsius:
452 1131 510 1179 et
538 1121 630 1191 qui
665 1115 895 1174 naturali
932 1114 1050 1185 lege
1086 1117 1236 1166 recte
1268 1106 1459 1170 utitur,
1508 1115 1614 1171 quo
1649 1099 1789 1154 bona

200 1232 322 1290 qua:
347 1217 507 1274 novit
535 1221 811 1285 operatur,
841 1223 906 1264 eo
931 1206 1006 1262 illi
1034 1203 1126 1274 qui
1149 1215 1276 1257 vere
1296 1198 1469 1254 bonus
1491 1201 1574 1250 est
1597 1203 1790 1261 appro-

203 1285 368 1382 priat.
394 1310 472 1363 At
492 1307 584 1379 qui
612 1318 798 1361 errore
823 1297 1138 1372 gentilitatis
1163 1293 1326 1350 etiam
1353 1288 1578 1346 crimina
1601 1285 1790 1356 junxe-

204 1372 354 1467 runt,
393 1401 488 1456 bis
510 1372 694 1468 aptari
723 1402 967 1467 possunt,
995 1389 1192 1461 quibus
1217 1379 1606 1440 confluentibus
1633 1372 1701 1429 ad
1733 1386 1792 1427 se

206 1494 404 1560 turbis,
438 1491 569 1546 alibi
595 1463 855 1546 Dominus
883 1485 997 1540 ait:
1043 1499 1063 1533 ε
1089 1477 1317 1547 Quidam
1354 1471 1497 1528 enim
1525 1483 1593 1524 ex
1622 1464 1700 1520 eis
1729 1463 1793 1516 de

206 1585 366 1656 longe
389 1555 867 1651 venerunt(Marc.
884 1575 986 1648 rx).
1000 1591 1121 1627 ι-ι
1140 1570 1369 1638 Propter
1383 1560 1525 1635 quod
1547 1568 1602 1614 et
1617 1555 1791 1626 meip-

213 1700 230 1728 ι
251 1692 378 1732 sum
398 1691 512 1730 non
533 1689 653 1730 sum
681 1650 901 1743 dignum
930 1666 1245 1727 arbitratus,
1259 1667 1319 1714 ut
1336 1655 1576 1712 venirem
1597 1650 1664 1705 ad
1684 1656 1754 1703 te.
1771 1665 1788 1697 ι

208 1769 276 1824 Ει
299 1783 406 1824 nos
431 1767 526 1838 qui
556 1767 621 1822 de
647 1741 896 1836 gentibus
919 1759 1214 1821 credimus,
1252 1767 1360 1808 non
1388 1748 1489 1819 ipsi
1520 1746 1588 1801 ad
1616 1741 1799 1799 Domi-

209 1876 343 1916 num
369 1860 562 1916 venire
586 1869 900 1928 possumus,
947 1865 1107 1922 quem
1147 1861 1293 1904 nunc
1326 1844 1382 1899 in
1416 1854 1580 1898 carne
1615 1837 1798 1892 videre

1437 430 1739 491 HOMILIIE
1783 425 1872 482 DE
1908 421 2254 480 TEMPORE.

1293 554 1517 611 accedit.
1567 550 1635 604 Et
1677 548 1777 603 iste
1803 547 1857 608 Α
1880 541 2144 614 magistri.
2187 557 2207 590 ι
2244 538 2312 594 Et
2333 550 2644 600 conversus,
2689 528 3036 602 sequentibus
3079 540 3137 580 se
3162 523 3336 578 turbis
3365 523 3450 577 di-

3347 402 3448 458 186

1884 655 1903 688 ‹
1937 612 2018 688 xit
2044 649 2057 686 :
2088 631 2260 685 Amen
2287 628 2406 682 dico
2428 626 2602 690 vobis,
2655 638 2756 679 nec
2782 624 2834 677 in
2856 617 3020 676 Israel
3059 623 3262 670 tantam
3292 612 3452 668 ﬁdem

1886 745 1905 780 ι
1937 723 2140 780 inveni.
2171 741 2190 775 ›
2221 719 2337 776 Non
2364 719 2429 774 de
2458 715 2708 773 omnibus
2729 721 2875 768 retro
2902 706 3227 782 patriarchis
3254 714 3310 760 et
3329 719 3456 774 pro-

1881 818 2078 890 phetis,
2113 813 2207 871 sed
2252 813 2317 868 de
2368 807 2652 880 praesentis
2699 807 2798 860 aevi
2840 804 3080 874 loquitur
3123 797 3450 858 hominibus,

1882 888 2077 981 quibus
2121 907 2243 962 ideo
2289 900 2619 959 centurionis
2667 897 2800 952 ﬁdes
2845 895 3159 957 antefertur,
3211 892 3338 962 quia
3382 888 3456 944 illi

1885 1001 2016 1071 legis
2042 998 2535 1069 prophetarumque
2563 989 2782 1045 monitis
2804 986 3003 1053 edocti,
3047 985 3135 1040 hic
3161 991 3341 1039 autem
3364 995 3459 1036 nc-

1885 1093 2031 1148 mine
2057 1091 2282 1146 docente
2303 1091 2490 1157 sponte
2508 1079 2752 1139 credidit.

1964 1205 1982 1238 (
2013 1185 2080 1241 Ει
2106 1181 2311 1238 reversi
2333 1179 2423 1249 qui
2450 1175 2602 1232 missi
2625 1173 2838 1227 fuerant
2864 1168 3106 1232 domum,
3141 1167 3466 1221 invenerunt

1894 1298 1913 1331 ‹
1946 1290 2161 1334 servum
2203 1273 2296 1344 qui
2356 1270 2637 1340 languerat
2685 1278 2895 1318 sanum.
2955 1279 2974 1310 ι
3023 1257 3289 1313 Probatur
3329 1255 3463 1309 ﬁdes

1892 1367 2125 1433 Domini,
2150 1374 2205 1420 et
2238 1362 2379 1419 servi
2414 1359 2616 1415 sanitas
2646 1355 2949 1410 roboratur.
2982 1349 3168 1404 Potest
3195 1361 3324 1418 ergo
3349 1359 3460 1399 me-

1893 1463 2057 1518 ritum
2091 1455 2304 1513 Domini
2327 1453 2489 1510 etiam
2532 1448 2745 1504 famulis
2792 1440 3093 1513 suffragari,
3141 1454 3249 1493 non
3293 1435 3465 1490 solum

1894 1553 2017 1610 ﬁdei
2076 1549 2291 1613 merito,
2337 1545 2430 1601 sed
2475 1543 2638 1598 etiam
2686 1537 2864 1595 studio
2897 1531 3210 1602 disciplinae.
3253 1526 3470 1581 Plenius

1896 1661 2025 1703 sane
2051 1645 2166 1699 haec
2190 1639 2422 1711 explicat
2461 1635 2761 1697 Matthaaus,
2800 1629 2942 1700 quod
2984 1626 3199 1680 dicente
3242 1619 3470 1676 Domino

1898 1735 2200 1804 centurioni
2230 1751 2242 1787 :
2271 1752 2289 1784 ‹
2322 1729 2470 1786 Vade
2495 1770 2508 1794 ,
2541 1735 2597 1782 et
2621 1725 2762 1781 sicut
2784 1717 3058 1778 credidisti
3089 1715 3182 1770 ﬁat
3219 1711 3349 1776 tibi;
3383 1724 3470 1765 sa-

1900 1837 2058 1884 natus
2083 1801 2188 1881 est'
2209 1837 2344 1893 puer
2369 1836 2431 1876 ex
2461 1818 2552 1873 illa
2579 1817 2734 1872 hora.
2769 1832 2788 1864 ›
2805 1810 2912 1866 Sed
2933 1809 3091 1864 beato
3114 1805 3274 1889 Lucae
3298 1799 3466 1856 moris

209 1882 343 1916 Ilum
589 1882 900 1928 μυδδυιιιυδ,
947 1882 1107 1922 ιιιισιιι
1148 1882 1293 1904 μυιιυ
1326 1882 1382 1899 ιιι
1416 1882 1580 1898 νυιιιιν
1629 1882 1796 1892 -...---
1901 1882 1986 1884 --ην
2209 1882 2227 1893 ⁸

209 1966 561 2023 nequaquam
596 1949 852 2004 valemus.
900 1945 1008 2002 Sed
1046 1942 1353 2014 quicunque
1387 1935 1667 2008 passiones
1705 1945 1802 1984 no-
1829 1915 1878 1976 B
1905 1928 2008 1985 est,
2037 1931 2156 1988 quae
2193 1915 2350 1987 plene
2379 1911 2575 1966 viderit
2601 1908 2668 1962 ab
2706 1903 2825 1958 aliis
2848 1882 3202 1969 Evangelistis
3230 1889 3472 1962 exposita

1900 2011 1914 2023 ‘
2037 2009 2048 2020 ’
2233 2004 2312 2023 κέλ.
2370 2002 2526 2023 ΑίξΑ-Α
2563 1999 2625 2023 ¹³Λ
2673 1992 2932 2023 ξκλιιοιιιῖεὶ
2984 1986 3262 2023 numinrirp
3286 1999 3298 2012 ⁸
3355 1993 3472 2023 ηιιπξ

210 2056 343 2102 stra:
370 2043 652 2102 servitutis
681 2041 1018 2114 agnovimus,
1045 2038 1112 2093 ad
1137 2035 1465 2092 residentem
1497 2031 1551 2085 in
1579 2030 1796 2086 dextera

211 2138 397 2194 Patris
417 2137 530 2209 jam
556 2151 656 2207 per
679 2135 842 2191 ﬁdem
863 2133 1123 2189 accedere
1154 2128 1429 2184 debemus.
1471 2121 1591 2179 Jam
1620 2120 1798 2176 senio-

210 2246 306 2286 res
341 2228 650 2285 Judaiorum
690 2228 904 2283 mittere
925 2267 939 2292 ,
985 2226 1088 2280 hoc
1121 2229 1236 2288 est,
1271 2233 1512 2276 summos
1547 2213 1801 2272 Ecclesiae

209 2321 390 2387 viros,
434 2320 525 2390 qui
564 2335 664 2375 nos
705 2319 773 2373 ad
811 2318 980 2373 Deum
1025 2318 1449 2385 praecesserunt,
1495 2305 1804 2377 suppliciter

215 2409 567 2466 obsecrando
594 2417 851 2480 patronos
880 2405 1193 2475 acquirere,
1232 2401 1324 2472 qui
1369 2399 1527 2455 nobis
1563 2397 1806 2453 testimo-

213 2503 375 2556 nium
406 2501 712 2564 reddentes,
733 2498 878 2570 quod
905 2496 1190 2567 diligamus
1213 2491 1533 2556 Ecclesiam,
1559 2497 1616 2543 et
1637 2501 1807 2558 quan-

216 2602 337 2648 tum
364 2592 422 2646 in
447 2592 604 2647 nobis
629 2599 713 2646 est
735 2587 1003 2644 aediﬁcare
1027 2599 1299 2648 curemus,
1341 2596 1442 2653 pro
1475 2579 1630 2636 nobis
1668 2577 1809 2649 apud

219 2683 513 2739 Dominum
538 2689 957 2748 nostrorumque
979 2674 1217 2746 peccatis
1241 2671 1600 2728 intercedant.

301 2792 322 2825 ι
353 2772 461 2828 Sed
487 2771 574 2826 dic
598 2771 786 2835 verbo,
815 2776 872 2824 et
891 2766 1174 2823 sanabitur
1200 2779 1336 2834 puer
1359 2777 1531 2817 meus.
1564 2781 1583 2813 ι
1618 2759 1808 2831 Magna

227 2864 364 2919 ﬁdes
386 2859 741 2925 centurionis,
766 2873 873 2928 qua
898 2856 1078 2913 verbis
1117 2870 1251 2926 opus
1299 2855 1356 2909 in
1398 2851 1613 2910 Christo
1636 2852 1810 2908 conﬁ-

231 2960 395 3019 tetur,
420 2960 493 3007 εει
540 2957 742 3005 nostrae
778 2945 1075 3004 sanationis
1104 2943 1476 3000 accommodat
1515 2941 1806 3015 mysteriis.

232 3041 334 3146 Qui
361 3050 417 3097 et
441 3042 485 3097 si
507 3054 832 3097 noveramus
851 3036 1145 3095 secundum
1163 3049 1383 3092 carnem
1403 3033 1693 3097 Christum,
1718 3033 1812 3089 sed

231 3134 342 3203 jam
363 3149 471 3190 non
488 3134 757 3190 novimus.

313 3246 334 3280 ‹
371 3226 502 3283 Nam
536 3237 590 3283 et
631 3240 732 3298 ego
776 3226 938 3282 homo
991 3238 1110 3279 sum
1151 3221 1249 3278 sub
1293 3226 1560 3290 potestate
1609 3218 1811 3274 consti-

253 3334 273 3368 ι
302 3325 468 3384 tutus,
511 3278 714 3374 habet;
756 3315 858 3372 sub
899 3329 987 3372 me
1031 3313 1250 3369 milites.
1340 3311 1623 3366 Hominem
1656 3323 1716 3364 se
1760 3315 1816 3364 et
1841 3278 1886 3342 Ο

252 3408 521 3480 potestati,
551 3408 635 3464 vel
676 3408 893 3473 tribuni,
931 3406 1017 3462 vel
1052 3404 1300 3477 praesidis
1339 3402 1613 3458 subditum
1660 3400 1813 3465 dicit,

253 3499 514 3568 imperare
553 3507 726 3555 tamen
774 3513 933 3569 posse
979 3494 1315 3552 minoribus:
1352 3501 1414 3549 ut
1466 3491 1818 3548 subaudiatur

247 3604 370 3645 eum
391 3589 556 3645 multo
581 3589 770 3660 magis,
801 3589 892 3659 qui
939 3589 1080 3644 Deus
1123 3587 1209 3651 sit,
1254 3595 1308 3642 et
1331 3600 1494 3656 super
1514 3583 1696 3639 omnia
1722 3597 1819 3654 po-

247 3691 384 3750 tens,
403 3684 736 3739 innumeram
771 3683 989 3739 virtutis
1012 3681 1282 3754 angelicae,
1309 3696 1429 3752 quae
1451 3681 1519 3736 ad
1558 3681 1817 3752 imperata

243 3776 590 3848 obtemperet,
619 3777 820 3833 habere
848 3775 1115 3831 militiam.
1150 3794 1168 3826 (
1205 3776 1273 3830 Et
1301 3776 1422 3831 dico
1463 3775 1616 3830 huic:
1647 3773 1816 3838 Vade,

249 3887 266 3920 ι
300 3877 354 3925 et
377 3870 557 3938 vadit;
585 3878 642 3924 et
664 3869 793 3926 alii:
822 3866 1053 3935 Veni,et
1071 3869 1248 3936 venit;
1273 3876 1330 3924 et
1353 3883 1511 3923 servo
1531 3882 1680 3922 meo:
1710 3867 1820 3924 Fac

249 3980 266 4011 ‹
294 3960 422 4028 hoc,
469 3961 697 4016 etfacit.
727 3981 746 4013 ι
793 3961 920 4016 Vult
968 3960 1252 4016 ostendere
1296 3959 1579 4015 Dominum
1607 3974 1822 4031 quoque

246 4069 345 4109 non
399 4067 496 4124 per
520 4055 807 4110 adventum
840 4061 1046 4108 tantum
1075 4052 1333 4121 corporis,
1362 4052 1454 4107 sed
1483 4067 1581 4119 per
1607 4050 1822 4120 angelo-

249 4162 358 4200 rum
394 4146 692 4202 ministeria
737 4161 895 4216 posse
946 4145 1170 4214 implere
1216 4144 1359 4214 quod
1409 4142 1584 4198 vellet.
1630 4141 1822 4213 Repel-

250 4237 416 4292 lendae
447 4238 590 4294 enim
623 4247 750 4294 sunt
773 4237 860 4293 vel
881 4237 1223 4292 inﬁrmitates
1244 4250 1528 4306 corporum
1558 4234 1643 4291 vel
1670 4233 1822 4288 forti-

251 4330 460 4386 tudines
479 4329 787 4397 contrariae,
817 4329 1011 4399 quibus
1043 4328 1110 4383 ad
1143 4327 1472 4384 debilitatem
1501 4328 1663 4382 homo
1683 4339 1822 4396 saepe

253 4421 584 4486 conceditur,
630 4428 689 4476 et
733 4419 898 4475 verbo
941 4417 1153 4474 Domini
1180 4429 1235 4474 et
1268 4417 1580 4472 ministeriis
1609 4415 1824 4488 angelo-

255 4525 392 4566 rum.
420 4511 614 4578 Aliter,
630 4511 830 4567 milites
851 4518 908 4566 et
931 4509 1094 4573 servi,
1109 4508 1201 4578 qui
1222 4507 1524 4564 centurioni
1545 4506 1820 4572 obediunt,

259 4603 481 4660 virtutes
513 4611 641 4660 sunt
681 4601 974 4667 naturales,
1023 4614 1250 4670 quarum
1296 4613 1404 4654 non
1434 4598 1710 4653 minimam
1737 4612 1826 4652 co-
1852 4624 1903 4685 ι)

254 4695 395 4764 piam
423 4695 581 4750 multi
626 4695 694 4750 ad
720 4691 1004 4749 Dominum
1034 4689 1312 4745 venientes
1344 4702 1530 4744 secum
1557 4685 1822 4752 deferunt,

253 4786 315 4842 de
368 4787 568 4858 quibus
606 4787 663 4841 in
718 4783 952 4841 Cornelii
1006 4781 1336 4838 centurionis
1387 4778 1543 4835 laude
1589 4778 1822 4834 dicitur:

260 4899 276 4932 ι
305 4881 448 4950 Quia
492 4889 614 4935 erat
659 4879 746 4934 vir
768 4876 961 4946 iustus,
989 4883 1044 4930 et
1095 4874 1292 4928 timens
1339 4872 1508 4928 Deum
1533 4886 1655 4927 cum
1681 4869 1828 4924 omni

256 4973 414 5028 domo
444 4986 564 5037 sua,
600 4970 803 5026 faciens
847 4968 1222 5037 eleemosynas
1248 4964 1414 5036 plebi,
1441 4972 1497 5020 et
1533 4963 1828 5033 deprecans

258 5063 423 5120 Deum
451 5077 666 5133 semper
687 5060 820 5136 (Act.
847 5058 926 5129 ι).
957 5077 976 5111 ι

327 5173 348 5207 ε
387 5153 506 5221 Quo
552 5152 756 5217 audito,
801 5148 956 5206 Iesus
999 5148 1224 5203 miratus
1269 5153 1371 5200 est.
1420 5163 1440 5197 ι
1478 5143 1699 5198 Miratus
1745 5149 1830 5198 est

260 5245 400 5316 quod
425 5245 558 5300 vidit
579 5242 948 5300 centurionem
969 5252 1125 5294 suam
1148 5233 1443 5305 intelligere
1470 5235 1825 5304 maiestatem.

263 5333 368 5391 Sed
389 5334 514 5406 quis
550 5335 604 5389 in
626 5333 718 5388 illo
743 5331 947 5388 fecerat
986 5331 1158 5399 ipsam
1205 5325 1365 5382 ﬁdem
1405 5326 1490 5380 vel
1530 5322 1831 5394 intelligen-

266 5429 414 5494 tiam,
436 5428 541 5483 nisi
569 5427 683 5498 ipse
727 5424 819 5494 qui
853 5437 975 5478 cam
1014 5418 1329 5476 mirabatur.
1376 5417 1528 5486 Quod
1565 5416 1667 5472 etsi
1694 5415 1834 5472 alius

267 5536 384 5578 eam
413 5520 651 5584 fecisset,
676 5517 806 5589 quid
826 5517 1118 5570 miraretur
1139 5511 1232 5582 qui
1259 5509 1518 5580 praescius
1539 5507 1695 5564 erat?
1729 5506 1835 5564 Νο-

271 5612 488 5667 tandum
535 5624 686 5680 ergo,
731 5606 855 5677 quia
904 5602 1047 5675 quod
1093 5601 1324 5656 miratur
1363 5598 1644 5664 Dominus,
1685 5597 1842 5653 nobis

270 5707 572 5763 mirandum
593 5720 715 5762 esse
736 5701 1023 5773 signiﬁcat,
1051 5697 1247 5768 quibus
1287 5695 1462 5750 adhuc
1501 5707 1634 5763 opus
1657 5700 1740 5748 est
1761 5691 1838 5747 sic

271 5801 500 5858 moneri.
523 5799 720 5858 Omnes
740 5795 884 5851 enim
906 5791 1040 5848 tales
1059 5797 1240 5846 motus
1262 5802 1386 5841 curn
1429 5786 1495 5841 de
1518 5785 1628 5840 Deo
1656 5784 1840 5839 dicun-

274 5901 382 5963 tur,
403 5908 510 5973 non
531 5889 828 5965 perturbati
875 5884 1040 5943 animi
1074 5883 1226 5954 signa
1270 5888 1416 5948 sunt,
1461 5879 1558 5937 sed
1600 5874 1840 5934 docentis

1900 2009 2169 2072 breviare,
2198 1986 2202 1987 ί
2231 2004 2315 2059 vel
2363 2002 2531 2057 etiam
2561 1999 2626 2054 de
2673 1992 2936 2050 industria
2984 1986 3298 2059 praeterire:
3355 1993 3474 2049 qua:

1899 2117 2029 2159 vero
2059 2100 2126 2155 ab
2154 2098 2232 2154 eis
2277 2094 2564 2152 commissa
2621 2086 2856 2144 breviter
2903 2075 3233 2152 cognoverit,
3273 2079 3476 2128 attactu

1901 2189 2194 2248 dilucidare
2220 2184 2489 2244 solertius.
2513 2177 2734 2251 Mystice
2760 2176 2842 2249 (ut
2862 2170 2993 2241 dixi)
3016 2165 3279 2231 centurio,
3325 2161 3478 2231 cujus

1904 2281 2039 2336 ﬁdes
2069 2277 2255 2334 Israeli
2280 2274 2580 2347 praefertur,
2611 2267 2809 2325 electos
2836 2261 3091 2319 nimirum
3133 2272 3198 2312 ex
3231 2251 3480 2325 gentibus

1904 2369 2160 2434 ostendit,
2183 2346 2288 2438 qui
2307 2365 2461 2436 quasi
2511 2358 2756 2416 centurio
2780 2353 2972 2411 militia
3013 2346 3194 2417 stipati
3221 2346 3479 2399 virtutum

1906 2435 2265 2534 spiritualium
2296 2435 2443 2519 sunt,
2473 2455 2564 2509 sed
2591 2448 2920 2522 perfectione
2964 2441 3220 2498 sublimes
3245 2435 3484 2503 nihilque

1909 2571 1942 2610 a
1971 2555 2195 2611 Domino
2222 2560 2522 2612 terrenum,
2547 2543 2640 2600 sed
2665 2541 2778 2598 sola
2817 2545 3031 2594 aeternae
3075 2530 3262 2588 salutis
3290 2525 3483 2598 gaudia

1911 2646 2014 2703 sibi
2041 2645 2260 2714 suisque
2284 2639 2586 2710 requirunt.
2639 2633 2905 2688 Numerus
2934 2627 3078 2683 enim
3123 2618 3481 2681 centenarins,

1909 2741 2002 2810 qui
2031 2739 2098 2793 de
2145 2708 2276 2790 lmva
2331 2708 2654 2786 transfertur
2701 2722 2769 2778 ad
2814 2722 3110 2781 dexteram,
3163 2713 3217 2767 in
3249 2708 3486 2766 caelestis

1910 2798 2034 2887 vitae
2079 2821 2473 2898 signiﬁcatione
2502 2817 2627 2888 poni
2665 2811 2962 2871 consuevit.
3019 2805 3172 2863 Unde
3216 2811 3301 2859 est
3347 2798 3489 2869 quod

1913 2937 2037 2979 arca
2061 2920 2173 2976 Noe
2215 2925 2432 2973 centum
2474 2909 2628 2964 annis
2665 2905 2978 2961 fabricatur.
3011 2898 3284 2954 Abraham
3312 2902 3490 2948 cente-

1913 3016 2096 3074 narius
2141 3012 2309 3067 ﬁlium
2338 3002 2709 3078 promissionis
2759 2997 3006 3068 accepit:
3043 2993 3181 3049 sevit
3224 2990 3394 3052 Isaac,
3433 2996 3487 3040 et

1913 3107 2120 3166 invenit
2146 3105 2202 3160 in
2229 3105 2347 3176 ipso
2370 3117 2510 3156 anno
2537 3093 2848 3166 centuplum
2888 3090 3041 3159 (Gen.
3069 3086 3220 3156 xxvi)
3250 3102 3262 3138 :
3290 3081 3488 3137 atrium

1915 3173 2484 3255 tabernaculi—centum
2507 3188 2713 3244 cubitos
2736 3185 2951 3254 longum
2972 3188 3055 3237 est
3078 3176 3273 3250 (Exod.
3297 3173 3487 3236 xxvu).

1917 3286 2283 3346 Misericordia
2333 3291 2388 3338 et
2419 3279 2680 3351 judicium
2723 3283 2971 3331 cantatur
3011 3268 3181 3342 (Psal.
3204 3266 3280 3336 c),
3311 3273 3364 3318 et
3390 3277 3491 3317 cae-

1919 3394 2031 3440 tera
2077 3376 2400 3448 huiusmodi.
2443 3373 2590 3428 Talis
2610 3385 2740 3439 ergo
2791 3366 2970 3422 meriti
2998 3362 3123 3427 viri,
3153 3373 3254 3430 pro
3289 3357 3375 3411 his
3401 3369 3493 3409 ne-

1918 3487 2068 3530 cesse
2126 3446 2208 3524 est
2243 3464 2472 3522 Domino
2519 3460 2819 3532 supplicent
2851 3497 2866 3522 ,
2911 3454 3038 3524 quia
3082 3451 3258 3506 adhuc
3299 3446 3493 3516 spiritu

1919 3562 2199 3624 servitutis
2218 3560 2271 3614 in
2299 3558 2493 3613 timore
2518 3558 2852 3625 premuntur,
2876 3555 3144 3617 quatenus
3184 3540 3264 3595 eis
3310 3533 3496 3606 paula-

1920 3659 2018 3714 tim
2047 3655 2115 3710 ad
2142 3649 2452 3709 sublimiora
2494 3642 2784 3717 provectis,
2832 3637 3073 3711 perfecta
3108 3629 3326 3689 dilectio
3349 3626 3499 3682 foras

1920 3749 2084 3807 mittit
2119 3748 2388 3802 timorem.

2455 3828 2732 3887 HOMILIA
2776 3822 2965 3878 XXVI.

2304 3941 2460 3983 PERIA
2494 3938 2664 3978 SEXTA
2694 3933 2826 3975 POS'I‘
2861 3929 3114 3972 CINEBUI.

1993 4024 2237 4097 (Murri.
2270 4019 2349 4090 v.)
2375 4035 2393 4069 (
2421 4017 2476 4071 ln
2506 4013 2596 4069 illo
2623 4020 2862 4080 tempore
2887 4007 3020 4062 dixit
3046 4003 3202 4059 Jesus
3223 3997 3498 4068 discipulis

1928 4139 1947 4172 ι
1980 4091 2129 4175 suis:
2171 4111 2412 4170 Audistis
2457 4108 2583 4178 quia
2635 4105 2841 4160 dictum
2868 4108 2954 4157 est
2979 4095 3251 4168 antiquis:
3302 4091 3501 4161 Diliges

1929 4232 1947 4265 ι
1977 4209 2281 4283 proximum
2310 4213 2479 4268 tuum,
2501 4209 2558 4255 et
2583 4197 2707 4255 odio
2728 4194 2952 4252 habebis
2976 4191 3252 4247 inimicum
3282 4194 3454 4248 tuum,
3476 4202 3493 4233 ι

1923 4273 2226 4369 (δι’τθιίίιιιει.
2256 4295 2455 4351 Putant
2476 4289 2696 4361 quidam
2716 4292 2985 4358 praecepta
3007 4280 3141 4336 Novi
3164 4273 3500 4334 Testamenti

1927 4393 2276 4468 impossibilia
2305 4405 2425 4446 esse
2443 4430 2458 4455 ,
2488 4395 2545 4444 et
2585 4385 2775 4441 dicunt
2802 4381 3050 4454 graviora
3080 4392 3203 4434 esse
3228 4379 3499 4446 praecepta

1925 4463 2058 4548 Novi
2094 4485 2426 4545 Testamenti
2456 4495 2618 4553 quam
2646 4476 2879 4534 Veteris.
2926 4472 3132 4541 Quibus
3174 4463 3502 4535 responden-

1928 4585 2055 4640 dum
2075 4587 2159 4636 est
2199 4581 2466 4648 praecepta
2488 4565 2870 4640 omnipotentis
2894 4561 2990 4617 Dei
3019 4574 3126 4615 non
3153 4569 3270 4611 esse
3295 4553 3498 4620 impos-

1931 4675 2127 4740 sibilia,
2173 4643 2268 4725 sed
2297 4667 2476 4739 potius
2518 4660 2798 4734 perfecta;
2843 4655 2889 4710 si
2925 4651 3070 4706 enim
3111 4660 3250 4717 pene
3297 4643 3500 4713 impos-

1933 4765 2108 4824 sibilia
2137 4769 2338 4825 essent,
2362 4733 2700 4826 nequaquam
2724 4749 2790 4802 ab
2813 4744 2994 4813 aliquo
3019 4746 3207 4797 sancto
3225 4733 3502 4793 observari

1932 4857 2252 4932 potuissent.
2286 4849 2393 4905 Sed
2439 4860 2563 4902 cum
2600 4857 2665 4898 ea
2711 4847 2984 4906 utcunque
3033 4841 3250 4889 sanctos
3276 4826 3506 4897 legimus

1932 4920 2264 5011 observasse,
2293 4941 2462 4997 claret
2489 4951 2553 4992 ea
2579 4928 2929 5003 impossibilia
2959 4942 3065 4982 non
3104 4938 3244 4988 esse,
3268 4920 3362 4976 sed
3380 4932 3505 4988 per-

1934 5043 2096 5098 fecta.
2132 5009 2269 5092 Nam
2315 5033 2418 5088 hoc
2453 5032 2778 5100 praeceptum
2825 5018 3034 5076 Domini
3080 5016 3135 5071 in
3177 5027 3286 5084 quo
3325 5009 3500 5066 dicit:

1939 5155 1957 5187 ι
1991 5129 2206 5202 Diligite
2235 5123 2480 5182 inimicos
2520 5125 2748 5180 vestros,
2801 5108 3099 5167 benefacite
3145 5105 3229 5160 his
3259 5101 3351 5172 qui
3377 5100 3506 5154 ode-

1935 5233 2062 5281 runt
2080 5190 2175 5277 vos
2195 5218 2345 5290 (Luc.
2383 5213 2479 5285 vi),
2511 5229 2529 5262 ι
2561 5217 2616 5264 et
2643 5223 2672 5261 a
2694 5208 2851 5262 beato
2877 5201 3172 5272 Stephano,
3199 5205 3255 5251 et
3278 5209 3309 5249 a
3340 5190 3504 5246 David

1936 5281 2214 5384 impletum
2243 5307 2408 5363 fuisse
2439 5281 2704 5372 legimus.
2743 5293 3053 5365 Stephanus
3079 5287 3224 5344 enim
3270 5299 3368 5356 pro
3393 5281 3507 5337 suis

1935 5379 2368 5479 persecutoribus
2392 5389 2636 5451 exoravit
2657 5389 2793 5460 (Act.
2815 5383 2933 5456 vn);
2957 5379 3127 5436 David
3155 5386 3333 5431 autem
3358 5387 3506 5427 mor-

1940 5463 2049 5553 ;em
2075 5487 2395 5549 atrocissimi
2428 5481 2631 5541 inimici
2654 5479 2738 5535 sui
2773 5463 3186 5538 Saulis'deﬁevit
3215 5465 3266 5538 (1
3289 5463 3418 5533 Reg.
3443 5463 3504 5531 ι).

1940 5590 2046 5646 Sed
2070 5582 2414 5658 quaerendum
2461 5587 2544 5635 est
2596 5573 2864 5647 quomodo
2893 5565 3177 5624 conveniat
3221 5562 3323 5615 hoc
3365 5555 3510 5627 quod

1939 5649 2196 5740 Dominus
2221 5679 2275 5733 in
2301 5674 2485 5732 Veteri
2527 5671 2873 5726 Testamento
2918 5657 3161 5732 praecipit
3191 5672 3203 5707 :
3240 5670 3260 5703 ‹
3299 5649 3510 5721 Diligite

1940 5778 2162 5841 amicos,
2212 5781 2266 5826 et
2314 5769 2459 5824 odite
2507 5763 2751 5830 inimicos
2797 5763 3009 5812 vestros
3038 5745 3340 5818 (Lev.xrx).
3371 5762 3389 5794 ι
3430 5741 3511 5796 Ad

1940 5867 2083 5943 quod
2115 5865 2398 5923 dicendum
2427 5869 2533 5926 est,
2559 5855 2703 5930 quod
2722 5850 3061 5925 omnipotens
3083 5842 3225 5900 Deus
3258 5839 3313 5898 iu
3337 5835 3512 5894 inimi-
