3994 6354
564 316 663 374 187
1180 330 1529 392 "AYMONIS
1570 339 2046 401 HALBERSTAT.
2090 350 2302 408 EPISC.
2348 356 2495 415 OPP.
2540 361 2717 420 PARS
2753 365 2816 420 ll.
2850 397 2921 409 -
2954 368 3189 429 HOMIL.
3230 376 3231 383 “

558 429 640 486 cis
683 435 882 491 nostris
926 443 1177 510 praacepit
1225 460 1328 500 non
1381 448 1480 504 hoc
1520 453 1671 508 odire
1714 456 1858 524 quod
1890 459 2131 517 homines
2157 468 2210 527 Α
2236 474 2294 520 ut
2322 472 2582 538 nascitur,
2610 474 2663 528 in

557 534 704 594 sunt,
731 529 822 583 sed
847 533 986 601 quod
1035 535 1156 589 mali
1199 547 1342 593 sunt.
1384 540 1515 597 Nam
1543 545 1609 601 de
1638 545 1749 604 Deo
1772 548 2006 620 loquitur
2030 552 2130 609 Sa-

554 620 756 689 pientia
784 641 795 676 :
828 642 848 674 ι
881 623 1020 680 Nihil
1053 628 1215 684 odisti
1238 646 1422 687 eorum
1450 651 1566 704 quae
1596 637 1771 695 fecisti
1794 641 1946 713 (Sap.
1972 646 2069 719 χι).
2104 670 2120 701 ο

554 706 612 763 Si
640 712 781 766 enim
804 713 933 767 nihil
954 714 1068 770 odit
1093 730 1281 773 eorum
1307 738 1427 791 quae
1452 723 1604 791 fecit,
1628 706 1904 798 quomodo
1929 706 2127 792 dicitur

548 815 647 870 per
684 802 1037 861 Malachiam:
1071 828 1089 861 ι
1144 809 1313 869 Jaeob
1358 815 1539 884 dilexi,
1583 820 1724 876 Esau
1773 834 1950 881 autem
1999 829 2123 885 odio

547 895 706 950 habui
732 895 884 967 (Mal.
909 901 997 965 1)?
1040 922 1059 954 ι
1095 902 1199 960 Sed
1246 904 1504 966 Dominus
1546 915 1714 970 odivit
1755 933 2032 988 peccatum
2066 924 2122 980 id

544 984 702 1051 Esau,
734 1002 841 1043 non
894 997 1076 1048 tamen
1131 995 1299 1053 odivit
1346 1000 1631 1060 humanam
1683 1017 1947 1068 naturam.
2003 1014 2119 1072 Non

540 1075 682 1129 enim
724 1066 838 1133 odit
864 1080 1006 1139 Deus
1032 1084 1304 1143 hominem
1354 1094 1494 1161 quod
1543 1096 1702 1153 homo
1744 1111 1846 1166 est,
1877 1106 1971 1159 sed
2006 1108 2120 1163 odit

537 1181 659 1222 eum
684 1169 737 1225 in
764 1172 864 1228 hoc
886 1178 1030 1245 quod
1060 1191 1313 1248 peccator
1337 1195 1442 1242 est.
1478 1209 1496 1241 c
1526 1190 1592 1245 Et
1637 1205 1788 1251 orate
1812 1213 1909 1267 pro
1931 1216 2117 1270 perse-

541 1278 558 1309 ‹
592 1265 881 1331 quentibus
927 1278 982 1324 et
1033 1273 1486 1337 calumniantibus
1528 1299 1642 1340 vos.
1671 1307 1689 1339 ι
1731 1265 1986 1363 Persequi
2030 1306 2117 1352 est

3752 391 3851 446 188

2704 479 2890 533 eodem
2920 481 3169 541 videlicet
3208 488 3313 544 ritu
3354 501 3408 547 et
3449 498 3847 564 professione’

2232 566 2285 611 et
2315 557 2367 613 in
2389 561 2575 617 eodem
2599 567 2932 635 paganismo.

2305 667 2322 699 ι
2370 649 2553 708 Estote
2588 670 2716 728 ergo
2742 672 2836 714 vos
2867 660 3110 731 perfecti,
3151 668 3290 724 sicut
3336 680 3392 727 et
3437 669 3611 732 Pater
3658 688 3849 740 vesta-

2234 760 2251 791 ι
2296 741 2531 800 caelestis
2563 747 2833 816 perfectus
2860 762 2961 808 est.
2999 774 3017 807 ι
3063 753 3232 825 Sicut,
3272 776 3377 818 non
3401 773 3486 819 est
3516 769 3842 841 qualitatis,

2226 832 2319 887 sed
2345 826 2522 903 potius
2553 838 2940 899 similitudinis.
2975 845 3043 902 Ut
3071 848 3209 906 sicut
3240 846 3383 909 Deus
3408 856 3461 910 in
3486 826 3702 917 natura
3730 879 3839 922 suae

2222 930 2504 994 potestatis
2532 932 2804 1002 perfectus
2841 948 2942 1003 est,
2971 940 3042 994 ita
3084 942 3245 999 etiam
3283 963 3380 1003 vos
3433 951 3554 1007 sitis
3596 954 3837 1024 perfecti

2221 1031 2318 1085 pro
2346 1021 2559 1075 modulo
2588 1033 2778 1080 vestrae
2824 1026 3146 1100 fragilitatis.
3184 1035 3251 1090 Ut
3281 1039 3419 1095 sicut
3463 1021 3620 1099 Deus
3661 1047 3833 1105 Solem

2220 1122 2373 1162 suum
2401 1112 2532 1166 oriri
2567 1114 2690 1169 facit
2714 1133 2874 1188 super
2905 1122 3073 1178 bonos
3096 1133 3149 1179 et
3184 1128 3371 1193 malos,
3399 1140 3454 1186 et
3492 1133 3643 1202 pluit
3671 1153 3834 1209 super

2211 1195 2387 1266 justos
2413 1212 2466 1256 et
2494 1203 2737 1274 injustos,
2772 1211 2849 1265 sic
2877 1220 2930 1266 et
2958 1229 3053 1270 vos
3081 1217 3421 1277 dilectionem
3458 1236 3746 1296 vestram,
3778 1242 3829 1286 et

2215 1290 2382 1346 solem
2434 1305 2627 1352 vestra:
2665 1301 2946 1361 cliaritatis
2977 1323 3081 1363 non
3123 1310 3293 1367 solum
3320 1316 3384 1370 ad
3434 1321 3685 1388 amicos,
3730 1328 3823 1380 sed

535 1350 640 1405 vim
671 1353 910 1413 inferre:
943 1362 1284 1435 calumniari,
1338 1374 1677 1433 occasionem
1709 1386 1933 1440 nocendi
1984 1403 2109 1457 per-

528 1444 763 1513 quirere.
794 1449 899 1506 Sed
927 1460 1272 1524 qurerendum
1306 1475 1405 1531 est,
1450 1484 1570 1524 eum
1616 1471 1876 1532 Dominus
1922 1482 2112 1549 praeci-

527 1533 640 1601 piat
694 1553 852 1596 orare
903 1558 1002 1613 pro
1050 1556 1499 1621 persequentibus
1551 1568 1605 1615 et
1653 1562 2108 1629 calumniantibus

524 1630 699 1697 nobis,
727 1636 855 1703 quid
907 1641 997 1707 sit,
1045 1646 1187 1714 quod
1237 1649 1289 1702 in
1338 1650 1490 1708 libris
1532 1660 1918 1728 prophetarum
1950 1675 2003 1722 et
2048 1669 2103 1722 in

522 1718 814 1792 Evangelio
837 1732 1080 1797 quaedam
1113 1737 1527 1808 imprecationes
1548 1747 1888 1808 inveniantur
1913 1767 2101 1815 contra

518 1825 913 1886 persecutores,
941 1838 1061 1892 qua:
1090 1828 1499 1891 maledictiones
1525 1850 1801 1909 putantur,
1847 1847 1986 1902 sicut
2012 1860 2095 1907 est
2126 1834 2173 1896 Β

518 1899 647 1957 illud
675 1922 686 1958 :
720 1924 738 1957 ‹
775 1907 895 1964 Fiat
939 1929 1123 1971 mensa
1154 1935 1340 1977 eorum
1389 1942 1570 1983 coram
1605 1931 1734 2003 ipsis
1764 1936 1817 1990 in
1850 1937 2098 2010 laqueum

519 1989 588 2010 ι..
659 1994 671 2010 .
884 2001 893 2010 ι
1014 2005 1052 2010 —
1107 2008 1131 2010 —

516 1989 688 2059 (Psal.
710 2001 922 2074 uvm).
963 2024 983 2058 ι
1010 2005 1081 2062 Et
1105 2008 1304 2069 Paulus
1330 1989 1771 2087 apostolus-cum
1809 1989 2098 2097 perdussus

513 2093 659 2139 esset
689 2103 717 2140 a
748 2092 995 2149 ministro
1037 2103 1357 2169 sacerdotis,
1406 2113 1715 2180 respondit:
1752 2135 1770 2167 ‹
1821 2118 2095 2197 Pereutiet

513 2183 564 2230 te
611 2177 770 2245 Deus,
811 2188 993 2253 paries
1019 2191 1264 2252 dealbate
1307 2198 1442 2269 (Act.
1469 2177 1648 2276 siuti).
1679 2227 1698 2259 ι
1738 2207 1805 2263 Et
1836 2177 2092 2271 Dominus

508 2268 561 2324 in
588 2270 883 2346 Evangelio
910 2299 923 2335 :
955 2302 976 2334 ‹
1023 2285 1110 2342 ναξ
1154 2290 1269 2358 tibi,
1316 2268 1633 2354 Corozaim’!
1672 2318 1748 2358 va:
1774 2305 1889 2369 tibi,
1928 2307 2090 2367 Beth~

505 2360 652 2416 saida
700 2364 913 2436 (Matth.
936 2374 1055 2446 x1)!
1094 2397 1113 2428 ι
1170 2380 1249 2434 Ad
1276 2387 1419 2455 quod
1471 2390 1773 2462 dicendum,
1805 2360 2086 2468 quiahgc

508 2454 675 2508 verba
713 2473 818 2513 non
863 2474 990 2519 sunt
1013 2468 1385 2531 maledicentis
1417 2489 1539 2534 voto
1566 2484 1790 2554 prolata,
1821 2454 1916 2546 sed
1942 2508 2082 2564 pra:-

511 2542 730 2564 JLML
803 2550 842 2564 η,
1007 2556 1041 2564 κ
1150 2560 1195 2564 ,,
1239 2562 1246 2564 _

506 2542 739 2603 dicentis
763 2550 977 2609 atl‘ectu.
1006 2556 1325 2620 Providebat
1350 2569 1494 2631 enim
1518 2542 1777 2634 Dominus
1814 2581 1927 2636 sive
1942 2542 2081 2654 rpro-

500 2637 694 2705 phetm,
723 2645 931 2701 ruinam
969 2650 1255 2721 impiorum
1299 2658 1559 2731 futuram,
1607 2678 1662 2721 et.
1691 2673 1933 2728 eamdem
1962 2679 2074 2731 rui-

498 2744 624 2784 nam
648 2748 753 2788 non
777 2741 1012 2806 optando
1041 2744 1409 2817 proferebant,
1440 2754 1533 2809 sed
1555 2760 1924 2828 prophetando
1944 2781 2076 2835 prae-

494 2817 766 2880 dicebant.
797 2826 996 2886 lterum
1036 2838 1300 2904 quaeritur
1326 2857 1448 2898 cum
1486 2817 1742 2906 Dominus
1762 2817 2072 2928 jubeatrpro

493 2910 729 2971 inimicis
749 2932 927 2988 orare,
961 2938 1059 2979 cur
1078 2926 1312 2987 Joannes
1341 2949 1438 3002 pro
1462 2935 1723 2996 fratribus
1751 2944 2067 3012 quibusdam

492 3019 664 3077 usque
689 3011 754 3063 ad
796 3023 1024 3072 mortem
1060 3025 1428 3093 peccantibus,
1472 3045 1629 3088 orare
1667 3011 1966 3103 prohibeat.
1990 3040 2064 3095 lta

489 3100 633 3155 enim
659 3103 790 3160 dicit
813 3106 864 3161 in
899 3108 1137 3179 Epistola
1164 3130 1259 3171 sua
1285 3135 1298 3171 :
1332 3137 1350 3169 ε
1371 3120 1466 3176 Est
1491 3100 1755 3192 quoddam
1784 3140 2062 3199 peceatum

486 3205 657 3262 usque
682 3195 748 3250 ad
775 3208 1027 3266 mortem,
1056 3219 1161 3259 non
1189 3222 1287 3276 pro
1311 3210 1400 3267 illo
1452 3229 1581 3285 rogo
1608 3226 1666 3271 ut
1709 3195 1828 3290 quis
1852 3234 1971 3279 oret
2009 3227 2059 3297 (Ι

483 3278 645 3339 Ιοαη.
669 3285 747 3358 ν).
779 3306 799 3340 ι
832 3289 914 3345 Ad
937 3291 1040 3349 hoc
1071 3295 1354 3354 dicendum
1397 3278 1654 3374 est,quia
1697 3278 1838 3365 inter

480 3373 792 3449 plerumque
810 3392 937 3438 sunt
956 3389 1202 3457 quietiam
1229 3386 1449 3463 peccata
1476 3404 1939 3469 persecutionibus
1961 3410 2060 3465 im-

478 3467 686 3536 piorum
713 3476 976 3544 graviora.
1002 3478 1098 3535 Est
1123 3493 1405 3553 peccatum
1437 3467 1604 3559 usque
1632 3494 1700 3549 ad
1723 3507 1972 3567 mortem,
2000 3502 2056 3556 in

479 3570 705 3628 peccato
730 3580 899 3636 usque
924 3570 993 3623 ad
1021 3582 1248 3629 mortem
1293 3592 1659 3647 perseverare.
1718 3587 1813 3641 Vel
1858 3604 2052 3657 pecca-

479 3659 586 3706 tum
612 3669 780 3724 usque
806 3659 873 3712 ad
902 3671 1131 3718 mortem
1177 3679 1454 3737 operatur,
1508 3675 1599 3743 qui
1650 3688 1772 3746 post
1819 3684 2043 3752 agnitio-

473 3754 594 3795 nem
633 3742 728 3799 Dei
758 3749 1068 3807 societatem
1097 3755 1451 3818 fraternitatis
1480 3742 1778 3838 impugnat,
1806 3742 1880 3828 et“
1894 3789 2046 3831 eam-

471 3830 596 3889 dem
624 3834 830 3904 injuria:
854 3841 1100 3902 faucibus
1117 3852 1302 3923 agitat.

544 3985 563 4018 ι
597 3966 665 4025 Ut
694 3972 814 4028 sitis
843 3974 938 4033 filii
960 3978 1137 4040 Patris
1164 3988 1351 4042 vestri.
1398 4009 1415 4042 ι
1454 3990 1510 4047 ld
1543 4003 1645 4060 est,
1679 3997 1799 4054 ideo
1829 4000 1930 4056 ista
1958 4002 2038 4058 fa-

464 4071 589 4115 cere
633 4062 859 4135 debetis,
909 4080 969 4125 ut
1014 4074 1132 4130 sitis
1167 4076 1261 4133 filii
1284 4079 1462 4138 Patris
1490 4087 1677 4152 vestri,
1727 4091 1816 4160 qui
1871 4094 2037 4151 solem

463 4166 619 4207 suum
656 4153 786 4213 facit
828 4162 959 4217 oriri
993 4179 1155 4236 super
1206 4168 1375 4227 bonos
1422 4182 1476 4229 et
1518 4176 1704 4234 malos.
1744 4153 1920 4238 duxta
1950 4186 2038 4241 lit-

464 4252 635 4300 teram
683 4247 786 4306 boc
829 4254 1164 4315 solummodo
1212 4262 1617 4336 intelligendum
1662 4281 1765 4329 est.
1793 4274 1927 4331 istas
1957 4288 2034 4333 et-

460 4336 604 4390 enim
652 4340 785 4397 duas
837 4354 1133 4417 creaturas,
1186 4367 1216 4407 e
1257 4355 1450 4424 quibus
1487 4374 1674 4418 omnes
1724 4363 1906 4436 fruges
1939 4386 2031 4425 na-

457 4438 683 4487 scuntur
700 4446 755 4489 et
776 4433 1046 4505 foveatur,
1070 4448 1425 4503 communiter
1452 4436 1708 4511 Dominus
1732 4459 2026 4531 distribuit,

455 4529 510 4576 et
532 4538 694 4596 super
728 4526 1064 4591 Christianos
1094 4545 1148 4593 et
1172 4554 1430 4611 paganos,
1456 4544 1625 4604 bonos
1651 4560 1705 4605 et
1726 4554 1922 4611 malos.

528 4678 544 4709 ι
582 4659 639 4713 Si
673 4664 816 4719 enim
847 4667 1069 4740 diligitis
1094 4687 1189 4727 eos
1229 4676 1320 4744 qui
1350 4692 1445 4735 vos
1493 4681 1738 4752 diligunt,
1769 4707 1787 4739 ›
1824 4699 1925 4744 etc.
1958 4691 2028 4747 Et

451 4753 536 4819 est
563 4762 756 4806 sensus
784 4753 879 4833 _:Si
922 4760 1193 4827 publicani
1234 4774 1289 4819 et
1331 4779 1642 4837 peccatores
1670 4787 1859 4832 natura
1890 4778 2025 4837 duce

448 4836 513 4888 ad
547 4846 748 4894 tantam
784 4826 1082 4904 bonitatem
1113 4867 1172 4908 se
1197 4826 1514 4927 extendunt,
1558 4874 1616 4917 ut
1644 4862 1925 4938 diligentes
1966 4889 2024 4929 se

443 4926 691 4999 diligant,
720 4945 922 5003 quanto
946 4945 1115 5012 magis
1146 4961 1240 5001 vos
1274 4949 1497 5008 latiores
1528 4954 1580 5008 in
1617 4957 1881 5017 cbaritate
1902 4980 2023 5021 esse

442 5018 671 5089 debetis,
700 5035 758 5079 ut
793 5043 901 5082 non
946 5032 1115 5089 solum
1161 5041 1380 5106 amicos,
1428 5045 1518 5098 sed
1564 5047 1728 5102 etiam
1773 5051 2019 5109 inimicos

440 5112 721 5185 diligatis?
752 5138 770 5170 ι
808 5119 997 5178 Nonne
1035 5136 1089 5181 et
1116 5131 1385 5198 publicani
1440 5136 1542 5191 hoc
1571 5138 1810 5193 faciunt:
1860 5163 1877 5194 ι
1915 5144 2018 5198 Pu-

440 5206 635 5263 blicaui
689 5212 1004 5272 dicebantur
1053 5224 1191 5292 apud
1242 5225 1514 5305 Romanos
1564 5241 1864 5299 exactores,
1924 5238 2015 5305 qui

438 5301 717 5371 vectigalia
748 5321 779 5360 a
826 5311 1017 5379 populo
1052 5316 1358 5387 exigebant.
1391 5338 1407 5370 ι
1455 5304 1517 5373 Et
1571 5322 1613 5374 si
1658 5322 2015 5385 salutaveritis

436 5390 632 5451 fratres
652 5408 861 5457 vestros
898 5412 1128 5475 tantmn,
1162 5429 1181 5460 ι
1208 5420 1261 5464 et
1290 5411 1514 5489 reliqua.
1547 5411 1601 5467 Si
1628 5429 1721 5470 vos
1752 5417 1889 5483 illos,
1922 5421 2009 5489 qui

432 5497 620 5542 natura
644 5488 842 5550 fratres
866 5499 1018 5571 vobis
1039 5509 1183 5567 sunt,
1209 5510 1303 5555 aut
1334 5488 1533 5556 fmdere
1554 5504 1804 5562 amicitia:
1817 5507 2011 5578 juncti,

430 5577 828 5651 salutaveritis,
878 5588 1003 5656 quid
1054 5592 1287 5661 amplius
1328 5582 1511 5648 facitis
1557 5610 1720 5664 quam
1761 5601 2010 5675 ethnici?

426 5666 597 5733 Ἐθνος
624 5673 849 5745 Graece,
901 5680 1091 5737 Latine
1139 5685 1332 5739 dicitur
1377 5701 1547 5757 gens;
1592 5691 1714 5748 inde
1754 5691 2006 5754 dicuntur

427 5765 629 5821 etbnici
657 5771 902 5837 gentiles.
926 5772 998 5832 Et
1017 5777 1231 5841 gentilis
1269 5778 1482 5848 dicitur,
1509 5784 1598 5851 qui
1629 5784 1697 5839 ita
1721 5802 2000 5858 permanet

2214 1381 2373 1435 etiam
2406 1385 2472 1438 ad
2500 1386 2745 1446 inimicos
2771 1399 3092 1454 extendatis.

2289 1510 2305 1541 ι
2338 1492 2614 1553 Attendite
2667 1517 2736 1557 ne
2771 1504 3036 1573 justitiam
3087 1522 3319 1569 vestram
3353 1514 3565 1575 faciatis
3625 1540 3816 1581 coram

2215 1600 2232 1631 ‹
2268 1580 2593 1653 hominibus,
2622 1594 2984 1654 utvideamini
3013 1603 3081 1656 ab
3105 1603 3201 1658 eis.
3235 1624 3253 1657 ι
3283 1607 3585 1679 Attendite,
3622 1616 3681 1669 id
3713 1630 3815 1681 est,

2207 1687 2393 1732 cavete
2431 1695 2499 1735 ne
2544 1682 2611 1736 ad
2648 1684 2749 1742 hoc
2782 1685 2928 1755 justa
2961 1707 3123 1764 Opera
3153 1697 3473 1765 exbibcatis,
3508 1716 3565 1758 ut
3598 1709 3675 1761 ab
3715 1710 3811 1763 ho-

2208 1770 2440 1826 minibus
2469 1774 2777 1844 videamini,
2806 1791 2859 1835 et
2888 1783 3099 1841 laudem
3131 1789 3420 1848 humanam
3450 1797 3521 1851 ab
3549 1800 3635 1855 eis
3665 1818 3809 1871 quaa-

2202 1864 2353 1919 ratis.
2383 1864 2498 1920 Non
2541 1878 2624 1923 est
2650 1871 2864 1939 quidem
2905 1887 3181 1945 peccatum
3222 1883 3368 1953 justa
3411 1897 3581 1958 Opera
3614 1909 3803 1949 coram

2200 1955 2506 2013 hominibus
2544 1960 2742 2030 facere,
2775 1970 2869 2022 sed
2899 1983 3177 2038 peccatum
3204 1986 3287 2032 est
3307 1978 3599 2051 idcojusta
3630 2004 3800 2058 opera

2196 2046 2379 2102 facere
2409 2066 2591 2104 coram
2627 2053 2958 2126 hominibus,
3000 2073 3059 2116 ut
3102 2063 3218 2120 laus
3267 2058 3334 2122 ab
3364 2069 3444 2125 eis
3491 2088 3792 2143 quaeratur.

2201 2134 2349 2192 Unde
2375 2147 2432 2193 et
2476 2140 2733 2197 Dominus
2793 2150 3037 2219 superius
3082 2154 3251 2211 dixit:
3287 2177 3304 2208 σ
3346 2155 3437 2216 Sic
3484 2134 3668 2222 luceat
3704 2167 3790 2225 lux

2196 2237 2368 2284 vestra
2405 2225 2586 2287 coram
2644 2236 2972 2299 hominibus.
3026 2254 3084 2300 ut
3134 2248 3353 2308 videant
3404 2267 3588 2314 vestra
3642 2252 3785 2320 bona

2188 2333 2372 2390 opera,
2406 2335 2462 2378 et
2512 2325 2816 2396 glorificent
2862 2332 3076 2394 Patrem
3112 2354 3352 2399 vestrum
3395 2349 3491 2417 qui
3548 2352 3606 2406 in
3632 2355 3779 2410 cadis

2187 2421 2269 2466 est
2293 2411 2508 2484 (Matth.
2537 2426 2612 2491 v).
2647 2439 2666 2471 ι

2259 2550 2278 2582 ε
2311 2531 2448 2587 Dum
2475 2551 2609 2607 ergo
2648 2538 2785 2595 facis
2818 2541 3237 2617 eleemusynam,
3268 2550 3377 2606 noli
3411 2553 3542 2625 tuba
3580 2571 3754 2613 canere

2188 2637 2207 2670 ι
2237 2630 2363 2677 ante
2392 2633 2461 2678 te.
2491 2645 2510 2677 ι
2542 2626 2619 2681 Ex
2643 2633 3028 2688 consuetudine
3054 2634 3366 2694 Scribarum
3396 2654 3453 2697 et
3477 2642 3746 2702 Pharisa-

2180 2727 2298 2766 rum
2327 2714 2464 2770 hanc
2492 2721 2816 2775 sententiam
2839 2724 3099 2782 Dominus
3124 2731 3308 2784 traxit.
3342 2731 3480 2789 Nam
3510 2736 3567 2790 in
3587 2738 3757 2794 diebus

2175 2801 2530 2861 festivitatmn
2559 2818 2615 2863 et
2632 2810 2958 2881 jejuniorum
2979 2818 3173 2874 facturi
3195 2821 3618 2896 cleemosynam.
3640 2841 3763 2902 ιιι-ε’

2174 2896 2445 2965 cipiehant
2469 2912 2599 2956 ante
2645 2920 2702 2959 se
2740 2907 2884 2963 tubis
2909 2925 3126 2972 canere.
3167 2924 3228 2967 ut
3254 2916 3321 2971 ad
3347 2921 3586 2983 sonitum
3628 2926 3767 2980 tuba

2173 2987 2463 3045 multitudo
2508 3009 2805 3065 pauperum
2853 3004 3233 3063 convenirent.
3266 3020 3325 3061 ut
3373 3011 3617 3069 videntes
3663 3017 3765 3071 hoc

2167 3079 2376 3149 populi,
2425 3085 2515 3153 qui
2550 3086 2617 3139 ad
2667 3087 3016 3148 festivitatem
3067 3098 3451 3167 confluxerant,
3508 3104 3766 3166 laudibus

2093 3191 2138 3256 ο
2171 3168 2284 3223 suis
2305 3184 2399 3225 eos
2428 3174 2841 3243 magnificarent
2867 3191 2921 3235 et
2958 3184 3299 3249 extollerent.
3328 3192 3476 3260 quasi
3503 3192 3603 3249 Dei
3641 3198 3765 3252 cul-

2172 3269 2317 3317 tores
2364 3277 2561 3333 essent,
2592 3280 2647 3323 et
2673 3287 2767 3326 eos
2808 3274 2972 3329 etiam
3024 3279 3138 3349 suis
3164 3284 3471 3340 muneribus
3498 3289 3752 3345 cumula-

2166 3363 2305 3408 rent.
2340 3356 2431 3411 Vel
2459 3374 2746 3428 possumus
2770 3364 2873 3421 hoc
2900 3367 3060 3424 altius
3082 3371 3401 3445 intelligere.
3435 3376 3582 3433 Tuba
3602 3383 3754 3439 enim

2159 3444 2297 3501 solet
2323 3446 2376 3500 in
2401 3463 2556 3506 sacro
2578 3451 2792 3523 eloquio
2817 3444 3565 3539 manifestationedesignari.
3597 3472 3755 3531 Unde

2156 3533 2354 3592 Paulus
2382 3542 2659 3609 apostolus
2706 3546 2838 3601 dicit
2870 3563 2884 3601 :
2927 3567 2944 3599 ι
2998 3550 3199 3610 Omnes
3236 3559 3456 3627 quidem
3496 3577 3749 3635 resurge-

2154 3642 2296 3695 mus,
2329 3632 2423 3685 sed
2455 3649 2560 3689 non
2583 3651 2773 3693 omnes
2810 3641 3237 3701 immutabimur.
3274 3649 3334 3704 lu
3361 3666 3657 3722 momento,
3692 3656 3747 3713 in

2152 3719 2261 3775 ictu
2287 3722 2448 3790 oculi,
2503 3726 2556 3779 in
2613 3733 2909 3789 novissima
2954 3737 3097 3792 tuba.
3130 3740 3300 3796 Canet
3328 3745 3472 3799 enim
3514 3748 3662 3805 tuba.
3690 3762 3749 3805 et

2148 3811 2346 3866 mortui
2377 3828 2659 3886 resurgeut
2705 3820 3025 3895 incorrupti,
3080 3842 3136 3882 et
3185 3844 3284 3884 nos
3337 3833 3746 3891 immutabimur

2148 3900 2200 3972 (1
2227 3901 2349 3958 Cor.
2376 3914 2489 3977 xv),
2527 3928 2547 3962 ι
2580 3910 2635 3965 id
2660 3924 2765 3980 est,
2792 3917 2846 3970 in
2880 3931 3067 3988 aperto
3105 3923 3210 3977 erit
3233 3930 3558 3983 resurrectio
3599 3930 3741 3985 cele-

2143 3991 2318 4048 brata.
2380 4016 2396 4047 ι
2448 3999 2617 4057 Amen
2671 4005 2792 4061 dico
2842 4009 3014 4075 vobis,
3051 4025 3375 4083 receperunt
3427 4019 3737 4076 mercedem

2145 4106 2162 4138 ι
2205 4103 2381 4156 suam,
2412 4111 2430 4145 ι
2467 4097 2570 4151 hoc
2592 4109 2697 4165 est,
2722 4099 2933 4157 laudem
2960 4103 3027 4159 ab
3048 4107 3372 4164 hominibus.

2216 4222 2233 4252 ς
2265 4201 2338 4257 Te
2365 4216 2543 4262 autem
2590 4210 2822 4267 faciente
2866 4216 3289 4290 eleemosynam,
3339 4224 3551 4279 nesciat
3586 4228 3724 4282 sini-

2142 4310 2160 4343 ι
2192 4301 2308 4349 stra
2330 4305 2422 4352 tua
2448 4300 2577 4368 quid
2600 4300 2767 4359 faciat
2788 4305 3011 4363 dextera
3041 4318 3151 4365 tua.
3184 4332 3202 4363 ι
3234 4312 3391 4380 Quod
3415 4331 3547 4386 ergo
3565 4319 3725 4385 dicit,

2141 4402 2158 4434 ι
2192 4390 2401 4444 nesciat
2442 4392 2662 4449 sinistra
2718 4405 2805 4451 tua
2866 4401 2999 4470 quid
3043 4401 3206 4458 faciat
3267 4407 3487 4464 dextera
3532 4419 3658 4473 tua,
3700 4431 3721 4463 ι

2133 4494 2327 4538 sensus
2376 4484 2747 4554 hujuscemodi
2787 4500 2909 4547 est:
2936 4494 3070 4549 Cum
3115 4496 3252 4554 facis
3293 4500 3718 4575 elemosynam,

2059 4563 2111 4624 D
2137 4575 2242 4629 noli
2276 4577 2331 4630 in
2357 4579 2570 4647 publico
2610 4584 2854 4638 eamdem
2904 4586 3301 4660 eleemosynam
3332 4594 3598 4662 proferre,
3644 4614 3722 4653 ne

2130 4664 2365 4720 videaris
2385 4668 2450 4721 de
2475 4668 2699 4725 alterius
2727 4674 2941 4729 miseria
2969 4677 3211 4745 gloriari.
3232 4681 3549 4754 Quicunque
3569 4687 3715 4743 enim

2129 4769 2228 4825 pro
2255 4760 2491 4827 appetitu
2536 4762 2754 4819 humani
2786 4766 2986 4824 favoris
3014 4769 3211 4828 bonum
3242 4774 3444 4845 aliquid
3480 4781 3712 4849 egerint,

2128 4845 2345 4901 sinistra
2387 4863 2571 4905 eorum
2622 4857 2838 4911 conscia
2880 4859 2980 4913 fuit
3005 4864 3187 4932 operis
3232 4880 3441 4921 eorum.
3477 4868 3711 4927 Sinistra

2127 4939 2271 4993 enim
2320 4942 2615 5010 appetitum
2656 4947 2905 5005 humanae
2952 4952 3126 5010 laudis
3183 4957 3446 5029 designat.
3478 4960 3709 5018 Dextera

2124 5047 2256 5085 vero
2311 5032 2664 5092 intentionem
2721 5041 2875 5096 home
2933 5045 3226 5102 voluntatis
3270 5051 3465 5121 signat.
3514 5071 3533 5103 ι
3566 5053 3707 5110 Cum

2126 5120 2257 5176 facis
2282 5123 2699 5198 eleemosynam,
2735 5135 2941 5189 neseiat
2980 5137 3197 5193 sinistra
3234 5120 3337 5196 tua
3365 5144 3494 5213 quid
3536 5145 3706 5200 faciat

2123 5212 2345 5269 dextera
2366 5225 2479 5272 tua.
2514 5239 2533 5271 ι
2553 5220 2608 5274 id
2628 5231 2734 5286 est,
2757 5223 2913 5280 home
2928 5228 3187 5284 voluntati
3206 5240 3316 5288 ma:
3336 5212 3444 5289 non
3472 5235 3706 5292 miscea-

2123 5314 2209 5360 tur
2236 5311 2505 5378 appetitus
2528 5313 2775 5369 humame
2804 5316 2977 5374 laudis
3003 5329 3058 5375 et
3086 5321 3311 5379 favoris.

2202 5443 2220 5474 ι
2254 5424 2328 5479 ‘Ut
2348 5426 2415 5480 sit
2441 5428 2779 5499 eleemosyna
2828 5440 2914 5485 tm
2954 5434 3006 5488 in
3034 5436 3370 5502 abscondito,
3409 5459 3427 5493 ι
3470 5440 3578 5496 hoc
3616 5452 3698 5495 est

2120 5518 2173 5572 in
2200 5518 2338 5574 bona
2359 5522 2704 5577 conscientia.
2732 5522 2880 5580 Multi
2905 5538 3027 5583 sunt
3046 5530 3191 5585 enim
3213 5532 3694 5607 qui'eleemosynas

2117 5610 2319 5667 faciunt
2346 5613 2483 5669 bona
2530 5616 2825 5684 voluntate,
2850 5612 2981 5676 licet
3010 5623 3149 5677 desit
3175 5623 3256 5679 eis
3303 5625 3530 5681 facultas
3572 5643 3692 5698 quzc

2112 5702 2403 5759 tribuatur.
2456 5707 2606 5762 Unde
2637 5710 2763 5764 dicit
2794 5710 3078 5767 Psalmista
3109 5731 3121 5767 :
3159 5733 3179 5766 ι
3220 5713 3496 5772 JuCUndus
3530 5719 3689 5773 homo

2104 5796 2195 5865 qui
2225 5796 2512 5853 miseretur
2531 5806 2585 5855 et
2613 5805 2916 5859 commodat
2954 5801 3124 5876 (Ρσαι.
3154 5807 3300 5882 cxi),
3338 5828 3357 5863 ›
3401 5812 3690 5870 ostendens
