3994 6354
170 327 262 385 189
762 328 783 353 ⁸

1385 318 1689 378 ΗΟΜΙῌΑΞ
1730 319 1817 374 DE
1856 319 2203 375 TEMPORE.

3300 322 3404 381 I90

163 442 314 498 etiam
348 440 400 493 in
434 439 795 493 misericordia
810 438 1037 509 gratiam
1067 426 1352 509 quamdam
1376 430 1728 507 eleemosynre
1756 416 1802 496 Ᾱ
1832 428 2039 490 vicibus
2063 432 2236 490 solent
2264 453 2292 489 a
2324 432 2800 496 contubernalibus
2825 441 3089 506 exhiberi,
3131 450 3187 496 ut
3231 428 3404 496 nemi-

161 548 286 589 esse.

227 630 245 675 ἃ
283 612 361 678 ‘I'b
410 622 591 679 autem
629 624 751 678 cum
800 625 1072 690 oraveris,
1120 622 1263 678 intra
1316 622 1373 677 iii
1415 618 1725 677 cubiculum

164 737 179 768 ‹
209 718 374 781 tuum,
410 716 464 771 et
485 715 666 772 clauso
687 716 844 780 ostio,
875 728 970 771 ora
997 715 1212 771 Patrem
1240 710 1389 770 tuum
1420 713 1474 769 iii
1504 712 1729 767 abscon-

162 826 177 857 ‹
204 805 328 861 (lito.
358 808 379 858 ἱ
428 794 575 861 Dixit
612 804 869 861 Dominus
910 808 1156 877 superius
1186 819 1312 870 eos,
1364 803 1457 873 qui
1487 800 1724 858 eleemo-

154 913 329 969 synam
356 882 423 952 ad
448 894 685 953 sonitum
719 896 856 954 tuba:
898 897 1155 963 iacerent,
1202 892 1515 968 h‘Ypocrilas
1561 904 1681 951 esse
1707 934 1722 962 ,

154 997 201 1043 et
242 990 352 1055 eos,
382 988 477 1059 qui
508 990 815 1045 inordinate
835 989 1117 1061 jejunant,
1166 984 1477 1062 bypo’critas
1517 984 1723 1043 fuisse:

151 1091 199 1138 et
227 1094 340 1149 eos,
373 1078 469 1153 qui
512 1083 563 1137 in
594 1083 802 1154 angulis
839 1083 1140 1154 platearum
1185 1084 1343 1138 erant
1382 1093 1621 1148 orantes,
1666 1087 1726 1136 ut

150 1174 456 1231 viderentur
480 1177 546 1231 ab
572 1174 905 1243 "hominibus,
937 1174 1248 1249 hypocritas
1282 1177 1502 1232 omnino
1536 1176 1720 1232 fuisse.

151 1266 292 1323 Unde
338 1260 504 1321 datur
550 1267 774 1340 intelligi
822 1269 945 1338 quia
1016 1268 1324 1340 quicunque
1374 1260 1512 1324 bona
1557 1262 1720 1339 Opera

148 1357 299 1411 causa
344 1352 575 1411 humani
626 1356 827 1412 favoris
872 1360 1012 1430 agit,
1059 1359 1341 1430 hypocrita
1376 1364 1483 1414 est.
1526 1354 1723 1430 Anguli

145 1448 438 1518 platearum
472 1458 618 1513 sunt,
650 1449 935 1518 quadrivia
980 1459 1035 1503 et
1080 1450 1334 1519 compita.
1384 1449 1577 1520 Anguli
1607 1450 1725 1519 pla;

146 1550 341 1593 tearum
384 1547 525 1594 sunt
561 1539 651 1595 ubi
700 1544 800 1611 per
826 1540 1196 1595 transversum
1228 1540 1450 1595 alterius
1492 1541 1592 1595 viae
1629 1543 1725 1596 du-

145 1630 292 1695 citur,
318 1638 374 1685 Et
399 1630 747 1700 quadrivium
788 1631 980 1686 reddit.
1027 1630 1151 1686 [deo
1176 1630 1232 1684 in
1279 1631 1578 1702 quadriviis
1614 1640 1725 1687 sta-

142 1724 281 1789 bant,
310 1731 370 1776 ut
407 1726 475 1779 de
498 1726 823 1793 “quaeibtqtle
852 1728 1006 1794 parte
1036 1725 1315 1780 Venientes
1344 1725 1611 1791 homines,
1642 1726 1721 1781 vi-

1832 539 1953 580 nem
1994 527 2190 597 pudeat
2232 524 2519 585 inhoneste
2571 530 2774 602 aliQuid
2813 530 2991 588 dicere
3038 536 3131 587 aut
3180 530 3404 589 facere:

1827 619 1950 688 quia
1982 612 2051 674 ad
2072 616 2179 676 bo’c
2218 622 2653 686 cenveniunt,’ut
2692 623 2834 679 fmda
2882 618 2991 680 illic
3021 628 3297 694 gerantur,
3351 630 3407 681 et

1829 710 1983 781 copia
2014 708 2402 768 'vihi‘lncitelur
2427 712 2664 769 libidinis
2693 714 2903 770 diversa
2928 709 3192 787 veluptas.

1904 824 1921 856 ι
1954 792 2070 861 Sed
2098 808 2217 861 cuin
2250 800 2382 862 facis
2421 804 2754 873 'couvitviuin,
2801 808 2933 864 v‘oca
2975 822 3258 881 pauperes,
3314 804 3406 863 de—

1833 910 1850 949 t
1886 886 2042 966 biles,
2065 894 2289 956 claudos
2323 900 2376 956 e't
2398 904 2595 966 “Caecus,
2625 908 2679 954 et
2704 900 2900 956 'b'eatus
2930 903 3039 959 eris
3069 918 3083 958 :
3130 905 3254 973 quia
3296 914 3405 956 non

1832 1004 1851 1042 ι
1880 978 2093 1047 ‘habent
2119 992 2421 1048 retribuere
2468 986 2591 1047 tibi.
2620 980 2973 1048 Retribuetur
3019 990 3161 1049 enim
3208 992 3304 1049 tibi
3348 993 3406 1047 in

1833 1103 1851 1136 ‹
1884 1086 2285 1142 resurrectione
2318 1086 2608 1157 justorum.
2648 1086 2669 1137 ὅ
2714 1084 3188 1140 Resurrectioncn‘i
3234 1087 3409 1158 justo-

1828 1172 1946 1232 r'um
1983 1178 2134 1241 dicit,
2166 1180 2290 1249 quia
2320 1176 2421 1234 etsi
2446 1184 2637 1257 qmn'es
2665 1180 2972 1248 resurgent,
3014 1190 3199 1232 eorum
3220 1184 3406 1232 “tamen

1828 1266 2221 1322 no‘nimmerito
2252 1268 2404 1338 quasi
2431 1268 2647 1340 propria
2675 1266 3106 1338 eug‘nominatur,
3150 1268 3240 1337 qui
3270 1274 3325 1321 et
3353 1268 3406 1323 in

1828 1356 1929 1413 hac
1960 1372 2018 1412 se
2064 1359 2252 1414 beatos
2290 1375 2396 1415 non
2427 1360 2676 1415 dubitant
2709 1375 2827 1415 esse
2858 1359 3085 1416 futuros.
3136 1360 3274 1432 Ergo
3314 1361 3407 1431 qui

1824 1452 2088 1520 pauperes
2131 1459 2288 1505 vocat
2342 1452 2408 1506 ad
2446 1452 2776 1517 “convivium,
2827 1452 2882 1506 in
2928 1442 3113 1507 l'u‘turo
3145 1451 3410 1523 percipiet

1823 1544 2126 1614 praemium.
2162 1544 2263 1611 Qui
2290 1546 2516 1611 amicos,
2562 1543 2759 1599 fratres
2786 1548 2840 1599 et
2864 1538 3066 1599 ‘divi‘tes
3101 1549 3282 1608 vocat,
3316 1556 3406 1597 re-

1824 1635 1954 1707 cipit
1993 1636 2299 1692 mercedem
2345 1632 2663 1701 suam._Sed
2693 1634 2796 1691 etsi
2836 1636 2941 1691 hoc
2973 1642 3195 1707 propter
3236 1634 3408 1690 Deum

1824 1726 1977 1796 facit,
2008 1730 2062 1784 in
2100 1728 2405 1801 exemplum
2454 1728 2686 1785 lili'oru‘t'n
2722 1726 2846 1795 Job,
2870 1729 3012 1783 sicut
3057 1734 3254 1784 caetera
3293 1727 3408 1781 fra-

140 1817 321 1870 dcrent
340 1830 438 1871 eos
461 1816 806 1871 intendentes
824 1802 1078 1882 orationi,
1104 1826 1157 1871 et
1186 1817 1600 1888 'magniilca‘i'ent
1624 1832 1718 1873 eos
1748 1810 1794 1870 B
1825 1824 1992 1879 terna;
2014 1823 2321 1879 dilectionis
2349 1818 2523 1879 ofﬁcia
2546 1864 2559 1889 ,
2592 1823 2708 1895 ipse
2735 1823 2826 1893 qui
2865 1822 3030 1894 jussit
3073 1829 3404 1877 remunerat.

139 1906 280 1979 (μιδεί
310 1906 405 1966 Dei
434 1910 640 1965 amicos
668 1917 725 1966 et
747 1910 1124 1966 observatores
1162 1908 1317 1982 legis.
1351 1929 1369 1962 ε
1404 1909 1575 1966 Amen
1598 1911 1719 1966 dico

140 2003 302 2071 vobis,
337 2008 667 2076 receperunt
691 2006 996 2061 mercedem
1024 2000 1201 2072 suam,
1234 2025 1253 2058 ι
1291 2000 1344 2060 id
1372 2008 1470 2070 eSt,
1504 2006 1718 2061 laudem

135 2094 445 2149 humanam.
490 2094 727 2152 Laudem
770 2098 915 2152 enim
951 2096 1268 2163 humanam,
1307 2112 1467 2166 quam
1515 2097 1721 2167 appeti-

136 2192 325 2241 vcrtmt
359 2188 429 2241 ab
454 2188 785 2256 hominibus,
820 2192 926 2259 pro
970 2190 1219 2245 mercede
1262 2190 1540 2245 consecuti
1568 2198 1715 2244 sunt.

138 2299 151 2328 ι
185 2277 261 2332 Tu
287 2284 473 2333 autem
506 2281 630 2335 cum
672 2282 935 2336 oraveris.
977 2301 994 2333 ι
1044 2280 1285 2336 Instituit
1331 2280 1592 2336 Dominus
1624 2284 1719 2337 bo-

133 2356 254 2426 num
288 2373 597 2438 athletam;
636 2388 700 2428 ac
742 2374 787 2428 si
828 2374 1035 2428 diceret
1071 2388 1084 2426 :
1136 2372 1215 2427 Tu
1255 2374 1348 2442 qui
1387 2387 1550 2427 causa
1598 2373 1721 2428 vita:

132 2473 350 2519 aeternae
381 2480 525 2529 oras,
558 2484 577 2516 1
611 2465 753 2520 intra
780 2465 836 2519 in
863 2464 1170 2520 cubiculum
1196 2473 1368 2530 tuum,
1400 2483 1420 2515 ι
1453 2464 1507 2518 id
1532 2474 1635 2529 est,
1667 2464 1719 2518 in

134 2554 403 2609 secretum
434 2556 615 2609 cordis
646 2555 740 2608 tui.
781 2574 799 2605 ι
844 2554 913 2609 Et
948 2555 1133 2610 clauso
1174 2555 1314 2609 ostio
1344 2573 1362 2607 ι
1407 2555 1537 2618 oris,
1573 2573 1589 2605 ι
1626 2567 1723 2609 ora

138 2645 350 2699 Patrem
385 2648 560 2698 tilum.
604 2665 622 2695 ι
650 2645 765 2699 Non
805 2648 857 2699 in
890 2644 1125 2700 clamosa
1167 2660 1317 2712 voce,
1358 2646 1453 2699 sed
1492 2646 1546 2699 in
1592 2660 1721 2699 con—

140 2737 349 2791 tritione
375 2733 626 2806 spiritus,
654 2735 794 2790 sicut
843 2735 1077 2789 faciebat
1099 2735 1254 2789 Anna
1282 2738 1459 2789 mater
1488 2734 1717 2790 Samue—

104 2828 197 2883 'lis
247 2827 301 2901 (Ι
347 2826 475 2899 Reg.
515 2825 580 2899 i),
610 2832 730 2898 qua:
750 2827 960 2882 orando
1000 2826 1375 2882 tantummodo
1417 2826 1557 2882 labia
1604 2838 1720 2882 Ino-

141 2921 311 2987 veba’t,
340 2923 433 2977 sed
463 2922 679 2992 penitus
730 2908 872 2976 nulla
908 2922 1013 2976 Vox
1049 2922 1192 2976 illius
1221 2916 1564 2976 audiebatur.
1622 2920 1717 2977 Vel

147 3035 162 3068 ι
192 3002 376 3072 clauso
397 3017 533 3071 o‘stio
569 3037 587 3068 ι
618 3016 818 3083 ‘c’ordis,
844 3024 1033 3071 contra
1063 3013 1234 3070 malas
1264 3014 1634 3087 cogitationes,
1660 3023 1719 3068 ut

142 3123 261 3163 cum
308 3110 548 3164 oraveris
570 3149 586 3175 ,
622 3124 689 3163 ne
728 3107 883 3163 mala:
917 3107 1272 3179 cogitationes
1323 3106 1560 3162 habeant
1597 3108 1715 3163 adi-

145 3210 253 3257 tum
283 3212 339 3258 et
358 3198 631 3258 introitum
661 3203 715 3257 in
744 3202 906 3257 corde
939 3211 1049 3259 tuo.
1090 3200 1189 3258 Vel
1220 3221 1237 3253 ι
1277 3202 1462 3258 clauso
1490 3203 1651 3270 ostio,
1695 3220 1713 3253 ι
1747 3179 1794 3246 C

147 3295 199 3350 id
216 3303 323 3362 est,
350 3310 596 3350 sensuum
626 3298 956 3350 nostrorum.

656 3394 939 3487 'noutLtA
992 3428 1200 3485 xxvn.

582 3559 813 3601 SAIBATO
855 3560 983 3600 POST
1023 3558 1276 3600 CINERUM.

216 3650 366 3730 (Luc.
396 3658 528 3729 xxv.)
560 3676 578 3710 ι
612 3654 671 3713 In
703 3656 794 3714 illo
839 3668 1103 3730 tempore,
1139 3656 1353 3715 dicebat
1400 3654 1560 3712 Jesus
1606 3670 1721 3711 cur—

156 3769 169 3800 ι
204 3751 320 3804 dam
343 3744 572 3821 principi
602 3742 1001 3808 Pharisaeorum
1024 3756 1043 3806 ':
1082 3752 1217 3808 Cum
1254 3751 1394 3808 facis
1433 3750 1719 3822 prandium

158 3863 172 3892 ι
203 3854 289 3897 aut
318 3858 553 3909 ccenam,
588 3845 696 3899 noli
722 3859 918 3900 vocare
961 3844 1163 3900 amicos
1206 3854 1348 3909 tuos,
1388 3856 1562 3915 neque
1611 3840 1721 3897 fra-

167 3943 301 3989 ttres
337 3944 476 3998 tuos,
526 3949 701 4006 neque
732 3944 1010 4007 cognatos,
1058 3948 1233 4004 neque
1271 3935 1504 3999 vicinos,
1545 3947 1723 4003 neque

165 4043 177 4073 α
208 4026 417 4092 divites,
449 4043 467 4077 δ
497 4034 553 4081 et
576 4027 806 4096 reliqua.
825 4022 1069 4092 Fratres,
1096 4027 1319 4091 amicus,
1345 4035 1400 4080 et
1424 4026 1617 4080 divites
1646 4024 1722 4078 al-

160 4122 406 4172 terutrum
423 4119 668 4174 convivia
687 4119 982 4183 celebrare,
1002 4135 1107 4175 non
1131 4119 1283 4189 quasi
1302 4118 1477 4173 scelus
1491 4116 1721 4171 interdi-

158 4209 241 4275 cit,
264 4212 353 4266 sed
393 4211 537 4267 sicut
570 4221 763 4268 caetera
798 4212 1147 4268 necessitatis
1172 4213 1420 4267 humanae
1450 4224 1721 4266 commer-

158 4299 267 4367 cia,
312 4304 402 4358 ubi
448 4313 763 4374 peccatores
805 4304 1181 4373 peccatoribus
1238 4303 1580 4358 fwnerantur
1606 4342 1620 4367 ,
1660 4300 1725 4355 'ut

159 4395 406 4465 recipiant
457 4396 715 4467 aequalia,
756 4394 822 4450 ad
881 4396 1246 4467 'promerenda
1302 4396 1428 4449 vitae
1486 4393 1725 4450 ccelestis

157 4491 359 4558 praemia
419 4486 495 4543 nil
541 4489 723 4544 valere
775 4489 1035 4544 ostendit.
1089 4488 1333 4560 Denique
1388 4488 1664 4559 subiungit
1707 4502 1721 4541 :

164 4598 181 4630 ι
215 4579 283 4635 Ne
309 4579 446 4637 forte
475 4589 530 4637 et
574 4582 676 4652 ipsi
714 4590 764 4637 le
792 4581 1104 4645 reinvitent,
1140 4591 1197 4635 et
1234 4580 1331 4635 ﬂat
1371 4580 1498 4645 tibi,
1529 4579 1722 4649 innuit,
1754 4560 1806 4619 Β

164 4690 181 4721 ι
215 4672 510 4729 retributio.
551 4693 569 4726 ι
599 4670 715 4728 Νοη
740 4673 838 4739 ait,
885 4681 940 4728 et
981 4673 1076 4728 liat
1103 4680 1407 4743 peccatum,
1453 4672 1547 4727 sed
1604 4690 1622 4722 ι
1670 4680 1727 4726 et

161 4764 259 4832 ﬁat,
290 4767 485 4838 inquit,
536 4767 843 4821 retributio.
883 4786 903 4818 ι
935 4765 1033 4820 Cui
1071 4765 1246 4821 simile
1285 4766 1367 4820 est
1402 4765 1552 4835 quod
1598 4764 1724 4819 alibi

162 4861 317 4915 dicit:
355 4881 374 4913 ί
412 4854 483 4915 Et
526 4860 571 4916 si
598 4861 736 4916 bene
780 4859 1020 4916 feceritis
1050 4856 1143 4916 'his
1181 4860 1272 4930 qui
1312 4861 1465 4917 vobis
1502 4858 1725 4915 benefa-

164 4951 314 5017 ciunt,
345 4968 468 5022 qua:
490 4951 643 5007 vobis
668 4963 749 5007 est
786 4951 998 5023 gratia?
1027 4952 1293 5022 siquidem
1327 4960 1382 5006 ct
1409 4962 1725 5023 peccatores

164 5040 255 5096 boc
278 5041 485 5098 faciunt
530 5044 679 5114 (Luc.
713 5042 809 5114 vt).
844 5063 861 5094 ι
896 5043 1157 5110 Quamvis
1185 5034 1293 5097 aint
1332 5044 1577 5113 qumdam
1610 5058 1725 5096 mu-

168 5142 245 5188 tua
270 5135 522 5201 fratrum,
549 5137 866 5202 amicorum,
911 5146 1284 5207 cognatorum,
1314 5135 1729 5204 vicinorumque

166 5228 373 5284 divitum
401 5229 666 5293 convivia,
696 5244 815 5299 quze
850 5243 954 5283 non
984 5228 1156 5283 solum
1203 5228 1255 5282 in
1283 5226 1539 5298 praesenti
1572 5226 1731 5280 retri-

164 5321 449 5391 butionem,
482 5327 574 5381 sed
598 5335 653 5381 et
681 5325 1079 5379 damnationem
1096 5324 1406 5394 percipiant
1436 5323 1488 5377 in
1523 5320 1726 5375 “ituro.

167 5417 393 5491 Denique
422 5421 488 5476 ab
516 5420 773 5491 Apostolo
801 5420 939 5473 inter
978 5430 1140 5487 opera
1175 5419 1519 5472 tenebrarum
1560 5414 1731 5468 adnu-

170 5525 475 5571 merantur:
513 5533 532 5567 ι
579 5513 732 5570 Sicut
761 5514 812 5568 in
845 5512 953 5576 die,
1004 5512 1198 5581 inquit,
1230 5513 1457 5566 honeste
1493 5498 1739 5564 ambulec‘

170 5620 300 5670 mus,
331 5622 435 5661 non
466 5605 520 5660 in
551 5603 1038 5661 comessationibus
1079 5612 1134 5658 et
1161 5602 1514 5658 ebrietatibus
1555 5598 1730 5674 (Rom.

174 5700 303 5771 xui).
339 5720 358 5753 ι
389 5700 824 5756 Comessationes
854 5699 1052 5770 quippe
1086 5705 1213 5752 sunt
1242 5696 1517 5751 luxuriosa
1547 5695 1734 5750 convi-

177 5779 278 5857 via,
326 5809 446 5865 quae
493 5804 587 5851 aut
619 5794 906 5851 collatione
948 5791 1188 5848 omnium
1227 5788 1609 5856 celebrantur,
1640 5788 1735 5844 au't

1821 1910 1921 1983 Qui
1953 1916 2168 1987 gulosos
2196 1931 2260 1970 ac
2288 1914 2592 1970 luxuriosos
2610 1918 2833 1985 propter
2862 1912 3141 1969 lasciviam
3193 1912 3408 1979 invitat,

1819 2004 1978 2077 puella
2004 2007 2058 2060 in
2094 2005 2276 2061 futuro
2296 2005 2564 2077 plectetur
2586 2006 2809 2060 atterna.

1890 2094 1913 2147 ἰ
1954 2094 2082 2152 Haec
2107 2112 2230 2151 cum
2257 2097 2496 2152 audisset
2521 2096 2741 2167 quidatu
2767 2090 2833 2151 de
2870 2094 3033 2151 simul
3062 2086 3407 2151 discumben-

1826 2212 1842 2241 ι
1872 2182 2047 2256 ἰῖὺυ’δ,
2084 2190 2223 2245 dixit
2250 2190 2298 2245 ei
2334 2209 2346 2244 :
2385 2189 2583 2245 Beatus
2612 2190 2706 2260 qui
2737 2186 3086 2244 mandueabit
3114 2196 3309 2258 panem
3353 2188 3409 2242 in

1828 2302 1844 2333 ι
1878 2300 2042 2354 regno
2069 2272 2186 2337 Dei.
2228 2303 2246 2334 ι
2282 2278 2448 2338 Panis
2469 2282 2560 2352 qui
2607 2278 2963 2336 ntanducatur
2988 2281 3042 2335 in
3080 2286 3250 2351 regno
3292 2278 3407 2345 Dei,

1806 2372 1929 2435 .noii
1982 2373 2139 2444 juxta
2170 2370 2520 2440 Cerinthmn,
2570 2373 2869 2442 corporalis
2892 2370 3282 2442 intelligendus
3329 2368 3414 2424 est

1823 2468 1997 2535 cibus,
2030 2468 2124 2523 sed
2146 2467 2235 2523 ille
2255 2468 2464 2537 utique,
2491 2466 2583 2536 qui
2613 2467 2690 2519 ait
2722 2483 2734 2518 :
2774 2484 2792 2516 ί
2842 2464 2958 2535 Ego
2985 2468 3103 2518 Sum
3138 2463 3301 2532 panis
3327 2463 3410 2516 vi-

1824 2575 1942 2625 vus,
1975 2560 2067 2630 qui
2093 2562 2159 2615 de
2188 2558 2333 2614 'coelo
2356 2557 2631 2612 descendi.
2664 2555 2721 2610 Si
2755 2555 2876 2625 quis
2904 2548 3318 2609 ‘manducaverit
3345 2565 3409 2605 ex

1823 2653 1927 2706 huc
1958 2654 2116 2720 pane,
2148 2651 2291 2705 vivet
2323 2650 2376 2703 in
2422 2649 2683 2703 aeternum
2729 2644 2911 2717 (Joan.
2947 2644 3045 2717 VI).
3084 2663 3103 2695 ›
3139 2642 3195 2697 Id
3231 2651 3335 2708 est,
3366 2640 3411 2695 si

1822 2738 1945 2811 quis
1972 2755 2104 2795 mea:
2134 2739 2526 2794 incarnationis
2577 2740 2921 2792 sacramento
2963 2734 3202 2805 perfecte
3234 2733 3413 2787 incor-

1822 2838 2067 2907 poralus,
2095 2850 2226 2889 mete
2250 2834 2449 2889 divina:
2471 2832 2776 2902 majestatis
2820 2828 3027 2885 visione
3066 2829 3171 2884 frui
3201 2840 3415 2883 merue-

1822 2928 1917 2991 rit,
1976 2928 2065 2982 hic
2111 2934 2372 2997 perpetua
2430 2926 2552 2980 vitae
2610 2920 3039 2979 immortalitatis
3081 2918 3415 2977 beatitudine

1822 3021 2095 3093 gaudebit.
2147 3014 2255 3075 Sed
2283 3020 2411 3090 quia
2460 3018 2705 3073 nonnulli
2738 3018 2882 3073 hunc
2908 3018 3105 3086 panem
3148 3014 3413 3069 iidetenus

1823 3119 1980 3189 quasi
2014 3117 2290 3172 adorando
2336 3115 2667 3186 percipiunt,
2704 3113 3045 3169 dulcedinem
3094 3110 3212 3183 ejus
3257 3109 3417 3164 attin-

1825 3206 1953 3283 gere
1976 3211 2247 3267 veraciter
2277 3208 2542 3282 gustando
2576 3207 2884 3264 fastidiunt.

2338 3342 2619 3399 HOMILIA
2661 3341 2896 3398 XXVIII.
2918 3394 2921 3397 .

2110 3470 2366 3513 DOIINICA
2406 3469 2568 3510 PRIMA
2609 3470 2661 3509 IN
2699 3464 3127 3517 QUADBAGESIIA.

1897 3560 2138 3644 (liln'ru.
2171 3569 2270 3640 ιν.)
2304 3587 2322 3619 ι
2352 3567 2408 3622 In
2438 3566 2529 3622 illo
2556 3575 2822 3637 tempore,
2848 3564 3038 3620 ductus
3072 3571 3153 3620 est
3179 3556 3336 3619 Iesus
3359 3562 3412 3618 in

1830 3681 1849 3715 ι
1889 3663 2163 3717 desertum
2203 3672 2234 3714 a
2262 3657 2488 3729 Spiritu,
2542 3658 2606 3712 u‘t
2654 3665 2960 3712 tentaretur
2991 3669 3021 3711 a
3068 3654 3301 3710 diabolo.
3345 3653 3413 3709 Et

1832 3778 1852 3811 ι
1882 3762 2005 3815 cum
2029 3754 2335 3827 jejunasset
2380 3753 2737 3835 quadraginta
2781 3740 2919 3816 dies,
2948 3769 2964 3801 ι
3006 3750 3060 3804 e‘t
3094 3748 3320 3818 reliqua.
3348 3744 3412 3802 π.

1824 3850 1985 3923 hujus
2019 3849 2265 3907 lectionis
2295 3849 2437 3903 serie
2467 3848 2752 3917 utramQue
2790 3842 2945 3902 "suam
2979 3854 3254 3909 naturam,
3276 3843 3383 3899 divi

1824 3946 1948 4000 nam
1977 3943 2182 3999 scilicet
2206 3948 2261 3996 et
2285 3938 2602 4004 humanam,
2639 3938 2794 3994 nobis
2820 3937 3078 3992 Dominus
3098 3934 3413 3990 manifesta-

1826 4030 1884 4093 re
1913 4028 2165 4108 dignatus
2194 4042 2295 4090 est.
2336 4028 2490 4101 Quod
2542 4031 2685 4085 enim
2726 4029 3093 4101 quadraginta
3137 4026 3324 4083 diebus
3359 4035 3414 4083 et

1824 4128 2177 4201 quadraginta
2208 4125 2458 4184 noctibus
2491 4120 2775 4196 jejunavit,
2826 4121 3118 4177 declaratio
3155 4129 3237 4175 est
3276 4120 3411 4178 divi-

1825 4226 1907 4276 nae
1934 4220 2220 4292 potestatis
2247 4238 2259 4274 :
2288 4212 2431 4290 quod
2460 4228 2614 4281 vero,
2639 4214 3031 4270 consmnmati's
3062 4212 3188 4279 illis,
3216 4211 3413 4267 e’suriit

1825 4304 1884 4364 u‘t
1911 4306 2094 4374 homo,
2126 4298 2280 4379 quasi
2322 4308 2484 4362 homo
2524 4321 2555 4360 a
2595 4303 2807 4361 diabolo
2852 4310 3088 4358 tentatus
3131 4310 3215 4358 est
3250 4319 3262 4356 :
3320 4300 3414 4355 sed

1827 4402 1980 4474 quasi
2014 4390 2164 4457 Deus
2210 4400 2538 4456 tenta’tiones
2560 4394 2767 4453 'diaboli
2803 4397 3099 4466 superavit.
3153 4392 3259 4450 Sed
3294 4392 3411 4447 for-

1828 4496 1976 4551 tasse
2004 4492 2189 4548 minus
2214 4492 2576 4564 intelli’gentes
2625 4491 2878 4561 ignorant
2906 4500 2939 4542 a
2985 4500 3090 4557 quo
3121 4485 3312 4554 spiritu
3345 4481 3416 4536 sit

1831 4586 1989 4646 Jesus
2032 4588 2225 4643 ductus
2269 4586 2324 4640 in
2375 4587 2677 4648 desertum,
2734 4586 2956 4651 pr0pte'r
3008 4576 3135 4630 illud
3181 4574 3414 4628 maxime

1834 4681 1975 4755 quod
2003 4678 2287 4735 subditur:
2328 4695 2345 4727 ε
2381 4672 2688 4743 Assumpsit
2725 4684 2846 4724 eum
2896 4664 3140 4721 diabolus
3191 4666 3243 4719 in
3291 4680 3415 4719 san-

1839 4792 1858 4824 α
1893 4774 2034 4828 ctam
2058 4766 2353 4830 civitatem,
2404 4784 2422 4816 ›
2464 4762 2630 4819 ve’l'iu
2676 4758 2913 4814 mo‘bte‘ih
2964 4758 3257 4814 cx‘cvl’stJm.
3308 4756 3414 4813 Sed

1834 4865 1978 4936 quod
2009 4874 2135 4915 vere
2160 4860 2225 4914 'et
2251 4857 2457 4926 a‘bsque
2479 4854 2587 4909 ulla
2616 4850 2969 4922 ambiguitate
2992 4862 3020 4905 a
3047 4848 3257 4921 Spiritu
3289 4864 3416 4906 san—

1833 4965 1922 5011 cto
1946 4954 1999 5007 in
2023 4952 2299 5007 desertum
2323 4951 2515 5005 ductus
2540 4938 2951 5009 esse‘credathr,
2982 4944 3139 5000 facile
3171 4944 3414 5014 agnosci-

1835 5055 1942 5112 tur,
1966 5047 2008 5100 si
2041 5043 2200 5114 hujus
2221 5041 2484 5114 cvangelii
2534 5039 2812 5110 superiura
2840 5042 3133 5109 parumper
3165 5037 3414 5092 attenda-

1833 5152 1972 5194 mus.
2002 5137 2092 5191 Ait
2123 5136 2267 5191 enim
2288 5131 2636 5203 Evangelista
2659 5122 2875 5203 (Halm.
2898 5126 2992 5202 'm)
3031 5148 3042 5183 :
3081 5148 3099 5180 ι
3134 5127 3299 5184 Venit
3323 5126 3413 5181 Je-

1833 5242 1976 5286 su‘sa
2013 5228 2231 5283 Galilrea
2261 5228 2313 5281 in
2346 5224 2636 5280 Jordanem
2696 5224 2763 5277 ad
2813 5220 3097 5287 Joannem,
3143 5230 3200 5275 ut
3242 5221 3415 5289 baptio

1835 5332 2051 5379 zaretur
2072 5322 2138 5375 ab
2159 5336 2243 5376 eo.
2277 5339 2294 5369 ι
2325 5312 2629 5388 Baptizatus
2656 5314 3154 5382 autem,‘confcstim
3177 5313 3416 5368 ascendit

1835 5415 1901 5471 de
1938 5418 2097 5486 aqua.
2118 5408 2187 5466 Et
2214 5424 2340 5466 ecce
2375 5410 2545 5479 aperti
2573 5417 2698 5465 sunt
2725 5407 2772 5462 ei
2810 5407 2956 5473 cceli,
2988 5415 3042 5463 et
3071 5406 3202 5461 vidit
3246 5404 3416 5473 Spiri-

1838 5517 1948 5563 tum
1976 5504 2069 5561 Dei
2096 5505 2508 5561 descendentem
2530 5503 2670 5557 sicut
2688 5500 3015 5565 columbam,
3041 5508 3092 5554 et
3115 5497 3413 5552 venientem

1836 5614 1997 5671 super
2026 5611 2102 5653 se.
2122 5596 2329 5651 Etecce
2343 5604 2445 5651 vox
2472 5595 2538 5651 de
2551 5594 2702 5650 caelis
2729 5594 2916 5649 dicens
2942 5608 2997 5647 επ
3022 5592 3118 5646 Hic
3147 5598 3229 5642 est
3250 5585 3416 5639 Filius

1836 5704 1991 5744 meus
2036 5686 2264 5742 dilectus
2305 5686 2361 5741 in
2406 5700 2513 5756 quo
2536 5686 2670 5740 mihi
2703 5684 3021 5754 complacui.
3059 5702 3077 5733 ι
3115 5677 3416 5746 Statimque

1846 5782 2086 5855 adiunxit
2123 5799 2136 5835 :
2170 5800 2189 5833 ι
2231 5778 2383 5837 Tunc
2424 5779 2582 5836 Jesus
2627 5778 2820 5835 ductus
2856 5784 2940 5832 est
2979 5777 3031 5830 in
3069 5774 3338 5829 desertum
3384 5788 3415 5832 tt
