3994 6354
205 425 228 476 l
240 423 324 481 95

1459 430 1762 488 1105111..ιῶ
1803 429 1894 486 DE
1931 429 2277 487 TEMPORE.

3400 427 3504 484 194

198 538 436 595 Eliam.
481 541 720 608 Quorum
768 541 906 599 alter
948 543 1222 615 legislator
1259 543 1392 610 fuit,
1423 545 1558 600 alter
1584 545 1814 601 eximius
1841 549 1893 608 Α
1919 545 2022 599 etis
2047 559 2176 616 ergo
2215 560 2312 600 sex
2347 544 2535 600 diebus
2560 545 2652 616 qui
2683 545 2738 600 in
2767 543 3061 602 Dominicis
3097 543 3370 608 eveniunt,
3397 559 3508 601 non

199 631 648 700 prophetarum.
676 633 780 689 Per
807 633 1023 706 Moysen
1048 649 1176 707 ergo
1215 635 1303 690 lex
1321 675 1336 702 ,
1368 650 1465 705 per
1492 635 1664 690 Eliam
1691 651 1817 706 pro-

198 721 420 790 phetia
454 722 809 795 signiﬁcatur.
836 724 907 780 Ut
929 739 1058 796 ergo
1079 727 1386 782 ostenderet
1409 727 1692 794 Dominus,
1709 742 1816 782 non

199 809 372 867 aliud
412 812 475 868 in
505 813 794 886 Evangelio
818 829 876 871 se
900 830 1020 871 esse
1063 817 1367 884 docturum,
1409 817 1512 872 nisi
1551 817 1693 887 quod
1730 817 1816 873 lex

198 909 262 955 et
319 903 620 974 propheta:
676 905 743 959 de
791 921 856 960 eo
900 908 1419 977 pronuntiaverunt,
1464 908 1817 979 quadraginta

198 991 424 1049 diebus
471 1002 526 1049 et
557 995 804 1052 noctibus
829 995 1080 1068 jejunare
1123 999 1312 1055 voluit.
1364 999 1627 1068 Quoniam
1679 1001 1818 1055 sicut

198 1081 329 1152 ipse
366 1083 460 1140 ait
487 1085 542 1140 in
569 1085 890 1159 Evangelio,
930 1103 1038 1144 non
1059 1097 1284 1145 venerat
1301 1089 1475 1160 legem
1501 1091 1817 1160 prephetas-

197 1190 317 1245 que
373 1177 620 1245 solvere,
651 1179 746 1235 sed
776 1179 1070 1252 adimplere
1097 1179 1313 1252 (Matth.
1357 1181 1434 1254 ν).
1476 1180 1629 1237 Unde
1655 1181 1812 1247 bene,

198 1283 341 1322 cum
391 1269 816 1340 transﬁguratus
844 1280 988 1328 esset
1021 1273 1076 1328 in
1112 1283 1318 1340 monte,
1349 1272 1559 1345 Moyses
1587 1281 1641 1328 et
1668 1271 1814 1328 Elias

197 1377 341 1416 cum
373 1378 454 1420 eo
482 1364 584 1420 visi
609 1379 730 1421 esse
753 1365 1023 1438 leguntur,
1046 1367 1404 1437 praedicantes
1433 1365 1669 1437 ejusdem
1691 1382 1814 1436 pas-

197 1453 391 1509 sionis
425 1469 710 1511 excessum
745 1456 799 1511 in
841 1454 1158 1514 Jerusalem.
1191 1459 1290 1514 Vel
1332 1469 1498 1525 certe,
1537 1475 1657 1514 cuin
1676 1457 1815 1528 jeju-

197 1546 399 1611 navit,
436 1548 649 1603 cunctis
690 1549 878 1603 diebus
905 1550 1028 1604 vitae
1055 1551 1336 1620 pmsentis
1369 1551 1570 1607 electos
1595 1551 1648 1605 in
1681 1550 1811 1606 allli-

196 1634 403 1691 ctione
459 1636 668 1693 futuros
715 1653 834 1694 esse
881 1640 1131 1695 ostendit.
1183 1641 1282 1696 Est
1325 1651 1378 1697 et
1422 1642 1565 1698 aliud
1612 1643 1664 1697 in
1709 1643 1813 1699 hoc

197 1725 660 1797 quadragenario
701 1745 964 1795 numero,
1008 1731 1150 1800 quod
1187 1734 1534 1789 considerare
1575 1743 1807 1805 Oportet.

198 1815 498 1875 Numerus
516 1822 660 1876 enim
683 1822 784 1878 iste
805 1825 871 1879 ab
892 1840 1000 1880 uno
1023 1825 1228 1896 incipit,
1251 1826 1346 1881 sed
1368 1829 1660 1884 crescendo
1679 1828 1812 1884 mul-

1919 635 2147 706 amplius
2169 652 2329 706 quam
2360 634 2585 706 triginta
2628 651 2722 691 sex
2753 637 2806 691 in
2830 635 3154 692 abstinentia
3199 643 3504 690 remanent-

1917 725 2052 783 Cum
2091 736 2270 783 autem
2322 727 2450 782 anni
2491 727 2725 784 circulus
2768 743 2866 799 per
2915 737 3186 785 trecentos
3225 727 3507 798 sexaginta

1918 820 2152 888 quinque
2195 819 2308 874 dies
2351 817 2622 885 volvitur,
2669 818 2906 888 si'zrecte
2948 820 3369 883 consideremus,
3405 817 3508 874 hoc

1919 919 2128 979 tempus
2177 911 2602 981 quadragesima
2623 950 2636 975 ,
2687 909 2976 965 decimatio
3003 918 3087 966 est
3129 911 3253 965 vitae
3280 915 3500 966 nostrae.

1917 999 2147 1070 Dignum
2184 1009 2268 1056 est
2295 1002 2461 1067 enim,
2511 1010 2570 1055 ut
2609 1000 2702 1071 qui
2747 1014 2844 1071 per
2888 1009 3058 1056 totum
3105 1016 3307 1055 annum
3349 999 3507 1055 nobis

1916 1090 2170 1157 viximus,
2203 1092 2392 1147 saltem
2423 1092 2542 1148 istis
2574 1092 2760 1147 diebus
2793 1091 2963 1146 sacris
2986 1092 3096 1146 Deo
3121 1092 3365 1146 vivamus
3395 1108 3408 1145 :
3442 1100 3505 1146 ut

1915 1194 2023 1234 non
2066 1179 2239 1235 solum
2285 1181 2352 1235 de
2385 1181 2586 1235 nostris
2615 1181 2776 1235 rebus
2791 1187 2813 1246 ',
2862 1178 2956 1235 sed
3001 1179 3166 1234 etiam
3207 1179 3274 1235 de
3303 1179 3504 1236 nostris

1915 1271 2234 1341 corporibus
2262 1270 2373 1326 Deo
2401 1272 2637 1327 decimas
2663 1272 2869 1326 demus.
2914 1269 2983 1324 Et
3015 1269 3252 1325 abundet
3287 1269 3503 1338 justitia

1916 1369 2125 1426 nostra,
2150 1360 2194 1415 si
2215 1360 2463 1417 volumus
2483 1362 2688 1417 intrare
2711 1361 2766 1416 in
2788 1375 3012 1428 regnum
3033 1358 3314 1426 caelorum,
3339 1376 3502 1432 super

1914 1451 2213 1506 scribarum
2245 1460 2314 1506 et,
2334 1451 2731 1508 Pharisaeorum
2763 1470 2776 1506 :
2807 1460 2865 1507 ut
2889 1467 3014 1508 cum
3039 1450 3116 1506 illi
3142 1451 3336 1507 darent
3355 1453 3503 1508 deci-

1914 1556 2032 1596 mas
2053 1557 2235 1597 rerum
2251 1583 2266 1606 ,
2296 1558 2394 1598 nos
2413 1541 2603 1598 demus
2629 1542 2866 1599 decimas
2890 1543 3120 1599 dierum.
3150 1541 3210 1596 In
3231 1542 3504 1598 abstinen—

1914 1634 1988 1687 tia
2029 1635 2292 1704 prompti,
2339 1637 2393 1690 in
2440 1636 2774 1691 orationibus
2803 1636 3022 1699 assidui,
3059 1635 3114 1689 in
3149 1634 3503 1706 eleemosynis

1911 1721 2078 1795 largi:
2103 1741 2437 1782 maceremus
2457 1741 2676 1781 carnem
2706 1734 2947 1781 nostram
2973 1741 3069 1797 per
3098 1726 3498 1790 abstinentiam,

1914 1827 2148 1870 mentem
2180 1832 2278 1888 per
2304 1819 2803 1889 compunctionem,
2833 1828 2893 1873 ut
2924 1819 3244 1889 (secundum
3272 1819 3502 1889 Aposto-

199 1907 523 1977 tiplicatur,
552 1912 626 1966 ita
657 1921 716 1968 ut
741 1913 786 1968 si
808 1915 875 1969 ad
904 1931 1065 1969 unum
1096 1916 1266 1971 addas
1287 1918 1420 1972 duos
1441 1959 1456 1984 ,
1491 1917 1627 1972 ﬁunt
1653 1926 1761 1974 tres
1791 1938 1806 1974 :
1839 1905 1885 1966 Β
1913 1903 2045 1976 lum)
2076 1908 2428 1964 exmbeanms
2471 1925 2696 1980 corpora
2731 1918 2917 1965 “05"3
2958 1910 3193 1965 hosuam
3230 1910 3500 1965 νίνθηίθω

197 2000 355 2056 adde
382 2011 516 2068 tres,
551 2003 687 2060 ﬁunt
713 2021 807 2062 sex
832 2024 844 2060 :
872 2007 1008 2062 adde
1038 2016 1288 2078 quatuor,
1313 2008 1449 2064 ﬁunt
1470 2009 1676 2066 decem.
1693 2012 1808 2068 Sic-

157 2099 160 2102 ‘
199 2100 261 2141 ut
320 2107 464 2163 ergo
501 2109 667 2149 unum
690 2136 705 2161 ,
735 2097 864 2163 duo,
890 2107 1022 2163 tres,
1048 2107 1103 2153 et
1124 2107 1372 2169 quatuor,
1402 2102 1586 2157 decem
1626 2102 1760 2159 ﬁunt
1788 2122 1801 2158 :

195 2180 276 2236 ita
310 2199 516 2252 unum,
544 2188 648 2243 duo
666 2228 682 2254 ,
713 2197 855 2255 tres,
893 2199 946 2244 et
977 2199 1230 2261 quatuor,
1258 2203 1452 2264 quater
1480 2195 1650 2263 ducti,
1675 2213 1805 2267 qua-

192 2275 473 2346 draginta
533 2281 781 2336 ﬁunt.‘Et
830 2283 1083 2340 denarius
1133 2288 1351 2356 quidem
1417 2305 1675 2345 numerus
1737 2293 1806 2347 ad

189 2368 392 2424 Vetus
434 2372 671 2439 pertinet
713 2374 1154 2444 Testamentum,
1213 2389 1432 2450 propter
1489 2383 1802 2455 decalogum

191 2455 347 2526 legis
390 2474 403 2510 :
449 2461 910 2534 quadragenarius
956 2481 1123 2534 vero,
1167 2469 1236 2522 ad
1288 2471 1519 2543 gratiam
1573 2475 1805 2543 pertinet

193 2545 342 2600 Novi
405 2547 738 2608 Testamenti
767 2595 782 2620 ,
838 2557 963 2624 quia
1010 2567 1242 2628 quatuor
1295 2542 1422 2615 sunt
1467 2542 1592 2618 libri
1632 2568 1802 2621 sancti

198 2635 511 2708 Evangelii.
535 2639 680 2695 Idem
710 2651 892 2698 autem
927 2662 1183 2702 numerus
1216 2651 1499 2718 prtesentis
1524 2653 1648 2708 vita:
1675 2669 1801 2709 cur-

199 2744 326 2781 sum
359 2730 649 2800 signiﬁcat,
677 2734 802 2803 quia
827 2737 1058 2792 mundus
1087 2739 1140 2792 in
1182 2750 1412 2809 quatuor
1437 2744 1644 2812 species
1667 2745 1801 2814 divi-

209 2818 387 2882 ditur,
421 2821 710 2890 orientem,
733 2825 1088 2895 occidentem,
1125 2833 1541 2901 septentrionem
1563 2843 1618 2889 et
1638 2837 1802 2891 meri-

205 2909 380 2962 diem.
409 2911 475 2965 Et
502 2926 570 2967 ex
600 2914 685 2968 his
715 2918 896 2972 mundi
927 2920 1170 2988 partibus
1201 2919 1387 2978 ﬁdeles
1409 2923 1630 2995 colligit,
1656 2927 1798 2982 sicut

209 3004 479 3072 scriptum
504 3014 623 3062 est:
675 3026 694 3059 ‹
739 3008 884 3076 Quos
922 3013 1151 3068 redemit
1179 3016 1244 3070 de
1271 3033 1430 3072 manu
1464 3019 1700 3087 inimici,
1730 3021 1796 3076 de

210 3093 523 3161 regionibus
547 3102 892 3171 congregavit
913 3117 1040 3158 cos:
1063 3121 1093 3158 a
1113 3106 1240 3162 solis
1261 3117 1382 3164 ortu
1409 3121 1463 3165 et
1491 3127 1711 3180 occasu,
1728 3115 1794 3169 ab

213 3182 469 3249 aquilone
493 3194 547 3240 et
581 3189 715 3243 mari
739 3188 910 3260 (Psal.
935 3194 1065 3264 (Νι).
1099 3215 1118 3246 ι
1149 3195 1312 3263 Quasi
1337 3201 1479 3254 enim
1510 3203 1789 3258 denarium

220 3272 621 3342 multiplicando
659 3291 850 3350 quater
892 3285 1178 3356 ducentes,
1210 3290 1276 3344 ad
1306 3293 1793 3364 quadragenarium
1822 3250 1868 3314 c

225 3374 508 3451 numerum
549 3372 914 3441 pervenimus,
972 3377 1187 3446 quando
1228 3379 1397 3448 legem
1441 3383 1796 3451 spiritualiter

222 3449 586 3524 intelligendo,
610 3458 765 3516 latius
794 3480 891 3534 per
918 3467 1148 3536 gratiam
1183 3467 1317 3524 Novi
1341 3449 1675 3529 Testamenti
1703 3489 1796 3529 ex-

218 3541 500 3611 plicamus.
531 3547 770 3621 Augetur
791 3556 936 3610 enim
963 3556 1069 3624 lex,
1094 3574 1218 3614 cum
1247 3562 1603 3631 spiritualiter
1626 3565 1794 3621 inter-

214 3642 461 3701 pretatur
509 3657 520 3692 :
573 3643 701 3710 quia
759 3659 1028 3719 prmeepta
1080 3659 1230 3707 tanto
1291 3656 1464 3726 magis
1518 3671 1790 3726 crescunt,

214 3732 417 3789 quanto
446 3728 693 3787 subtilius
720 3732 920 3798 fuerint
945 3753 1194 3798 excussa.
1227 3743 1322 3798 Est
1363 3745 1527 3800 etiam
1570 3747 1715 3803 aliud
1738 3749 1793 3805 in

216 3815 315 3872 hoc
343 3823 774 3895 quadragenario
798 3846 1042 3899 numero,
1073 3837 1215 3904 quod
1238 3839 1484 3893 curiosus
1511 3840 1680 3896 lector
1702 3844 1794 3898 ad-

211 3905 375 3976 jicere
417 3921 608 3981 potest.
639 3917 830 3974 Decem
878 3938 1111 3994 namque
1141 3925 1309 3998 Moysi
1356 3942 1624 4002 praecepta
1668 3935 1791 3989 data

217 4010 343 4092 sunt
363 4003 422 4057 in
453 4005 659 4064 duabus
689 4011 883 4068 tabulis
910 4017 1110 4086 scripta
1134 4057 1149 4082 ,
1194 4019 1250 4074 in
1281 4036 1385 4075 una
1415 4023 1635 4091 quidem
1665 4025 1791 4092 tria,

217 4085 265 4142 in
301 4091 408 4146 alia
455 4106 681 4166 septem.
719 4101 788 4158 Et
827 4105 930 4159 tria
981 4085 1199 4177 quidem
1231 4111 1299 4166 ad
1327 4085 1668 4170 dilectionem
1697 4085 1792 4171 Dei

218 4182 483 4276 pertinent
499 4205 519 4276 7:
540 4190 678 4276 quia
696 4193 839 4248 Deus
864 4194 1239 4266 inseparabilis
1255 4199 1492 4258 Trinitas
1513 4214 1616 4271 est,
1633 4222 1792 4276 quem

212 4269 456 4333 jubemur
481 4275 701 4346 diligere
729 4288 837 4337 toto
865 4285 1045 4350 corde,
1075 4294 1188 4342 tota
1213 4301 1412 4355 mente,
1452 4300 1562 4346 tota
1586 4269 1787 4349 anima.

221 4357 428 4429 Septem
471 4376 648 4424 autem
695 4373 763 4426 ad
811 4375 1149 4445 dilectionem
1200 4383 1473 4450 pertinent
1522 4385 1786 4452 proximi,

221 4463 374 4546 quem
401 4454 566 4512 etiam
603 4453 742 4516 sicut
781 4479 880 4519 nos
915 4467 1138 4538 diligere
1164 4471 1544 4541 praecipimur:
1579 4483 1633 4528 et
1669 4476 1785 4546 pul-

224 4538 363 4608 chre,
402 4547 526 4614 quia
560 4558 702 4608 totus
729 4554 891 4612 homo
919 4567 1120 4624 noster,
1165 4561 1390 4636 interior
1431 4572 1486 4620 et
1526 4569 1787 4635 exterior,

221 4642 418 4701 septem
446 4640 798 4708 qualitatibus
823 4658 1056 4705 constat.
1076 4630 1334 4721 Interior,"
1356 4655 1653 4724 intellectu,
1677 4627 1786 4716 me:
1819 4627 1869 4686 D

221 4724 383 4780 moria
404 4766 419 4790 ,
462 4738 516 4783 et
541 4733 817 4793 voluntate
844 4754 858 4792 :
886 4742 1144 4808 exterior,
1189 4751 1330 4800 terra
1347 4787 1361 4813 ,
1387 4763 1524 4818 aqua
1547 4791 1562 4815 ,
1590 4751 1712 4821 igne
1739 4760 1792 4806 et

221 4826 360 4911 aere,
386 4817 441 4873 id
472 4830 557 4876 est
584 4826 772 4883 callida
796 4839 851 4884 et
880 4830 1076 4901 frigida
1096 4875 1110 4900 ,
1140 4835 1282 4892 sicca
1310 4848 1364 4894 et
1388 4817 1635 4896 humida.
1658 4841 1791 4911 Sep-

222 4909 314 4960 tem
344 4923 478 4980 ergo
497 4923 551 4968 et
573 4915 672 4970 tria
719 4919 906 4976 decem
933 4925 1085 4980 ﬁunt.
1112 4927 1180 4981 Et
1203 4945 1300 4985 nos
1328 4909 1792 5004 igiturjungamus

221 5004 510 5092 septemad
541 5013 670 5073 tres,
699 5019 757 5064 ut
778 5012 844 5066 ad
872 5015 1169 5084 perfectum
1201 5035 1483 5075 numerum
1512 5024 1792 5092 pervenia-

219 5099 348 5155 mus,
380 5090 432 5146 id
463 5104 548 5150 est
575 5105 687 5154 toto
715 5102 1016 5162 dilectionis
1061 5108 1251 5165 aﬁ'ectu
1275 5151 1289 5175 ,
1336 5090 1564 5169 creato—ri
1605 5125 1792 5171 nostro

222 5177 586 5278 iul-uereamus.
620 5193 688 5248 Et
721 5197 846 5266 quia
873 5198 1092 5273 indigne
1132 5204 1360 5260 vivendo
1391 5215 1658 5278 pramer
1682 5207 1792 5265 De‘

219 5271 380 5369 calogi
413 5283 736 5353 transgressi
771 5303 956 5346 sumus
978 5271 1010 5357 ,⁷
1041 5293 1210 5364 ipsam
1242 5311 1458 5352 carnem
1497 5311 1596 5368 per
1618 5300 1791 5369 poeni-

221 5365 432 5421 lentiam
462 5371 783 5446 afﬁigamus,
805 5388 864 5436 ut
887 5383 954 5438 ad
984 5386 1466 5458 quadragenarium
1495 5365 1808 5459 perfectum~

219 5467 497 5516 numerum
521 5471 804 5535 pervenire
832 5476 1120 5544 possimus.
1159 5478 1270 5535 Nec
1311 5481 1469 5535 debet
1503 5497 1787 5537 onerosum

221 5546 400 5617 Videri,
430 5555 475 5609 si
506 5558 572 5613 de
601 5559 705 5617 hoc
736 5566 1162 5639 quadragenario
1209 5587 1452 5638 numero,
1497 5590 1597 5644 pro
1638 5590 1788 5630 com-

221 5643 360 5739 muni
392 5649 622 5709 utilitate
646 5695 662 5722 ,
694 5656 872 5728 aliqua
914 5661 1088 5716 adhuc
1116 5662 1436 5720 inseramus.
1541 5668 1791 5739 praesenti

221 5734 295 5792 die
318 5754 490 5812 usque
517 5747 583 5801 ad
618 5757 863 5805 sanctum
892 5751 1122 5820 Pascha,
1163 5757 1517 5829 quadraginta
1541 5734 1645 5816 duo
1675 5761 1790 5817 dies

221 5835 421 5890 venturi
447 5849 602 5908 sunt,
629 5859 857 5914 quorum
889 5855 1014 5902 sunt
1041 5848 1388 5907 hebdomadas
1412 5868 1527 5908 sex.
1568 5851 1790 5908 Subtra-

1915 2000 2085 2074 (Rom.
2134 2004 2255 2076 xu).
2289 2004 2474 2060 Hostia
2521 2005 2666 2060 enim
2711 2003 3019 2060 immolatur
3065 2012 3121 2059 et
3168 2003 3318 2068 vivit,
3370 2003 3499 2073 quia

1909 2094 2074 2150 homo
2097 2110 2127 2148 a
2152 2099 2404 2165 prmsenti
2430 2097 2539 2152 vita
2562 2113 2671 2153 non
2698 2097 2903 2163 deﬁcit,
2930 2106 2985 2152 et
3007 2105 3182 2152 tamen
3209 2112 3307 2166 per
3335 2097 3501 2152 absti-

1908 2185 2146 2239 nentiam
2178 2201 2330 2240 suam
2361 2202 2580 2242 carnem
2614 2185 2823 2257 aﬂligit.
2857 2187 3032 2242 Tanto
3069 2186 3215 2241 enim
3245 2192 3498 2255 accepta-

1906 2274 2154 2330 biliorem
2181 2277 2413 2332 hostiam
2445 2279 2555 2334 Deo
2592 2277 2749 2334 oll‘crt
2774 2320 2788 2345 ,
2830 2289 3034 2348 quanto
3058 2293 3169 2333 non
3197 2287 3354 2334 extra
3393 2294 3451 2334 se
3477 2317 3498 2346 ,

1909 2367 2047 2422 sicut
2073 2377 2156 2423 est
2193 2385 2396 2440 agnus,
2431 2372 2526 2425 sed
2556 2372 2610 2425 in
2638 2373 2817 2442 seipso
2848 2373 3044 2441 quaerit
3082 2373 3226 2441 quod
3257 2372 3368 2427 Deo
3396 2373 3498 2426 im-

1907 2457 2096 2523 molet,
2124 2457 2403 2529 Scriptura
2433 2461 2645 2517 dicente
2678 2479 2690 2515 :
2721 2480 2741 2514 ι
2784 2462 3119 2518 Sacriﬁcium
3147 2462 3256 2518 Deo
3276 2463 3496 2532 spiritus

1906 2537 2321 2617 contribulatus,
2346 2566 2441 2608 cor
2461 2553 2755 2608 contritum
2777 2563 2833 2609 et
2858 2554 3194 2609 humiliatum
3225 2555 3367 2610 Deus
3388 2571 3496 2611 non

1903 2646 2107 2709 spernit
2143 2638 2316 2712 (Psal.
2347 2641 2421 2714 L).
2473 2664 2492 2694 ι
2534 2643 2685 2698 Sicut
2725 2645 2870 2700 enim
2908 2645 3203 2701 fomentum
3253 2647 3494 2702 omnium

1901 2729 2154 2782 vitiorum
2178 2739 2262 2786 est
2288 2731 2408 2800 gula
2427 2773 2442 2797 ,
2462 2733 2543 2787 sic
2566 2734 2749 2788 nutrix
2774 2736 3015 2790 omnium
3035 2737 3296 2792 virtutum
3326 2737 3495 2792 absti-

1901 2819 2079 2872 nentia
2095 2836 2108 2886 ;
2123 2821 2324 2876 bonum
2350 2829 2528 2878 autem
2551 2824 2911 2891 abstinentiae,
2926 2841 2958 2880 a
2976 2827 3242 2898 principio
3258 2843 3493 2884 comme-

1900 2927 2192 2968 moremus.
2231 2915 2480 2981 Quandiu
2506 2916 2651 2970 enim
2686 2917 2846 2987 primi
2872 2930 3125 2986 parentes
3163 2919 3217 2974 in
3243 2919 3493 2990 paradiso

1899 3013 2235 3071 manserunt,
2275 3007 2461 3061 tandiu
2493 3023 2524 3061 a
2557 3008 2678 3062 cibo
2703 3009 2869 3065 vetito
2902 3011 3302 3067 abstinuerunt.
3331 3011 3489 3068 Post-

1898 3109 2059 3164 quam
2104 3111 2234 3152 vero
2273 3097 2408 3167 gulae
2455 3098 2737 3154 desideriis
2778 3102 3196 3169 satisfecerunt,
3250 3106 3489 3174 paradisi

1900 3188 2270 3244 amoenitatem
2300 3191 2545 3258 protinus
2571 3191 2887 3248 amiserunt.
2906 3193 2975 3248 Et
3000 3203 3122 3264 post
3143 3196 3258 3251 haec
3279 3196 3490 3268 Moyses

1897 3278 1990 3346 qui
2015 3277 2297 3348 jejunavit,
2333 3280 2504 3351 legem
2535 3280 2633 3336 Dei
2662 3283 2869 3352 accepit
2898 3298 2913 3336 :
2943 3285 3171 3352 populus
3201 3287 3292 3354 qui
3335 3303 3486 3342 com-

1896 3369 2025 3433 edit,
2055 3369 2198 3424 idola
2223 3369 2522 3425 fabricavit.
2551 3371 2703 3427 Unde
2727 3373 2990 3442 scriptum
3013 3383 3095 3428 est
3123 3392 3176 3428 ει
3209 3375 3362 3431 Sedit
3386 3393 3486 3447 po-

1896 3457 2054 3528 pulus
2100 3460 2424 3515 manducare
2471 3469 2526 3516 et
2562 3462 2786 3528 bibere,
2827 3470 2882 3517 et
2921 3474 3276 3519 surrexerunt
3304 3465 3488 3522 ludere

1897 3547 2093 3619 (Exod.
2134 3549 2328 3621 xxxn).
2368 3570 2386 3602 ›
2419 3550 2606 3606 Mortis
2631 3554 3199 3622 quoque-sententiam
3226 3553 3488 3612 Jonathas

1893 3643 2212 3710 promeruit,
2240 3643 2382 3712 quod
2408 3644 2669 3699 indictum
2697 3645 2962 3716 jejunium
2986 3661 3015 3700 a
3036 3655 3212 3716 patre,
3237 3648 3486 3705 nesciens

1893 3730 2112 3786 violavit
2138 3731 2190 3802 (I
2223 3731 2351 3802 Reg.
2386 3733 2519 3806 XIV).
2553 3734 2742 3789 Daniel
2777 3750 3013 3805 namque
3057 3744 3113 3790 et
3159 3746 3270 3793 tres
3307 3741 3484 3818 pueri,

1895 3819 1986 3889 qui
2017 3819 2072 3872 in
2103 3819 2225 3874 aula
2250 3821 2395 3890 regis
2432 3822 2583 3877 mira:
2618 3823 2957 3879 abstinentiae
2999 3824 3234 3892 fuerunt,
3267 3842 3375 3883 non
3401 3843 3487 3884 so-

1893 3908 2003 3963 lum
2031 3909 2245 3965 leonum
2270 3911 2459 3968 dentes
2487 3923 2798 3980 evaserunt,
2830 3923 2886 3970 et
2913 3915 3193 3972 fornacem
3216 3917 3356 3988 ignis
3378 3933 3486 3973 non

1895 4011 2202 4068 senserunt,
2252 4004 2347 4058 sed
2390 4006 2553 4060 etiam
2592 4006 2981 4076 interpretandi
3026 4023 3182 4064 sacra
3229 4011 3486 4081 mysteria

1895 4092 2178 4148 scientiam
2199 4104 2524 4164 acceperunt
2543 4094 2706 4168 (Dan.
2722 4098 2828 4169 ιιι).
2843 4097 3079 4155 Joannes
3097 4115 3334 4170 quoque,
3360 4103 3485 4169 quia

1894 4184 2043 4238 mirae
2071 4185 2411 4242 abstinentiae
2440 4186 2574 4253 fuit,
2621 4189 3019 4258 redemptorem
3067 4205 3174 4245 non
3206 4190 3377 4245 solum
3410 4191 3486 4245 vi-

1892 4275 2042 4341 dere,
2073 4277 2166 4330 sed
2191 4276 2355 4331 etiam
2399 4277 2677 4348 baptizare
2713 4281 2930 4335 meruit.
2977 4279 3119 4346 Quid
3145 4280 3336 4350 plura?
3363 4279 3484 4350 Ipse

1894 4365 2158 4420 mediator
2183 4366 2279 4421 Dei
2306 4375 2361 4421 et
2381 4367 2660 4422 hominum
2689 4367 2851 4423 homo
2871 4367 3048 4424 factus
3067 4410 3082 4435 ,
3105 4378 3166 4424 ut
3193 4379 3476 4440 superaret

1893 4456 2186 4524 diabolum,
2219 4459 2575 4529 quadraginta
2603 4459 2793 4514 diebus
2829 4469 2884 4514 et
2920 4459 3280 4530 quadraginta
3307 4459 3482 4512 nocti-

1891 4551 1993 4605 bus
2012 4549 2300 4622 jejunavit,
2328 4553 2618 4607 ostendens
2644 4551 3003 4607 invictissima
3031 4563 3183 4603 arma
3209 4562 3328 4604 esse
3343 4547 3483 4616 jeju-

1895 4643 2043 4697 nium
2072 4652 2127 4698 et
2155 4643 2533 4699 abstinentiam
2559 4652 2747 4698 contra
2780 4641 3005 4696 insidias
3032 4639 3249 4694 diaboli.
3277 4639 3482 4707 Quibus

1896 4737 2158 4807 exemplis
2202 4739 2445 4803 invitati,
2494 4738 2750 4794 virtutem
2781 4734 3119 4791 abstinentiae
3166 4743 3278 4791 toto
3319 4735 3483 4791 corde

1896 4832 2274 4901 suscipiamus,
2293 4841 2352 4887 ut
2375 4841 2428 4888 et
2449 4832 2630 4886 futura
2656 4829 2798 4884 mala
2823 4829 3092 4899 possimus
3113 4829 3480 4900 exstinguere,

1897 4938 1952 4984 et
1977 4929 2246 4998 praeterita
2295 4938 2514 4999 peccata
2548 4927 2785 4993 diluere,
2827 4927 2882 4980 in
2925 4925 3172 4994 exemplo
3220 4923 3483 4980 Ninivita-

1898 5037 2051 5087 rum,
2092 5021 2183 5092 qui
2231 5021 2529 5077 minitantis
2567 5019 2662 5075 Dei
2698 5019 2866 5085 iram,
2894 5033 2990 5090 per
3023 5017 3253 5074 triduam
3290 5031 3479 5072 evase-

1899 5126 2026 5173 runt
2050 5115 2433 5172 abstinentiam
2477 5113 2626 5184 (Ion.
2661 5115 2763 5181 Ill).
2793 5113 2899 5168 Sed
2921 5113 3046 5184 quia
3073 5127 3258 5167 comes
3291 5109 3480 5181 jejunii

1894 5210 2240 5280 eleemosyna
2266 5218 2369 5274 est,
2413 5207 2634 5278 dignum
2669 5213 2772 5271 est,
2797 5214 2856 5259 ut
2885 5204 3028 5275 quod
3052 5201 3264 5273 corpori
3294 5211 3482 5256 nostro

1896 5303 2262 5360 subtrahimus
2285 5316 2383 5372 per
2412 5299 2812 5366 abstinentiam,
2843 5297 3172 5368 pauperibus
3199 5309 3481 5366 erogemus

1896 5413 1992 5468 per
2025 5392 2475 5451 misericordiam.
2525 5391 2658 5447 Illud
2702 5403 2831 5461 ergo
2865 5387 3129 5460 jejunium
3181 5385 3322 5439 Deus
3372 5397 3482 5437 non

1899 5489 2180 5560 approbat,
2211 5486 2353 5557 quod
2379 5484 2721 5556 eleemosyna
2749 5499 2855 5538 non
2891 5487 3066 5538 ornat.
3099 5477 3235 5545 Quia
3265 5473 3375 5529 tale
3395 5482 3482 5530 est

1892 5579 2156 5650 jejunium
2185 5578 2302 5633 sine
2333 5577 2706 5647 eleemosyna,
2735 5574 2912 5646 qualis
2951 5573 3068 5628 sine
3091 5569 3211 5625 oleo
3236 5568 3478 5622 lucerna.

1902 5671 2054 5728 Unde
2087 5670 2203 5740 ipse
2243 5669 2500 5724 Dominus
2544 5684 2641 5739 per
2682 5668 3001 5738 prophetam
3041 5658 3300 5730 quosdam
3341 5656 3473 5730 jeju.

1898 5770 2088 5818 nantes
2106 5801 2121 5827 ,
2157 5761 2250 5817 sed
2279 5760 2348 5814 ab
2379 5760 2716 5830 eleemosyna
2746 5762 3018 5813 cessantes
3048 5748 3360 5820 redarguit,
3403 5749 3478 5804 di-

1897 5871 2028 5912 cens
2059 5871 2072 5907 :
2107 5873 2126 5906 ι
2165 5852 2299 5910 Cum
2344 5849 2658 5921 jejunaretis
2693 5857 2746 5905 et
2773 5841 3133 5918 plangeretis,
3166 5856 3343 5924 nonne
3384 5856 3474 5894 vo-
