3994 6354
538 614 881 687 .bismetipsis
902 610 1182 685 jejunastis
1206 617 1262 665 et
1288 608 1571 679 planxistis
1591 605 1776 681 (Zach.
1803 606 1935 677 vn)?
1965 625 1983 661 ι
2014 602 2128 660 Sibi
2156 605 2207 664 Λ

552 710 697 767 enim
732 717 785 764 et
810 722 914 765 non
946 703 1056 761 Deo
1074 702 1304 773 jejunat,
1341 702 1432 774 qui
1461 702 1562 756 hoc
1587 700 1727 771 quod
1756 698 1967 771 corpori
1996 699 2124 773 sub-

553 802 719 863 trahit
738 814 833 871 per
858 796 1237 861 abstinentiam
1256 836 1273 860 ,
1304 810 1410 851 non
1440 793 1764 865 pauperibus
1802 797 2006 863 erogat,
2035 787 2126 844 sed

553 892 651 951 sibi
682 892 736 951 in
763 897 1038 958 posterum
1064 894 1325 947 reservat.
1349 884 1450 953 Qui
1483 894 1660 939 autem
1683 882 1892 955 jejunat
1914 892 1968 937 et
1989 881 2130 936 elee-

550 994 826 1051 mosynam
848 978 1062 1044 tribuit,
1090 992 1309 1035 necesse
1333 985 1418 1034 est
1441 986 1500 1032 ut
1522 978 1589 1032 ab
1614 976 1758 1031 omni
1780 974 2055 1030 iracundia
2075 980 2130 1028 et

549 1071 673 1128 odio
719 1079 881 1139 atque
926 1068 1264 1141 impatientia
1319 1083 1415 1123 cor
1458 1082 1612 1122 suum
1660 1065 1945 1121 custodiat.
1992 1064 2127 1131 Quia

550 1159 750 1219 frustra
780 1160 1014 1237 seipsum
1039 1157 1227 1231 afﬂigit
1251 1158 1307 1213 in
1335 1173 1591 1229 corpore,
1620 1157 1710 1229 qui
1742 1157 1921 1212 odium
1950 1163 2132 1211 servat

551 1251 607 1309 in
626 1250 809 1317 corde,
837 1250 977 1315 sicut
995 1247 1248 1304 Dominus
1264 1248 1525 1318 quosdam
1541 1244 1846 1317 jejunantes
1868 1245 2129 1315 increpat,

551 1343 738 1417 dicens
765 1359 780 1396 :
817 1360 836 1393 ι
868 1341 1008 1407 Ecce
1041 1339 1096 1396 in
1125 1339 1419 1412 diejejunii
1452 1340 1618 1395 vestri
1646 1339 1917 1394 invenitur
1944 1339 2131 1394 volun-

553 1441 635 1489 tas
662 1439 864 1497 vestra,
894 1440 949 1487 et
970 1445 1157 1491 omnes
1179 1432 1457 1491 debitores,
1473 1438 1683 1486 vestros
1710 1430 1971 1501 repetitis.
1995 1431 2131 1485 Ecce

552 1525 620 1579 ad
650 1524 774 1579 lites
800 1531 855 1579 et
875 1524 1247 1599 contentiones
1268 1523 1543 1595 jejunatis,
1575 1532 1630 1579 et
1657 1522 1933 1595 percutitis
1954 1537 2133 1594 pugno

552 1615 716 1687 impie
748 1612 881 1685 (Isa.
928 1615 1102 1685 Lvm).
1142 1633 1159 1666 ι
1193 1613 1260 1673 Et
1285 1628 1315 1667 e
1338 1622 1522 1667 contra
1553 1613 1814 1668 Dominus
1852 1628 1949 1683 per
1972 1612 2089 1668 .loel
2116 1631 2128 1665 :

559 1724 579 1757 ι
613 1703 957 1761 Sanctificate
976 1702 1241 1773 jejunium
1270 1701 1429 1775 (Joel.
1472 1702 1533 1776 1).
1567 1722 1584 1755 ι
1616 1702 1971 1771 Sanctificare
1995 1703 2134 1775 jeju-

553 1797 704 1864 nium
725 1837 741 1864 ,
764 1807 847 1852 est
881 1811 1001 1850 cum
1043 1794 1368 1851 abstinentia
1396 1794 1578 1850 carnis
1609 1795 2006 1865 eleemosyuam
2036 1794 2133 1849 tri-

554 1889 739 1956 buere,
770 1896 826 1949 et
851 1895 1047 1945 caetera
1083 1888 1297 1958 pietatis
1321 1903 1484 1957 opera
1530 1888 1857 1962 impendere.
1887 1888 2134 1959 Quapro-

1169 491 1522 551 HAYMONIS
1557 491 2034 569 HALBERSTAT.
2076 487 2287 546 EPISC.
2328 487 2477 546 OPP.
2518 489 2697 547 PARS
2733 490 2799 548 ll.
2835 521 2906 532 —
2942 488 3177 547 HOMIL.

3735 492 3850 550 196

2230 602 2499 674 Jejunavit
2528 614 2708 661 autem
2734 622 2840 661 non
2871 605 3043 661 solum
3073 605 3429 678 quadraginta
3451 607 3667 665 diebus
3688 649 3708 675 ,
3747 612 3851 668 sed

2229 698 2391 753 etiam
2435 699 2723 755 noctibus:
2768 707 2824 754 ut
2858 698 2974 755 sive
3001 714 3257 773 prospera
3286 700 3677 778 blandiantur,
3718 720 3849 774 qum

2229 789 2602 863 significantur
2640 808 2736 863 per
2766 792 2901 858 dies,
2944 792 3057 847 sive
3106 793 3330 849 adversa
3371 801 3669 859 terreant,
3720 811 3850 873 qua:

2229 881 2603 952 significantur
2625 896 2720 953 per
2762 891 2973 948 noctes,
3014 883 3316 960 immobiles
3349 897 3690 957 perseveret
3723 889 3847 941 ani-

2230 966 2349 1029 mus
2386 973 2753 1038 Christianus,
2802 975 2942 1030 sicut
2964 972 3199 1030 faciebat
3243 968 3362 1038 ille,
3413 977 3500 1048 qui
3547 978 3843 1053 dicebat:

2235 1086 2254 1116 ι
2290 1066 2395 1121 Per
2441 1083 2589 1122 arma
2637 1066 2859 1143 justitiaa
2913 1084 2942 1122 a
2979 1067 3186 1124 dextris
3226 1078 3281 1125 et
3322 1085 3349 1122 a
3400 1069 3689 1143 sinistris,
3747 1086 3844 1141 per

2230 1157 2457 1229 gloriam
2504 1168 2558 1215 et
2598 1159 3018 1231 ignobilitatem,
3058 1173 3155 1229 per
3191 1159 3468 1214 infamiam
3514 1168 3571 1214 et
3621 1160 3842 1215 bonam

2232 1246 2455 1313 famam,
2484 1256 2543 1302 ut
2564 1249 2877 1303 seductores
2906 1256 2961 1301 et
2987 1234 3241 1311 veraces,
3263 1248 3402 1302 sicut
3424 1250 3527 1321 qui
3562 1248 3761 1318 ignoti
3793 1259 3843 1302 et

2233 1339 2433 1413 cogniti
2468 1338 2553 1412 (II
2584 1338 2705 1393 Cor.
2733 1338 2829 1410 v1).
2863 1358 2881 1391 ι
2913 1336 3057 1394 Bene
3086 1347 3266 1393 autem
3291 1347 3578 1409 postquam
3614 1339 3839 1393 dictum

2233 1440 2316 1488 est
2335 1450 2353 1484 ι
2376 1447 2497 1487 cum
2508 1429 2804 1502 jejunasset
2815 1431 3171 1502 quadraginta
3187 1431 3371 1486 diebus
3386 1441 3440 1487 et
3452 1424 3837 1502 quadraginta

2234 1521 2503 1587 noctibus,
2535 1540 2553 1572 ι
2584 1521 2821 1576 additum
2845 1530 2947 1587 est,
2976 1542 2994 1572 ι
3027 1530 3207 1592 postea
3236 1522 3445 1588 esuriit,
3476 1542 3497 1575 ι
3528 1532 3589 1576 ut
3614 1537 3760 1576 vera
3784 1522 3837 1577 in

2234 1613 2324 1669 illo
2347 1613 2655 1669 humanitas
2678 1626 2798 1668 esse
2815 1613 3209 1670 ostenderetur.
3240 1612 3353 1669 Hoc
3374 1613 3519 1668 enim
3542 1613 3617 1668 de
3643 1613 3838 1683 Moyse

2236 1718 2286 1762 el
2321 1707 2431 1761 Elia
2476 1707 2732 1777 scriptum
2775 1722 2879 1761 non
2919 1705 3179 1776 legimus,
3220 1706 3342 1776 quia
3381 1704 3516 1759 nulli
3559 1705 3829 1765 dubium,

2236 1799 2524 1870 quod‘posl
2553 1797 2816 1868 jejunium
2845 1805 2902 1851 ut
2929 1796 3049 1866 puri
3079 1796 3326 1851 homines
3348 1796 3648 1852 esurierint
3683 1814 3697 1850 :
3739 1797 3832 1852 sed

2235 1891 2302 1945 de
2345 1890 2471 1954 illo,
2524 1888 2614 1958 qui
2659 1888 2731 1942 ita
2770 1887 2911 1942 Deus
2950 1896 3094 1953 erat,
3130 1898 3190 1941 ut
3227 1888 3388 1943 etiam
3434 1888 3604 1943 homo
3644 1898 3826 1952 esset,

553 1989 675 2059 pter
721 1978 1014 2035 secundum
1060 1977 1374 2048 Apostolum
1399 2018 1415 2045 ν
1449 1979 1539 2048 qui
1588 1979 1663 2033 ait
1704 1997 1717 2032 ε
1761 1998 1779 2029 ι
1815 1979 1954 2034 Ecce
1995 1993 2139 2033 nunc
2164 1970 2213 2031 B
2241 1985 2458 2056 dignum
2499 1979 2602 2036 fuit
2625 1989 2684 2036 ut
2720 1980 3068 2036 scriberetur.
3101 1980 3196 2035 Vel
3225 1988 3373 2035 certe
3398 1988 3521 2051 post
3550 1971 3826 2052 jejunium

556 2083 763 2155 tempus
790 2071 1137 2155 acceptabile,
1170 2087 1296 2127 ecce
1331 2087 1473 2126 nunc
1513 2072 1627 2127 dies
1668 2071 1857 2126 salutis
1883 2069 1968 2142 (11
2010 2068 2131 2126 Cur.

555 2165 656 2235 vr),
679 2185 699 2219 ι
727 2166 943 2237 dignum
969 2171 1135 2221 est'ut
1155 2163 1208 2217 in
1228 2163 1313 2218 his
1336 2163 1523 2219 diebus
1543 2164 1889 2219 exhibeamus
1904 2172 2138 2219 nosmet-

558 2257 703 2327 ipsos
737 2256 877 2312 sicut
908 2255 1004 2310 Dei
1038 2255 1315 2310 ministros
1335 2294 1350 2319 ,
1380 2254 1433 2308 in
1462 2254 1629 2310 multa
1658 2256 1913 2325 patientia
1932 2295 1947 2322 ,
1985 2256 2037 2310 in
2056 2254 2137 2323 je-

538 2330 749 2415 juniis,
776 2345 828 2399 in
852 2344 1069 2416 vigiliis,
1097 2344 1149 2398 in
1180 2344 1451 2410 castitate,
1483 2344 1533 2397 in
1562 2345 1827 2400 charitate
1852 2361 1958 2401 non
1986 2345 2132 2401 ﬁcta.

556 2437 825 2505 Quantum
856 2445 1034 2490 autem
1075 2434 1224 2504 pacis
1264 2434 1606 2489 concordiam
1641 2435 1902 2492 Dominus
1942 2436 1996 2491 in
2041 2452 2138 2492 no-

554 2532 638 2605 bis
684 2530 900 2600 diligat,
944 2528 1060 2598 ipse
1086 2525 1395 2581 manifestat
1426 2526 1479 2579 in
1513 2525 1802 2598 Evangelio
1826 2567 1840 2593 ,
1872 2543 1993 2583 cum
2026 2528 2135 2583 cla-

558 2630 667 2679 mat
696 2639 709 2675 :
740 2640 757 2672 (
790 2619 846 2675 Si
878 2618 1039 2675 offers
1063 2634 1258 2673 munus
1285 2627 1433 2672 tttum
1460 2620 1526 2673 ad
1558 2620 1746 2686 altare,
1780 2630 1835 2675 et
1856 2620 1928 2675 ibi
1957 2636 2137 2675 recor-

557 2712 715 2767 datus
744 2708 912 2766 fueris
955 2708 1079 2781 quia
1107 2708 1275 2763 frater
1303 2717 1426 2763 tuus
1450 2708 1616 2764 habet
1646 2710 1851 2779 aliquid
1878 2711 2135 2766 adversus

559 2810 612 2857 te
641 2800 870 2873 (Matth.
900 2798 983 2871 v),
1021 2819 1038 2851 »
1068 2808 1175 2855 etc.
1209 2799 1384 2855 Tanto
1423 2800 1565 2854 enim
1610 2799 1854 2854 securius
1895 2814 2136 2854 resurre-

558 2893 753 2949 ctionis
778 2891 920 2947 diem
963 2889 1385 2958 celebrabimus,
1419 2899 1624 2962 quanto
1661 2891 1958 2946 districtius
1992 2906 2133 2960 pra:-

557 2985 726 3051 setttis
774 2982 1030 3054 temporis
1074 2982 1188 3038 dies
1238 2982 1732 3037 observaverimus.
1780 2980 1933 3036 Unde
1962 2980 2136 3051 qualis

557 3092 787 3142 merces,
819 3076 926 3131 imo
962 3084 1162 3149 quanto
1197 3075 1365 3146 gloria
1399 3074 1629 3144 simplici
1659 3075 1823 3129 corde
1842 3071 2132 3145 jejunanti-

555 3167 675 3232 bus,
706 3175 762 3225 et
788 3160 1182 3237 eleemosynam
1215 3163 1569 3234 largientibus
1594 3171 1845 3228 maneat,
1883 3163 1998 3234 ipse
2026 3162 2133 3217 Do-

560 3258 740 3312 minus
778 3256 1016 3312 ostendit
1053 3274 1066 3310 :
1118 3256 1210 3325 qui
1259 3270 1381 3309 cum
1425 3254 1650 3310 dixisset
1687 3270 1782 3325 per
1807 3253 2132 3326 Prophetam

556 3341 693 3421 (Isa.
726 3352 881 3420 tvm)
910 3368 922 3404 :
956 3368 974 3402 ι
1012 3348 1127 3404 Hoc
1164 3356 1245 3404 est
1260 3345 1524 3421 jejunium
1554 3349 1696 3418 quod
1724 3346 1861 3418 elegi
1893 3365 1904 3400 :
1940 3345 2127 3418 frange
2154 3340 2199 3403 C

552 3441 809 3509 esurienti
831 3456 1029 3511 panem
1060 3449 1244 3506 tuum,
1287 3446 1342 3494 et
1376 3454 1574 3511 egenos
1596 3453 1865 3511 vagosque
1887 3438 2048 3492 induc
2074 3437 2127 3491 in

552 3535 771 3592 domum
819 3540 964 3588 tuam
995 3550 1008 3586 :
1038 3546 1160 3589 cum
1192 3528 1391 3585 videris
1430 3530 1661 3594 nudum,
1701 3527 1853 3598 operi
1893 3544 2046 3594 eum,
2074 3534 2129 3582 et

551 3640 768 3683 carnem
801 3633 944 3679 tuam
972 3637 1038 3678 ne
1067 3622 1398 3693 despexeris,
1420 3641 1437 3673 ι
1465 3618 1658 3689 adjecit
1685 3637 1696 3672 :
1727 3640 1744 3671 ι
1779 3619 1929 3675 Tunc
1949 3635 2129 3674 erum-

550 3726 640 3789 pet
682 3714 839 3786 quasi
878 3729 1037 3769 mane
1074 3711 1256 3766 lumen
1287 3720 1465 3776 tuum,
1502 3719 1554 3764 et
1591 3709 1793 3764 sanitas
1837 3718 1925 3763 tua
1968 3710 2129 3781 citius

548 3808 769 3864 orietur.
796 3803 863 3859 Et
886 3803 1111 3859 anteibit
1135 3801 1325 3858 faciem
1353 3810 1496 3856 tuam
1514 3799 1721 3869 justitia
1747 3812 1857 3868 tua,
1885 3809 1939 3857 et
1959 3802 2127 3875 gloria

548 3899 759 3956 Domini
783 3896 997 3968 colliget
1022 3904 1091 3952 te.
1115 3894 1267 3951 Tunc
1291 3893 1584 3960 invocabis,
1609 3902 1665 3949 et
1685 3894 1942 3950 Dominus
1965 3910 2130 3951 exau-

548 3990 687 4048 diet:
706 3988 983 4054 clamabis,
1008 3994 1063 4043 et
1080 3986 1237 4051 dicet,
1256 3985 1394 4061 Ecce
1415 3985 1600 4040 adsum
1617 3982 1826 4056 (Ibid.).
1843 4005 1861 4038 ι
1879 3986 2125 4059 Congrua

549 4090 728 4137 autem
753 4080 961 4136 ratione
975 4077 1218 4150 magistri
1249 4076 1524 4142 Ecclesiae,
1556 4077 2125 4157 quadragesimzetem-

548 4174 649 4230 dus
676 4180 801 4227 ante
818 4170 1031 4228 Domini
1049 4169 1354 4239 passionem
1370 4168 1760 4223 observandum
1784 4184 1904 4225 esse
1921 4178 2123 4225 statue-

550 4270 697 4328 runt,
722 4273 779 4333 ut
803 4260 1163 4334 intelligamus
1190 4259 1314 4330 quia
1330 4260 1612 4331 praesentis
1625 4260 1745 4314 vitae
1768 4259 1984 4317 aiilictio
2016 4263 2120 4317 im-

548 4355 932 4429 mortalitatem
948 4354 1193 4427 futuram,
1208 4353 1371 4424 parit.
1394 4352 1475 4408 Ad
1487 4367 1649 4425 quam
1666 4369 1782 4409 rem
1796 4354 2124 4413 conﬁrman-

547 4449 691 4523 dam,
724 4449 837 4524 ipse
863 4448 1122 4504 Dominus
1143 4448 1235 4517 qui
1257 4430 1610 4516 quadraginta
1643 4447 1829 4503 diebus
1851 4456 1976 4502 ante
2002 4464 2128 4519 pas-

548 4545 755 4611 sionem
778 4542 1072 4617 jejuuavit,
1125 4542 1484 4615 quadraginta
1519 4542 1680 4598 etiam
1715 4554 1837 4615 post
1876 4559 2121 4601 resurre-

450 4687 459 4697 ,
546 4637 780 4707 ctionem
814 4652 937 4697 cum
980 4633 1256 4706 discipulis
1300 4644 1648 4691 conversatus
1688 4646 1800 4702 est,
1833 4644 2123 4708 utrumque

544 4700 765 4799 tempus.
791 4696 1147 4801 quadraginta
1195 4727 1402 4782 dierum
1445 4743 1669 4785 numero
1702 4728 1976 4799 complens
2007 4696 2124 4784 :.ut
2152 4696 2202 4758 D

545 4819 884 4885 ostenderet,
916 4820 968 4872 in
999 4818 1251 4890 praesenti
1279 4818 1389 4897 vita
1419 4826 1630 4890 tempus
1653 4834 1772 4875 esse
1795 4818 2119 4889 aillictionis,

543 4921 601 4969 et
642 4913 699 4968 in
739 4910 920 4967 futuro
950 4910 1148 4983 gaudii.
1177 4909 1310 4973 Cum
1353 4911 1496 4966 enim
1536 4912 1893 4984 quadraginta
1932 4912 2121 4969 diebus

544 5011 671 5061 ante
712 5001 1017 5073 passionem
1057 4992 1355 5073 jejunaret,
1392 5001 1544 5073 quasi
1592 5000 1858 5056 clamabat
1898 5021 1911 5056 :
1951 5022 1968 5053 ι
2006 5003 2119 5059 Nisi

544 5097 914 5170 pmnitentiam
950 5097 1164 5169 egeritis
1184 5137 1198 5163 ,
1228 5097 1528 5153 moriemini
1567 5096 1620 5150 in
1660 5097 1897 5165 peccatis
1928 5098 2120 5152 vestris

546 5190 697 5262 (Luc.
723 5188 879 5261 xm);
911 5209 929 5241 ι
952 5199 1007 5245 et
1025 5189 1216 5247 Petrus
1245 5207 1258 5243 :
1288 5209 1304 5240 ι
1337 5186 1620 5245 Abstinete
1642 5201 1737 5240 vos
1764 5202 1794 5239 a
1816 5185 2122 5242 carnalibus

544 5281 847 5349 desideriis,
863 5282 1227 5353 quaamilitant
1240 5281 1499 5351 adversus
1510 5276 1748 5330 animam
1767 5275 1818 5349 (Ι
1837 5268 1981 5330 Ρειέ.
2003 5276 2082 5349 ιι).
2098 5298 2116 5331 ι

544 5375 679 5443 Qum
700 5389 827 5432 vero
857 5382 977 5446 post
1005 5373 1460 5449 resurrectionem
1493 5384 1643 5424 suam
1682 5384 1803 5423 cum
1845 5367 2123 5445 discipulis

543 5475 976 5533 conversaretur,
1013 5482 1198 5522 eorum
1235 5463 1397 5517 corda
1439 5459 1750 5526 ltetificans,
1797 5461 1949 5532 quasi
1994 5462 2121 5519 illud

543 5560 797 5633 gaudium
839 5558 1108 5625 ineffabile
1156 5554 1540 5629 promittebat,
1585 5553 1652 5609 de
1694 5569 1801 5624 quo
1838 5554 1963 5610 alibi
2005 5556 2114 5609 ait:

549 5669 567 5702 ι
600 5651 800 5707 lterum
825 5650 1017 5705 videbo
1038 5665 1150 5715 vos,
1172 5656 1226 5703 et
1247 5645 1500 5717 gaudebit
1515 5661 1608 5701 cor
1628 5655 1888 5713 vestrum,
1912 5656 1967 5721 et
1985 5664 2118 5719 gau-

543 5742 687 5798 dium
715 5749 955 5797 vestrum
988 5754 1146 5793 nemo
1184 5736 1330 5792 tollet
1358 5752 1388 5790 a
1412 5737 1564 5793 vobis
1597 5736 1776 5809 (Joan.
1812 5738 1946 5810 xw).
1986 5758 2003 5791 ι
2052 5737 2118 5793 Et

543 5834 779 5901 iterum:
809 5850 827 5883 1
862 5831 999 5886 Ecce
1037 5845 1135 5907 ego
1173 5828 1448 5885 vobiscum
1485 5845 1603 5885 sum
1633 5829 1883 5885 omnibus
1929 5830 2118 5886 diebus

544 5939 709 5994 usque
738 5923 801 5976 ad
838 5923 1353 5978 consummationem
1396 5924 1571 5978 szeculi
1603 5923 1817 5995 (Matth.
1849 5925 2057 5997 xxvrtt).
2092 5945 2109 5978 ι

2237 2073 2445 2139 esuriit,
2464 2070 2748 2127 utoccasio
2770 2072 3010 2127 tentandi
3034 2071 3244 2127 diabolo
3271 2071 3621 2143 praeberetur.
3647 2072 3821 2140 Quem

2237 2166 2381 2220 enim
2437 2164 2788 2236 quadraginta
2837 2162 3027 2219 diebus
3077 2171 3135 2218 et
3172 2162 3420 2218 noctibus
3473 2162 3818 2232 jejunantem

2235 2257 2475 2321 videbat,
2497 2255 2726 2312 fortasse
2753 2264 2962 2310 tentare
2990 2269 3093 2309 non
3116 2255 3366 2321 auderet,
3400 2255 3506 2310 nisi
3534 2271 3658 2310 eum
3686 2271 3813 2311 esu-

2236 2348 2465 2404 rientem
2511 2348 2703 2403 iterum
2750 2353 3013 2403 cerneret.
3062 2346 3129 2401 Et
3171 2364 3330 2418 quem
3384 2358 3505 2419 post
3549 2348 3807 2418 jejunium

2235 2442 2560 2498 esurientem
2572 2441 2725 2504 vidit,
2743 2440 2895 2510 quasi
2918 2439 3188 2495 hominem
3212 2448 3419 2495 tentare
3446 2441 3802 2513 praesumpsit.

2236 2534 2388 2591 Unde
2408 2542 2463 2590 et
2490 2534 2772 2590 subditur:

2312 2647 2329 2678 (
2366 2627 2432 2681 Et
2459 2627 2721 2681 accedens
2751 2633 3003 2691 tentator,
3030 2625 3164 2680 dixit
3192 2627 3240 2681 ei
3271 2641 3285 2679 :
3326 2625 3381 2681 Si
3403 2626 3571 2683 Filius
3594 2626 3675 2681 Dei
3703 2641 3785 2691 es,

2242 2739 2259 2771 ι
2294 2719 2379 2775 dic
2398 2729 2457 2774 ut
2479 2718 2682 2789 lapides
2707 2718 2793 2773 isti
2821 2734 2986 2790 panes
3000 2720 3148 2774 tiant.
3174 2739 3191 2770 ι
3218 2719 3351 2787 Quia
3380 2721 3796 2792 esurientipanis

2235 2814 2510 2885 congruit,
2557 2828 2715 2884 quem
2765 2813 3091 2870 esurientem
3132 2814 3295 2882 vidit,
3338 2824 3401 2871 ut
3439 2816 3505 2872 de
3544 2815 3802 2888 lapidibus

2233 2920 2425 2978 panem
2451 2904 2678 2970 faceret,
2707 2904 2990 2976 persuasit.
3036 2903 3142 2960 Sed
3178 2905 3316 2960 forte
3338 2919 3517 2977 movet
3537 2908 3767 2976 aliquem
3787 2946 3802 2972 ,

2234 2996 2374 3051 unde
2420 2995 2690 3061 diabolus,
2737 3004 2797 3050 ut
2828 2995 3110 3051 Dominum
3160 3004 3420 3060 tentaret,
3464 2997 3807 3051 occasionem

2235 3085 2554 3157 sumpserit,
2596 3096 2651 3142 et
2686 3103 2783 3142 cur
2816 3103 2936 3144 eum
2972 3086 3164 3159 Filium
3196 3086 3289 3142 Dei
3321 3088 3688 3142 aastimaverit.
3726 3086 3808 3141 Ad

2233 3176 2377 3249 quod
2422 3177 2888 3247 respondendum,
2916 3177 3041 3247 quia
3083 3175 3223 3231 forte
3252 3177 3437 3231 audivit
3480 3176 3572 3231 Dei
3621 3177 3813 3232 Patris

2237 3281 2420 3341 vocem
2458 3266 2791 3323 intonantem
2820 3286 2832 3321 :
2870 3286 2888 3319 ι
2919 3266 3017 3322 Hic
3054 3277 3137 3324 est
3176 3268 3342 3323 Filius
3368 3284 3514 3323 meus
3546 3268 3809 3333 dilectus,

2231 3361 2284 3416 iu
2316 3376 2422 3431 quo
2465 3360 2594 3415 mihi
2626 3361 2921 3432 complacui
2945 3359 3159 3432 (Matth.
3192 3362 3345 3433 xvtt).
3369 3381 3387 3413 ι
3418 3361 3485 3416 Et
3504 3362 3624 3417 ideo
3644 3378 3809 3432 quem

2232 3461 2464 3508 testante
2486 3453 2644 3509 Patre
2664 3454 2831 3508 Deum
2853 3452 3074 3519 audivit,
3101 3454 3369 3509 hominem
3397 3455 3618 3510 credere
3636 3455 3807 3510 distu-

2231 3544 2310 3600 lit.
2356 3544 2471 3600 Nisi
2513 3545 2657 3599 enim
2706 3543 2876 3599 Deum
2918 3543 3065 3599 illum
3104 3545 3425 3612 aestimaret,
3467 3562 3805 3621 nequaquam

2230 3652 2327 3706 per
2366 3636 2642 3691 obsessum
2685 3635 2956 3690 hominem
2993 3636 3229 3691 diceret:
3271 3654 3289 3687 ι
3318 3636 3454 3705 Quid
3486 3638 3581 3692 tibi
3623 3649 3677 3694 et
3714 3654 3805 3693 no-

2230 3724 2345 3791 bis,
2394 3725 2491 3781 Fili
2537 3724 2677 3779 Dei?
2731 3724 2927 3781 venisti
2973 3734 3097 3780 ante
3154 3736 3362 3809 tempus
3405 3733 3656 3798 torquere
3709 3743 3806 3783 nos

2233 3816 2447 3889 (Matth.
2474 3817 2635 3888 vni)?
2669 3836 2688 3867 ι
2724 3816 2829 3873 Sed
2872 3817 2998 3888 quia
3035 3833 3152 3888 quas
3195 3818 3427 3874 hominis
3466 3829 3593 3874 sunt
3642 3820 3697 3874 in
3742 3835 3804 3875 eo

2229 3906 2382 3972 vidit,
2410 3914 2588 3960 utrum
2617 3905 2758 3961 Deus
2786 3915 2929 3962 esset
2962 3922 3129 3978 usque
3150 3908 3216 3961 ad
3248 3917 3478 3964 mortem
3514 3909 3799 3980 ignoravit.

2226 3998 2303 4053 Ita
2330 3997 2475 4052 enim
2522 3997 2779 4053 Dominus
2813 4006 2996 4053 noster
3034 3997 3191 4054 Jesus
3224 3999 3475 4055 Christus
3510 4016 3606 4055 sua
3643 4017 3803 4073 opera

2229 4089 2579 4159 temperavit,
2611 4096 2671 4143 ut
2708 4089 2949 4145 diabolus
2972 4088 3109 4160 .cjus
3148 4090 3434 4144 adventum
3476 4106 3805 4162 cognoscere

2227 4195 2330 4234 non
2352 4188 2553 4249 posset,
2593 4188 2647 4233 et
2675 4194 2772 4249 per
2793 4179 3047 4233 virtutem
3077 4179 3463 4234 miraculorum
3494 4196 3719 4236 suorum
3748 4197 3803 4239 se

2225 4270 2395 4325 Deum
2436 4285 2555 4326 esse
2590 4270 2787 4325 mundo
2826 4269 3218 4325 manifestaret.
3261 4269 3564 4343 Conceptus
3600 4274 3801 4345 quippe

2225 4373 2309 4419 est
2344 4371 2403 4417 ut
2432 4364 2608 4429 Deus,
2648 4364 2742 4419 sed
2769 4374 2928 4419 natus
2959 4373 3018 4419 ut
3064 4366 3242 4419 homo.
3278 4365 3345 4421 Ut
3390 4366 3530 4423 Deus
3577 4384 3606 4423 a
3636 4368 3804 4440 Magis

2224 4465 2310 4511 est
2334 4457 2608 4522 adoratus,
2638 4464 2697 4509 ut
2717 4455 2877 4510 homo
2904 4471 2935 4509 a
2960 4455 3284 4529 parentibus
3306 4456 3359 4510 in
3387 4456 3677 4529 Egyptum
3705 4460 3801 4515 de-

2225 4554 2489 4617 portatus.
2517 4545 2679 4613 Quasi
2710 4545 2852 4601 Deus
2885 4543 3175 4615 jejuuavit,
3217 4547 3369 4617 quasi
3402 4548 3562 4603 homo
3586 4549 3801 4604 esuriit.

2226 4638 2389 4707 Quasi
2417 4640 2577 4693 homo
2597 4638 2873 4705 dormivit,
2892 4636 3054 4713 quasi
3083 4638 3223 4695 Deus
3249 4640 3421 4695 ventis
3446 4650 3502 4696 et
3530 4642 3668 4696 mari
3698 4643 3803 4696 im-

2227 4729 2452 4800 peravit.
2494 4728 2656 4797 Quasi
2689 4729 2831 4785 Deus
2860 4730 2925 4785 de
2948 4728 3136 4801 paucis
3174 4730 3403 4803 panibus
3438 4731 3603 4786 multa
3636 4732 3804 4786 millia

2229 4821 2505 4878 hominum
2535 4820 2774 4888 satiavit,
2801 4821 2956 4892 quasi
2986 4822 3147 4878 homo
3166 4830 3380 4878 terreno
3400 4823 3521 4879 cibo
3546 4824 3803 4895 indiguit.

2227 4913 2294 4968 Et
2327 4912 2394 4967 ad
2433 4910 2677 4967 ultimum
2701 4953 2717 4979 ,
2758 4922 2815 4965 ut
2857 4912 3017 4968 homo
3040 4912 3329 4968 cruciﬁxus
3364 4921 3477 4977 est,
3524 4915 3617 4968 sed
3646 4915 3803 4983 quasi

2228 5003 2369 5060 Deus
2403 5003 2715 5058 resurrexit.
2757 5001 2881 5057 Tria
2912 5003 3052 5057 enim
3098 5003 3255 5074 hujus
3284 5002 3464 5056 mundi
3499 5002 3802 5072 principem

2230 5093 2283 5147 in
2318 5092 2543 5148 Domino
2573 5093 2874 5157 latuerunt,
2913 5093 3225 5161 conceptio,
3265 5102 3453 5163 partus
3473 5132 3487 5157 ,
3517 5100 3572 5146 et
3596 5092 3800 5161 passio.

2226 5183 2380 5261 Quia,
2414 5181 2552 5259 sicut
2584 5181 3051 5253 dicitApostolus:
3087 5200 3104 5232 ι
3139 5181 3192 5236 Si
3226 5182 3625 5252 cognovissent,
3657 5198 3801 5236 nun-

2224 5290 2384 5347 quam
2424 5273 2711 5328 Dominum
2759 5272 2941 5343 gloriae
2982 5271 3377 5328 cruciﬁxissent
3409 5270 3458 5344 (I
3491 5269 3613 5325 Cor.
3658 5271 3739 5341 ιι).
3775 5288 3798 5322 ο

2225 5364 2332 5424 Sed
2374 5366 2496 5438 quia
2537 5363 2652 5434 ejus
2701 5364 3038 5419 divinitatem
3096 5363 3262 5419 voluit
3306 5362 3624 5435 explorare,
3678 5362 3803 5417 ideo

2225 5461 2489 5516 accedens
2508 5457 2573 5513 ad
2599 5458 2931 5524 tentandum,
2956 5458 3120 5513 dixit:
3143 5477 3161 5509 ι
3185 5457 3421 5512 SiFilius
3435 5456 3526 5531 Dei
3548 5472 3659 5521 es,»
3687 5463 3795 5511 etc.

2226 5552 2444 5607 Duobus
2481 5551 2626 5606 enim
2672 5548 2844 5604 modis
2892 5550 3006 5620 ipsa
3056 5540 3151 5605 sua
3203 5538 3501 5625 tentatione
3551 5547 3801 5604 diabolus

2226 5654 2439 5725 tenetur
2465 5640 2738 5700 astrictus.
2769 5642 2826 5698 Si
2848 5644 2991 5699 enim
3022 5652 3225 5698 tantum
3265 5643 3536 5698 hominem
3566 5641 3803 5696 aestima-

2223 5738 2300 5793 vit
2328 5748 2383 5815 et
2407 5753 2511 5793 non
2535 5738 2723 5803 Deum,
2750 5753 2917 5809 quare
2941 5746 2999 5815 ut
3020 5737 3086 5795 de
3116 5737 3380 5809 lapidibus
3405 5752 3571 5807 panes
3595 5736 3799 5815 faceret

2225 5833 2488 5895 tentavit,
2538 5846 2659 5885 cum
2700 5833 2800 5886 hoc
2830 5831 2937 5885 Deo
2980 5830 3308 5903 impossibile
3346 5846 3451 5884 non
3493 5828 3601 5883 sit?
3645 5829 3798 5883 Sicut

2227 5926 2504 5993 diximus,
2568 5924 2721 5994 quasi
2792 5925 2982 5978 dubius
3047 5934 3100 5977 et
3161 5924 3245 5979 inc
3283 5933 3397 5977 rtus
3454 5920 3792 5989 loquebatur.
