3994 6354
184 460 285 522 197

1388 470 1689 541 HOMILIIE
1732 483 1819 540 DE
1859 482 2202 544 TEMPORE.

3342 504 3441 565 l98

254 600 272 635 ι
305 580 410 649 Qui
438 583 767 685 respondens
789 554 965 685 dixit:
1001 585 1273 685 Scriptum
1292 597 1375 646 est
1398 606 1410 642 :
1436 590 1550 685 Non
1577 594 1632 661 in
1655 594 1769 653 solo
1795 603 1846 661 Α
1945 619 1964 653 ι
2003 599 2060 661 Si
2086 598 2254 663 Filius
2283 601 2378 657 Dei
2406 616 2464 658 es
2483 643 2500 670 ,
2536 606 2691 669 mitte
2718 619 2770 665 te
2793 607 3066 669 deorsum.
3098 630 3119 666 ι
3151 611 3268 685 Non
3296 615 3445 677 enim

185 693 203 725 ι
239 688 381 745 pane
408 675 543 733 vivit
570 676 751 743 homo,
782 678 877 735 sed
907 678 962 733 in
992 681 1140 737 omni
1165 682 1331 738 verbo
1351 684 1495 754 quod
1518 689 1764 757 procedit

184 782 202 815 ι
240 766 307 819 de
326 779 427 823 ore
452 764 570 825 Dei.
605 786 624 819 ι
659 765 849 839 Magna
879 779 962 825 est
990 770 1203 827 Domini
1228 776 1497 849 potentia,
1541 778 1637 837 sed
1656 795 1765 839 non

179 858 357 917 minor
377 857 499 928 ejus
526 858 833 919 declaratur
853 862 1133 932 patientia.
1161 866 1264 933 Qui
1299 867 1444 931 enim
1466 868 1582 925 solo
1601 870 1764 927 verbo

179 955 506 1025 tentatorem
536 966 693 1031 suum
712 993 725 1020 ,
753 961 846 1011 aut
867 954 923 1009 in
950 954 1181 1027 lapidem
1217 942 1559 1028 convertere,
1593 973 1689 1019 aut
1710 965 1765 1020 in

175 1038 431 1117 abyssum
459 1051 676 1114 poterat
701 1059 964 1121 mergere,
991 1045 1107 1117 ejus
1139 1051 1464 1108 tentationes
1485 1052 1763 1120 sustinuit,

175 1134 474 1193 ostendens
499 1136 654 1199 nobis
681 1153 789 1194 non
818 1153 940 1195 esse
980 1142 1277 1201 timendum
1310 1159 1432 1203 cum
1470 1154 1763 1214 tentamur,

175 1224 267 1283 sed
286 1227 598 1289 cavendum
628 1244 696 1285 ne
724 1231 1115 1297 tentationibus
1139 1237 1557 1303 consentiamus.
1587 1259 1605 1289 ι
1635 1238 1767 1294 Bea-

176 1323 258 1369 tus
298 1316 454 1377 enim
484 1318 564 1375 vir
592 1320 684 1391 qui
714 1310 905 1381 suffert
929 1326 1284 1387 tentationem
1302 1368 1319 1395 ,
1357 1329 1611 1398 quoniam
1641 1345 1765 1385 cum

173 1409 438 1478 probatus
467 1411 653 1479 fuerit,
686 1415 917 1487 accipiet
938 1432 1194 1475 coronam
1218 1422 1364 1489 vitta,
1394 1438 1555 1492 quam
1586 1439 1765 1494 repro-

176 1500 320 1561 misit
347 1502 497 1561 Deus
520 1505 867 1580 diligentibus
897 1524 954 1563 se
971 1509 1177 1581 (Jacob.
1203 1510 1264 1584 ι).
1297 1531 1318 1564 ι
1341 1512 1450 1569 Nec
1475 1521 1762 1585 potestate,

174 1592 267 1647 sed
304 1596 639 1665 auctoritate
682 1598 952 1659 diabolum
984 1600 1243 1660 Dominus
1271 1604 1436 1660 voluit
1469 1620 1724 1676 superare
1743 1646 1760 1670 ,

173 1686 470 1751 ostendens
516 1690 673 1755 nobis
700 1694 1126 1769 quotiescunque
1161 1709 1192 1748 a
1232 1695 1444 1751 diabolo
1471 1704 1760 1762 tentantur,

174 1776 237 1829 ad
264 1780 652 1845 auctoritatem
681 1782 1085 1859 Scripturarum
1104 1802 1318 1859 semper
1337 1803 1454 1844 esse
1481 1804 1764 1846 recurren-

174 1865 320 1922 dum.
355 1869 428 1925 Et
452 1871 556 1927 hoc
584 1872 891 1935 faciendum
922 1877 1063 1947 quod
1095 1876 1378 1949 Scriptura
1408 1890 1625 1949 monet,
1653 1897 1761 1939 non

172 1959 314 2026 quod
365 1960 615 2020 diabolus
656 1967 910 2041 suggerit.
958 1965 1065 2025 Sed
1112 1972 1252 2039 quod
1295 1970 1552 2027 Dominus
1587 1972 1754 2027 dicit:
1786 1972 1836 2033 B

177 2066 194 2098 ι
232 2047 351 2105 Non
383 2053 441 2131 in
477 2053 591 2119 solo
624 2072 763 2127 pane
794 2058 926 2115 vivit
952 2058 1148 2126 homo,
1184 2079 1202 2112 ι
1233 2058 1386 2130 juxta
1412 2062 1649 2119 litteram
1690 2065 1764 2119 ita

169 2147 281 2204 est,
306 2142 568 2211 quoniam
601 2146 970 2215 vita,liominis
991 2163 1100 2204 non
1124 2148 1181 2205 in
1206 2150 1321 2205 solo
1347 2167 1488 2222 pane
1518 2147 1603 2208 est
1631 2167 1763 2209 con-

168 2231 391 2298 stituta,
425 2237 519 2291 sed
543 2238 721 2295 varios
740 2239 889 2301 cibos
917 2240 983 2294 ad
1016 2240 1157 2295 illius
1187 2256 1315 2296 usus
1336 2243 1476 2298 Deus
1502 2245 1763 2311 condidit,

166 2326 385 2385 scilicet
424 2345 683 2399 pecorum
725 2348 952 2399 carnes,
992 2335 1173 2393 avium
1222 2343 1278 2390 et
1310 2335 1570 2409 piscium,
1604 2345 1768 2407 atque

163 2419 393 2477 diversa
422 2438 624 2497 genera
647 2424 938 2479 fructuum.
956 2425 1107 2493 Quod
1134 2442 1262 2483 vero
1284 2427 1591 2499 snbjungit:
1615 2448 1633 2478 ‹
1659 2429 1767 2484 Sed

165 2508 218 2565 in
248 2513 409 2571 omni
436 2514 598 2568 verbo
636 2515 778 2584 quod
813 2517 1058 2584 procedit
1092 2517 1157 2572 de
1196 2532 1291 2573 ore
1329 2518 1443 2581 Dei,
1477 2538 1495 2572 ι
1525 2518 1766 2574 ostendit

166 2616 290 2656 esse
319 2601 487 2661 aliam
522 2606 686 2659 vitam
714 2609 956 2676 corporis
977 2648 993 2674 ,
1034 2610 1194 2665 aliam
1224 2594 1439 2665 animae.
1474 2611 1594 2665 Vita
1620 2611 1767 2666 enim

169 2694 420 2763 corporis
446 2695 627 2755 anima
650 2705 751 2762 est,
776 2698 884 2752 vita
908 2699 1101 2754 animae
1128 2700 1290 2755 Deus.
1319 2701 1387 2755 Et
1404 2701 1544 2756 sicut
1570 2717 1765 2773 corpus

172 2787 428 2853 moritur,
472 2787 519 2843 si
566 2804 672 2844 non
700 2789 941 2858 pascitur
965 2790 1087 2845 cibo
1126 2790 1330 2845 carnali
1363 2831 1380 2856 ,
1420 2792 1496 2846 ita
1535 2793 1764 2848 moritur

173 2877 375 2957 anima,
404 2876 510 2943 nisi
542 2877 820 2934 reﬁciatur
846 2880 1007 2935 verbo
1031 2880 1125 2936 Dei
1155 2899 1168 2934 :
1200 2896 1309 2938 non
1338 2889 1527 2937 utnon
1554 2883 1642 2948 sit,
1667 2882 1763 2939 sed

174 2976 233 3022 ut
256 2968 401 3041 mala
423 2971 511 3027 sit.
544 2970 681 3041 Quia
713 2989 731 3023 ι
764 2988 874 3028 non
903 2971 958 3026 in
988 2973 1103 3029 solo
1129 2988 1269 3044 pane
1294 2975 1424 3031 vivit
1449 2975 1632 3043 homo,
1665 2976 1761 3032 sed

181 3077 199 3110 σ
230 3060 285 3119 in
306 3064 452 3131 omni
478 3064 643 3129 verbo
670 3066 816 3143 quod
842 3066 1084 3136 procedit
1104 3066 1173 3122 de
1202 3081 1296 3123 ore
1322 3066 1442 3122 Dei.
1472 3087 1492 3121 ι

253 3173 273 3205 ι
304 3154 453 3219 Tunc
470 3156 763 3227 assumpsit
789 3172 914 3215 eum
944 3152 1191 3215 diabolus
1215 3158 1269 3214 in
1299 3168 1544 3221 sanctam
1567 3161 1759 3218 civita-

187 3264 204 3296 ι
249 3253 376 3303 tetu.
412 3267 433 3300 ι
479 3248 732 3307 Sanctam
759 3249 1034 3306 civitatem
1058 3252 1115 3306 in
1141 3251 1244 3307 hoc
1274 3251 1392 3309 loco
1416 3253 1759 3326 Evangelista

188 3332 477 3409 Ierusalem
505 3339 734 3413 appellat
761 3358 776 3393 :
800 3354 907 3397 non
947 3343 1094 3410 quod
1123 3350 1248 3398 tunc
1269 3353 1459 3399 sancta
1481 3354 1646 3410 esset,
1663 3344 1759 3401 sed
1786 3344 1831 3407 C

190 3426 313 3494 quia
335 3428 614 3507 pristinum
638 3448 831 3489 nomen
857 3436 1168 3489 reservavit.
1201 3435 1328 3492 Sive
1347 3446 1493 3492 certe
1515 3446 1759 3493 sanctam

182 3532 302 3581 eam
335 3519 493 3588 dicit,
526 3524 596 3579 ad
620 3528 1075 3597 comparationem
1110 3529 1340 3584 aliarum
1366 3530 1670 3597 civitatum,
1700 3530 1759 3587 in

179 3611 373 3682 quibus
404 3617 714 3674 colebantur
740 3621 899 3676 idola.
936 3640 954 3673 ‹
982 3622 1050 3676 Ει
1081 3623 1268 3679 statuit
1297 3639 1419 3678 eum
1441 3637 1604 3693 supra
1630 3623 1756 3694 pin-

182 3722 201 3755 t
234 3706 483 3777 naculum
515 3711 716 3782 templi.
741 3731 762 3765 ι
790 3711 1143 3769 Pinnaculum
1163 3722 1344 3771 autem
1372 3713 1577 3784 templi,
1600 3714 1756 3769 sedes

175 3804 285 3855 erat
327 3801 708 3869 Sacerdotalis,
756 3820 877 3875 quae
920 3821 1135 3863 omnem
1183 3807 1520 3863 altitudinem
1570 3807 1754 3878 templi

179 3895 602 3961 supereminebat
623 3937 638 3963 ,
691 3899 780 3955 ubi
828 3900 1138 3957 sacerdotes
1190 3902 1412 3963 verbum
1456 3900 1657 3956 facturi
1685 3900 1753 3957 ad

177 3982 449 4052 populum,
488 3990 780 4045 ascendere
823 3988 967 4045 soliti
996 3998 1153 4044 erant
1174 4031 1189 4057 ,
1218 4000 1278 4045 ut
1307 3990 1521 4045 facilius
1544 3992 1754 4061 possint

178 4073 336 4133 audiri
375 4084 431 4130 et
456 4076 645 4132 videri.
676 4077 793 4135 Non
819 4080 960 4135 enim
988 4096 1140 4136 more
1162 4090 1349 4157 nostro
1384 4082 1440 4137 in
1466 4080 1750 4136 Palaestina

176 4159 397 4233 (scilicet
442 4176 586 4225 terra
631 4171 1097 4240 repromissionis,
1145 4188 1264 4243 qua:
1304 4173 1424 4228 ideo
1464 4172 1750 4229 Palaestina

176 4252 382 4320 dicitur,
408 4270 474 4311 eo
510 4258 654 4327 quod
688 4258 959 4316 Palicstini
993 4261 1066 4315 ibi
1108 4246 1520 4332 habitaverunt)
1561 4261 1748 4316 domos

175 4347 462 4416 atdiﬂcant,
505 4352 601 4407 sed
626 4352 814 4422 planas
841 4368 935 4408 eas
960 4354 1189 4426 desuper
1216 4354 1420 4409 faciunt
1457 4354 1524 4409 ad
1552 4354 1748 4409 seden-

176 4439 322 4509 dum,
353 4443 443 4499 vel
470 4445 538 4501 ad
561 4446 1030 4505 deambulandum.
1082 4446 1186 4503 Per
1222 4448 1507 4504 circuitum
1533 4463 1749 4519 quoque

178 4533 293 4587 tecti
326 4550 544 4591 murum
586 4538 887 4602 aedificant,
924 4546 981 4592 ut
1010 4539 1253 4593 securius
1278 4553 1439 4610 super
1468 4552 1561 4592 eas
1596 4538 1746 4593 incc-

177 4621 290 4679 dere
304 4628 538 4696 possint.
582 4626 733 4683 Unde
760 4627 968 4699 Moyses
994 4628 1191 4699 populo
1216 4630 1488 4700 praecepit,
1521 4630 1704 4685 dicens
1730 4647 1741 4682 :

180 4734 196 4767 ι
224 4716 352 4777 Cum
376 4721 729 4781 mditicaveris
756 4724 973 4779 domum
1000 4739 1217 4789 novam,
1249 4724 1414 4780 facies
1433 4740 1532 4795 per
1557 4725 1748 4780 circui-

178 4817 275 4866 tum
296 4813 432 4868 tecti
454 4827 701 4882 murum,
733 4830 801 4869 ne
835 4815 909 4869 sis
933 4830 1057 4869 reus
1086 4814 1299 4870 labente
1327 4816 1575 4886 proximo
1606 4826 1662 4869 et
1694 4815 1744 4868 in

174 4914 401 4974 ιιιηεοερδ
429 4914 620 4965 ruente
651 4904 829 4976 (Deut.
858 4906 1015 4976 χχιι).
1047 4926 1066 4956 ι
1094 4904 1177 4960 Ad
1195 4908 1332 4962 hanc
1348 4923 1477 4980 ergo
1502 4906 1750 4961 similitu-

176 4990 339 5051 dinem
366 4996 561 5053 domus
584 4995 730 5053 Ozite
756 4998 896 5069 regis
921 4999 1185 5055 teditieata
1203 4995 1370 5054 fuisse
1398 5000 1657 5063 creditur,
1682 4996 1748 5053 de

175 5098 269 5152 quo
289 5088 554 5158 scriptum
579 5099 690 5146 est:
721 5110 737 5141 ι
769 5088 905 5156 Quia
925 5090 1119 5146 cecidit
1145 5104 1241 5159 per
1262 5089 1529 5145 cancellos
1556 5089 1748 5147 donius

175 5191 291 5246 suae,
318 5189 380 5239 et
402 5189 650 5247 mortuus
671 5191 756 5237 est
777 5180 825 5249 (1
841 5180 882 5234 V
910 5179 1037 5252 Reg.
1061 5187 1122 5253 i).
1161 5201 1179 5232 ι
1221 5180 1395 5250 Super
1424 5195 1583 5235 omne
1613 5193 1744 5250 ergo

177 5272 418 5341 templum
438 5273 790 5342 pinnaculum
818 5271 977 5327 altius
1000 5280 1138 5338 erat,
1160 5272 1225 5327 de
1246 5286 1353 5342 quo
1378 5270 1745 5342 praecipitatus

176 5360 357 5432 texitur
381 5362 619 5425 Iacobus
638 5364 817 5427 frater
848 5364 1100 5432 Domini,
1129 5380 1195 5421 eo
1216 5364 1361 5435 quod
1394 5362 1744 5419 annuntiaret

175 5452 224 5507 in
247 5453 545 5515 Jerusalem
573 5457 1024 5517 resurrectionem
1065 5472 1129 5512 ex
1155 5456 1403 5513 mortuis.
1433 5455 1492 5510 ln
1517 5455 1619 5509 hoc
1644 5453 1743 5524 igi—

177 5553 254 5602 tur
275 5549 562 5619 pinnaculo
577 5552 933 5621 assumpsisse
954 5549 1196 5607 diabolus
1216 5549 1503 5605 Dominum
1524 5546 1738 5613 dicitur,

172 5653 270 5694 non
286 5657 385 5697 sua
402 5652 704 5713 potestate,
724 5642 819 5699 sed
846 5640 1057 5697 Domini
1080 5640 1345 5713 permissu
1367 5649 1423 5695 et
1443 5639 1737 5695 voluntate.

173 5730 279 5801 Ipse
303 5735 451 5792 enim
485 5736 542 5792 in
575 5736 865 5808 pinnaculo
900 5735 1119 5807 prepria
1146 5734 1423 5790 voluntate
1464 5734 1735 5801 ascendit,

177 5836 228 5881 ut
270 5830 612 5905 occasionem
656 5831 898 5888 tentandi
937 5828 1149 5887 diabolo
1206 5829 1378 5884 daret.
1431 5827 1737 5885 Notandum

174 5926 361 5995 autem,
393 5930 537 5999 quod
579 5928 935 6001 praecipitium
987 5926 1320 5998 persuadens
1349 5924 1591 5981 diabolus
1623 5926 1695 5979 ait
1724 5944 1733 5977 :

1864 705 2001 763 quos
2032 692 2233 762 decipit.
2252 708 2467 751 sursum
2496 699 2789 763 ascendere
2814 711 2998 767 monet,
3021 743 3036 768 ,
3066 704 3163 761 sed
3185 705 3443 771 deorsum

1865 795 2023 839 ruere
2045 783 2254 849 suadet.
2298 782 2451 841 Unde
2482 785 2705 861 pulchre
2735 787 3089 865 Symmachus
3115 794 3313 855 diaboli
3342 812 3441 853 no-

1865 888 1987 933 men
2013 873 2255 937 deorsum
2281 877 2449 947 ﬂuens
2480 878 2862 953 interpretatus
2889 894 3004 953 est,
3041 896 3098 947 ut
3125 888 3268 957 quod
3293 888 3444 944 aitin

1865 966 2139 1023 voluntate
2160 1008 2176 1034 ,
2220 969 2321 1024 hoc
2346 970 2508 1025 etiam
2535 981 2754 1029 sonaret
2778 973 2833 1027 in
2856 977 3094 1053 nomine.
3134 977 3244 1035 Nec
3269 980 3443 1036 solum

1863 1056 2218 1128 prmeipitium
2250 1058 2495 1127 diabolus
2521 1062 2822 1132 persuasit,
2849 1066 2949 1127 sed
2966 1066 3132 1131 etiam
3154 1079 3213 1125 ut
3232 1070 3448 1143 facilius

1864 1149 1913 1203 ei
1938 1150 2273 1219 crederetur,
2314 1154 2692 1217 auctoritatem
2727 1154 3025 1228 Scriptura:
3055 1161 3332 1229 adhibuit,
3359 1163 3444 1220 di-

1865 1254 2031 1301 cens:

1940 1379 1959 1412 ι
1994 1360 2266 1432 Scriptum
2298 1374 2383 1421 est
2406 1367 2587 1434 enim,
2627 1368 2753 1438 quia
2791 1368 2996 1439 angelis
3021 1369 3136 1425 suis
3171 1373 3448 1430 mandavit

1872 1470 1889 1503 ι
1925 1452 1991 1508 de
2020 1462 2092 1519 te,
2111 1464 2165 1510 et
2192 1456 2247 1510 in
2278 1460 2526 1516 manibus
2556 1459 2743 1516 tollent
2765 1469 2840 1527 te,
2864 1476 2933 1517 ne
2951 1461 3091 1518 forte
3115 1462 3353 1522 oﬂ‘endas
3375 1467 3447 1522 ad

1869 1561 1887 1594 ι
1927 1543 2160 1614 lapidem
2188 1548 2377 1616 pedem
2412 1558 2581 1605 tuum.
2615 1568 2635 1602 ι
2660 1550 2745 1605 Ex
2781 1567 2889 1622 quo
2926 1553 3048 1609 loco
3071 1557 3447 1623 cognoscimus

1862 1635 1989 1705 quia
2036 1635 2283 1693 diabolus
2320 1639 2462 1695 male
2505 1639 2814 1712 Scripturas
2862 1643 3272 1714 interpretatur.
3333 1646 3451 1704 Hoc

1862 1726 2006 1779 enim
2041 1740 2147 1781 non
2172 1728 2240 1782 de
2282 1743 2513 1799 persona
2556 1730 2768 1786 Domini
2806 1733 3066 1803 scriptum
3103 1743 3218 1800 est,
3265 1736 3361 1795 sed
3392 1736 3451 1795 in

1861 1833 2093 1890 persona
2111 1822 2244 1892 justi
2275 1824 2375 1878 viri
2396 1825 2630 1891 canitur,
2653 1826 2746 1895 qui
2767 1826 3034 1897 adiutorio
3053 1827 3260 1899 indiget
3285 1844 3451 1900 auges

1864 1908 2055 1975 lorum,
2086 1926 2154 1967 ne
2171 1913 2408 1969 offendat
2425 1914 2492 1968 ad
2519 1914 2770 1986 lapidem,
2794 1918 2898 1974 hoc
2927 1926 3031 1984 est,
3054 1919 3109 1981 in
3138 1920 3312 1989 legem
3331 1936 3452 1991 qua

1864 2003 1919 2059 in
1941 2003 2135 2060 tabulis
2157 2005 2385 2076 lapideis
2413 2007 2616 2078 scripta
2638 2016 2721 2064 est
2745 2023 2759 2063 :
2784 2009 2868 2065 vel
2885 2011 3046 2065 etiam
3075 2012 3129 2065 in
3150 2011 3449 2077 Christum,

1864 2096 1956 2165 qui
1986 2106 2072 2151 est
2090 2096 2446 2168 spiritualiter
2474 2108 2649 2169 petra,
2686 2100 2829 2157 sicut
2853 2100 3273 2172 aitApostolus:
3302 2122 3323 2155 ι
3351 2102 3453 2160 Pe-

1866 2195 1947 2241 tra
1971 2196 2151 2243 autem
2185 2197 2307 2242 erat
2329 2188 2580 2245 Christus
2602 2189 2687 2261 (11
2717 2190 2840 2246 Cor.
2867 2191 2945 2262 ι).
2978 2211 2998 2246 ι
3044 2191 3114 2249 Et
3136 2190 3405 2263 Propheta
3430 2211 3447 2251 :

1870 2296 1888 2328 ι
1921 2278 2063 2333 Ecce
2086 2294 2185 2348 ego
2212 2295 2409 2349 ponam
2438 2281 2494 2335 in
2519 2281 2652 2336 Sion
2683 2281 2912 2353 lapidem
2938 2282 3252 2360 olfensionis
3272 2292 3328 2340 et
3352 2299 3449 2353 pe-

1866 2376 2006 2421 tram
2037 2369 2281 2424 scandali
2307 2369 2457 2441 (Isa.
2484 2372 2634 2442 vni).
2670 2391 2690 2425 ι
2730 2372 2864 2427 Nam
2905 2373 2953 2428 si
2988 2389 3177 2429 verum
3204 2373 3450 2433 diabolus

1866 2460 2049 2516 dicere
2068 2461 2346 2526 voluisset,
2368 2463 2499 2518 illud
2524 2462 2783 2519 debuerat
2800 2465 2983 2521 dicere
3002 2467 3147 2534 quod
3167 2466 3223 2525 in
3259 2466 3450 2523 eodem

1864 2556 2071 2626 psalmo
2098 2556 2406 2626 sequitur:
2449 2574 2469 2606 ‹
2519 2554 2695 2626 Super
2738 2557 2983 2627 aspidem
3030 2566 3085 2612 et
3136 2558 3455 2621 basiliscum

1864 2647 2167 2702 ambulabis
2190 2686 2206 2712 ,
2270 2656 2326 2702 et
2383 2647 2726 2705 conculcabis
2783 2648 2995 2704 leonem
3049 2659 3106 2705 et
3158 2649 3450 2709 draconem

1864 2736 2039 2809 (Paul.
2065 2740 2215 2811 xxx).
2247 2760 2269 2792 ι
2300 2739 2418 2809 Ipse
2443 2748 2526 2794 est
2548 2740 2693 2794 enim
2719 2740 2867 2810 aspis
2883 2779 2898 2807 ,
2924 2741 3019 2810 qui
3040 2754 3249 2799 veneno
3275 2750 3452 2799 tenta-

1863 2829 2070 2883 tionum
2092 2830 2304 2885 animas
2343 2831 2621 2884 hominum
2649 2840 2829 2886 necat.
2860 2832 2981 2901 ipse
3012 2832 3327 2901 basiliscos,
3357 2836 3451 2904 qui

1860 2921 1992 2976 ﬂatu
2023 2923 2221 2993 iniquae
2245 2922 2610 2993 persuasionis
2636 2924 2846 2979 animas
2865 2924 3176 2981 interimere
3198 2934 3448 2983 conatur.

1858 3015 1978 3086 ipse
2000 3024 2087 3072 est
2110 3016 2218 3083 leo,
2250 3017 2343 3088 qui
2365 3017 2646 3072 circuiens
2663 3019 2857 3087 quaerit
2880 3032 3043 3087 quem
3068 3018 3306 3077 deuoret.
3331 3018 3450 3087 ipse

1860 3119 1946 3165 est
1973 3119 2029 3165 et
2056 3111 2246 3176 draco,
2264 3110 2359 3180 qui
2379 3110 2625 3166 homines
2644 3125 2780 3180 quos
2798 3111 3002 3182 decipit
3021 3111 3077 3165 in
3103 3111 3451 3182 voraginibus

1860 3216 2143 3271 pinnarum
2174 3202 2514 3261 absorbendo
2543 3202 2831 3271 pertrahit.
2863 3201 3127 3258 Dominus
3147 3210 3327 3272 autem
3350 3216 3445 3259 su-

1862 3309 1960 3364 per
1985 3294 2229 3364 aspidem
2256 3303 2314 3348 et
2333 3294 2646 3349 basiliscum
2674 3294 3000 3361 ambulavit,
3028 3304 3084 3351 et
3106 3294 3449 3351 conculcavit

1862 3382 2072 3437 leonem
2101 3392 2157 3437 et
2180 3384 2492 3449 draconem,
2516 3384 2611 3453 qui
2641 3384 2847 3452 antiqui
2872 3385 3047 3439 hostis
3076 3384 3298 3439 insidias
3318 3400 3446 3452 pro-

1860 3475 1979 3544 pnia
2000 3474 2203 3530 virtute
2222 3473 2489 3545 confregit
2515 3492 2529 3527 :
2563 3475 2638 3529 ita
2659 3484 2720 3529 ut
2744 3475 2879 3530 nulli
2905 3474 3218 3532 Christiano
3246 3490 3445 3535 nocere

1858 3567 2051 3636 possit,
2080 3566 2185 3622 nisi
2212 3582 2313 3621 nos
2326 3567 2383 3622 ei
2412 3574 2605 3635 sponte
2630 3564 2996 3635 subjiciamur.
3026 3565 3134 3622 Sed
3161 3567 3308 3622 hunc
3325 3579 3446 3622 ver-

1859 3656 2119 3723 siculum,
2162 3672 2326 3727 quem
2368 3656 2617 3713 diabolus
2655 3658 2723 3712 de
2766 3672 2827 3712 se
2872 3657 3135 3727 scriptum
3182 3667 3443 3726 noverat,

1857 3751 2011 3820 quasi
2054 3750 2281 3805 callidus
2307 3749 2696 3821 tergiversator
2731 3747 2916 3804 tacuit.
2965 3747 3032 3802 Et
3070 3750 3214 3817 quod
3236 3747 3293 3805 in
3318 3763 3443 3820 per-

1857 3856 1986 3899 sona
2027 3845 2129 3899 viri
2171 3845 2303 3915 justi
2350 3844 2585 3909 canitur,
2639 3842 2866 3899 Domino
2891 3841 3049 3911 quasi
3082 3842 3299 3897 inﬁrmo
3342 3842 3441 3897 ho-

1855 3937 1987 3991 mini
2029 3937 2311 4006 opposuit,
2359 3938 2544 3992 dicens
2571 3953 2584 3990 :
2616 3955 2636 3988 ι
2672 3935 2946 4004 Scriptum
2972 3942 3055 3989 est
3078 3935 3206 4003 quia
3237 3933 3441 4005 angelis

1854 4029 1967 4084 suis
1989 4029 2266 4082 mandavit
2287 4030 2353 4084 de
2381 4036 2455 4093 te,
2488 4037 2548 4081 ct
2577 4028 2632 4082 in
2656 4027 2911 4082 manibus
2942 4026 3128 4082 tollent
3154 4035 3228 4092 te,
3263 4045 3285 4078 ι
3325 4036 3435 4082 etc.

1852 4122 1908 4177 in
1941 4138 2048 4191 quo
2074 4122 2192 4177 loco
2213 4130 2270 4177 et
2295 4120 2425 4176 illud
2447 4121 2844 4191 cognoscimus,
2876 4121 3004 4189 quia
3033 4120 3101 4175 ad
3128 4118 3438 4187 custodiente

1853 4216 1975 4269 dam
2006 4222 2319 4268 sanctorum
2351 4211 2519 4264 vitam
2545 4210 2721 4282 angeli
2752 4212 3102 4280 deputantur,
3136 4218 3273 4265 teste
3293 4209 3441 4279 Apo-

1852 4305 2012 4371 stolo,
2039 4306 2131 4376 qui
2159 4304 2273 4359 ait:
2302 4320 2322 4353 ‹
2353 4301 2493 4356 Sunt
2510 4301 2957 4357 administratorii
2990 4301 3236 4370 spiritus,
3261 4300 3316 4356 in
3336 4299 3440 4354 mi-

1849 4399 2135 4455 nisterium
2161 4396 2335 4463 missi,
2351 4406 2571 4466 propter
2590 4410 2684 4451 eos
2698 4395 2795 4466 qui
2818 4394 3188 4450 hasreditatem
3212 4394 3437 4463 capiunt

1851 4490 2043 4545 salutis
2072 4488 2261 4557 (Hebr.
2292 4488 2354 4557 i).
2388 4506 2408 4538 ι
2442 4487 2509 4540 Et
2526 4486 2784 4541 Dominus
2815 4486 2870 4540 in
2892 4484 3186 4553 Evangelio
3215 4484 3281 4537 de
3308 4496 3436 4551 par-

1848 4582 1988 4638 vulis
2015 4600 2027 4635 :
2063 4600 2081 4633 ι
2113 4580 2302 4652 Angeli
2334 4594 2521 4635 eorum
2552 4593 2776 4649 semper
2807 4576 2993 4635 vident
3033 4575 3230 4628 faciem
3254 4572 3435 4629 Patris

1772 4698 1825 4758 Β
1853 4675 2068 4749 (Matth.
2087 4676 2265 4746 xviii).
2300 4694 2318 4727 ι
2361 4672 2514 4729 Unde
2543 4673 2596 4726 in
2615 4671 2840 4725 Actibus
2877 4665 3282 4758 apostolorum,
3310 4679 3434 4721 cum

1849 4765 2042 4822 Petrus
2081 4767 2147 4821 ad
2179 4766 2403 4836 januani
2445 4763 2713 4832 pulsaret,
2760 4759 2963 4839 dictum
2994 4765 3086 4812 est
3114 4773 3127 4811 :
3161 4776 3178 4807 ι
3205 4756 3324 4812 Non
3352 4766 3437 4813 est

1850 4857 2074 4920 Petrus,
2126 4855 2219 4910 sed
2262 4854 2487 4924 angelus
2522 4852 2640 4922 ejus
2679 4860 2762 4905 cst
2803 4849 2941 4921 (Act.
2972 4849 3096 4921 xu).
3128 4868 3147 4900 ι
3178 4848 3321 4905 ilinc
3357 4848 3433 4903 ait

1852 4951 2071 5023 angelus
2097 4951 2313 5006 Tobiae:
2343 4967 2363 5000 ι
2392 4949 2526 5004 Cum
2554 4948 2807 5014 oraretis,
2840 4961 2940 5018 ego
2966 4946 3136 5003 obtuli
3158 4946 3432 5002 orationes

1849 5051 2062 5099 vestras
2088 5052 2212 5097 ante
2240 5043 2409 5100 Deum
2437 5040 2590 5113 (Tob.
2618 5038 2740 5111 xu).
2770 5058 2791 5092 ι

1927 5188 1943 5220 ι
1973 5168 2066 5224 Ait
2090 5167 2166 5222 illi
2212 5165 2370 5222 Jesus
2410 5179 2658 5219 rursum:
2713 5162 2986 5232 Scriptum
3012 5168 3132 5216 est:
3174 5157 3292 5214 Non
3312 5164 3418 5215 ten-

1854 5282 1872 5315 ι
1922 5264 2058 5318 tabis
2085 5261 2367 5318 Dominum
2397 5260 2584 5313 Deum.
2621 5278 2639 5311 ι
2673 5256 2978 5313 Notandum
3009 5253 3151 5325 quod
3173 5251 3324 5333 utilia
3350 5255 3429 5303 te-

1847 5358 2098 5414 stimonia
2153 5355 2410 5410 Dominus
2442 5354 2698 5408 adversus
2741 5348 3012 5404 diabolmn
3060 5361 3127 5401 ex
3170 5347 3429 5401 Deutero-

1849 5452 2013 5508 nomii
2045 5451 2189 5509 libro.
2208 5446 2519 5517 assumpsit,
2548 5442 2794 5499 secundae
2816 5438 2950 5510 legis
2976 5437 3181 5493 faciens
3200 5432 3429 5489 mentio-

1846 5560 1991 5612 nem,
2021 5550 2083 5613 ut
2103 5556 2223 5596 eam
2255 5550 2497 5595 sanctam
2531 5546 2586 5591 et
2606 5537 2807 5606 justam
2843 5547 2963 5587 esse
3010 5531 3423 5587 demonstraret,

1846 5645 2007 5708 atque
2028 5633 2173 5689 veris
2201 5630 2400 5703 clypeis
2441 5628 2574 5683 falsa
2607 5625 2809 5680 inimici
2833 5619 3008 5692 jacnla
3037 5615 3425 5708 confringeret,

1845 5705 1997 5805 cuius
2029 5727 2271 5807 victoria:
2302 5735 2485 5797 typum
2509 5720 2776 5793 quondam
2803 5714 2970 5805 David
2993 5710 3179 5810 tenuit,
3209 5705 3425 5777 quando

1842 5802 2101 5892 singulari
2131 5802 2425 5874 certamine
2455 5830 2575 5870 cum
2605 5802 2913 5866 Philistliaeo
2942 5802 3229 5874 pugnavit,
3273 5809 3424 5892 arma

1842 5889 2041 5988 regalia
2088 5912 2353 5983 deposuit,
2408 5917 2460 5963 et
2498 5907 2732 5977 quinque
2768 5895 3169 5968 limpidissiiuos
3212 5889 3425 5963 lapides
