3994 6354
539 413 644 470 I99

1172 403 1523 462 HAYMONIS
1559 401 2036 460 HALBERSTAT.
2077 400 2290 459 EPISC.
2333 401 2482 458 OPP.
2524 401 2706 459 PARS
2742 402 2808 459 ll.
2846 433 2918 445 —-
2955 402 3190 461 HOMIL.

3715 402 3838 458 200

535 528 601 583 de
623 531 864 582 torrente
885 519 1189 591 assumpsit,
1217 533 1354 589 quos
1382 519 1436 574 in
1459 533 1641 590 peram
1667 517 1990 588 pastoralem
2014 531 2110 588 po-
2134 519 2190 582 Α
2287 534 2308 570 ι
2337 516 2466 572 Haec
2487 516 2686 573 'omnia
2717 515 2815 572 tibi
2855 517 3025 584 dabo,
3077 518 3123 573 si
3167 514 3454 587 procidens
3483 516 3836 573 ador-avaris

534 617 677 673 suit:
723 632 756 672 e
801 613 994 684 quibus
1040 625 1206 666 unum
1250 611 1305 665 in
1357 609 1579 664 fundam
1615 608 1782 674 misit,
1839 615 1895 662 et
1936 605 2108 661 Phili—

533 712 762 767 sthzeum
797 709 850 762 in
890 706 1120 761 frontem
1145 703 1457 775 percutiens
1481 703 1539 757 in
1569 709 1768 758 terram
1792 699 2106 772 prostravit,

532 800 754 871 ejusque
779 805 940 868 caput
967 794 1144 866 gladio
1173 793 1318 848 illius
1359 791 1678 862 amputavit,
1708 805 1960 860 magnam
1983 803 2108 860 gra-

534 894 662 948 tiam
691 899 745 945 et
771 888 998 960 gloriam
1035 886 1283 941 tribuens
1322 882 1518 954 populo
1565 897 1664 938 suo
1710 879 1762 954 (1
1789 879 1917 950 Reg.
1944 878 2100 950 xvu).

528 983 698 1050 Quem
740 980 885 1035 enim
931 977 1122 1042 David,
1156 976 1248 1046 qui
1295 990 1456 1029 manu
1503 973 1651 1042 fortis
1694 972 2103 1041 interpretatur,

528 1071 721 1128 melius
759 1084 924 1140 quam
951 1065 1239 1123 Dominum
1271 1063 1457 1120 Jesum
1481 1061 1757 1118 Christum
1810 1059 2102 1130 signiﬁcat,

524 1164 654 1236 quia
681 1164 750 1220 de
781 1160 901 1231 ejus
931 1160 1099 1229 stirpe
1146 1171 1368 1214 carnem
1418 1152 1754 1223 assumpsit?
1804 1150 1907 1219 Qui
1957 1158 2105 1206 recte

526 1270 692 1311 manu
721 1252 878 1310 fortis
904 1251 1122 1315 dicitur,
1150 1249 1274 1319 quia
1303 1244 1649 1317 singulariter
1674 1242 1946 1299 diabolum
1980 1255 2107 1312 pro-

526 1345 741 1411 stravit,
785 1345 854 1399 de
879 1357 987 1414 quo
1013 1340 1274 1410 scriptum
1316 1345 1400 1393 est
1431 1353 1444 1390 :
1503 1353 1522 1387 (
1557 1335 1817 1390 Dominus
1844 1332 2003 1390 fortis
2050 1340 2107 1386 et

523 1444 738 1509 potens,
759 1433 1017 1490 Dominus
1036 1438 1228 1503 potens
1247 1429 1302 1484 in
1332 1427 1516 1498 pralio
1543 1426 1718 1500 (Psal.
1740 1425 1920 1496 xxut).
1953 1442 1972 1478 ι
1999 1423 2107 1479 Ριι-

525 1537 787 1600 gnaturus
814 1540 945 1596 ergo
965 1538 1090 1580 cum
1119 1521 1450 1586 Philisthaao,
1501 1519 1742 1590 quinque
1790 1516 2104 1588 limpidissi-

525 1636 644 1676 mos
676 1619 882 1690 lapides
905 1616 1087 1688 elegit,
1134 1615 1230 1671 sed
1272 1627 1383 1669 uno
1407 1613 1462 1668 in
1503 1611 1682 1668 fronte
1729 1610 2103 1666 Philisthzeum

522 1712 853 1784 percutiens,
883 1710 937 1765 in
967 1719 1168 1766 terram
1194 1704 1486 1778 prostravit
1511 1744 1526 1771 ,
1573 1703 1699 1774 quia
1725 1702 1984 1758 Dominus
2034 1703 2103 1757 ad

524 1802 950 1861 convincendam
1015 1799 1214 1856 diaboli
1275 1796 1570 1852 versutiam
1633 1794 1869 1866 quinque
1934 1793 2103 1850 libros

2211 624 2337 677 me,
2379 629 2398 663 ι
2462 607 2736 666 falsidicus
2762 611 3118 668 convincitur.
3172 608 3359 679 Neque
3397 608 3582 665 omnia
3635 623 3831 678 regna

2211 701 2414 768 mundi,
2460 701 2542 757 vel
2570 702 2794 774 gloriam
2843 717 3030 759 eorum
3073 710 3396 772 potestatem
3439 701 3608 758 habet
3640 701 3828 757 dandi

2209 793 2297 849 cui
2328 793 2461 858 vult,
2503 794 2720 864 quando
2769 807 2870 850 nec
2908 791 3264 849 substantiam
3294 791 3440 849 beati
3469 790 3574 847 Job
3598 791 3828 846 laedere

2209 899 2373 939 ausus
2422 891 2527 949 est,
2577 894 2864 954 antequam
2905 892 3049 940 esset
3097 899 3127 938 a
3157 883 3270 939 Deo
3305 882 3634 954 permissus,
3694 881 3825 953 ipso

2208 975 2421 1032 diabolo
2467 975 2680 1032 dicente
2705 975 2970 1032 Domino:
3030 995 3049 1027 ι
3079 975 3230 1030 Mitte
3271 989 3492 1030 manum
3522 985 3712 1040 tuam,
3763 985 3822 1032 et

2207 1076 2367 1140 tange
2419 1079 2612 1125 cuncta
2655 1085 2774 1140 quae
2811 1069 3066 1140 possidet,
3118 1068 3223 1124 nisi
3279 1069 3335 1124 in
3377 1067 3578 1124 faciem
3635 1070 3820 1125 bene-

2205 1159 2405 1215 dixerit
2435 1161 2532 1217 tibi
2582 1160 2714 1234 (Job
2744 1159 2818 1232 ι).
2855 1180 2874 1213 ι
2927 1159 3081 1228 Quod
3119 1175 3186 1217 ex
3230 1175 3296 1218 eo
3321 1160 3482 1217 facile
3508 1161 3693 1217 etiam
3721 1177 3816 1218 eo-

2205 1252 2511 1323 gnoscimus
2537 1252 2663 1323 quia
2709 1259 2928 1309 sanctos
2950 1252 3098 1308 viros
3123 1252 3178 1307 in
3204 1251 3549 1323 possessione
3583 1254 3814 1323 argenti

2205 1351 2261 1399 et
2287 1345 2404 1398 auri
2437 1343 2744 1414 praedivites
2769 1342 2936 1400 fuisse
2965 1343 3214 1415 legimus,
3251 1344 3396 1413 quod
3435 1343 3671 1399 omnino
3696 1359 3808 1398 non

2203 1445 2405 1502 essent,
2436 1435 2484 1491 si
2514 1436 2570 1490 in
2615 1443 2879 1506 potestate
2924 1435 3124 1491 diaboli
3170 1435 3353 1490 omnia
3393 1449 3564 1504 regna
3608 1435 3808 1489 mundi

2204 1526 2450 1583 fuissent.
2497 1527 2630 1596 Quia
2682 1543 2812 1584 vero
2857 1528 3066 1593 omnis,
3115 1528 3208 1597 qui
3254 1527 3526 1583 diabolum
3575 1527 3801 1590 adorat,

2203 1620 2354 1689 prius
2381 1634 2478 1690 per
2498 1634 2817 1675 consensum
2841 1634 3022 1690 pravae
3061 1618 3390 1689 operationis
3426 1633 3459 1673 a
3495 1627 3804 1688 conspecti.-

2206 1713 2299 1767 Dei
2325 1713 2491 1779 cadit,
2521 1727 2654 1768 voce
2680 1710 2878 1768 dicitur
2902 1711 3124 1778 diaboli,
3171 1729 3191 1764 ι
3220 1711 3266 1768 si
3300 1711 3501 1767 cadens
3528 1711 3776 1767 adorave

2202 1805 2282 1860 ris
2327 1820 2433 1860 me.
2467 1824 2488 1858 ι
2543 1803 2645 1860 Ubi
2698 1803 3184 1869 considerandum,
3248 1803 3374 1874 quia
3433 1801 3592 1873 prius
3658 1802 3799 1857 dixit

523 1896 690 1968 Moysi
713 1893 1021 1966 assumpsit,
1061 1906 1293 1963 quorum
1329 1904 1440 1946 uno
1461 1888 1834 1944 Philislhteum
1858 1887 1914 1940 in
1945 1884 2099 1941 fron-
2127 1909 2175 1968 Β
2203 1895 2414 1961 cadere,
2448 1903 2505 1950 et
2527 1903 2651 1967 post
2676 1895 2921 1950 adorare.
2969 1895 3127 1952 Cadit
3153 1895 3296 1951 enim
3337 1896 3531 1961 homo,
3573 1894 3798 1965 quando

525 1998 632 2045 tem
659 1989 923 2058 percussit
952 2004 966 2040 :
1013 1986 1138 2055 quia
1165 1999 1234 2039 ex
1263 1980 1666 2037 Deuterouomii
1717 1979 1855 2035 libro
1881 1976 1992 2033 tria'
2016 1986 2099 2033 te-
2201 2004 2428 2061 peccare
2449 1991 2738 2044 consentit.
2772 1988 2936 2056 Quasi
2967 2002 3094 2045 vero
3139 1998 3261 2059 post
3279 2002 3467 2044 casum
3516 1988 3796 2045 diabolum

522 2079 774 2136 stimonia
797 2078 1056 2134 adversus
1081 2075 1280 2130 trinam
1307 2071 1424 2142 ejus
1449 2071 1799 2151 tentationem
1828 2070 2100 2141 opposuit,

523 2170 1010 2242 sicquevictoriam
1036 2169 1103 2224 de
1123 2167 1347 2238 antiquo
1366 2167 1524 2222 hoste
1545 2165 1817 2231 obtinens,
1851 2177 2100 2232 magnam

521 2263 766 2320 laetitiam
792 2264 846 2319 in
872 2277 931 2318 se
956 2261 1300 2317 credentibus
1324 2258 1636 2330 reportavit.

597 2374 616 2408 ς
649 2355 849 2410 lterum
877 2353 1171 2424 assumpsit
1197 2367 1321 2408 eum
1352 2352 1596 2408 diabolus
1640 2351 1696 2406 in
1725 2359 1964 2406 montem
2009 2365 2104 2406 ex-

526 2466 544 2500 c
591 2447 796 2504 celsum
822 2445 998 2513 valde,
1051 2454 1107 2501 et
1127 2445 1364 2501 ostendit
1396 2445 1448 2500 ei
1489 2444 1672 2499 omnia
1699 2458 1867 2514 regna
1891 2442 2100 2507 mundi,

525 2558 546 2593 t
586 2549 642 2595 et
673 2539 900 2611 gloriam
935 2553 1142 2596 eorum.
1175 2557 1196 2592 ι
1238 2537 1391 2593 Sicut
1445 2537 1513 2593 de
1561 2535 1884 2606 pinnaculo,
1932 2535 2009 2590 ita
2035 2535 2103 2590 de

521 2638 703 2686 monte
745 2631 1084 2687 sentiendum
1132 2637 1235 2685 est.
1282 2628 1392 2684 Nec
1439 2629 1737 2699 putandum
1787 2635 1871 2682 est
1898 2667 1913 2691 ,
1959 2625 2104 2696 quod

523 2721 768 2776 diabolus
822 2719 1096 2776 nolentem
1124 2719 1410 2776 Dominum
1457 2719 1514 2773 in
1565 2727 1804 2774 montem
1829 2717 2103 2773 excelsum

521 2826 798 2868 assumere
814 2811 1075 2881 potuerit,
1107 2811 1203 2867 sed
1227 2809 1344 2879 ejus
1361 2809 1561 2865 malam
1583 2809 1914 2865 voluntatem
1931 2807 2104 2862 Evan-

521 2903 710 2976 gelista
738 2920 837 2975 pro
865 2904 1008 2960 facto
1029 2904 1229 2975 posuit.
1261 2903 1398 2958 Nam
1425 2902 1542 2973 ipse
1586 2902 1804 2974 propria
1826 2901 2105 2958 voluntate

520 2997 574 3052 in
611 3005 850 3054 montem
891 2997 1154 3065 ascendit,
1200 3004 1260 3051 ut
1313 2997 1525 3052 diabolo
1556 2997 1706 3053 locus
1737 2996 1997 3062 tentandi,
2049 3004 2105 3051 et

518 3087 736 3144 Christo
779 3097 925 3143 esset
963 3087 1177 3144 occasio
1220 3086 1636 3157 triumphandi:
1696 3087 1953 3156 quoniam
1999 3085 2103 3141 nisi

519 3188 665 3235 esset
697 3179 849 3235 locus
883 3179 1146 3245 tentandi,
1179 3194 1286 3235 non
1314 3186 1458 3234 esset
1480 3178 1786 3249 triumphus
1830 3176 2101 3233 vincendi.

2204 2081 2414 2148 adorat,
2454 2082 2667 2152 quando
2691 2083 2806 2152 ipsa
2844 2090 3064 2152 peccata
3105 2096 3270 2153 opere
3301 2089 3602 2152 perpetrat,
3656 2083 3794 2139 sicut

2205 2175 2272 2232 de
2301 2175 2484 2231 avaris
2511 2190 2608 2246 per
2633 2175 2951 2246 Apostolum
2972 2176 3206 2232 dicitur:
3236 2194 3256 2228 ι
3289 2177 3358 2231 Et
3383 2177 3640 2240 avaritia,
3673 2193 3791 2248 quae

2204 2253 2468 2320 idolorum
2509 2274 2594 2320 est
2616 2265 2846 2320 servitus
2869 2266 3084 2337 (Ephes.
3109 2267 3186 2338 v).
3217 2285 3236 2319 ›
3282 2267 3350 2322 Ει
3374 2268 3440 2323 de
3472 2268 3678 2325 talibus
3695 2285 3788 2340 per

2203 2355 2543 2411 Psalmistam
2571 2356 2802 2412 dicitur:
2853 2374 2873 2408 ι
2904 2357 2983 2413 Ibi
3007 2358 3343 2422 ceciderunt,
3377 2359 3470 2430 qui
3497 2369 3787 2432 operantur

2205 2445 2592 2517 iniquitatem:
2661 2447 2871 2519 expulsi
2927 2457 3090 2516 sunt,
3150 2464 3251 2506 nec
3302 2460 3600 2520 potuerunt
3646 2463 3781 2508 stare

2205 2539 2377 2610 (Psal.
2412 2541 2599 2611 xxxv).
2640 2559 2660 2593 ›
2700 2540 2806 2596 Sed
2851 2542 3112 2611 quaeritur
3158 2557 3329 2613 quare
3358 2545 3537 2600 sancti
3565 2559 3774 2615 evange-

2204 2630 2362 2697 lislae,
2399 2630 2679 2687 Matthaeus
2715 2630 2922 2687 scilicet
2967 2640 3024 2687 et
3059 2631 3236 2688 Lucas
3259 2674 3273 2699 ,
3335 2633 3392 2689 in
3433 2633 3763 2704 descriptione

2208 2720 2564 2776 tentationum
2615 2722 2923 2779 discordare
2962 2723 3231 2791 videntur,
3287 2725 3529 2782 maxime
3569 2741 3684 2781 cum
3717 2726 3771 2779 in

2206 2813 2379 2884 prima
2416 2813 2766 2878 concordent,
2793 2822 2847 2869 et
2876 2815 2933 2869 in
2956 2816 3190 2871 secunda
3229 2824 3286 2872 et
3314 2817 3368 2872 in
3395 2819 3557 2874 tertia
3579 2818 3777 2874 dissen-

2206 2904 2379 2958 tiant?
2403 2903 2574 2971 Quam
2597 2905 2739 2960 enim
2767 2903 3050 2962 Matthzeus
3081 2907 3264 2978 posuit
3291 2909 3588 2965 secundam
3612 2950 3630 2977 ,
3679 2910 3756 2964 Lu

2205 3011 2298 3051 cas
2329 2998 2564 3064 tertiam,
2616 3008 2672 3054 et
2699 3014 2859 3070 quam
2889 2999 3064 3056 Lucas
3091 3001 3329 3068 tertiam,
3357 3002 3668 3060 'Matthteus
3701 3017 3760 3058 se
3785 3038 3787 3040 -

2207 3088 2456 3143 cundam.
2488 3089 2571 3143 Ad
2598 3090 2741 3160 quod
2778 3092 3226 3162 respondendum,
3272 3095 3396 3165 quia
3438 3103 3672 3165 uterque
3694 3109 3791 3150 vc-

2207 3181 2422 3236 ritatem
2461 3181 2700 3252 scripsit,
2743 3183 3000 3252 quoniam
3045 3183 3219 3240 Lucas
3243 3184 3481 3240 ordinem
3509 3184 3680 3256 (sicut
3727 3193 3798 3239 ad

519 3271 773 3327 Nonnulli
799 3279 978 3328 autem
1008 3264 1172 3342 juxta
1197 3270 1434 3327 litteram
1471 3271 1616 3325 hunc
1649 3277 1886 3325 montem
1915 3267 2101 3339 Olym—
2130 3263 2175 3327 C
2207 3271 2441 3329 litteram
2469 3273 2623 3330 factae
2651 3276 2796 3346 sunt)
2823 3276 3094 3332 servavit:
3124 3279 3250 3347 quia
3271 3277 3438 3348 prima
3461 3277 3517 3332 in
3544 3278 3800 3346 deserto,

518 3380 647 3436 pum
677 3363 846 3421 fuisse
889 3371 1161 3430 asserunt,
1219 3364 1311 3434 qui
1348 3370 1499 3418 tanto
1545 3362 1707 3418 altior
1748 3377 1862 3433 prae
1889 3361 2103 3417 caeteris

519 3471 638 3512 esse
666 3455 858 3523 fertur,
884 3464 945 3512 ut
962 3456 1126 3512 etiam
1154 3456 1297 3510 intra
1319 3470 1379 3511 se
1398 3455 1572 3511 nubes
1611 3455 1810 3510 habere
1835 3454 2097 3510 videatur.

515 3548 622 3602 Alii
642 3563 772 3605 vero
803 3549 984 3604 dicunt
1004 3565 1127 3605 eum
1150 3547 1318 3604 fuisse
1341 3548 1592 3614 Thabor,
1625 3547 1717 3618 qui
1747 3546 1903 3602 valde
1927 3546 2103 3602 excel-

518 3654 612 3695 sus
648 3639 814 3695 fuisse
861 3648 1131 3694 narratur.
1189 3639 1304 3716 Sed
1342 3639 1649 3708 quicunque
1699 3652 1855 3694 mons
1915 3635 2101 3702 fuerit,

520 3729 780 3785 Dominus
802 3738 984 3785 tamen
1025 3738 1218 3800 sponte
1245 3731 1328 3801 (ut
1360 3729 1614 3801 diximus)
1661 3728 1716 3782 in
1766 3743 1891 3784 eum
1920 3741 2105 3784 ascen-

523 3819 618 3874 dit.
652 3819 1016 3890 Spiritualiter
1042 3828 1221 3875 autem
1254 3833 1350 3890 per
1378 3829 1639 3886 montem,
1689 3820 1743 3874 in
1774 3835 1882 3890 quo
1912 3819 2103 3875 diabo-

522 3910 605 3965 lus
664 3910 950 3966 Dominum
997 3911 1517 3982 tentavit,superbia
1566 3910 1900 3982 intelligitur.
1970 3909 2103 3966 Cum

2208 3369 2442 3423 secunda
2472 3368 2528 3423 in
2564 3376 2762 3434 monte,
2810 3370 2966 3426 tertia
3005 3369 3063 3426 in
3087 3370 3307 3427 civitate
3329 3369 3471 3427 facta
3514 3377 3622 3426 est.
3656 3369 3800 3426 Mat-

2165 3473 2172 3482 '
2206 3460 2377 3516 thaeus
2402 3476 2532 3518 vero
2560 3460 2810 3518 subtilius
2847 3461 3092 3518 ordinem
3125 3462 3510 3528 tentationum,
3541 3475 3653 3533 quo
3678 3461 3783 3517 dia

2203 3553 2362 3609 bolus
2393 3553 2627 3623 primum
2657 3552 2929 3608 hominem
2977 3553 3031 3607 in
3060 3553 3312 3624 paradiso
3336 3553 3572 3624 decepit,
3612 3552 3795 3608 oonsi-

2206 3645 2434 3701 deravit.
2483 3643 2680 3701 Tribus
2703 3645 2900 3716 quippe
2938 3645 3111 3700 modis
3140 3644 3386 3702 diabolus
3427 3645 3486 3699 in
3538 3642 3798 3715 paradiso

2205 3736 2439 3806 primum
2485 3735 2758 3791 hominem
2791 3735 3054 3791 tentavit:
3109 3735 3237 3805 quia
3272 3735 3419 3791 hunc
3463 3734 3610 3806 gula,
3656 3749 3797 3790 vana

2206 3827 2397 3897 gloria,
2448 3834 2504 3882 et
2548 3827 2776 3882 avaritia
2819 3826 3046 3882 tentavit
3093 3825 3246 3898 (Gen.
3279 3826 3384 3900 ιιι).
3437 3825 3575 3883 Gula
3599 3825 3798 3897 quippe

2212 3918 2466 3984 tentavit,
2508 3917 2635 3987 quia
2664 3917 2845 3973 cibum
2886 3918 3111 3974 vetitum
3142 3917 3453 3975 comederet
3482 3916 3756 3988 persuasit
3783 3939 3794 3972 ,-

518 4019 650 4072 ergo
689 4003 934 4060 diabolus
979 4004 1264 4060 Dominum
1293 4005 1349 4060 in
1369 4013 1550 4061 monte
1578 4005 1825 4069 tentavit,
1849 4005 2007 4058 datur
2030 4003 2103 4058 in-

2205 4027 2344 4068 vana
2370 4011 2562 4084 gloria,
2583 4027 2708 4067 cum
2723 4011 2861 4067 dixit
2887 4028 2902 4066 :
2929 4028 2950 4063 ‹
2984 4011 3150 4066 Eritis
3175 4011 3316 4067 sicut
3344 4010 3419 4066 dii
3445 4030 3458 4064 :
3491 4029 3510 4062 ι
3545 4008 3798 4077 avaritia,

525 4093 690 4166 telligi
713 4133 732 4161 ,
761 4095 888 4166 quia
916 4109 1010 4151 eos
1035 4111 1170 4166 quos
1195 4096 1416 4166 decipit,
1457 4097 1510 4151 in
1560 4097 1867 4167 superbiam
1909 4094 2103 4150 mentis

2206 4120 2329 4160 cum
2357 4103 2668 4173 subjunxit:
2702 4121 2722 4156 ι
2749 4102 2996 4159 Scientes
3032 4102 3234 4158 bonum
3255 4113 3312 4159 et
3339 4101 3563 4157 malum.
3601 4119 3622 4155 ι
3655 4099 3801 4154 Avo.

521 4186 735 4258 θτίεθτθ
777 4185 996 4254 suada,
1037 4188 1102 4242 de
1148 4203 1256 4257 (1υο
1290 4203 1387 4259 Per
1434 4187 1654 4244 beatum
1701 4185 1802 4243 εἶοὒ
1862 4187 2100 4242 dieitur!
2206 4196 2331 4250 ritia
2356 4196 2501 4250 enim
2531 4211 2638 4251 non
2685 4193 2858 4250 solum
2884 4193 2940 4248 in
2966 4193 3258 4264 cupiditate
3279 4191 3528 4262 pecuniae
3553 4197 3674 4256 εει,
3702 4198 3799 4244 seu

528 4297 546 4328 ε
583 4277 754 4332 omne
799 4277 1026 4334 sublime
1066 4279 1214 4334 νίάθι
1240 4320 1255 4346 ν
1307 4288 1364 4335 et
1409 4279 1525 4350 ipse
1575 4294 1671 4334 rex
1714 4295 1878 4351 super
1917 4294 2106 4334 omnes
2207 4288 2369 4342 etiam
2400 4287 2456 4342 in
2483 4286 2778 4342 ambitione
2819 4285 3073 4352 honoris,
3106 4286 3233 4341 dum
3257 4283 3400 4339 ultra
3434 4291 3688 4338 naturam
3713 4293 3803 4334 vet

523 4368 664 4424 fllios
686 4369 952 4440 superbiae
989 4370 1113 4442 (Job
1149 4373 1283 4443 xu).
1319 4391 1338 4422 ι
1381 4371 1450 4426 Ει
1472 4371 1795 4443 Apostolus:
1839 4392 1858 4424 ε
1889 4372 2106 4428 Initium
2208 4393 2517 4434 mensuram
2555 4393 2708 4434 suam
2735 4379 2910 4435 honor
2939 4378 3211 4433 indebitus
3238 4376 3524 4447 quaeritur,
3569 4376 3710 4430 sicut
3732 4381 3803 4427 de

521 4459 700 4515 omnis
741 4461 949 4530 peccati
975 4462 1223 4532 superbia
1254 4470 1336 4517 est
1383 4462 1573 4534 (Eccli.
1606 4463 1662 4535 x)
1697 4481 1709 4517 :
1749 4484 1767 4516 ι
1814 4464 1940 4534 quia
1969 4464 2109 4519 sicut
2208 4471 2484 4542 unigenito
2533 4468 2670 4525 Filio
2697 4469 2814 4538 Dei,
2851 4469 2942 4540 qui
2976 4469 3118 4524 hanc
3146 4475 3400 4539 appetere
3438 4465 3634 4534 noluit,
3662 4464 3804 4520 Pau-

521 4550 766 4607 diabolus
792 4566 892 4621 per
910 4553 1218 4622 superbiam
1252 4553 1320 4609 de
1337 4553 1476 4610 omlo
1494 4554 1711 4620 cecidit,
1738 4555 1818 4610 sic
1838 4569 2103 4625 quoscun-

2210 4561 2293 4617 lus
2338 4561 2614 4633 apostolus
2651 4562 2830 4617 dixit:
2864 4581 2883 4613 ι
2922 4560 3038 4633 Non
3086 4563 3329 4630 rapinam
3375 4558 3673 4614 arbitratus
3717 4565 3804 4611 est

520 4658 626 4711 que
663 4644 862 4715 deCipit
882 4683 898 4710 .
934 4659 1032 4715 per
1062 4645 1369 4716 superbiam
1419 4660 1648 4717 peccare
1685 4645 1834 4702 facil-
1863 4645 2103 4703 Gloriam
2129 4625 2184 4686 D
2209 4668 2329 4708 esse
2349 4625 2407 4708 se
2427 4652 2688 4723 aequalem
2714 4652 2826 4708 Deo
2855 4629 3076 4724 (Philip.
3117 4625 3201 4716 ιὶ).
3238 4670 3257 4703 ι
3299 4649 3405 4706 Sed
3444 4650 3573 4719 quia
3597 4648 3684 4703 his
3706 4646 3805 4702 tri-

521 4733 710 4788 ῐηυυάί
737 4735 871 4790 die“
911 4751 1126 4802 aurum,
1154 4746 1457 4809 πεθηιιιω,
1494 4737 1699 4809 lapides
1727 4738 2018 4807 Prelio-“>05.
2046 4746 2103 4794 ει
2208 4748 2310 4803 bus
2350 4748 2524 4804 modis
2553 4746 2796 4803 diabolus
2820 4748 3093 4803 hominem
3122 4747 3178 4801 in
3205 4746 3458 4818 paradiso
3485 4753 3806 4814 prostrave-

520 4834 719 4883 caetera
765 4829 1014 4883 amabilia
1061 4831 1260 4893 mundi,
1313 4831 1367 4885 in
1402 4831 1597 4902 quibus
1640 4831 1876 4887 maxime
1916 4832 2101 4887 mundi
2208 4848 2312 4905 rat,
2342 4847 2645 4894 tentaturus
2672 4839 2980 4906 Dominum,
3029 4839 3099 4894 ad
3143 4847 3401 4896 consueta
3424 4852 3578 4893 arma
3618 4851 3805 4892 recur-

522 4933 795 4979 amatores
816 4923 1132 4995 gloriantur.
1179 4927 1297 4984 Non
1322 4929 1617 5000 putandum
1658 4938 1743 4987 est
1780 4938 1962 4986 autem
1984 4946 2101 4986 om-
2207 4933 2311 4998 rit,
2344 4931 2534 4986 iisdem
2564 4930 2760 5002 jaculis
2798 4939 2997 5002 putans
3024 4945 3148 4986 eum
3192 4946 3251 4986 se
3295 4943 3456 5001 posse
3487 4927 3800 4989 vulnerare,

523 5016 614 5070 nia
642 5031 808 5088 regna
862 5021 1045 5075 mundi
1092 5027 1149 5076 et
1172 5022 1398 5092 gloriam
1426 5037 1614 5078 eorum
1668 5021 1828 5077 simul
1871 5022 2098 5078 Domino
2206 5020 2403 5091 quibus
2429 5020 2662 5090 primum
2717 5021 2988 5077 hominem
3034 5027 3357 5090 peremerat.
3414 5017 3553 5075 Gula
3603 5017 3806 5087 quippe

520 5107 809 5162 ostendere
862 5110 1100 5179 potuisse
1121 5111 1190 5166 ab
1225 5112 1351 5178 alio,
1391 5113 1495 5168 nisi
1536 5129 1566 5166 a
1612 5113 1829 5182 seipso;
1867 5113 1960 5168 sed
2004 5113 2099 5182 qui
2208 5127 2330 5166 eum
2373 5111 2620 5178 tentavit,
2655 5127 2780 5166 cum
2816 5111 2989 5166 dixit:
3045 5129 3062 5162 ι
3103 5110 3159 5165 Si
3188 5110 3356 5166 Filius
3381 5110 3476 5165 Dei
3516 5123 3598 5174 es,
3631 5107 3721 5162 dic
3746 5114 3807 5159 ιιι

471 5263 478 5268 Α
518 5198 699 5254 omnia
746 5200 953 5257 creavit
991 5216 1090 5273 per
1123 5201 1470 5258 Divinitatem
1493 5245 1508 5267 ,
1543 5203 1657 5273 ipse
1705 5203 1910 5269 omnia,
1947 5201 2102 5272 juxta
2207 5203 2414 5273 lapides
2442 5203 2531 5260 isti
2558 5217 2726 5274 panes
2748 5203 2898 5258 ﬁant.
2932 5221 2952 5255 ι
2992 5201 3140 5256 Vana
3167 5201 3358 5271 gloria,
3386 5215 3511 5256 cum
3535 5199 3655 5254 ait:
3689 5215 3709 5249 ς
3744 5196 3804 5252 Si

518 5290 662 5359 quod
683 5290 852 5346 voluit
879 5332 894 5358 ,
925 5291 1086 5347 simul
1133 5293 1267 5348 vidit
1290 5308 1388 5363 per
1420 5294 1851 5348 humanitatem:
1883 5295 1998 5351 sive
2029 5304 2104 5352 to-
2207 5297 2378 5353 Filius
2409 5297 2504 5353 Dei
2540 5312 2622 5362 es,
2677 5296 2830 5351 mitte
2889 5304 2943 5351 te
2990 5296 3261 5350 deorsum.
3301 5313 3321 5346 ι
3375 5290 3641 5357 Avaritia,
3677 5303 3804 5345 cum

519 5391 657 5444 tum.
707 5382 780 5438 ita
811 5393 990 5448 utest,
1024 5382 1137 5438 sive
1164 5384 1217 5438 in
1259 5385 1525 5453 sphaeram
1556 5383 1864 5450 collectum,
1909 5393 1967 5439 ut
1994 5386 2100 5440 sci—
2210 5387 2524 5459 subjunxit:
2565 5404 2584 5437 ‹
2614 5385 2740 5443 Haec
2773 5385 2955 5443 omnia
2983 5385 3083 5442 tibi
3110 5387 3269 5452 dabo,
3294 5384 3340 5441 si
3375 5382 3670 5454 procidens
3708 5380 3805 5435 ad—

517 5471 645 5527 licet
688 5471 850 5542 (sicut
882 5488 1044 5543 supra
1065 5473 1178 5543 jam
1207 5473 1465 5544 diximus)
1511 5475 1723 5531 diabolo
1752 5475 1974 5531 daretur
2007 5490 2100 5532 oc-
2209 5479 2452 5536 oraveris
2498 5493 2604 5533 me.
2644 5496 2662 5528 ι
2714 5477 2821 5534 Sed
2854 5477 3134 5544 Dominus,
3167 5477 3259 5547 qui
3291 5489 3461 5548 genus
3503 5475 3802 5530 humanum

517 5566 666 5621 casio
692 5567 954 5621 tentandi.
1005 5565 1115 5621 Nec
1158 5567 1377 5631 mirum,
1427 5567 1474 5623 si
1503 5569 1762 5626 Dominus
1811 5570 1890 5626 sic
1929 5577 2099 5626 totum
2205 5574 2272 5630 de
2309 5570 2427 5641 ejus
2457 5575 2721 5641 potestate
2747 5567 2980 5623 liberare
3011 5575 3256 5633 venerat,
3286 5565 3475 5622 eodem
3504 5563 3656 5620 aditu
3685 5561 3805 5628 ejus

517 5660 775 5715 mundum
819 5660 1131 5732 prospicere
1175 5662 1371 5732 potuit,
1423 5664 1514 5735 qui
1563 5666 1727 5721 etiam
1777 5667 2099 5736 quibusdam
2206 5661 2531 5719 tentationes
2552 5658 2803 5726 exclusit,
2828 5673 2938 5729 quo
2964 5658 3200 5730 primum
3225 5655 3501 5713 hominem
3529 5671 3590 5711 se
3614 5663 3808 5710 tenere

517 5753 721 5807 sanctis
760 5753 861 5809 hoc
905 5754 958 5808 in
998 5767 1222 5810 munere
1251 5756 1522 5826 praestitit,
1568 5765 1626 5811 ut
1665 5771 1790 5813 eum
1844 5759 1900 5814 in
1927 5759 2098 5828 sphae-
2202 5760 2448 5831 putabat.
2478 5756 2579 5813 Ubi
2605 5755 3060 5812 considerandum
3083 5753 3241 5811 nobis
3265 5760 3369 5819 est,
3400 5750 3525 5823 quia
3549 5763 3674 5815 nos,
3709 5748 3808 5819 qui

517 5859 636 5898 ram
665 5844 947 5902 collectum
979 5848 1164 5906 videre
1189 5859 1424 5922 possent.
1478 5852 1534 5908 ln
1557 5868 1621 5910 eo
1652 5867 1782 5908 vero
1815 5855 1959 5924 quod
1981 5855 2054 5909 ait
2078 5873 2090 5910 :
2203 5852 2271 5908 de
2296 5849 2467 5918 stirpe
2485 5847 2649 5920 primi
2673 5847 2909 5904 hominis
2937 5861 3125 5904 sumus
3169 5845 3361 5912 creati,
3403 5851 3459 5901 et
3486 5855 3585 5912 per
3608 5856 3810 5897 secun-
