3994 6354
167 397 269 454 ﬁl

1378 406 1684 465 HOMILIzE
1725 407 1814 463 DE
1853 404 2197 464 TEMPORE.

3324 417 3433 475 202

165 514 295 570 dum
321 513 603 571 hominem
643 515 903 588 redempti
917 509 947 584 ’,
988 519 1074 576 his
1109 519 1284 576 tribus
1325 523 1500 579 modis
1537 530 1747 578 tentare
1773 540 1824 600 Α
1849 536 1954 591 qua
2008 519 2284 592 Scriptum
2341 524 2601 581 translata
2658 536 2744 583 est
2768 566 2784 593 ,
2832 527 3175 584 attendamus
3206 547 3220 582 :
3289 532 3436 601 apud

160 618 269 659 non
295 613 502 671 cessat,
528 605 761 661 maxime
791 608 910 664 istis
940 609 1129 666 diebus
1166 611 1612 682 quadragesimae,
1639 626 1745 682 quo

161 704 409 751 nostram
441 698 753 769 religionem
778 701 1071 758 studiosius
1091 718 1220 775 erga
1238 719 1476 761 amorem
1507 705 1603 761 Dei
1633 705 1744 761 fer-

158 800 286 841 vere
325 787 502 843 videt.
533 787 669 844 Gula
697 791 873 862 igitur
898 807 997 848 nos
1040 800 1247 862 tentat,
1281 811 1405 851 cum
1432 795 1516 852 vel
1552 796 1741 852 horam

158 880 520 937 constitutam
571 885 893 941 antecedere
939 888 1269 957 persuadet,
1326 888 1411 943 vel
1440 889 1508 944 ad
1554 890 1741 945 horam

154 972 512 1028 constitutam
550 990 716 1045 super
737 991 1045 1033 mensuram
1071 979 1360 1046 edendum,
1390 989 1447 1037 et
1485 981 1740 1037 deliciosa

153 1061 235 1116 vel
260 1062 546 1134 superﬂua
586 1068 833 1124 convivia
863 1071 1099 1141 suggerit
1136 1072 1413 1130 exhibere.
1461 1071 1570 1130 Sed
1610 1074 1656 1129 si
1686 1075 1740 1129 in

152 1153 254 1211 hac
299 1165 466 1225 parte
491 1173 592 1213 nos
629 1169 817 1216 cautos
861 1162 1145 1229 invenerit,
1196 1173 1373 1223 tentat
1414 1182 1511 1236 per
1561 1167 1741 1221 avari-

152 1247 301 1314 tiam,
339 1258 405 1303 ut
432 1250 641 1307 scilicet
664 1254 806 1323 quod
830 1256 1042 1324 corpori
1069 1257 1434 1314 subtrahimus
1460 1273 1559 1329 per
1577 1257 1740 1313 absti-

150 1340 416 1406 nentiam,
460 1359 568 1401 non
616 1346 941 1416 pauperibus
968 1363 1254 1420 erogemus
1287 1364 1384 1419 per
1411 1349 1737 1421 largitatem,

147 1431 235 1485 sed
266 1433 431 1488 nobis
458 1434 515 1490 in
538 1444 813 1506 posterum
856 1454 1196 1495 reservemus
1240 1456 1337 1510 per
1365 1441 1733 1510 cupiditatem.

148 1520 204 1576 Si
223 1538 357 1579 vero
386 1540 495 1581 nec
528 1527 581 1581 in
611 1529 714 1585 hoc
756 1544 1077 1586 consensum
1099 1531 1149 1586 ei
1180 1532 1588 1600 praebuerimus,
1621 1537 1737 1586 ten-

148 1623 223 1667 tat
255 1631 359 1686 per
402 1632 601 1673 vanam
644 1620 888 1697 gloriam,
928 1629 989 1676 ut
1030 1622 1087 1676 in
1127 1636 1192 1677 eo
1217 1622 1358 1692 quod
1405 1620 1733 1691 jejuuamus,

144 1705 224 1760 vel
258 1706 533 1778 largiores
564 1710 935 1783 eleemosynas
982 1712 1288 1776 tribuimus,
1320 1712 1531 1768 laudem
1563 1714 1737 1770 homi-

142 1815 266 1854 num
303 1802 486 1874 magis
530 1819 691 1873 quam
737 1805 831 1860 Dei
860 1819 1185 1874 qumramus.
1232 1804 1339 1860 Sed
1380 1821 1478 1861 nos
1522 1805 1733 1859 Domini

1848 610 2077 687 Graecos
2098 613 2332 670 servitus
2359 614 2569 671 duobus
2596 617 2771 674 modis
2790 618 2986 675 dicitur
3021 636 3034 672 :
3067 619 3267 684 dicitur
3285 621 3431 689 enim

1845 706 2071 778 λατρεία,
2104 708 2300 764 dicitur
2326 718 2381 765 et
2405 709 2626 767 δουλεία.
2672 711 2779 768 Sed
2820 714 3029 790 λατρεία
3068 714 3158 770 illa
3198 714 3430 771 servitus

1844 809 1928 855 est
1960 817 2081 871 quae
2128 802 2225 857 soli
2259 803 2367 858 Deo
2408 803 2634 858 debetur
2663 818 2761 873 per
2792 806 3061 862 culturam
3102 815 3158 863 et
3201 822 3432 864 venera—

1847 890 2071 955 tionem,
2115 907 2219 961 qua
2257 892 2464 947 auctori
2502 901 2556 947 et
2598 893 2862 949 conditori
2892 896 3156 951 omnium.
3195 895 3350 953 Unde
3375 905 3432 951 et

1844 981 2257 1056 εἰδωλολατριίας
2284 998 2480 1038 nomen
2511 984 2866 1054 compositum
2897 996 2983 1041 est
3018 1001 3082 1042 ex
3122 986 3329 1052 εἴδωλος
3376 994 3432 1041 et

1841 1071 2090 1148 λατρείας
2129 1090 2195 1129 eo
2229 1077 2373 1145 quod
2407 1076 2669 1130 honorem
2714 1085 2770 1131 et
2811 1077 3124 1133 servitutem
3171 1080 3271 1134 soli
3316 1079 3429 1135 Deo

1840 1161 2110 1228 debitam,
2178 1165 2423 1220 homines
2454 1166 2603 1221 stulti
2655 1166 2811 1221 idolis
2856 1166 3069 1222 deferre
3110 1168 3426 1234 voluerunt;

1839 1251 2039 1310 δουλεία
2063 1264 2242 1311 autem
2280 1256 2369 1311 illa
2394 1250 2650 1312 servitus
2699 1256 2899 1313 dicitur
2955 1272 3077 1327 quae
3126 1262 3428 1317 communis

1838 1353 1941 1409 est,
1972 1354 2028 1400 et
2057 1346 2287 1402 invicem
2309 1363 2341 1402 a
2372 1347 2621 1404 ﬁdelibus
2665 1348 2991 1404 exhibenda.
3028 1348 3181 1426 Unde
3231 1360 3287 1406 et
3311 1367 3430 1408 ser-

1838 1449 1937 1489 vus
1963 1436 2137 1500 δοῦλος
2159 1439 2302 1510 apud
2328 1453 2423 1495 eos
2444 1440 2764 1511 appellatur.
2809 1439 3069 1496 Juhemur
3096 1455 3227 1510 ergo
3251 1451 3308 1497 et
3328 1457 3428 1513 per

1838 1531 2159 1588 charitatem
2213 1535 2421 1590 servire
2448 1536 2705 1601 invicem,
2754 1535 2894 1605 quod
2919 1535 3158 1605 pertinet
3198 1535 3267 1590 ad
3306 1535 3426 1594 δου-

1841 1620 1979 1678 λιίαν
2006 1641 2019 1676 :
2047 1632 2102 1678 et
2127 1624 2381 1693 iubemur
2411 1627 2608 1682 iterum
2634 1627 2735 1682 soli
2756 1626 2864 1683 Deo
2887 1626 3111 1692 servire,
3141 1626 3284 1694 quod
3305 1640 3426 1697 per-

1835 1712 1973 1769 tinet
2001 1715 2069 1770 ad
2118 1716 2382 1790 λατρείαν,
2438 1727 2496 1772 ut
2523 1718 2642 1789 ejus
2677 1720 2937 1774 honorem
2986 1718 3117 1773 nulli
3158 1725 3423 1774 creatura:-

1836 1803 2159 1862 deferamus.
2208 1806 2360 1875 Quod
2400 1810 2546 1864 enim
2573 1809 2647 1863 ait
2670 1808 2993 1879 Apostolus:
3028 1829 3047 1862 ‹
3081 1808 3257 1874 Servi,
3288 1802 3420 1865 obe-

139 1891 391 1961 exemplo
424 1893 694 1959 instructi,
726 1895 1008 1951 vincamus
1034 1894 1171 1967 gulae
1194 1896 1491 1974 appetitum
1518 1912 1614 1966 per
1636 1898 1731 1952 ab-
1758 1905 1805 1965 Β
1833 1893 1943 1951 dite
1971 1897 2204 1954 dominis
2230 1900 2536 1956 carnalibus
2582 1897 2798 1971 (Ephes.
2844 1902 2941 1972 Vl),
2994 1922 3013 1954 ι
3071 1902 3140 1957 ad
3191 1901 3421 1959 δουλείαν

137 1982 490 2052 stinentiam;
518 1987 762 2042 avaritia:
778 2002 874 2059 per
898 1986 1201 2059 largitatem
1218 2004 1232 2054 ;
1251 2002 1405 2044 vanae
1424 1987 1608 2058 gloriae
1634 2004 1732 2059 per

136 2072 542 2146 humilitatem;
577 2078 731 2148 juxta
769 2081 913 2151 quod
948 2095 1047 2136 nos
1073 2080 1265 2136 beatus
1284 2079 1518 2136 Joannes
1546 2080 1729 2136 admo-

132 2172 242 2230 net,
272 2167 507 2223 dicens:
544 2186 563 2220 ι
599 2169 796 2237 Filioli,
826 2169 995 2226 nolite
1039 2170 1261 2242 diligere
1307 2171 1586 2236 mundum,
1633 2187 1728 2227 ne-

131 2270 234 2326 que
270 2272 341 2312 ea
378 2274 500 2329 qua:
553 2260 609 2314 in
653 2260 855 2316 mundo
899 2269 1068 2315 sunt:
1108 2261 1236 2331 quia
1279 2276 1439 2318 omne
1482 2262 1627 2332 quod
1669 2261 1725 2316 in

126 2348 335 2403 mundo
365 2359 471 2415 est,
513 2352 951 2422 concupiscentia
990 2353 1173 2409 carnis
1215 2361 1320 2420 est,
1365 2362 1423 2408 et
1467 2353 1723 2423 concupi-

126 2440 342 2492 scentia
372 2441 675 2508 oculorum,
697 2451 753 2497 et
778 2444 1027 2512 superbia
1045 2446 1166 2499 vitae
1181 2442 1232 2516 (1
1246 2444 1405 2499 Joan.
1434 2445 1519 2517 ιι).
1544 2465 1562 2497 ι
1590 2444 1726 2501 Con-

127 2530 492 2599 cupiscentia,
514 2534 765 2591 videlicet
785 2536 984 2601 carnis,
1008 2537 1244 2608 pertinet
1274 2537 1341 2591 ad
1362 2536 1571 2607 gulam:
1602 2552 1719 2591 amv

128 2617 257 2676 bitio
296 2622 491 2677 saeculi
544 2625 613 2679 ad
670 2626 991 2692 avaritiam;
1045 2629 1485 2698 concupiscentia
1539 2628 1719 2685 oculo-

128 2724 241 2765 rum
274 2710 345 2767 ad
378 2727 573 2767 vanam
598 2715 848 2785 gloriam.
882 2716 1035 2784 Quod
1062 2732 1190 2787 ergo
1235 2718 1320 2772 his
1346 2718 1515 2774 tribus
1539 2728 1714 2774 tenta-

130 2802 385 2869 tionibus,
416 2803 471 2858 in
498 2806 692 2875 quibus
719 2821 751 2861 a
778 2807 1005 2863 Domino
1029 2814 1316 2877 superatus
1341 2816 1425 2864 est
1445 2808 1712 2873 diabolus,

130 2897 361 2952 maxime
385 2913 551 2969 genus
586 2899 883 2954 humanum
924 2915 952 2952 a
982 2899 1196 2955 Domini
1223 2899 1497 2955 voluntate
1541 2908 1712 2955 retra-

128 2985 307 3053 hatur,
339 2988 428 3042 illa
456 2989 709 3058 parabola
738 2989 1013 3061 Evangelii
1038 2990 1408 3063 indicattLuc.
1430 2990 1568 3061 xxv),
1594 2990 1706 3057 ubi,

131 3080 221 3148 qui
242 3083 310 3133 ad
337 3096 547 3137 caenam
575 3083 790 3138 invitati
827 3084 1011 3140 venire
1045 3094 1454 3152 recusaverunt,
1481 3094 1594 3142 tres
1613 3100 1708 3141 ex-

131 3172 434 3228 cusationes
499 3175 860 3244 protulerunt.
931 3176 1146 3233 Primus
1207 3177 1389 3235 dixit:
1455 3196 1474 3230 ι
1508 3176 1704 3234 Villam

1831 1989 2098 2057 pertinet;
2130 1991 2273 2060 quod
2298 2007 2427 2048 vero
2475 1994 2533 2047 in
2562 1993 2668 2047 alio
2709 1993 2828 2050 loco
2857 1995 2932 2048 ait
2962 2013 2977 2049 :
3030 2014 3048 2046 ι
3085 1993 3194 2051 Nos
3232 2010 3419 2051 sumus

1826 2079 2190 2150 circumcisio,
2219 2083 2411 2153 spiritu
2444 2084 2554 2140 Deo
2585 2086 2881 2142 servientes
2904 2084 3125 2158 (Philip.
3153 2087 3259 2159 Ill),
3297 2107 3317 2140 ι
3348 2088 3418 2144 ad

1835 2167 2070 2245 λατρείαν
2105 2173 2339 2241 pertinet
2381 2192 2394 2228 :
2429 2175 2573 2229 unde
2616 2185 2672 2231 et
2699 2176 2890 2232 eodem
2927 2176 3047 2234 loco
3094 2178 3238 2248 apud
3264 2177 3415 2235 Gras-

1825 2275 1920 2318 eos
1945 2263 2273 2339 λατρεύοντες
2300 2268 2559 2338 scriptum
2588 2279 2690 2325 est.

1830 2420 1835 2425 _
1900 2372 1918 2404 ι
1953 2353 2104 2410 Tunc
2123 2356 2339 2426 reliquit
2360 2372 2482 2413 cum
2506 2360 2766 2417 diabolus.
2802 2381 2821 2413 ι
2846 2361 3085 2432 Reliquit
3109 2378 3230 2418 eum
3253 2378 3415 2434 quem

1823 2458 2098 2514 nunquam
2140 2447 2311 2501 tenuit
2338 2466 2350 2500 :
2378 2448 2503 2517 quia
2536 2459 2819 2520 superatus
2848 2466 2877 2505 a
2906 2460 3137 2517 tentato,
3171 2442 3203 2507 5
3229 2463 3409 2508 tenta-

1821 2533 1969 2588 tione
2007 2537 2257 2592 cessavit.
2304 2537 2415 2594 Sed
2458 2540 2709 2609 quamvis
2756 2541 2824 2595 ab
2852 2556 2919 2596 eo
2950 2551 3236 2613 superatus
3281 2554 3414 2598 tunc

1820 2631 2128 2697 recesserit,
2171 2640 2412 2703 tempore
2452 2636 2720 2705 passionis
2766 2638 2832 2692 ad
2884 2654 3006 2694 eum
3059 2641 3224 2705 venit,
3270 2641 3414 2696 sicut

1816 2717 1933 2788 ipse
1961 2720 2127 2775 dicit:
2158 2740 2177 2772 ‹
2208 2720 2367 2777 Venit
2405 2724 2473 2778 ad
2503 2738 2589 2780 me
2615 2727 2868 2797 princeps
2897 2727 3057 2797 hujus
3098 2715 3306 2794 mundi,
3356 2741 3413 2786 et

1815 2808 1870 2862 in
1900 2825 1988 2864 me
2015 2826 2122 2866 non
2164 2812 2327 2867 habet
2353 2814 2643 2884 quidquam
2679 2817 2859 2887 (Joan.
2890 2819 3025 2891 x1v).
3061 2838 3080 2872 ι
3116 2820 3270 2877 Unde
3311 2837 3407 2878 co-

1812 2898 2143 2966 gnoscimus,
2196 2902 2321 2971 quia
2374 2903 2630 2975 antiquus
2681 2907 2851 2963 hostis
2896 2910 3145 2978 superari
3201 2920 3403 2980 potest,
3454 2962 3455 2965 η

1811 2988 1903 3043 sed
1939 2989 2218 3058 quiescere
2247 2993 2437 3048 nescit.
2468 2994 2538 3050 Et
2584 3011 2650 3053 eo
2680 3014 2711 3052 a
2744 2999 3042 3054 tentatione
3071 3003 3360 3058 recedente
3386 3021 3400 3057 :

1816 3096 1833 3129 ‹
1879 3078 2017 3134 Ecce
2048 3082 2222 3152 angeli
2253 3094 2619 3152 accesserunt,
2643 3096 2699 3142 et
2718 3088 3103 3145 ministrabant
3126 3092 3196 3145 ei.
3230 3111 3249 3145 ›
3280 3091 3404 3146 Pul-

1809 3170 2081 3226 cherrime
2109 3182 2291 3230 autem
2323 3174 2377 3230 in
2404 3178 2750 3234 conclusione
2772 3180 2932 3251 hujus
2958 3181 3207 3238 lectionis
3253 3193 3404 3239 utra-

133 3262 264 3328 emi,
310 3271 365 3319 et
405 3281 621 3324 necesse
663 3268 838 3326 habeo
872 3269 1043 3336 exire,
1066 3281 1121 3326 et
1146 3268 1331 3327 videre
1361 3272 1529 3328 illam.
1562 3271 1715 3328 Alter
1740 3263 1787 3327 C
1816 3275 1923 3331 (ιιιθ
1969 3262 2180 3320 Domini
2208 3275 2399 3323 "illum
2428 3269 2583 3325 "Obis
2627 3268 2955 3339 declarauit.
2985 3274 3166 3329 diViﬂa
3195 3275 3403 3332 δοίιίοει

137 3354 275 3407 dixit
306 3374 321 3407 :
376 3355 505 3426 luga
530 3358 689 3415 boum
716 3361 822 3416 emi
850 3361 1107 3434 quinque,
1135 3370 1275 3417 eteo
1324 3364 1556 3431 probare
1596 3363 1705 3418 illa.

141 3440 359 3499 Tertius
384 3452 591 3517 quoque
614 3449 724 3505 ait:
753 3449 990 3509 Uxorem
1038 3452 1186 3519 duxi,
1216 3462 1272 3509 et
1297 3453 1418 3509 ideo
1448 3469 1558 3510 non
1585 3469 1711 3524 pos-

136 3548 257 3588 sum
295 3537 495 3592 venire.
527 3558 549 3591 ι
587 3538 710 3597 Ideo
734 3550 788 3598 et
826 3558 925 3600 nos
952 3544 1273 3601 calliditates
1298 3546 1495 3602 diaboli
1517 3548 1710 3617 pravi-

137 3625 335 3690 dentes,
393 3644 488 3698 per
528 3645 678 3687 arma
716 3633 944 3703 justitize
983 3653 1012 3691 a
1042 3637 1249 3694 dextris
1294 3647 1351 3694 et
1392 3655 1423 3693 a
1470 3640 1707 3697 sinistris

137 3717 249 3783 tuti,
280 3731 348 3773 ex
380 3721 505 3777 totis
529 3725 903 3784 conaminibus
929 3743 1229 3802 repugnare
1264 3731 1595 3789 Studeamus.
1692 3744 1695 3745 '

202 3856 222 3889 ‹
255 3839 405 3896 Tunc
435 3844 513 3899 ait
546 3845 621 3903 illi
648 3844 805 3903 Jcsus
835 3867 847 3902 :
892 3848 1059 3917 Vade,
1113 3850 1334 3908 Satana.
1373 3872 1393 3907 ι
1452 3852 1706 3911 Nonnulli

145 3939 310 3997 putant
338 3936 583 3991 eamdem
630 3941 952 3995 sententiam
983 3942 1197 3999 audisse
1243 3943 1516 4002 diabolum
1541 3962 1705 4017 quam

143 4031 185 4075 et
212 4022 401 4081 Petrus
431 4028 658 4096 audivit,
682 4031 775 4086 sed
796 4034 1023 4089 multum
1049 4036 1191 4091 inter
1209 4051 1269 4092 se
1292 4038 1518 4095 diversa:
1554 4049 1699 4096 sunt.

142 4112 280 4173 Petro
306 4119 453 4174 enim
477 4120 790 4193 ignoranter
823 4129 1138 4198 mysterium
1169 4132 1440 4201 passionis
1486 4147 1704 4191 contra-

140 4204 314 4263 dicenti
342 4209 549 4268 dictum
583 4222 697 4270 est:
726 4215 872 4272 Vade
899 4228 1046 4276 retro
1070 4235 1177 4290 me,
1202 4221 1423 4291 Satana,
1453 4228 1597 4296 quod
1618 4236 1704 4284 est

140 4300 326 4359 dicere:
363 4304 627 4377 Sequere,
660 4310 712 4366 id
751 4320 836 4367 est
864 4312 1077 4370 imitare
1109 4331 1228 4381 me,
1257 4300 1351 4387 qui
1396 4321 1701 4376 contrarius

139 4406 190 4448 es
218 4396 477 4452 voluntati
506 4416 658 4456 meae.
699 4402 926 4459 Diabolo
954 4414 1134 4462 autem
1178 4424 1284 4465 non
1314 4411 1536 4477 dicitur,
1562 4414 1700 4470 vade

138 4492 267 4541 letro
286 4504 373 4544 me
391 4529 406 4555 ,
432 4491 527 4545 sed
565 4493 830 4561 absolute,
852 4497 1009 4564 vade,
1039 4496 1263 4567 Satana,
1316 4510 1373 4557 ut
1412 4502 1699 4560 subaudia-

138 4584 217 4631 tur
251 4579 301 4635 in
328 4583 621 4641 infernum.
674 4608 695 4640 ί
735 4590 1009 4662 Scriptum
1050 4602 1134 4648 est
1179 4595 1324 4650 enim
1356 4612 1370 4650 :
1407 4596 1696 4654 Dominum
1729 4632 1781 4692 Ι)

144 4685 158 4692 -
198 4667 339 4692 haud”
382 4686 393 4692 -
624 4678 637 4692 ι
742 4681 753 4692 ι
779 4683 790 4692 .
972 4684 1042 4692 ....
1137 4684 1171 4692 .-
1322 4688 1333 4692 -
1508 4690 1525 4692 μ

143 4685 158 4716 ι
195 4667 346 4728 Deum
381 4686 529 4732 tuum
572 4678 841 4749 adorabis,
884 4691 940 4739 et
970 4684 1046 4739 illi
1074 4684 1174 4740 soli
1196 4688 1417 4745 servies.
1450 4710 1469 4743 ι
1503 4690 1572 4746 Et
1598 4694 1701 4749 hoc

137 4764 483 4823 testimonium
529 4771 692 4842 (sicut
740 4782 794 4829 et
839 4762 1139 4849 superiora)
1180 4778 1238 4834 in
1284 4780 1700 4840 Deuteronomio

138 4853 373 4923 scriptum
422 4869 526 4916 est.
573 4860 671 4919 Ubi
721 4866 1174 4923 considerandum
1220 4872 1376 4928 nobis
1425 4886 1531 4942 est,
1573 4876 1699 4945 quia

138 4954 238 4998 cum
264 4949 477 5006 dicente
505 4953 718 5011 diabolo
748 4971 763 5009 :
800 4976 819 5009 ι
848 4957 973 5014 Haec
998 4961 1178 5016 omnia
1221 4962 1314 5018 tibi
1343 4965 1500 5033 dabo,
1534 4967 1579 5022 si
1608 4983 1698 5023 ca-

142 5049 158 5082 ε
179 5033 294 5096 dens
315 5043 632 5101 adoraveris
652 5063 758 5115 me,
781 5068 800 5102 ι
828 5050 1086 5108 Dominus
1117 5058 1424 5125 respondit:
1456 5078 1475 5111 ‹
1510 5060 1696 5117 Domi-

141 5141 289 5219 tnum
313 5135 487 5191 Deum
532 5146 682 5193 tuum
729 5142 996 5209 adorabis,
1029 5165 1048 5198 ι
1080 5148 1317 5202 ostendit
1359 5151 1485 5219 quia
1515 5152 1698 5209 diabo-

137 5214 205 5274 lus
244 5223 389 5281 illum
432 5231 587 5300 quasi
616 5231 787 5287 Deum
830 5243 885 5289 et
925 5234 1237 5293 Creatorem
1270 5255 1428 5296 suum
1468 5243 1694 5299 adorare

135 5308 387 5386 debuerat,
420 5337 529 5378 non
556 5339 614 5380 se
643 5327 711 5381 ad
736 5327 1087 5398 adorandum,
1141 5334 1232 5403 qui
1264 5343 1385 5390 erat
1414 5345 1688 5406 creatura,

136 5409 337 5467 tentare.
362 5412 470 5470 Sed
499 5419 784 5487 quaeritur,
809 5435 933 5476 cum
953 5422 1213 5482 Dominus
1236 5427 1382 5484 dicat
1405 5448 1419 5483 :
1439 5410 1463 5481 ~r
1483 5430 1559 5485 illi
1586 5431 1687 5487 soli

138 5505 384 5573 «servies,
425 5528 443 5560 ι
470 5526 638 5581 quare
663 5513 939 5584 apostolus
975 5514 1173 5575 Paulus
1208 5521 1353 5576 dicat
1380 5537 1480 5593 per
1507 5525 1686 5580 chari-

133 5598 272 5697 tatem
295 5603 501 5660 servire
545 5598 799 5665 invicem.
848 5610 1127 5679 Quomodo
1171 5632 1300 5690 ergo
1331 5618 1556 5680 Domino
1587 5626 1686 5703 sqli

133 5687 310 5746 Scrvire
336 5690 667 5766 praecipitur,
698 5716 822 5757 cum
849 5687 1439 5768 servitium-commune
1459 5687 1689 5773 dicitur?

134 5772 385 5875 Quomodo
424 5796 605 5845 autem
638 5801 923 5865 utrumque
961 5798 1291 5855 contrarium
1346 5804 1451 5861 non
1480 5809 1568 5875 sit,
1606 5810 1687 5868 fa-

133 5866 218 5926 cile
236 5879 572 5947 agnoscimus
601 5883 644 5938 si
691 5888 1075 5959 proprietatem
1098 5891 1271 5952 Graeci
1300 5903 1585 5973 sermonis,
1618 5922 1683 5963 cx

431 5976 704 6041 Panos.
753 5981 1029 6047 CXVIII.

1812 3362 1868 3409 et
1914 3356 2169 3419 humana,
2213 3358 2258 3411 si
2292 3368 2469 3414 tamen
2516 3361 2657 3417 hanc
2685 3378 2809 3418 cum
2839 3362 2999 3418 Luca:
3025 3365 3305 3437 Evangelii
3326 3367 3401 3422 leo

1810 3445 1987 3501 ctione
2008 3445 2369 3504 conferamus.
2394 3449 2650 3519 Legimus
2663 3452 2807 3507 enim
2830 3453 2885 3506 in
2900 3452 3045 3509 Luca
3064 3453 3216 3525 (Luc.
3236 3457 3396 3524 χχιι),

1808 3535 1933 3605 quia
1974 3550 2097 3591 cum
2126 3537 2361 3594 instante
2408 3542 2673 3611 passionis
2710 3551 2951 3614 tempore
2983 3544 3242 3599 Dominus
3268 3534 3397 3614 proé

1806 3626 1969 3682 lixius
2001 3638 2206 3697 oraret,
2236 3630 2569 3687 descendens
2590 3633 2813 3704 angelus
2863 3634 3076 3691 Domini
3120 3636 3186 3691 de
3234 3636 3395 3703 caelo,

1806 3716 2149 3775 confortabat
2174 3735 2318 3792 eum.
2365 3721 2422 3775 ln
2455 3723 2779 3781 documento
2824 3740 2954 3797 ergo
2981 3728 3262 3798 utriusque
3300 3744 3398 3784 na-

1806 3815 1942 3863 tura:
1989 3809 2131 3865 hunc
2176 3818 2231 3865 et
2277 3812 2501 3883 angelus
2544 3813 2905 3884 confortabat,
2947 3829 3003 3873 et
3051 3819 3178 3875 huic
3218 3820 3396 3893 angeli

1806 3897 2388 3968 ministrabant..Quia
2420 3904 2564 3958 enim
2606 3905 2751 3963 Deus
2780 3917 2881 3974 est,
2916 3901 3301 3967 ministrabant
3344 3914 3396 3969 ei

1804 3990 1978 4061 angeli
2004 4005 2019 4044 :
2041 3994 2168 4063 quia
2198 3994 2362 4051 homo
2385 4010 2546 4052 verus
2576 4008 2679 4064 est,
2708 4000 3050 4058 confortabat
3077 4018 3201 4060 eum
3227 4022 3395 4077 ange-

1805 4079 1887 4135 lus
1923 4096 1936 4134 :
1967 4083 2222 4151 quoniam
2255 4085 2325 4150 ei,
2355 4086 2448 4155 qui
2478 4087 2781 4145 minoratus
2808 4101 2892 4147 est
2926 4093 3088 4163 paulo
3117 4096 3298 4153 minus
3325 4100 3394 4154 ab

1803 4172 2008 4243 angelis
2032 4175 2085 4228 in
2129 4174 2482 4245 humanitate,
2527 4181 2708 4235 omnia
2739 4181 2981 4253 subjecta
3009 4197 3138 4243 sunt
3166 4190 3267 4246 sub
3292 4205 3392 4261 pe-

1803 4266 1961 4322 dibus
1988 4265 2104 4336 ejus
2130 4283 2227 4339 per
2252 4270 2609 4327 divinitatem.
2643 4273 2917 4342 Quantum
2953 4288 3133 4336 autem
3158 4283 3227 4337 ad
3254 4282 3393 4340 litte-

1803 4371 1919 4411 ram
1946 4360 2203 4429 pertinet,
2235 4361 2416 4418 l‘erunt
2441 4364 2496 4418 hi
2524 4366 2615 4434 qui
2645 4366 2700 4421 in
2748 4372 3125 4429 transmarinis
3145 4375 3392 4445 partibus

1801 4461 1943 4512 sunt,
2000 4454 2141 4521 quod
2199 4454 2376 4509 nullus
2423 4471 2580 4511 mons
2649 4466 2758 4513 tam
2814 4461 3062 4518 excelsus
3106 4464 3177 4518 sit
3225 4480 3389 4535 quam

1801 4541 2077 4614 Olympus,
2108 4545 2260 4615 cujus
2297 4564 2554 4605 cacumen
2586 4550 2664 4622 (ut
2708 4554 2977 4625 asserunt)
3022 4571 3183 4625 super
3219 4557 3390 4614 nubes

1807 4645 1907 4699 est,
1938 4644 1992 4692 et
2012 4652 2110 4693 nec
2135 4638 2207 4693 ibi
2236 4640 2413 4710 pluvia
2438 4657 2536 4698 nec
2562 4644 2732 4698 imber
2762 4646 2951 4714 tangit.
2987 4646 3175 4703 Tradit
3203 4659 3385 4707 autem

1801 4725 1992 4781 beatus
2017 4728 2373 4799 Augustinus,
2401 4732 2495 4801 qui
2533 4730 2751 4787 fuerant
2778 4733 3057 4792 fortissimi
3097 4750 3258 4810 atque
3298 4759 3388 4799 ro-

1801 4813 2119 4883 bustissimi,
2149 4819 2243 4888 qui
2266 4822 2470 4875 aestatis
2502 4829 2740 4891 tempore
2768 4826 3124 4885 ascenderunt
3150 4832 3206 4887 in
3235 4849 3382 4901 eum,

1799 4907 2079 4977 spongiam
2106 4922 2289 4963 secum
2318 4912 2386 4965 ad
2423 4928 2584 4968 nares
2610 4913 2866 4984 ferentes,
2908 4928 3119 4978 necnon
3147 4924 3382 4984 farinam

1800 4996 1885 5050 vel
1928 4998 2201 5066 cinerem,
2248 5010 2303 5057 et
2347 5000 2591 5059 fecerunt
2634 5007 3001 5069 characterem
3048 5015 3280 5088 aliquem
3326 5024 3386 5078 in

1798 5087 1973 5144 farina
2028 5091 2112 5145 vel
2169 5093 2371 5161 cinere,
2435 5108 2873 5174 revertentesque
2940 5121 3083 5163 anno
3137 5087 3383 5181 sequenti

1797 5176 1993 5231 iterum
2042 5180 2405 5238 ascenderunt
2452 5185 2579 5241 illuc
2621 5197 2677 5243 et
2724 5188 2798 5244 ita
2852 5176 3383 5263 inveneruntisicut

1798 5268 2151 5339 reliquerunt.
2180 5273 2249 5328 Et
2268 5274 2320 5329 in
2351 5275 2454 5332 hoc
2493 5280 2870 5358 manifestatur
2918 5285 3045 5355 quia
3077 5303 3239 5358 super
3282 5307 3384 5345 nu-

1798 5358 1895 5416 bes
1920 5373 2022 5427 est,
2058 5377 2113 5419 et
2154 5380 2255 5421 nec
2296 5368 2368 5424 ibi
2394 5356 2587 5439 imber,
2624 5391 2721 5429 nec
2751 5375 2952 5446 pluvia,
2981 5396 3157 5452 neque
3187 5393 3381 5439 ventus

1794 5450 1908 5507 ﬂat.
1949 5453 2314 5526 Spiritualiter
2335 5476 2484 5529 vero,
2537 5480 2632 5535 per
2673 5477 2908 5524 montem
2950 5450 3223 5529 excelsum
3269 5476 3382 5544 ipse

1796 5544 2039 5607 diabolus
2062 5549 2397 5623 intelligitur,
2420 5554 2486 5611 de
2506 5572 2614 5625 quo
2635 5558 2763 5615 alibi
2778 5562 3041 5633 scriptum
3060 5573 3178 5621 est:
3208 5585 3228 5617 ι
3258 5567 3379 5622 Vul-

1794 5650 2015 5697 neratus
2054 5651 2138 5698 est
2164 5659 2193 5696 a
2229 5656 2407 5703 incute
2446 5649 2605 5720 Tyri;
2653 5672 2671 5705 ι
2715 5663 2770 5709 et
2811 5659 3072 5728 propheta
3112 5674 3128 5712 :
3170 5679 3189 5711 ι
3234 5661 3380 5728 Quo—

1793 5731 1953 5789 modo
1979 5733 2221 5791 cecidisti
2246 5738 2310 5793 de
2338 5741 2492 5807 coelo,
2527 5741 2765 5812 Lucifer,
2794 5749 2886 5818 qui
2912 5765 3070 5805 mane
3089 5750 3376 5820 oriebaris.

1788 5824 1877 5891 qui
1904 5824 1960 5879 in
1999 5829 2164 5886 corde
2191 5838 2281 5885 tuo
2306 5832 2489 5888 dixisti
2517 5852 2528 5887 :
2554 5834 2611 5889 ln
2644 5837 2841 5893 coelum
2870 5839 3179 5908 ascendam,
3212 5860 3377 5915 super

1786 5924 1935 5974 astra
1959 5918 2083 5979 ραδιὶ
2118 5922 2393 5981 aediﬁcabo
2427 5925 2621 5982 solium
2648 5931 2866 5986 meum?
2892 5949 2911 5984 ›
2952 5930 3087 6001 (Ιδα.
3131 5936 3274 6008 xm.)
3311 5936 3377 5992 Et

2991 6027 3031 6085 7
