3994 6354
549 425 657 483 ξοδ
1171 409 1521 470 HAYMOMS
1561 397 2036 471 HALBERSTAT.
2079 393 2290 454 EPISC.
2331 389 2482 452 OPP.
2522 387 2702 446 PARS
2741 388 2802 444 ll.
2839 417 2909 426 —
2944 381 3175 440 HOMIL.
3323 471 3334 476 _
3730 375 3850 434 ω

488 563 500 570 ί
543 513 687 602 bene
710 539 924 612 quidem
950 549 1046 605 per
1069 539 1302 587 montem
1349 521 1590 582 diabolus
1629 523 1962 594 designatur,
2003 516 2129 588 quia
2154 516 2207 576 Α
2231 511 2412 612 haedos
2440 517 2623 612 autem
2649 521 2679 560 a
2705 503 2964 567 sinistris,
2993 500 3097 556 hoc
3119 505 3207 554 est
3233 471 3549 566 peccatores
3604 491 3672 548 in
3713 503 3856 562 iup-

549 597 746 694 omnes
764 646 889 688 suos
918 597 1178 696 sequaces
1206 621 1272 678 ad
1299 621 1487 676 altiora
1515 623 1794 690 provocat,
1831 611 2038 671 scilicet
2063 607 2132 665 ad
2233 601 2414 696 pliciis
2438 597 2674 696 aeternis:

550 669 874 800 :ulpei‘iiiam.
922 669 1011 775 De|
1043 727 1149 788 quo
1192 715 1382 771 beatus
1422 669 1545 768 .lobr
1563 669 1801 782 loquitur
1839 726 1851 761 :
1898 726 1916 757 ι
1961 706 2132 800 omne
2233 669 2249 672 _
2309 688 2443 800 'hEl
2463 683 2890 800 ρίοθιΔῇιῇιξίεξ
2911 681 3064 800 liii:
3096 675 3456 800 dﬂlﬁiji':
3487 669 3852 800 ixmil:

553 766 611 786 ου
653 766 874 784 eum...”
922 766 998 775 ,ν
1046 766 1143 788 -.η
1193 766 1378 771 __---__
1597 766 1652 782 ί,

553 766 778 877 sublime
819 815 982 877 videt,
1031 819 1084 866 et
1131 811 1244 880 ipse
1293 815 1375 863 est
1417 821 1508 861 rex
1564 817 1724 874 super
1767 815 1954 857 omnes
1996 797 2134 852 filios

2309 785 2437 848 nite,
2463 778 2728 838 benedicti
2749 775 2926 834 Patris
2953 775 3078 841 mei,
3099 771 3368 843 possidete
3389 775 3654 840 paratum
3685 766 3856 820 vobis

554 907 814 981 superbire
863 903 984 976 (Job
1031 861 1176 970 nu).r
1212 919 1230 952 ι
1268 897 1360 954 Sic
1401 905 1618 952 econtra
1663 894 1827 950 etiam
1879 889 2134 945 Dominus
2241 895 2260 928 α
2305 889 2526 947 regnum
2559 885 2588 928 θ
2612 869 2998 928 constitutione
3023 865 3293 981 mundi:
3335 861 3664 918 Secundum
3701 873 3854 928 pra-

2047 979 2072 981 μ
2095 979 2103 981 -
2301 969 2311 980 ο
2390 968 2424 981 -σ
2582 974 2594 981 .
2643 959 3149 981 ---.ι--.ε--.ι.--...
3264 957 3280 981 :
3312 956 3414 981 L..-
3451 954 3732 981 Jahn-nll-
3767 951 3846 981 δη,

553 951 678 1054 subs
705 951 770 1050 ad
797 951 1154 1050 humilitatem
1185 1003 1398 1059 semper
1421 991 1698 1058 provocat,
1729 984 1916 1038 dicens
1943 1000 1955 1034 :
2003 1000 2020 1031 ι
2043 979 2136 1033 Di-
2238 968 2601 1059 seiemiamret
2626 959 3150 1059 praedestinationem
3187 957 3282 1012 Dei
3312 956 3416 1012 hoc
3448 954 3736 1010 debemus
3767 951 3854 1006 in-

553 1047 685 1144 gs};
707 1047 1034 1154 imaque
1075 1081 1220 1136 mitis
1254 1047 1369 1136 ειὶιη
1401 1047 1455 1133 ἐι
1480 1047 1698 1132 humilis
1729 1073 1892 1129 corde
1919 1070 2132 1143 (Matth.
2239 1060 2494 1154 lelllgere.
2527 1058 2790 1154 Regnum,
2819 1053 3015 1154 inquit,
3045 1051 3190 1123 quod
3217 1049 3372 1154 vetus
3408 1047 3593 1154 pultavi
3621 1060 3690 1147 ,ι
3719 1058 3856 1099 ωε..

917 1137 992 1232 illi
1010 1175 1238 1247 gloriam
1267 1186 1473 1227 eorum.
1507 1185 1526 1222 ι
1569 1167 1806 1225 Gloriam
1834 1137 2020 1220 mundi
2051 1161 2134 1217 di-

2284 1150 2518 1206 .itntione
2563 1147 2766 1211 umndi,
2817 1145 2995 1200 venite
3027 1152 3084 1199 et
3123 1141 3418 1213 possidete.
3469 1137 3857 1208 Omnipotens

2425 1240 2478 1254 νιν
2509 1239 2586 1254 ,4,
2645 1253 2658 1254 γ
2708 1237 2747 1254 ι-
2801 1235 3008 1254 ___--._-.
3043 1247 3267 1254 ..-μη-μ
3340 1238 3392 1254 ,Α
3437 1229 3581 1254 ha..-
3631 1226 3856 1254 Al“...—

553 1226 630 1329 cii
678 1286 891 1335 aurum,
922 1226 1226 1336 argentum,
1255 1269 1434 1318 vestes
1461 1269 1516 1317 et
1539 1259 1742 1332 lapides
1771 1257 2058 1329 pretiosos,
2085 1257 2140 1310 et

2284 1255 2384 1296 eus
2410 1239 2600 1295 electis
2640 1237 2754 1292 suis
2801 1235 3014 1305 paravit
3043 1247 3290 1305 negtium.
3337 1238 3396 1287 et
3435 1229 3584 1300 ipsos
3629 1226 3858 1284 electos

554 1373 750 1416 caetera
790 1333 1041 1414 amabilia
1071 1355 1155 1410 vel
1197 1352 1506 1408 transitoria
1533 1349 1737 1405 mundi.
1774 1346 1926 1402 Alius
1959 1345 2160 1410 Evang
2242 1346 2407 1406 regno
2431 1333 2666 1404 paravit.
3487 1404 3500 1413 .

556 1453 748 1527 gelista
775 1451 926 1517 dicit,
955 1449 1097 1519 quod
1132 1449 1185 1502 in
1221 1453 1494 1502 momento
1519 1451 1572 1496 et
1601 1441 1706 1498 ictu
1737 1439 1876 1496 oculi
1905 1429 2142 1494 ostendit
2317 1465 2336 1497 ε
2385 1443 2537 1500 Tunc
2569 1441 2968 1514 respondebunt
3003 1440 3052 1496 ei
3077 1438 3235 1510 ius“,
3273 1435 3514 1493 dicentes
3539 1451 3553 1488 ε
3580 1433 3852 1496 numine,

559 1545 636 1602 illi
678 1545 876 1600 omnia.
909 1542 974 1596 Et
1004 1541 1158 1606 bene,
1203 1539 1328 1608 quia
1384 1533 1564 1592 omnia
1595 1549 1714 1603 qua:
1750 1531 2001 1586 videntur
2026 1544 2141 1584 mo-
2251 1554 2270 1586 α
2315 1535 2532 1607 quando
2558 1541 2610 1590 ιε
2653 1533 2888 1590 vidimus
2912 1531 3242 1588 esurientem
3266 1537 3325 1584 οι
3350 1531 3616 1600 pannus,
3681 1545 3707 1577 ι
3747 1533 3852 1581 θαι,

559 1645 843 1695 mentauea
873 1644 928 1690 et
965 1633 1274 1688 transitoria
1332 1637 1479 1695 sunt,
1525 1630 1666 1684 sicut
1711 1627 1970 1694 scriptum
2017 1629 2138 1678 est:
2243 1627 2384 1684 Jusii
2425 1626 2506 1682 vel
2553 1639 2652 1696 pro
2694 1618 2915 1681 iermre'
2958 1627 3014 1678 et
3059 1619 3427 1693 magnitudine
3470 1616 3706 1672 Domini
3752 1616 3852 1672 ista

564 1747 586 1782 ι
630 1727 698 1784 Et
747 1725 978 1782 mundus
1022 1723 1237 1784 transit,
1290 1731 1346 1775 et
1405 1718 1840 1790 concupiscentia
1893 1716 2028 1786 ejus,
2091 1719 2146 1768 et
2243 1719 2557 1790 loquuntur,
2603 1715 2688 1772 vel
2723 1723 2943 1788 propter
2983 1709 3406 1784 magnitudinem
3446 1706 3853 1763 remuneratio-

561 1819 741 1874 omnia
795 1817 1007 1871 vanitas
1054 1813 1106 1885 (l
1143 1811 1303 1866 Joan.
1337 1811 1421 1882 ιι).
1470 1827 1488 1861 ι
1529 1809 1680 1862 Alius
1742 1819 1974 1875 namque
2017 1802 2146 1858 dicit

2287 1811 2351 1864 is.
2383 1805 2574 1864 Omnia
2599 1803 2800 1861 etenim
2828 1805 2965 1860 bona
3001 1815 3121 1873 quae
3159 1802 3212 1856 in
3260 1801 3362 1856 hoc
3391 1798 3589 1854 saeculo
3641 1811 3846 1870 get-tm-

561 1909 705 1981 quod
746 1909 822 1964 ait
871 1879 1096 1962 Domino
1144 1879 1390 1958 diabolus
1440 1919 1452 1954 :
1488 1919 1524 1964 ,ι
1565 1899 1754 1954 Omnia
1806 1912 1925 1966 quae
1968 1894 2146 1949 cernis

2284 1913 2358 1962 ur,
2393 1895 2460 1952 ad
2504 1893 2931 1966 magnitudinem
2961 1892 3106 1948 illius
3129 1891 3313 1960 gloria:
3337 1889 3568 1960 imparia
3607 1901 3748 1944 esse
3765 1886 3848 1956 ju-

562 2013 679 2056 mea
706 2005 851 2063 sunt,
881 2005 936 2051 et
969 1995 1055 2050 cui
1084 1992 1304 2049 voluero
1340 1991 1408 2044 do
1431 2005 1515 2044 ea.
1548 1987 1626 2042 Tn
1659 1997 1838 2042 autem
1873 1985 1918 2040 si
1947 1985 2146 2038 cadens
2251 1990 2518 2044 dicamur,

561 2085 869 2144 adom'eﬁs
909 2101 1016 2151 met
1057 2092 1216 2140 erum
1266 2091 1353 2135 ma
1397 2079 1575 2135 omnia
1610 2074 1952 2170 (M“"’_"_w)'
1992 2093 2010 2127 ’
2041 2073 2144 2128 θ’θ’·
2331 2124 2348 2155 ι
2391 2102 2564 2156 Amen
2613 2099 2731 2156 dico
2771 2099 2944 2163 vobis,
2991 2097 3231 2170 quandiu
3278 2095 3484 2150 fecistis
3511 2093 3604 2148 uni
3654 2091 3730 2149 de
3769 2088 3849 2149 his

560 2175 698 2236 Mm
721 2177 982 2241 d‘ahoms’
1015 2185 1070 2231 θί
1092 2175 1196 2230 hoc
1222 2185 1318 2244 per
1347 2171 1715 2238 arrogantiam
1742 2167 1894 2232 dim’
1923 2178 2030 2220 mm
2051 2177 2147 2235 per
2257 2214 2275 2247 ι
2320 2193 2576 2248 fratribus
2627 2191 2760 2248 meis
2801 2167 3058 2254 minimis,
3107 2187 3238 2244 mihi
3271 2187 3496 2244 fecistis.
3544 2207 3564 2240 ι
3612 2185 3769 2242 Licet
3797 2185 3848 2240 in

562 2277 878 2350 Ρθίθηίίωη·
929 2274 1084 2329 Abs"
1130 2273 1231 2326 hoc
1263 2269 1326 2323 ad
1359 2265 1762 2338 intelligendum
1809 2274 1869 2356 Ψ*
1913 2261 2030 2330 eius
2080 2259 2150 2356 θη
2251 2285 2502 2342 omnibus
2529 2281 2852 2356 pauperibus
2875 2281 3126 2338 Christus
3151 2278 3468 2350 recipiatur,
3497 2285 3552 2332 et
3585 2274 3638 2332 in
3667 2277 3842 2332 omni-

561 2370 848 2425 Universus
892 2365 1141 2420 mundus.
1191 2361 1376 2430 Neque
1405 2361 1547 2414 enim
1586 2367 1763 2428 potest
1805 2354 1920 2412 fore
1955 2363 2014 2410 ut
2057 2354 2148 2420 sit,
2253 2379 2354 2434 bus
2385 2375 2457 2430 illi
2484 2354 2823 2446 el'eembsyna
2856 2369 3140 2444 largiatur,
3175 2379 3356 2425 tamen
3396 2368 3450 2422 in
3503 2368 3607 2424 hoc
3651 2367 3848 2423 mulo

559 2463 654 2520 sed
699 2461 842 2517 illius
883 2471 968 2516 est
1013 2457 1103 2526 qui
1150 2463 1344 2511 cuncta
1387 2468 1452 2508 ex
1503 2451 1670 2508 nihilo
1718 2450 1940 2506 creavit.
1986 2448 2152 2518 Cujus
2255 2465 2375 2524 mos
2396 2465 2984 2538 specialiterdcsignat’
3009 2461 3229 2534 quino"
3252 2459 3620 2531 corpore’sed
3646 2459 3835 2529 smn-lu

563 2569 796 2624 namque
827 2553 894 2606 sit
921 2547 1189 2620 Pmpheta
1235 2545 1492 2612 declarat,
1527 2545 1748 2600 dicens:
1778 2561 1796 2595 ι
1829 2541 2041 2598 Domini
2069 2542 2152 2596 est

563 2656 708 2704 terra
739 2655 794 2700 et
825 2644 1100 2714 plenitudo
1145 2641 1280 2711 ejus,
1323 2638 1470 2694 Orbis
1511 2647 1779 2692 terrarum
1821 2644 1876 2692 et
1911 2631 2153 2690 universi

564 2741 654 2812 qui
682 2739 929 2796 habitant
958 2737 1011 2791 in
1042 2750 1108 2790 eo
1139 2729 1312 2807 (Psal.
1347 2731 1526 2804 mn).
1571 2749 1589 2781 ι

1111 2866 1392 2926 llOMILlA
1421 2863 1610 2921 XXIX.

911 3022 1068 3063 FERIA
1107 3019 1340 3061 SECUNDA
1375 3015 1504 3057 pos'r
1545 2997 1826 3054 (avocavit.

637 3145 877 3219 (Mure.
914 3139 1063 3209 xxv.)
1097 3159 1116 3191 ‹
1145 3139 1202 3194 ln
1235 3137 1324 3192 illo
1355 3146 1615 3204 tempore,
1645 3130 1783 3186 dixit
1809 3123 1967 3186 Jesus
1999 3126 2162 3184 disci-

2256 2573 2522 2630 pauperes
2552 2563 2678 2612 sunt
2715 2575 2729 2611 :
2765 2555 2857 2626 qui
2900 2567 2995 2609 sua
3027 2561 3124 2623 pro
3166 2550 3278 2606 Deo
3308 2549 3648 2620 reliquerunt,
3690 2547 3837 2602 sicut

2256 2648 2476 2703 fuerunt
2523 2645 2752 2718 apostoli
2790 2653 2848 2701 et
2893 2643 3192 2698 imitatores
3239 2655 3450 2706 eorum,
3509 2651 3650 2708 super
3692 2651 3831 2707 quos

2259 2739 2519 2797 Dominus
2539 2755 2730 2795 manus
2749 2745 2875 2795 suas
2891 2735 3208 2800 extendens,
3225 2731 3468 2790 dicebat:
3489 2747 3508 2786 ι
3531 2731 3840 2788 Eccemater

2259 2847 2380 2890 mea
2409 2845 2465 2890 et
2497 2833 2694 2888 fratres
2727 2831 2832 2888 mei
2865 2826 3080 2904 (Matth.
3119 2827 3239 2899 xu).
3268 2847 3286 2881 ι

2337 2973 2355 3006 ι
2398 2952 2465 3008 Ει
2493 2952 2650 3007 ibunt
2684 2949 2740 3005 hi
2768 2949 2824 3004 in
2853 2945 3172 3020 supplicium
3203 2952 3489 3008 aeternum,
3512 2941 3648 3011 justi
3678 2950 3854 2994 autem

2267 3065 2288 3093 σ
2333 3045 2388 3099 in
2413 3044 2580 3098 vitam
2613 3050 2893 3096 aeternam.
2927 3057 2946 3091 ι
2971 3037 3129 3094 Sicut.
3147 3035 3296 3091 enim
3325 3035 3378 3090 iu
3406 3033 3639 3089 scicntia
3678 3029 3776 3086 Dei
3805 3038 3859 3085 et

2264 3134 2737 3208 praedestinatione
2759 3132 2900 3186 illius
2923 3138 3284 3202 praeparatum
3304 3136 3384 3182 est
3403 3125 3608 3182 sanctis
3633 3138 3861 3194 regnum

581 3259 598 3291 ⁶
641 3237 782 3308 illius
827 3234 940 3291 διιίδ
975 3251 986 3286 ε
1034 3231 1168 3287 Cum
1216 3227 1428 3284 Vener“
1469 3223 1615 3279 ﬁlius
1654 3221 1888 3277 ιιοωίιιίδ
1936 3219 1990 3274 in
2035 3217 2162 3274 Sede
2189 3238 2236 3302 ο
2267 3243 2298 3282 a
2323 3225 2707 3282 constitutione
2751 3222 2961 3287 mundi,
3008 3223 3081 3276 ita
3107 3221 3270 3276 etiam
3309 3231 3478 3288 poenae
3510 3215 3716 3270 inferni
3753 3215 3864 3268 dia-

576 3353 593 3385 ‹
634 3329 934 3403 majestatis
981 3342 1110 3391 suae,
1141 3333 1194 3380 et
1230 3335 1420 3378 omnes
1470 3317 1644 3390 angeli
1682 3317 1800 3389 ejus
1849 3329 1970 3370 cum
2015 3326 2100 3368 eo.
2137 3330 2156 3362 ι

571 3423 700 3481 Post
757 3423 980 3478 biduum
1026 3416 1231 3473 Pascha
1275 3413 1537 3477 facturus,
1584 3407 1807 3481 pulchre
1833 3403 2078 3475 praedicit
2105 3415 2164 3457 se

579 3517 632 3572 in
684 3511 970 3582 majestate
1018 3509 1086 3564 ad
1125 3505 1475 3574 iudicandum
1501 3517 1668 3574 genus
1713 3500 2006 3554 humanum
2035 3509 2167 3550 ven-

577 3617 758 3662 turum
791 3623 803 3657 :
834 3603 973 3665 ideo,
1007 3609 1066 3653 ut
1093 3613 1230 3668 quos
1270 3589 1594 3650 contumelia
1627 3590 1864 3644 terrebat
1893 3583 2163 3656 supplicii.

571 3697 876 3754 sul-levaret
938 3692 1102 3747 etiam
1179 3688 1346 3758 gloria
1416 3683 1584 3754 regni.
1633 3679 1700 3733 Et
1753 3677 1972 3748 pulchre
2020 3673 2166 3730 ﬁlius

575 3787 813 3844 hominis
868 3787 918 3838 in
971 3780 1252 3850 majestate
1303 3777 1495 3832 dicitur
1543 3787 1661 3827 esse
1709 3778 1989 3832 venturus,
2043 3765 2166 3834 quia

583 3898 601 3930 ι
647 3877 806 3933 Pater
835 3890 940 3930 non
973 3871 1179 3944 judicat
1205 3881 1552 3940 quemquam,
1589 3861 1683 3918 sed
1718 3873 1878 3916 omne
1906 3856 2166 3929 judicium

576 3971 723 4028 dedit
753 3968 890 4024 Filio
915 3966 1097 4040 (Joan.
1127 3963 1202 4035 ν).
1241 3983 1258 4015 ι
1291 3962 1359 4016 Ει
1385 3961 1437 4014 in
1476 3957 1700 4028 judicio,
1729 3954 1840 4011 sola
1866 3953 2042 4010 forma
2071 3949 2168 4004 ﬁlii

581 4062 819 4120 hominis
851 4057 1146 4130 apparebit.
1187 4073 1204 4106 ι
1243 4054 1397 4109 Tunc
1425 4050 1630 4108 sedebit
1662 4063 1824 4118 super
1846 4046 2028 4101 sedem
2057 4060 2170 4098 ma-

585 4174 604 4206 ι
642 4153 860 4226 jestatis
911 4165 1042 4205 suae.
1091 4169 1108 4200 ι
1155 4145 1346 4202 Sedem
1377 4141 1672 4213 majestatis
1704 4139 1794 4194 Dei
1839 4137 1922 4192 vel
1948 4137 2167 4201 nubem,

579 4245 634 4302 in
656 4260 764 4316 qua
790 4243 857 4298 ad
882 4241 1050 4298 caelos
1071 4237 1332 4316 ascendit,
1359 4251 1480 4290 cum
1505 4249 1610 4304 qua
1624 4232 1790 4286 etiam
1818 4229 1883 4284 ad
1904 4227 2168 4297 judicium

581 4340 938 4395 descensurus
976 4341 1082 4399 est,
1111 4311 1410 4400 intelligere
1445 4325 1700 4380 debemus
1729 4340 1741 4374 :
1775 4320 1856 4376 vel
1885 4320 2050 4374 etiam
2075 4335 2171 4372 an-

580 4431 731 4504 gelos
751 4437 804 4483 et
825 4436 1042 4483 sanctos
1070 4422 1340 4486 homines,
1371 4417 1568 4491 quibus
1592 4415 1888 4487 praesidens
1907 4412 2184 4483 judicium.

582 4523 636 4578 in
671 4521 804 4580 orbe
831 4517 1072 4590 agitabit.

2266 3317 2390 3373 bolo
2418 3325 2472 3371 et
2499 3313 2704 3385 angelis
2726 3311 2844 3382 ejus
2862 3317 3178 3383 praeparatae
3196 3323 3314 3366 esse
3334 3302 3598 3362 dicuntur.
3626 3301 3863 3359 Frustra

2267 3425 2396 3483 ergo
2421 3407 2752 3481 dogmatizat
2777 3404 3028 3478 Origines
3055 3402 3327 3459 diabolum
3369 3407 3418 3455 et
3449 3411 3642 3454 omnes
3667 3412 3863 3472 repro-

2268 3501 2368 3557 bos
2390 3509 2512 3570 post
2532 3498 2764 3569 spatiqu
2790 3496 2936 3552 mille
2965 3510 3230 3551 annorum
3261 3493 3328 3548 de
3357 3491 3572 3546 inferno
3595 3488 3860 3550 exiturus,

2267 3599 2323 3644 et
2347 3588 2414 3644 ad
2434 3588 2660 3659 gloriam
2691 3587 2812 3642 vitae
2833 3595 3049 3642 aeterna:
3073 3582 3503 3646 transferendos,
3535 3594 3658 3634 cum
3687 3576 3866 3633 Domi-

2268 3699 2370 3740 nus
2397 3683 2542 3738 dicat
2571 3701 2582 3735 :
2613 3702 2630 3732 ι
2663 3681 2818 3736 lbunt
2845 3681 2900 3735 hi
2925 3680 2979 3734 in
3005 3677 3324 3749 supplicium
3351 3683 3637 3729 aeternum.
3671 3690 3688 3722 ι
3714 3667 3864 3724 Sicut

2270 3773 2415 3829 enim
2461 3771 2630 3844 gloria
2673 3786 2834 3840 quam
2883 3769 3056 3848 sancti
3109 3769 3164 3822 in
3207 3765 3292 3821 die
3339 3761 3531 3834 judicii
3592 3759 3862 3830 accipient

2270 3864 2597 3922 :eternaliter
2624 3863 2728 3919 erit
2752 3873 2806 3918 et
2827 3864 2943 3920 sine
2985 3861 3244 3926 termino,
3267 3859 3342 3915 ita
3371 3857 3491 3914 sine
3519 3853 3684 3912 dubio
3702 3866 3862 3924 ptrue

2273 3960 2489 4016 dabitur
2515 3956 2846 4015 aeternaliter
2877 3953 3144 4026 reprobis.

2824 4087 3109 4146 HOMlLlA
3148 4085 3316 4142 XXX.

2629 4231 2786 4278 rents
2817 4237 3016 4280 reum
3047 4237 3178 4280 rosr
3215 4217 3508 4276 Invocarit.

2349 4363 2586 4434 (Mure.
2631 4363 2768 4431 χχι.)
2803 4380 2822 4412 ι
2855 4359 2912 4415 1η
2942 4361 3031 4416 illo
3062 4368 3326 4431 tempore,
3353 4374 3477 4415 cum
3501 4354 3762 4412 intrasset
3787 4355 3872 4411 Je-

2281 4479 2299 4508 ε
2341 4472 2433 4512 sus
2472 4455 2920 4525 Hierosolymam,
2950 4461 3220 4509 commota
3264 4463 3348 4508 est
3379 4451 3632 4506 universa
3679 4449 3870 4504 civitas

2285 4572 2302 4603 ι
2348 4553 2534 4608 dicens
2558 4570 2570 4604 :
2597 4551 2729 4619 Quis
2754 4557 2836 4603 est
2858 4549 2945 4604 hic
2965 4548 2988 4602 ?
3011 4568 3027 4599 ι
3059 4556 3114 4603 et
3141 4546 3371 4617 reliqua.
3394 4541 3872 4616 Ingressusl'uerat

661 4655 678 4687 ι
720 4635 788 4689 Ει
833 4630 1307 4702 congregabuntur
1334 4633 1460 4680 ante
1499 4639 1622 4678 eum
1653 4635 1842 4677 omnes
1879 4628 2090 4690 gentes,
2119 4627 2167 4674 et

2284 4645 2538 4700 Dominus
2565 4643 2862 4699 Jerusalem
2891 4656 3012 4696 cmn
3037 4638 3341 4710 frequentia
3385 4637 3694 4698 turbarum,
3723 4633 3872 4706 hym—

591 4747 610 4779 σ
653 4727 930 4797 separabit
975 4739 1070 4778 eos
1095 4724 1164 4777 ab
1212 4720 1462 4780 invicem,
1513 4715 1653 4771 sicut
1691 4724 1876 4783 pastor
1922 4719 2174 4780 segregat

519 4823 523 4828 ’
595 4840 612 4870 ‹
655 4833 786 4874 oves
815 4818 882 4871 ab
914 4816 1099 4871 haedis.
1142 4835 1158 4864 ι
1203 4813 1255 4866 In
1286 4808 1679 4879 significatione
1721 4804 2012 4860 electorum
2043 4816 2172 4857 oves

591 4923 992 4985 praeponuntur,
1013 4919 1234 4982 propter
1257 4910 1636 4963 innocentiam.
1656 4904 1822 4957 Electi
1847 4915 2022 4956 autem
2047 4909 2175 4953 oves

591 5009 864 5067 dicuntur,
903 5005 1029 5076 quia
1057 5005 1355 5058 imitatores
1380 5001 1522 5056 illius
1552 5008 1676 5053 sunt
1705 4997 1770 5049 de
1797 5009 1904 5064 quo
1933 4994 2132 5048 dicitur
2157 5007 2170 5042 :

602 5119 621 5151 ι
669 5099 821 5154 Sicut
863 5099 980 5153 ovis
1010 5099 1077 5152 ad
1103 5097 1427 5151 occisionem
1470 5095 1660 5145 ductus
1687 5097 1770 5141 est
1809 5086 1942 5153 (Isa.
1980 5084 2116 5152 un).
2149 5101 2166 5133 ι

597 5193 832 5264 Reprobi
883 5205 1011 5246 vero
1051 5193 1104 5245 in
1151 5188 1540 5260 signilicatione
1571 5182 1847 5237 haedorum
1879 5187 2174 5247 ponuntur,

598 5286 740 5355 quod
786 5287 1042 5342 lascivum
1084 5293 1138 5340 et
1181 5281 1422 5354 petulans
1463 5276 1663 5333 animal
1700 5281 1800 5338 est,
1853 5281 1905 5326 et
1942 5270 2081 5339 quod
2124 5269 2178 5322 in

602 5378 778 5434 Veteri
804 5377 1146 5434 Testamento
1169 5391 1267 5446 pro
1293 5373 1530 5445 peccatis
1556 5368 1734 5442 populi
1764 5364 2106 5422 offerebatur.

675 5511 692 5541 ι
737 5489 805 5544 Ει
843 5499 1045 5545 statuet
1074 5504 1202 5543 oves
1247 5505 1276 5541 a
1321 5485 1546 5548 dextris,
1577 5482 1756 5537 bardos
1787 5489 1963 5534 autem
1993 5495 2020 5530 a
2054 5476 2184 5530 sini-

607 5600 624 5630 r
660 5581 806 5635 stris.
839 5601 857 5632 ι
888 5577 1039 5650 Apud
1062 5574 1232 5632 Deum
1260 5590 1364 5630 non
1389 5582 1471 5628 est
1502 5573 1688 5626 dextra
1717 5583 1888 5638 neque
1911 5565 2128 5623 sinislra
2167 5581 2179 5616 :

602 5671 694 5727 sed
736 5685 831 5742 per
871 5671 1148 5725 dexteram
1182 5664 1493 5738 magnitudo
1536 5663 1739 5734 glorim,
1776 5675 1872 5731 per
1910 5657 2182 5714 sinistram

604 5763 916 5835 magnitudo
946 5759 1192 5831 supplicii
1223 5758 1553 5830 designatur.
1587 5756 1800 5810 Statuet
1842 5769 1969 5824 ergo
1999 5767 2126 5807 oves
2154 5763 2184 5802 a

605 5858 812 5912 dextris
856 5857 990 5922 suis,
1019 5855 1121 5910 hoc
1148 5863 1231 5909 est
1257 5851 1458 5910 electos
1480 5851 1530 5905 in
1558 5849 1921 5920 magnitudine
1952 5845 2134 5917 gloria
2167 5857 2181 5896 :

2281 4753 2380 4794 nos
2402 4746 2458 4792 et
2485 4737 2670 4791 laudes
2694 4736 2744 4790 ei
2773 4734 3175 4791 decantantium
3203 4750 3218 4786 :
3242 4732 3429 4786 videns
3455 4743 3589 4800 ergo
3623 4725 3872 4800 populus,

2282 4828 2372 4898 qui
2403 4827 2470 4880 ad
2500 4827 2848 4881 festivitatem
2895 4823 3252 4887 confluxerat,
3297 4819 3586 4876 Dominum
3615 4833 3744 4874 cum
3773 4816 3875 4871 fre-

2282 4918 2502 4988 quentia
2537 4918 2817 4972 turbarum
2849 4915 3132 4970 advenisse
3163 4915 3214 4967 in
3251 4909 3574 4974 Jerusalem,
3607 4915 3875 4964 commota

2284 5019 2388 5075 est,
2417 5009 2600 5064 dicens
2627 5027 2638 5062 :
2669 5008 2802 5075 Quis
2839 5017 2923 5062 est
2951 5005 3080 5060 hic?
3110 5003 3262 5070 Quod
3300 5011 3480 5057 autem
3507 5000 3648 5056 dixit
3675 5017 3689 5053 :
3738 5013 3872 5054 com-

2283 5108 2428 5155 mota
2469 5110 2552 5156 est
2601 5100 2850 5154 universa
2897 5097 3108 5159 civitas,
3138 5093 3528 5164 metonymicos
3558 5100 3647 5146 est
3684 5089 3876 5144 intelli-

2283 5192 2537 5264 gendum,
2565 5207 2660 5263 per
2681 5191 2967 5246 continens
2991 5190 3043 5244 id
3068 5189 3210 5259 quod
3231 5187 3542 5242 continetur
3561 5184 3877 5245 ostendens,

2288 5290 2388 5344 hoc
2421 5298 2524 5352 est,
2554 5302 2650 5357 per
2681 5286 2978 5349 civitatem,
3027 5282 3278 5354 populum
3323 5279 3685 5342 habitantem,
3723 5278 3880 5332 inter-

2289 5389 2479 5452 rogant
2508 5388 2688 5434 autem
2719 5378 2961 5432 dicentes
2989 5393 3002 5429 :
3043 5374 3174 5443 Quis
3199 5383 3284 5428 est
3311 5373 3443 5428 hic?

2367 5491 2382 5522 ι
2413 5470 2598 5542 P0puli
2619 5479 2820 5534 autem,
2852 5491 2870 5521 ι
2905 5469 2958 5525 id
2984 5479 3072 5524 est
3115 5453 3366 5538 vulgares
3393 5465 3565 5520 turbae
3611 5477 3736 5532 qua:
3754 5471 3880 5515 cum

2295 5566 2520 5622 Domino
2543 5564 2950 5636 gradiebantur,
2982 5584 3000 5616 ε
3028 5564 3280 5618 dixerunt
3303 5579 3317 5616 :
3349 5559 3448 5616 Hic
3474 5569 3556 5615 est
3581 5556 3745 5614 Jesus
3771 5570 3884 5628 pro-

2301 5645 2510 5728 9pheta
2543 5674 2573 5712 a
2604 5655 2867 5712 Nazareth
2905 5655 3160 5713 Galilzeze.
3197 5675 3217 5708 ι
3246 5655 3290 5708 Α
3321 5653 3532 5708 minore
3563 5650 3882 5728 incipientes

2295 5750 2359 5804 ad
2391 5747 2566 5820 majus
2605 5748 2931 5818 pertendunt
2981 5762 3136 5802 suam
3188 5742 3618 5814 responsionem.
3665 5725 3768 5794 ilic
3806 5745 3885 5792 est

2296 5839 2512 5912 (inquit)
2543 5837 2700 5896 Jesus
2732 5841 3015 5911 propheta.
3065 5835 3180 5892 Non
3231 5835 3419 5891 dicunt
3447 5833 3750 5896 Christum,
3796 5825 3886 5886 sed
