3994 6354
136 426 255 485 205

1363 422 1668 479 HOMILIA'J
1710 422 1799 479 DE
1836 421 2181 478 TEMPOBE.

3318 422 3425 481 206

140 543 496 612 prophetam,
517 540 671 610 quasi
698 539 873 596 adhuc
897 539 1074 595 minus
1098 539 1390 610 sapientes,
1421 547 1602 592 etnon
1622 552 1742 607 per-
1768 543 1820 602 Α
1844 536 2091 594 fraudem
2117 536 2214 608 per
2249 552 2413 607 quam
2455 538 2758 607 potuissent
2795 537 3046 607 populum
3095 537 3421 606 exepoliaro.

140 633 295 688 feete
324 633 379 687 in
423 648 547 688 eum
587 633 888 697 credentes,
912 622 1012 689 sed
1056 647 1163 688 non
1207 632 1464 687 errabant
1495 647 1561 686 ex
1611 638 1743 686 toto.

143 723 288 778 Nam
318 734 371 779 et
419 724 532 794 ipse
559 734 655 794 per
676 723 896 795 Moysen
927 725 1191 796 propheta
1222 722 1399 778 fuerat
1428 722 1745 793 appellatus,

144 817 369 874 dicente
392 817 572 889 Moyse
600 834 613 870 :
669 837 687 869 ι
718 817 1043 889 Prophetam
1082 817 1367 875 suscitabit
1389 816 1540 872 vobis
1561 815 1746 871 Domi-

142 928 256 967 nus
300 909 445 968 Dens
494 920 674 969 vester
722 927 788 968 ex
833 908 1094 967 fratribus
1145 912 1313 976 meis,
1356 917 1609 978 tanquam
1637 900 1751 973 me,

142 1001 331 1072 ipsum
357 1001 587 1057 audietis
614 996 791 1075 (Deut.
824 1001 965 1072 xm).
1006 1021 1024 1053 ι
1056 1000 1125 1056 Et
1154 999 1269 1070 ipse
1294 998 1456 1054 etiam
1482 1013 1539 1052 se
1567 992 1743 1067 appel.

139 1091 284 1147 lavit
311 1093 665 1163 prophetam,
702 1091 923 1148 dicens:
987 1112 1004 1143 ι
1041 1090 1157 1146 Non
1201 1099 1287 1145 est
1319 1088 1581 1162 propheta
1632 1087 1748 1143 sine

142 1187 380 1253 honore,
410 1187 514 1243 nisi
536 1188 589 1242 in
619 1187 794 1259 patria
824 1201 920 1243 sua
947 1184 1162 1257 (Matth.
1198 1184 1343 1257 xm).
1381 1203 1397 1233 ι
1442 1182 1542 1237 Et:
1578 1200 1595 1232 ι
1632 1179 1745 1235 Non

140 1278 391 1349 oportuit
445 1280 765 1350 prophetam
818 1279 996 1350 perire
1045 1288 1199 1333 extra
1244 1274 1542 1331 Jerusalem
1593 1270 1741 1346 (Luc.

139 1371 291 1440 χιιι).
326 1390 344 1422 ι
394 1370 439 1424 Α
492 1367 759 1424 Nazureth
815 1367 1047 1424 Galilma:
1105 1366 1302 1423 dicitur
1328 1381 1483 1426 esse,
1520 1362 1747 1434 quia'ibi

139 1459 389 1514 nutritus
417 1469 500 1515 est
531 1468 819 1528 postquam
849 1457 912 1513 de
938 1455 1174 1529 Egypto
1214 1455 1390 1510 rediit.
1444 1451 1745 1524 Allegorice

139 1560 331 1605 autem
354 1547 652 1605 Jerusalem
680 1547 949 1621 signiﬁcat
992 1563 1258 1604 summam
1284 1546 1548 1601 visionem
1571 1538 1744 1613 pacis,

139 1640 426 1697 cmlestem
452 1639 701 1697 videlicet
729 1639 982 1711 patriam.
1035 1637 1167 1694 Cum
1204 1652 1333 1710 ergo
1377 1636 1637 1691 intrasset
1659 1633 1747 1690 Je-

139 1750 242 1789 sns
273 1730 597 1801 Jerusalem,
650 1730 705 1787 id
731 1742 817 1787 est
862 1747 985 1786 cum
1024 1747 1121 1802 per
1159 1728 1492 1785 ascensionis
1546 1735 1746 1798 myste—

137 1824 290 1879 rium
347 1832 655 1894 penetraret
715 1822 920 1889 cmlos,
980 1831 1282 1877 commotus
1331 1827 1416 1876 est
1472 1817 1745 1881 exercitus

1850 629 1918 684 Et
1938 645 2037 699 pro
2060 627 2433 684 nummulariis
2476 638 2775 697 posuerunt
2798 628 3126 700 colybystas,
3160 627 3252 697 qui
3281 627 3427 698 coly-

1848 724 1986 789 bias,
2016 723 2071 781 id
2097 731 2180 779 est
2210 729 2506 792 tragemata
2536 721 2615 775 vel
2640 722 2764 776 vilia
2793 721 3111 778 munuscula
3137 720 3426 793 exigebant

1850 831 1880 870 a
1904 815 2099 887 populo
2127 816 2212 871 cui
2235 813 2661 879 ftenerabantur,
2693 814 2916 884 utquod
2957 815 3010 870 in
3053 812 3288 870 nummis
3316 828 3423 868 non

1850 905 2045 963 licebat
2093 907 2355 978 accipere,
2410 905 2601 963 saltem
2644 907 2697 960 in
2736 904 2841 961 illis
2886 908 3048 964 rebus
3093 906 3428 997 accepissent

1850 1017 1969 1073 quae
1999 1002 2235 1057 nummis
2253 1007 2590 1057 coemontur.
2618 999 2783 1055 Verbi
2807 999 2996 1069 gratia,
3031 999 3229 1056 frixum
3256 1000 3423 1065 cicer,

1852 1108 2015 1147 unam
2051 1107 2285 1164 passam,
2318 1107 2477 1163 poma
2516 1091 2713 1146 diversi
2755 1090 2970 1161 generis
2996 1100 3051 1147 et
3080 1102 3275 1149 cretera
3306 1107 3428 1162 quae

1850 1185 2085 1241 nummis
2112 1184 2520 1250 coemebantur,
2569 1182 2870 1240 istiusmodi
2918 1183 3198 1239 inveniens
3245 1182 3430 1239 Domi-

1851 1291 1952 1330 nus
1980 1276 2035 1329 in
2067 1276 2284 1346 templo,
2315 1274 2473 1344 ejecit
2502 1290 2709 1330 omnes.
2735 1273 2842 1329 Sed
2872 1275 3000 1344 quid
3027 1283 3230 1345 ageret,
3263 1277 3308 1332 si
3348 1276 3429 1330 in-

1832 1351 2090 1430 ,venissét
2112 1367 2185 1422 ibi
2207 1367 2564 1433 luxuriantes,
2597 1366 2845 1422 ebrietati
2893 1370 3168 1432 vacantes,
3213 1368 3428 1436 quando

1848 1472 1911 1512 ea
1955 1474 2076 1527 quae
2121 1459 2175 1513 in
2207 1458 2406 1529 templo
2433 1458 2641 1514 Dornini
2671 1457 3035 1514 oﬁ‘erebantur
3059 1456 3253 1526 ejecit?
3276 1456 3430 1525 Quod

1850 1559 2031 1605 autem
2056 1549 2190 1607 dicit
2212 1550 2279 1606 de
2306 1550 2504 1619 templo
2546 1549 2789 1619 eiecisse,
2820 1566 2924 1606 non
2958 1550 3217 1606 debemus
3240 1559 3432 1619 putare

1846 1642 1988 1711 quod
2026 1642 2167 1697 intra
2204 1642 2461 1712 templum
2494 1642 2617 1698 talia
2639 1653 2972 1714 gererentur,
3011 1642 3104 1697 sed
3124 1642 3179 1697 in
3205 1642 3430 1712 portici-

1848 1733 1950 1790 bus
1974 1750 2095 1804 qua:
2143 1734 2358 1806 templis
2387 1735 2753 1791 adhaerebant.
2802 1754 2821 1787 ι
2872 1736 2941 1791 Et
2969 1736 3255 1791 cathedras
3296 1751 3431 1791 ven-

1854 1843 1872 1875 ι
1924 1825 2164 1881 dentium
2213 1825 2488 1882 columbas
2533 1827 2744 1882 evertit.
2781 1846 2801 1879 ι
2838 1826 3107 1883 Columbae
3156 1843 3263 1883 non
3293 1827 3434 1883 resi-

135 1932 506 1986 supernarum
562 1915 823 1971 virtutum
878 1914 931 1970 in
991 1914 1222 1969 adventu
1278 1911 1423 1967 illius
1451 1953 1465 1977 ,
1521 1911 1744 1965 dicens:
1777 1909 1824 1968 Β
1851 1919 1981 1975 dent
2002 1920 2055 1975 in
2085 1920 2374 1985 cathedris,
2413 1922 2508 1977 sed
2532 1921 2712 1990 potius
2752 1920 2805 1974 in
2835 1920 3034 1987 caveis,
3081 1928 3142 1976 ιη
3174 1920 3434 1976 Dominus

137 2008 281 2077 Quis
340 2018 424 2065 est
479 2006 601 2064 hic?
656 2007 808 2077 Quod
861 2007 1146 2063 Psalmista
1209 2005 1448 2078 apertius
1492 2003 1736 2076 exponit,

135 2100 335 2156 dicens
372 2116 439 2157 ex
467 2117 699 2172 persona
724 2098 1092 2171 angelicarum
1120 2097 1383 2152 virtutum
1407 2114 1419 2150 :
1462 2113 1480 2148 ι
1508 2095 1640 2163 Quis
1664 2103 1749 2150 est

137 2198 250 2252 iste
278 2213 373 2252 rex
406 2194 634 2268 gloriae?
661 2214 683 2250 ι
733 2192 798 2250 Et
828 2192 1219 2265 respondentes
1264 2192 1341 2246 illi
1372 2191 1611 2263 quicum
1639 2188 1744 2246 Do-

135 2289 293 2344 mino
323 2287 724 2361 gradiebantur,
772 2287 1068 2342 dixerunt:
1129 2305 1146 2336 ι
1178 2283 1439 2339 Dominus
1485 2282 1746 2337 virtutum

135 2384 261 2453 ipse
292 2390 377 2436 est
412 2397 505 2436 rex
532 2380 716 2450 gloriae
744 2376 918 2448 (Psal.
952 2376 1133 2448 xxiii).
1168 2397 1185 2427 ›
1228 2375 1379 2443 Quod
1406 2372 1594 2439 Isaias,
1624 2372 1750 2428 licet

136 2475 268 2531 aliis
293 2473 497 2538 verbis,
537 2481 717 2527 tamen
743 2470 931 2525 eadem
975 2464 1367 2540 signiﬁcatione
1412 2462 1747 2536 pronuntiat,

137 2567 334 2621 dicens
384 2562 520 2633 (Isa.
553 2563 755 2633 inn):
828 2581 847 2612 ι
883 2559 1013 2629 Quis
1049 2567 1133 2615 est
1192 2558 1293 2613 iste
1340 2556 1433 2627 qui
1489 2554 1634 2611 venit
1684 2554 1750 2609 de

135 2657 339 2722 Edom,
389 2653 574 2709 tinctis
602 2652 854 2724 ,vestibus
897 2651 962 2705 de
1000 2647 1213 2704 Bosra?
1257 2668 1276 2699 ι
1311 2646 1379 2703 Et
1410 2646 1592 2701 statim
1626 2645 1751 2700 sub-

130 2748 402 2821 junxite’x
426 2745 777 2817 responsione
800 2744 1141 2813 angelorum,
1164 2738 1255 2809 qui
1273 2738 1561 2793 Dominum
1585 2736 1751 2791 comi-

134 2844 436 2900 tabantur:
486 2859 503 2891 ι
534 2839 640 2894 iste
668 2836 941 2893 formosus
978 2833 1033 2887 in
1067 2831 1206 2887 stola
1257 2846 1375 2895 sua,
1410 2828 1665 2900 gradiens
1692 2826 1747 2880 in

134 2928 487 2990 multitudine
512 2924 849 2983 fortitudinis
892 2937 1023 2979 suae.
1058 2941 1078 2975 ι

220 3048 241 3081 ‹
266 3028 335 3083 Et
356 3022 573 3080 intravit
597 3020 756 3076 Jesus
782 3018 837 3073 in
862 3014 1120 3089 templum
1143 3013 1262 3079 Dei,
1287 3032 1305 3063 ι
1333 3009 1628 3078 etreliqua.
1646 3008 1748 3063 De-

138 3122 223 3177 dit
249 3118 407 3174 nobis
432 3114 688 3171 Dominus
711 3109 1038 3182 exemplum,
1063 3114 1121 3162 ut
1139 3104 1561 3176 quotiescunque
1591 3101 1646 3155 in
1664 3115 1750 3156 ur-

134 3213 269 3268 bem
295 3207 378 3263 vel
428 3207 481 3261 in
504 3205 689 3261 villam
730 3202 1107 3274 procedamus,
1161 3197 1395 3268 primum
1434 3207 1600 3250 causa
1625 3207 1745 3247 ora-

138 3302 316 3359 tionis
341 3300 558 3355 domum
606 3296 703 3353 Dei
746 3302 1086 3366 expetamus,
1134 3307 1196 3346 ac
1221 3290 1476 3359 deinceps
1522 3299 1586 3341 ea
1623 3296 1745 3355 qua:
1772 3266 1815 3329 (ἶ

144 3394 365 3466 agenda
394 3392 547 3447 nobis
588 3399 711 3446 sunt
754 3405 878 3445 etim
908 3386 1005 3443 Dei
1037 3383 1308 3455 adjutorio
1356 3392 1739 3450 exsequamur.

145 3488 217 3544 Et
244 3487 521 3557 ingressus
547 3483 601 3538 in
628 3482 902 3554 templum,
939 3500 956 3531 ι
998 3478 1249 3550 ejiciebat
1288 3489 1480 3531 omnes
1503 3470 1745 3527 venden-

148 3595 169 3629 ι
207 3584 293 3631 tes
330 3582 386 3629 et
436 3582 673 3629 ementes
728 3570 779 3626 in
841 3567 1061 3640 templo.
1098 3586 1115 3621 ι
1170 3564 1541 3636 Repetendum
1582 3569 1665 3617 est
1715 3576 1744 3614 a

138 3664 538 3725 consuetudine
588 3664 929 3725 Jndzeorum,
989 3659 1080 3731 qui
1126 3667 1282 3715 erant
1321 3656 1613 3713 vendentes
1661 3652 1748 3708 vel

139 3770 411 3819 ementes.
444 3757 796 3829 Praecipiebat
844 3755 1042 3812 etenim
1073 3754 1158 3808 lex
1186 3751 1364 3824 (Deut.
1394 3749 1508 3822 xvr)
1541 3756 1599 3803 ut
1628 3763 1747 3803 om-

143 3854 229 3909 nis
252 3850 483 3922 populus
504 3850 655 3920 regni
678 3848 985 3904 Iudaeorum
1008 3851 1299 3915 appareret
1321 3843 1378 3897 in
1411 3857 1553 3897 anno
1580 3848 1662 3893 ter
1696 3840 1747 3892 in

152 3952 449 4015 conspectu
474 3941 714 4008 Domini,
764 3949 927 4010 atque
956 3937 1356 3995 conﬂuentibus
1392 3936 1459 3989 ad
1491 3932 1747 4003 templum

153 4033 385 4089 dabatur
407 4039 758 4103 praeceptum.
816 4048 835 4081 ι
868 4018 985 4084 Non
1030 4027 1315 4098 apparebis
1355 4026 1409 4080 in
1461 4032 1748 4093 conspectu

148 4125 245 4180 Dei
269 4138 475 4179 vacuus
504 4122 701 4194 (Exod.
730 4120 842 4191 xv).
880 4141 900 4172 ι
952 4118 1009 4173 Ιιι
1037 4118 1127 4173 illo
1156 4132 1287 4186 ergo
1323 4110 1522 4187 templo
1551 4124 1751 4185 angus-

150 4220 391 4284 tissimo,
418 4218 487 4273 ad
519 4218 664 4287 quod
703 4224 874 4270 totum
900 4229 1130 4285 regnum
1166 4211 1474 4268 Jndmrum
1513 4205 1749 4265 conﬂue-

149 4312 261 4374 bat,
322 4308 505 4364 mnltae
557 4308 791 4364 victimae
833 4305 1219 4371 oﬂ‘erebantur,
1262 4305 1432 4360 boves
1478 4301 1750 4364 videlicet,

149 4402 376 4464 arietes,
403 4414 530 4456 oves
546 4407 600 4454 et
622 4407 894 4470 caprae,et
916 4411 1183 4469 passeres.
1212 4395 1319 4451 Sed
1340 4396 1468 4465 quia
1502 4392 1655 4449 multi
1687 4392 1754 4447 de

152 4490 465 4563 longinquis
502 4492 814 4562 regionibus
852 4488 1326 4559 superveniebant,
1350 4486 1443 4556 qui
1469 4500 1651 4541 secum
1682 4484 1754 4539 vi-

152 4587 353 4640 ctimas
379 4595 436 4641 et
456 4584 727 4642 sacriﬁcia
753 4583 1022 4638 adducere
1046 4597 1153 4637 non
1179 4588 1456 4651 poterant,
1482 4577 1753 4633 habebant

154 4688 492 4752 praeparatas
512 4680 825 4736 sacerdotes
854 4676 1105 4733 victimas
1130 4675 1327 4731 diversi
1361 4673 1595 4745 generis,
1625 4688 1745 4743 qua:

154 4773 208 4827 in
240 4787 402 4827 nsum
440 4770 833 4827 sacriﬁciorum
864 4775 1022 4822 erant
1066 4776 1212 4836 apta,
1252 4774 1313 4819 ut
1358 4764 1639 4820 venientes
1676 4763 1743 4818 ad

162 4863 427 4934 templum
458 4862 671 4918 Domini
706 4859 1032 4925 sacriﬁcium
1056 4865 1317 4913 emerent.
1348 4857 1415 4912 Et
1449 4859 1524 4913 ita
1567 4857 1748 4912 adhae-

157 4958 313 5011 rebat
341 4954 537 5026 duplex
562 4952 941 5023 compendium
970 4948 1177 5006 Scribis
1199 4955 1254 5003 et
1276 4948 1582 5006 Pbarisaeis.
1604 4947 1745 5002 Nam

156 5049 475 5120 et'pretimu
511 5063 693 5105 rerum
717 5061 939 5103 suarum
965 5044 1325 5115 accipiebant,
1358 5053 1412 5098 et
1434 5042 1581 5113 quod
1596 5058 1746 5099 eme-

156 5139 343 5205 batur,
400 5138 601 5195 iterum
649 5139 703 5194 in
755 5150 881 5193 suos
915 5150 1041 5191 usus
1089 5135 1427 5206 redigehant.
1484 5135 1590 5190 Sed
1618 5135 1745 5204 quia

156 5232 409 5289 Eandem
432 5248 619 5289 eorum
638 5230 958 5288 excludebat
984 5230 1162 5299 inopia
1177 5243 1492 5299 pauperum,
1522 5228 1614 5297 qui
1641 5243 1746 5283 non

157 5325 336 5381 solum
363 5324 613 5380 victimas
659 5338 766 5378 non
794 5321 1085 5387 habebant,
1112 5320 1207 5377 sed
1240 5322 1402 5376 etiam
1448 5335 1549 5377 nec
1586 5335 1748 5389 pecu-

158 5420 282 5474 nias
302 5418 503 5488 quibus
521 5424 767 5473 emerent
788 5416 841 5470 id
869 5413 1015 5483 quod
1046 5414 1411 5469 necessarium
1433 5420 1572 5476 erat,
1603 5409 1748 5479 cogi-

160 5519 415 5566 taverunt
468 5508 715 5564 fraudem
758 5507 1032 5578 quomodo
1054 5508 1292 5576 praedam
1313 5513 1537 5576 agerent
1561 5502 1628 5558 de
1654 5518 1748 5574 po-

157 5602 310 5673 pulo,
341 5610 397 5657 et
421 5601 476 5656 in
502 5601 699 5670 templo
726 5607 1025 5669 posuerunt
1052 5596 1464 5659 nununularios,
1496 5604 1554 5650 ut
1572 5595 1750 5673 singu-

161 5611 310 5673 pulo,
341 5611 476 5657 etin
502 5611 699 5670 templo
726 5611 1025 5669 posueram
1052 5611 1464 5659 nummularios,
1496 5611 1554 5650 ιιι
1572 5611 1750 5740 διαξη-

161 5694 228 5750 lis
278 5692 646 5763 indigentibus
698 5690 940 5761 pecuniae
990 5687 1408 5743 lmnerarentur.
1471 5684 1576 5741 Sed
1624 5702 1657 5756 q
1700 5687 1750 5742 ia

160 5787 248 5842 lex
296 5780 624 5857 prohibebat
652 5798 895 5848 usuram,
929 5789 986 5836 et
1015 5777 1242 5849 pecunia
1288 5775 1433 5831 illata
1465 5776 1599 5831 nihil
1627 5792 1751 5847 pro-

161 5881 323 5935 desse
376 5887 593 5950 poterat
639 5878 756 5933 sine
813 5891 1000 5941 usura,
1048 5872 1402 5929 commentati
1434 5881 1559 5927 sunt
1590 5870 1751 5927 aliam

1777 4639 1830 4699 D

1847 2011 2219 2068 columbarum
2268 2013 2556 2068 cathedras
2595 2020 2903 2070 everteret:
2931 2012 3044 2076 sed,
3092 2012 3233 2068 sicut
3268 2011 3433 2083 aliqui

1849 2104 2057 2172 volunt,
2089 2104 2398 2162 venditores
2417 2105 2732 2161 earumdem
2762 2105 3136 2162 columbarum
3162 2105 3218 2160 in
3241 2105 3431 2161 cathe—

1846 2197 1960 2253 dris
1997 2198 2326 2255 residebant.
2356 2196 2511 2266 Quod
2536 2208 2717 2253 tamen
2743 2198 2965 2254 minime
3005 2196 3269 2267 procedit,
3307 2197 3433 2267 quia

1848 2290 2106 2346 cathedra
2134 2307 2245 2346 non
2272 2300 2359 2347 est
2376 2292 2792 2362 negotiatorum,
2820 2291 2913 2347 sed
2953 2290 3132 2360 potius
3158 2289 3435 2360 magistro-

1851 2395 1972 2434 rum
2000 2388 2058 2436 et
2087 2381 2388 2437 doctorum.
2440 2381 2594 2447 Quod
2638 2391 2818 2437 autem
2863 2382 3123 2437 Dominus
3148 2382 3435 2437 cathedras

1850 2470 2197 2529 vendentium
2224 2473 2501 2530 columbas
2523 2473 2737 2539 evertit,
2784 2481 2840 2528 et
2883 2487 3098 2529 mensas
3123 2473 3431 2529 nummula-

1852 2563 2057 2621 riorum
2084 2563 2378 2629 destruxit,
2404 2572 2460 2620 et
2492 2573 2738 2620 ementes
2759 2573 2815 2619 et
2838 2564 3134 2620 vendentes
3151 2563 3355 2634 pariter
3368 2563 3434 2618 de

1851 2656 2052 2726 templo
2075 2656 2385 2714 Judzeorum
2414 2655 2595 2725 ejecit,
2626 2655 2770 2711 aliud
2799 2655 3053 2726 gerendo,
3079 2655 3224 2709 aliud
3244 2670 3436 2725 geren-

1849 2747 1975 2802 dum
2004 2762 2124 2803 esse
2148 2746 2458 2801 insinuavit.
2494 2746 2800 2802 Vendentes
2816 2754 2871 2799 et
2900 2753 3142 2800 ementes
3175 2745 3230 2800 in
3252 2744 3435 2801 Eccle-

1846 2837 1928 2892 sia
1974 2845 2099 2892 sunt
2125 2837 2217 2906 qui
2244 2851 2433 2893 saeros
2458 2836 2675 2892 ordines
2716 2836 2804 2893 vel
2834 2837 2902 2892 ad
2938 2837 3169 2907 pretium
3198 2836 3436 2909 largiun-

1851 2938 1956 2995 tur,
1989 2928 2074 2985 vel
2100 2929 2167 2985 ad
2195 2930 2426 2999 pretium
2452 2929 2777 3001 percipiunt.
2807 2928 3003 2985 Mensa:
3028 2943 3158 2984 vero
3184 2944 3436 2983 nummu-

1848 3023 2109 3079 lariorum
2153 3022 2492 3093 appellantur
2513 3023 2703 3078 altaria
2731 3022 2851 3089 Dei,
2904 3029 3121 3093 propter
3153 3021 3434 3076 avaritiam

1849 3114 2214 3181 sacerdotum,
2256 3116 2348 3185 qui
2380 3115 2446 3170 ad
2478 3115 2581 3171 hoc
2624 3116 2885 3171 assistunt
2930 3114 3105 3178 altari,
3146 3112 3437 3184 utincrum

1851 3209 1973 3264 inde
2010 3217 2282 3263 terrenum
2309 3209 2614 3278 acquirant.
2650 3208 2801 3265 Sicut
2827 3223 2958 3280 ergo
3001 3208 3261 3265 Dominus
3308 3216 3434 3264 tunc

1849 3299 2108 3367 temporis
2144 3298 2439 3352 vendentes
2487 3307 2542 3352 et
2584 3308 2826 3353 ementes
2878 3298 3082 3367 pariter
3128 3299 3193 3352 de
3239 3300 3436 3367 templo

1848 3386 2116 3458 corporali
2160 3387 2300 3456 quod
2340 3394 2458 3441 erat
2488 3387 2540 3440 in
2569 3387 2892 3451 Jerusalem,
2926 3386 3113 3453 ejecit;
3168 3387 3243 3441 ita
3273 3386 3435 3442 etiam

1850 3498 1993 3537 nunc
2017 3480 2256 3551 quotidie
2282 3480 2347 3536 de
2371 3480 2568 3552 templo
2591 3480 2881 3550 spirituali,
2909 3480 3011 3533 hoc
3040 3488 3123 3534 est
3150 3478 3214 3533 de
3249 3489 3437 3534 sancta

1848 3573 2115 3636 Ecclesia,
2144 3573 2439 3627 vendentes
2468 3581 2521 3627 et
2546 3580 2789 3627 ementes
2815 3569 2992 3639 ejecit,
3034 3571 3085 3625 id
3132 3578 3215 3625 est
3265 3579 3318 3625 et
3344 3585 3437 3625 eos

1854 3666 1943 3737 qui
1976 3681 2072 3735 per
2108 3663 2364 3733 pecunias
2386 3663 2584 3734 gradus
2608 3663 2885 3735 dignitatis
2913 3663 3204 3735 accipiunt,
3231 3661 3312 3716 vel
3344 3662 3436 3733 qui

1850 3760 2067 3816 eosdem
2107 3756 2306 3831 gradus
2354 3759 2420 3812 ad
2470 3758 2702 3828 pretium
2750 3755 3052 3828 largiuntur
3084 3772 3096 3809 :
3138 3753 3239 3810 etsi
3270 3770 3376 3810 non
3410 3770 3438 3809 a

1854 3849 2106 3921 prmsenti
2135 3847 2397 3913 Ecclesia,
2429 3847 2619 3902 saltem
2650 3861 2681 3900 a
2706 3846 2885 3901 futura
2916 3845 3285 3901 eliminantur.
3319 3863 3338 3896 ι
3376 3844 3441 3898 Ει

1852 3942 2139 3998 cathedras
2161 3941 2510 3996 vendentium
2557 3938 2834 3995 columbas
2873 3939 3089 3995 evertit.
3137 3958 3155 3991 ›
3186 3938 3290 3993 Per
3345 3954 3439 3993 eo-

1853 4035 2063 4092 lumbas
2091 4036 2295 4092 donum
2317 4035 2552 4106 Spiritus
2604 4033 2779 4089 sancti
2828 4030 3129 4104 intelligere
3158 4032 3437 4095 debemus,

1853 4134 2072 4198 propter
2098 4127 2242 4196 quod
2275 4124 2329 4181 in
2375 4124 2553 4197 Specie
2599 4124 2760 4195 hujus
2794 4122 3043 4179 animalis
3070 4138 3233 4194 super
3265 4123 3442 4179 Domi-

1855 4235 1983 4275 num
2033 4220 2365 4292 baptizatum
2419 4218 2654 4291 Spiritus
2710 4227 2931 4275 sanctus
2970 4218 3240 4289 apparuit.
3286 4216 3439 4284 Quod

1855 4327 1985 4383 ergo
2015 4310 2274 4366 Dominus
2321 4319 2449 4365 tunc
2491 4308 2749 4380 temporis
2784 4308 3139 4379 corporaliter
3175 4308 3301 4378 egit,
3338 4310 3439 4362 hoc

1856 4403 2144 4475 signiﬁcat,
2176 4402 2316 4473 quod
2363 4402 2682 4473 dignitatem
2726 4410 2780 4456 et
2827 4399 3190 4455 ministerium
3225 4398 3437 4452 illorum

1858 4495 2230 4551 destrueturus
2251 4503 2416 4559 esset,
2442 4494 2532 4564 qui
2562 4493 2792 4566 gratiam
2826 4490 3060 4563 Spiritus
3096 4489 3290 4554 sancti,
3321 4502 3440 4557 quae

1858 4588 2092 4642 maxime
2137 4603 2233 4658 per
2271 4586 2668 4656 impositionem
2703 4600 2896 4639 manus
2932 4583 3305 4651 episcoporum
3331 4578 3441 4634 lar-

1854 4679 2016 4749 gitur,
2050 4678 2150 4733 nisi
2180 4685 2402 4747 accepto
2431 4676 2651 4746 praemio
2678 4690 2784 4729 non
2815 4672 3135 4742 largiuntur.

1925 4791 1943 4823 ‹
1974 4770 2245 4840 Scriptum
2264 4779 2377 4824 est:
2406 4769 2608 4823 Domus
2630 4781 2747 4820 mea
2774 4766 2964 4820 domus
2990 4764 3253 4819 orationis
3270 4779 3434 4818 voea-

1855 4884 1874 4915 ‹
1909 4863 2075 4917 bitur.
2112 4880 2131 4911 ι
2162 4860 2369 4915 idcirco
2391 4859 2535 4914 enim
2563 4856 2688 4928 quis
2715 4856 2865 4911 adire
2887 4854 3046 4910 debet
3073 4854 3353 4927 templum,
3382 4864 3441 4911 ut

1850 4969 2043 5027 puram
2080 4962 2135 5009 et
2179 4952 2516 5022 frequentem
2558 4949 2863 5007 orationem
2902 4949 2976 5004 ibi
3012 4958 3283 5005 exerceat.
3332 4948 3437 5004 Sed

1850 5053 1979 5099 tunc
2030 5044 2084 5098 in
2137 5042 2450 5114 speluncam
2496 5041 2769 5096 latronum
2813 5041 3170 5106 convertitur,
3223 5042 3438 5110 quando

1849 5135 2078 5208 quilibet
2103 5152 2170 5191 ex
2218 5150 2379 5191 sacro
2407 5132 2711 5190 ministerio
2758 5132 2969 5188 lucrum
3013 5133 3116 5189 sibi
3144 5130 3439 5203 temporale

1850 5229 2134 5299 acquirere
2173 5226 2464 5282 desiderat.
2519 5224 2891 5297 Spiritnaliter
2945 5233 3124 5280 autem
3181 5223 3435 5294 templum

1850 5320 1944 5377 Dei
1995 5336 2147 5375 mens
2197 5318 2622 5390 uniuscujusque
2678 5318 2855 5373 ﬁdelis
2903 5326 3003 5373 est.
3048 5316 3197 5373 Unde
3243 5316 3439 5373 Paulus

1850 5411 2124 5483 apostolus
2170 5410 2301 5467 dicit
2334 5428 2346 5463 :
2383 5430 2399 5461 ι
2440 5411 2719 5481 Templum
2751 5410 2845 5465 Dei
2882 5419 3128 5465 sanctum
3176 5418 3259 5464 est
3298 5407 3438 5476 quod

1854 5504 1985 5560 estis
2014 5518 2107 5557 vos
2129 5501 2177 5574 (I
2211 5501 2332 5556 Cor.
2369 5502 2470 5573 ιιι).
2512 5523 2530 5554 ι
2567 5501 2672 5557 Sed
2698 5503 2804 5558 hoc
2831 5501 3088 5572 templum
3118 5500 3207 5554 Dei
3239 5501 3289 5552 in
3321 5513 3438 5566 spe-

1856 5599 2068 5654 luncam
2097 5596 2322 5651 latronis
2349 5599 2702 5664 convertitur,
2730 5598 2946 5668 quando
2974 5597 3026 5650 in
3051 5593 3321 5649 mentibus
3343 5608 3439 5647 no-

1857 5692 1985 5748 stris
2013 5690 2261 5745 laesiones
2311 5692 2573 5761 proximis
2622 5693 2823 5747 nostris
2862 5690 3250 5760 excogitamus.
3304 5687 3438 5743 Dum

1858 5784 1999 5838 enim
2033 5781 2260 5836 sollicite
2288 5785 2584 5855 cogitamus
2614 5785 2664 5837 in
2712 5782 2961 5837 cordibus
3002 5779 3223 5843 nostris,
3257 5789 3315 5833 ut
3343 5796 3439 5857 ne;

1862 5888 1987 5930 cere
2013 5871 2311 5937 valeamus,
2347 5873 2584 5931 latrones
2635 5876 2685 5928 in
2740 5884 2915 5927 mente
2967 5880 3148 5925 nostra
3189 5874 3345 5941 quasi
3388 5874 3439 5924 in

3058 6136 3079 6163 ο
