3994 6354
594 415 695 475 ΞΟῚ

592 634 779 701 agunt.

666 781 685 812 ι
719 759 786 816 Ει
815 764 1162 814 accesserunt
1184 755 1251 812 ad
1277 771 1401 811 eum
1434 757 1561 812 caeci
1603 765 1661 812 et
1693 754 1868 812 claudi
1920 755 1978 811 in
2035 765 2171 811 tem-

540 890 545 895 .
594 870 617 905 ί
648 838 759 924 pio,
787 856 841 905 et
863 849 1077 906 sanavit
1098 864 1212 907 eos.
1248 869 1267 903 ι
1303 848 1434 905 Post
1457 848 1659 920 ejectos
1684 849 1804 906 illos
1838 850 1929 921 qui
1958 849 2010 904 in
2040 858 2177 904 tem-

583 943 674 1018 pio
703 942 798 998 Dei
825 933 1039 999 illicita
1068 945 1422 1011 exercebant,
1450 944 1659 999 curavit
1707 959 1883 999 caecos
1920 953 1976 998 et
2020 943 2172 997 clau-

584 1037 700 1102 dos,
730 1043 790 1090 ut
823 1044 1010 1106 aperte
1052 1036 1358 1108 designaret
1404 1034 1546 1107 quod
1590 1035 1728 1090 sicut
1777 1034 1850 1088 illi
1883 1050 1980 1091 sua
2014 1035 2172 1090 θενεῖ-

582 1137 695 1184 tate
725 1135 781 1184 et
816 1127 1095 1184 debilitate
1141 1127 1389 1197 corporis
1438 1125 1787 1191 sanabantur,
1823 1127 1899 1180 ita
1926 1126 2089 1179 etiam
2118 1133 2173 1180 et

579 1222 680 1286 illi,
710 1220 758 1277 si
784 1220 1027 1277 converti
1054 1218 1276 1287 vellent,
1311 1234 1347 1275 a
1373 1233 1471 1275 sua
1500 1217 1768 1288 spirituali
1798 1217 2046 1273 caecitate
2074 1231 2168 1271 cu-

576 1313 736 1370 randi
761 1320 963 1370 essent.

656 1472 677 1505 ‹
709 1451 971 1509 Videntes
998 1460 1180 1509 autem
1205 1451 1477 1523 principes
1505 1450 1852 1507 sacerdotum
1879 1455 1937 1505 et
1977 1447 2171 1504 scriba:

584 1567 602 1599 ι
636 1546 909 1603 mirabilia
920 1545 1039 1616 ejus
1050 1562 1171 1618 quae
1182 1545 1332 1612 fecit,
1356 1565 1376 1599 ι
1406 1553 1462 1600 et
1474 1545 1705 1615 reliqua.
1730 1544 1991 1611 Quaerunt
2014 1538 2169 1595 multi

579 1643 722 1713 quod
742 1643 1060 1699 miraculum
1076 1641 1291 1698 Domini
1304 1640 1600 1697 maximum
1614 1638 1882 1694 habeatur
1894 1637 2038 1691 inter
2050 1648 2170 1689 om-

576 1735 667 1790 nia
692 1735 845 1807 signa
869 1737 1006 1805 ejus,
1037 1744 1093 1791 et
1119 1735 1341 1804 quidam
1372 1731 1667 1804 prmferunt
1694 1729 2167 1786 resuscitationem

574 1825 792 1892 Lazari,
827 1827 1047 1896 quidam
1090 1823 1545 1880 illuminationem
1576 1819 1706 1876 caeci
1754 1818 1891 1883 nati,
1922 1809 2164 1872 nonnulli

580 1894 936 1979 mutationem
969 1933 1124 1989 aquae
1158 1916 1214 1971 in
1260 1915 1470 1980 vinum,
1506 1913 1753 1984 plerique
1804 1909 2163 1981 transﬁgura-
2193 1894 2243 1956 B

574 2009 780 2072 tionem
812 2006 958 2068 illius
988 2011 1043 2065 in
1074 2016 1260 2064 monte
1301 2020 1486 2063 coram
1527 2002 1806 2074 discipulis
1832 2019 1844 2055 :
1870 2002 2033 2057 beato
2075 2015 2170 2053 au-

573 2117 684 2163 tem
713 2105 1048 2176 Hieronymo
1072 2101 1290 2157 videtur
1315 2099 1418 2154 hoc
1442 2096 1772 2168 praecipuum
1794 2102 1851 2151 et
1871 2092 2168 2148 maximum

573 2215 695 2256 esse
722 2197 966 2253 omnium
1004 2192 1413 2250 miraculorum.
1444 2190 1695 2259 Magnum
1722 2188 1870 2244 enim
1898 2196 1955 2242 et
1999 2185 2168 2241 maxi-

573 2307 724 2348 mum
751 2291 857 2346 hoc
876 2288 1202 2344 miraculum
1228 2286 1354 2353 fuit,
1379 2293 1440 2341 ut
1459 2300 1598 2339 unus
1620 2285 1803 2348 homo,
1834 2289 1890 2337 et
1910 2280 2003 2352 qui
2033 2280 2168 2334 adeo

570 2393 703 2440 tunc
743 2383 1005 2457 temporis
1032 2380 1159 2436 vilis
1186 2388 1326 2444 erat,
1356 2386 1417 2432 ut
1439 2374 1684 2445 cruciﬁgi
1716 2382 1922 2445 posset,
1949 2372 2167 2428 univer-

569 2491 690 2533 rum
739 2474 1042 2531 exercitum
1075 2472 1143 2528 de
1191 2470 1338 2527 omni
1372 2483 1539 2538 regno
1564 2466 1874 2524 Judaeorum
1918 2466 1989 2522 ad
2024 2472 2167 2520 tem-

570 2568 719 2639 plum
744 2565 1131 2629 coniluentem,
1162 2563 1306 2619 facto
1333 2561 1544 2633 ﬂagello
1577 2560 1646 2616 de
1665 2559 1955 2625 resticulis,
1982 2556 2169 2628 ﬂagel-

569 2658 732 2713 lando
760 2658 828 2713 de
854 2655 1056 2726 templo
1082 2654 1324 2726 ejiceret,
1357 2653 1501 2723 quod
1550 2652 1854 2708 immensus
1892 2650 2168 2707 exercitus

571 2748 754 2805 facere
779 2763 887 2805 non
909 2755 1142 2818 poterat.
1170 2745 1238 2801 Et
1269 2745 1327 2800 in
1360 2745 1466 2800 hoc
1486 2743 1633 2799 facto
1663 2743 1918 2815 splendor
1943 2741 2165 2813 quidam

571 2824 816 2899 sidereus
841 2839 1142 2897 divinitatis
1171 2836 1421 2893 radiabat
1447 2836 1504 2891 in
1523 2835 1675 2892 vultu
1705 2835 1868 2901 illius,
1901 2849 2010 2905 quo
2037 2849 2164 2905 per-

569 2936 768 3001 territi,
820 2950 931 2991 non
976 2933 1250 2990 habebant
1276 2930 1561 2986 audaciam
1590 2928 1880 2984 resistendi
1912 2927 2162 2984 Domino.

571 3030 681 3086 Sed
711 3027 974 3085 Pharisaei
1021 3011 1216 3081 manus
1244 3025 1300 3080 in
1325 3023 1619 3079 Dominum
1656 3021 1873 3077 mittere
1914 3036 2023 3077 non
2069 3036 2166 3076 au-

568 3122 779 3187 dentes,
815 3118 1096 3176 conterriti
1125 3115 1412 3173 divinitate
1439 3113 1603 3181 illius,
1635 3127 1803 3185 opera
1829 3120 2009 3169 tamen
2047 3111 2165 3183 ejus

569 3209 1061 3277 calumniabantur,
1093 3208 1339 3266 dicentes
1368 3224 1383 3263 :

647 3367 668 3402 ι
698 3347 867 3405 Audis
914 3344 1046 3418 quid
1090 3344 1183 3402 isti
1210 3342 1436 3400 dicunt?
1469 3360 1488 3394 ι
1514 3340 1593 3397 Ac
1616 3341 1663 3397 si
1701 3341 1946 3397 dicerent
1979 3359 1992 3395 :
2036 3338 2164 3395 Haec

568 3442 691 3498 laus
720 3455 830 3497 non
864 3436 1122 3495 convenit
1150 3435 1381 3501 homini,
1418 3434 1513 3491 sed
1547 3432 1649 3490 soli
1676 3432 1809 3491 Deo.
1838 3432 1949 3490 Hoc
1978 3432 2163 3490 dicen-

480 3586 481 3589 η
567 3546 816 3603 tes,-non
836 3532 1102 3606 putabant
1122 3546 1245 3587 eum
1278 3529 1477 3586 Filium
1500 3527 1598 3583 Dei
1625 3542 1764 3583 esse.
1798 3525 1904 3582 Sed
1932 3542 2164 3597 pensan-

566 3628 698 3685 dum
731 3634 838 3694 est,
871 3642 996 3681 cum
1027 3632 1230 3695 quanto
1258 3621 1502 3693 periculo
1544 3620 1783 3691 episcopi
1816 3619 2031 3677 favores
2068 3620 2163 3676 ho-

564 3722 778 3778 minum
802 3719 1094 3790 recipiunt,
1119 3731 1244 3772 cum
1279 3717 1386 3771 hoc
1425 3728 1525 3785 pro
1565 3713 1795 3768 crimine
1821 3712 2160 3785 impingcba-

566 3821 677 3879 tur,
707 3810 851 3881 quod
883 3809 981 3865 Dei
1008 3800 1276 3863 Filius‘ab
1307 3804 1619 3861 hominibus
1651 3801 1998 3859 laudabatur.
2031 3802 2163 3871 Qui-

564 3906 669 3961 bus
717 3904 794 3958 ita
840 3901 1104 3959 Dominus
1147 3914 1305 3955 suum
1354 3898 1677 3968 temperavit
1726 3911 2068 3967 responsum,
2105 3905 2164 3950 ut

564 4010 669 4051 nec
696 3995 903 4051 diceret
953 3992 1097 4065 quod
1139 3990 1216 4047 illi
1262 3990 1516 4047 volebant
1544 3990 1734 4045 audire
1762 4007 1774 4043 :
1807 3987 2165 4044 Benefaciunt

567 4088 939 4144 testimonium
968 4086 1037 4142 de
1057 4101 1144 4141 me
1172 4085 1522 4157 perhibentes
1546 4101 1560 4138 :
1594 4083 1872 4139 autetiam
1901 4100 1913 4135 :
1939 4083 2158 4148 Errant,

563 4180 833 4255 ignoscite
873 4179 1023 4235 aetati
1068 4177 1311 4245 illorum,
1361 4178 1457 4233 sed
1487 4177 1630 4232 dicta
1660 4191 1953 4247 puerorum
1981 4191 2050 4231 ex
2081 4175 2161 4230 di-

564 4269 670 4325 ctis
689 4268 1078 4340 prophetarum
1098 4267 1437 4331 corroborat,
1460 4266 1648 4322 dicens
1677 4283 1690 4319 :
1713 4284 1733 4316 ‹
1768 4263 2056 4335 Nunquam
2078 4264 2156 4320 le-

568 4382 588 4415 ι
613 4362 769 4434 gistis
794 4360 961 4428 :Quia
979 4375 1046 4417 ex
1074 4375 1171 4415 ore
1192 4358 1478 4414 infantium
1506 4366 1561 4414 et
1587 4356 1901 4412 lactentium
1931 4355 2162 4426 perfecit

568 4475 589 4510 ο
611 4456 849 4523 laudem,
876 4476 894 4509 ι
912 4454 1128 4526 quando
1149 4456 1311 4510 corda
1325 4461 1382 4509 et
1403 4466 1500 4509 ora
1527 4452 1808 4507 turbarum
1829 4450 2156 4523 simplicium

562 4549 634 4607 ad
653 4548 816 4608 ﬁdem
836 4548 1053 4606 Domini
1077 4547 1359 4605 accendit?

639 4703 662 4739 ¢
709 4683 781 4741 Et
820 4684 1026 4741 relictis
1054 4683 1179 4750 illis,
1234 4702 1253 4735 ι
1290 4681 1344 4736 id
1374 4686 1478 4744 est,
1506 4677 1711 4734 relictis
1737 4677 2153 4734 contumacibus

563 4783 621 4833 et
648 4774 1130 4831 calumniatoribus
1156 4772 1290 4837 suis,
1324 4789 1342 4822 ι
1383 4769 1519 4825 abiit
1554 4768 1703 4825 foras
1750 4779 1904 4825 extra
1956 4769 2152 4824 civita-

570 4888 590 4919 ι
627 4874 743 4924 tem
770 4864 826 4923 in
878 4866 1218 4923 Bethaniam.
1253 4882 1274 4915 ι
1313 4862 1417 4919 Per
1444 4862 1587 4933 quod
1627 4862 1970 4934 signiﬁcabat
2009 4861 2152 4934 quod

561 4962 778 5020 Iudaeos
810 4963 880 5018 ob
906 4960 1191 5033 perﬁdiam
1222 4972 1375 5013 suam
1422 4967 1570 5014 esset
1618 4958 1927 5024 relicturus,
1973 4966 2030 5013 et
2083 4956 2153 5013 ad

562 5054 805 5124 gentium
824 5051 1049 5124 p0pulos
1076 5048 1559 5117 transmigraturus
1582 5065 1595 5103 :
1623 5048 1749 5120 quia
1772 5049 2034 5104 Bethania
2064 5049 2153 5102 do—

561 5161 680 5201 mus
721 5142 1029 5200 obedientiaz
1060 5142 1469 5211 interpretatur.
1503 5140 1571 5195 Et
1594 5138 1708 5210 jam
1745 5141 1833 5196 hic
1863 5149 2153 5211 paupertas

564 5234 865 5292 Salvatoris
888 5232 1254 5301 notandaest,
1279 5232 1370 5303 qui
1393 5239 1559 5285 taan
1573 5231 1911 5301 paupertatis
1923 5231 2148 5296 exstitit,

561 5339 624 5386 ut
657 5331 710 5386 in
762 5339 871 5385 tam
899 5341 1093 5397 magna
1126 5325 1344 5382 civitate
1378 5325 1650 5380 neminem
1698 5324 1969 5380 inveniret
1997 5324 2150 5394 cujus

562 5420 803 5492 hospitio
824 5418 1116 5472 frueretur.
1139 5416 1196 5471 ln
1216 5423 1428 5470 tantum
1451 5416 1596 5470 enim
1621 5415 1752 5470 nulli
1776 5415 2024 5472 adulatus
2044 5425 2148 5484 est,

562 5521 630 5568 ut
656 5526 757 5568 nec
776 5508 1011 5578 hospitio
1034 5508 1260 5580 alicujus
1285 5506 1559 5568 frueretur
1589 5522 1603 5561 :
1628 5507 1727 5563 sed
1748 5508 1939 5564 diebus
1968 5509 2149 5565 venie-

563 5602 663 5660 bat
705 5602 761 5659 in
806 5600 1103 5666 civitatem,
1127 5609 1183 5657 et
1226 5600 1663 5671 praedicationem
1711 5601 1785 5659 ibi
1819 5604 2144 5675 peragebat;

564 5701 731 5753 nocte
757 5707 887 5749 vero
921 5694 1293 5750 revertebatur
1322 5694 1375 5749 in
1405 5693 1748 5762 Bethaniam,
1777 5705 1835 5753 et
1867 5698 2151 5756 fruebatur

564 5787 647 5849 ibi
667 5786 900 5858 hospitio
933 5785 1126 5845 Lazari
1147 5798 1201 5846 et
1231 5805 1475 5846 sororum
1502 5790 1637 5863 ejus.

1190 413 1544 472 numerus
1583 392 2060 471 HALBEBSTAT.
2102 411 2319 470 EPlSC.
2360 413 2512 473 opp.
2548 414 2729 473 rans
2765 415 2828 470 u.
2870 446 2939 457 —
2988 413 3223 471 uouiL.
3258 381 3262 383 “
3324 471 3341 484 ,

593 536 850 608 spelunca
889 530 1145 598 resident,
1195 530 1291 601 qui
1335 530 1403 586 de
1446 531 1902 600 praetereuntibus
1928 531 2176 601 praedam
2205 532 2258 590 A

2816 550 3098 611 HOMlLlA
3127 554 3322 611 XXXI.

2623 706 2781 748 rem;
2823 706 3039 757 qutun
3078 706 3209 748 pos'r
3240 689 3529 748 Invocovit.

2347 844 2587 917 (Mum.
2614 845 2739 917 xu.)
2758 865 2778 898 ‹
2812 845 2869 900 1η
2893 846 2985 901 illo
3010 853 3275 917 tempore,
3305 853 3672 904 accesserunt
3701 848 3780 902 ad
3811 845 3891 905 Je-

2281 954 2300 987 ι
2334 951 2452 990 sum
2478 935 2681 991 Scriba:
2702 945 2757 991 et
2786 934 3068 1004 Pharisaei,
3095 937 3339 993 dicentes
3372 956 3385 991 :
3413 937 3719 1010 Magister,
3745 939 3889 995 volu-

2280 1044 2299 1077 ‹
2328 1041 2449 1081 mus
2469 1034 2573 1081 ate
2594 1027 2806 1097 signum
2827 1026 3030 1093 videre,
3058 1046 3075 1079 ι
3106 1034 3161 1082 et
3183 1027 3415 1099 reliqua.
3440 1026 3532 1084 Sic
3562 1028 3847 1097 petebant
3865 1044 3888 1081 a

2274 1117 2504 1173 Domino
2531 1117 2683 1189 signa
2713 1119 2780 1176 de
2804 1117 2943 1174 coelo
2965 1118 3172 1184 videre,
3211 1119 3365 1187 quasi
3401 1134 3504 1175 non
3534 1118 3795 1174 fuissent
3826 1120 3885 1174 si-

2272 1223 2376 1279 gna
2413 1222 2477 1262 ea
2503 1224 2624 1278 quae
2648 1207 2911 1264 Dominus
2934 1208 3182 1278 superius
3219 1208 3444 1264 fecerat.
3479 1207 3588 1263 Sed
3628 1223 3886 1279 quan-eno

2273 1296 2398 1352 dum
2425 1306 2509 1352 est
2531 1298 2714 1377 qualia
2744 1299 2895 1370 signa
2920 1298 3268 1367 postulabant
3293 1313 3324 1352 a
3346 1297 3577 1354 Domino
3604 1297 3769 1352 fieri.
3796 1295 3882 1353 Vel

2270 1387 2619 1458 postulabant
2645 1396 2705 1443 ut
2734 1389 2787 1444 in
2817 1404 3023 1444 morem
3060 1388 3191 1443 Elize
3210 1389 3390 1461 ignem
3418 1388 3484 1444 de
3508 1388 3662 1444 ccelo
3725 1404 3877 1444 ruere

2271 1468 2498 1546 faceret,
2530 1481 2670 1536 sicut
2698 1480 2925 1551 contigit
2958 1496 3023 1536 eo
3055 1489 3320 1552 tempore,
3367 1479 3586 1550 quando
3629 1481 3795 1551 ignis
3822 1481 3880 1535 de

2271 1572 2410 1628 cmlo
2442 1572 2743 1638 descendit,
2801 1581 2856 1627 et
2901 1572 3170 1643 percussit
3202 1571 3720 1643 quinquagenarias
3765 1587 3873 1627 cum

2270 1663 2661 1735 quinquaginta
2697 1663 2829 1720 suis.
2879 1662 2976 1719 Vel
3017 1664 3182 1719 etiam
3210 1662 3558 1735 postulabant
3588 1672 3682 1726 ut,
3725 1664 3870 1719 sicuti

2270 1764 2514 1826 tempore
2537 1755 2825 1823 Samuelis,
2850 1756 3038 1812 aestivo
3062 1764 3329 1825 tempore,
3362 1764 3551 1810 contra
3574 1766 3871 1811 consuetu-

2270 1848 2449 1903 dinem
2481 1847 2625 1903 illius
2654 1856 2833 1913 terrae,
2888 1848 3159 1919 mugirent
3199 1848 3460 1915 tonitrua,
3509 1860 3872 1904 coruscarent

2271 1937 2502 2009 fulgura,
2558 1938 2763 1995 imbres
2804 1947 3023 1995 ruerent
3069 1939 3120 2010 (I
3163 1938 3292 2012 Reg.
3334 1938 3458 2013 xu).
3490 1939 3601 1997 Sed
3635 1942 3780 2011 quia
3814 1958 3867 1997 ea

2270 2030 2744 2087 calumniabantur
2774 2047 2893 2102 qua:
2921 2033 3163 2102 quotidie
3191 2048 3375 2089 coram
3403 2034 3517 2090 suis
3539 2035 3728 2092 oculis
3778 2034 3869 2090 Do-

2269 2122 2475 2177 minum
2497 2120 2677 2177 facere
2709 2122 2983 2189 videbant,
3011 2122 3182 2178 multo
3210 2124 3385 2194 magis
3415 2125 3531 2180 haec
3563 2126 3864 2181 calumnia-

2270 2223 2481 2282 rentur,
2513 2216 2559 2270 si
2579 2215 2955 2286 contigissent.
2988 2215 3241 2272 Dicerent
3282 2217 3429 2273 enim
3463 2234 3573 2274 non
3624 2235 3696 2275 ex
3724 2232 3865 2293 pote»

2270 2314 2411 2362 state
2438 2306 2651 2362 Domini
2682 2307 2788 2363 hoc
2811 2307 3052 2376 evenire,
3079 2308 3177 2363 sed
3206 2323 3272 2364 ex
3318 2308 3551 2366 diversis
3591 2311 3861 2381 qualitati-

2278 2400 2379 2455 bus
2409 2400 2552 2455 aeris
2584 2400 2868 2457 accidisse.
2908 2400 3029 2468 Vel,
3059 2401 3200 2457 sicut
3248 2398 3486 2458 Joannes
3512 2402 3853 2476 Evangelista

2269 2492 2400 2549 dicit
2425 2492 2645 2564 (Matth.
2676 2493 2801 2565 xu),
2825 2494 3083 2565 petebant
3114 2509 3239 2549 eum
3286 2504 3350 2550 ut
3374 2511 3572 2551 manna
3613 2497 3674 2553 de
3712 2497 3850 2553 caelo

2268 2585 2477 2657 plueret
2522 2585 2621 2652 eis,
2654 2585 2795 2641 sicut
2821 2585 3092 2657 quondam
3130 2585 3336 2642 fecerat
3382 2588 3615 2658 patribus
3654 2603 3841 2643 eorum

2269 2681 2324 2736 in
2367 2680 2604 2747 deserto,
2633 2688 2693 2736 ut
2718 2680 2837 2736 sine
2865 2679 3054 2737 labore
3093 2689 3148 2736 et
3186 2678 3511 2753 fatigatione
3545 2682 3837 2752 viverepo-

2269 2771 2518 2827 tuissent.

2346 2906 2363 2939 ι
2402 2884 2692 2942 Generatio
2743 2886 2885 2942 mala
2941 2897 2998 2944 et
3044 2887 3312 2945 adultera.
3364 2909 3384 2943 ι
3436 2889 3854 2948 Generationem

2268 2977 2468 3033 malam
2498 2979 2756 3051 populum
2783 2979 3093 3036 Iudaeorum
3138 2990 3362 3053 propter
3400 2993 3779 3056 contemptum
3808 2995 3860 3038 et

2266 3071 2770 3141 praevaricationem
2806 3082 2984 3129 vocat.
3012 3072 3425 3130 Praevarieatrix
3467 3076 3616 3132 enim
3646 3077 3858 3133 divino-

2271 3178 2393 3217 rum
2419 3171 2816 3235 praaceptorum
2838 3164 2940 3219 fuit
2967 3173 3023 3220 et
3051 3165 3289 3221 adultera
3317 3184 3331 3219 :
3364 3166 3488 3236 quia
3512 3168 3716 3226 relicto
3739 3186 3862 3241 pro—

2190 3252 2238 3316 C
2268 3255 2390 3327 prio
2411 3255 2550 3321 viro,
2576 3257 2681 3312 hoc
2699 3265 2784 3313 est
2819 3257 2952 3323 Deo,
2988 3257 3146 3315 idolis
3182 3258 3414 3331 gentium
3444 3272 3500 3314 se
3532 3261 3860 3318 miscuerat.

2275 3366 2294 3399 ι
2339 3346 2565 3419 Signum
2601 3349 2816 3419 quaerit,
2850 3369 2868 3402 ι
2900 3350 3006 3407 hoc
3039 3358 3125 3407 est
3175 3352 3388 3424 signum
3415 3351 3480 3407 de
3527 3352 3694 3421 celo,
3761 3374 3783 3407 ι
3813 3366 3865 3411 et

2274 3459 2292 3490 ι
2327 3440 2541 3511 signum
2576 3455 2683 3496 non
2736 3439 2953 3496 dabitur
2996 3441 3070 3507 ei,
3121 3441 3225 3497 nisi
3279 3443 3493 3512 signum
3535 3441 3689 3500 Jona:
3738 3460 3860 3516 pro-

2266 3532 2462 3602 phetae.
2503 3552 2522 3585 ›
2558 3531 2830 3600 Quaeritis,
2883 3531 3075 3603 inquit,
3112 3534 3328 3605 signum
3365 3550 3394 3589 a
3417 3551 3505 3591 me
3531 3536 3740 3605 videre,
3767 3538 3857 3594 sed

2267 3641 2375 3679 non
2399 3624 2618 3681 dabitur
2640 3627 2794 3682 vobis
2838 3626 3053 3696 signum
3084 3628 3385 3686 divinitatis
3434 3645 3573 3687 mea:
3605 3632 3673 3688 de
3698 3632 3855 3699 caalo,

2267 3715 2361 3771 sed
2382 3716 2561 3788 potius
2590 3716 2946 3773 humanitatis
2983 3732 3120 3774 mete
3141 3718 3209 3774 de
3233 3718 3466 3776 inferno.

2342 3849 2361 3881 ι
2399 3829 2720 3886 Sicutenim
2749 3830 2853 3887 fuit
2879 3829 3045 3888 Jonas
3071 3832 3127 3887 in
3165 3841 3357 3889 ventre
3387 3835 3498 3890 ceti
3547 3835 3719 3893 tribus
3750 3836 3859 3893 die-

2271 3939 2290 3972 ι
2323 3922 2425 3978 bus
2463 3932 2517 3978 et
2539 3923 2714 3979 tribus
2744 3924 3014 3991 noctibus,
3047 3925 3126 3980 sic
3149 3925 3256 3981 erit
3300 3925 3474 3983 Filius
3516 3927 3754 3985 hominis
3801 3930 3851 3985 in

2270 4033 2289 4066 ι
2325 4014 2487 4071 corde
2537 4020 2697 4072 terra:
2744 4017 2919 4074 tribus
2973 4008 3163 4074 diebus
3216 4028 3274 4075 et
3310 4020 3485 4076 tribus
3521 4024 3797 4080 noctibus.
3831 4044 3851 4076 ι

2262 4105 2401 4164 Nota
2429 4117 2512 4164 est
2544 4108 2772 4165 historia
2819 4110 2885 4165 de
2926 4108 3061 4166 Jona
3091 4109 3240 4182 (Jon.
3268 4111 3334 4183 ι),
3371 4114 3515 4183 quod
3546 4129 3671 4169 cum
3708 4114 3856 4187 fuge-

2263 4209 2347 4257 ret
2370 4216 2403 4256 a
2426 4199 2567 4257 facie
2589 4201 2800 4257 Domini
2837 4201 2893 4257 in
2924 4200 3130 4268 Tarsis,
3162 4212 3284 4260 ceto
3334 4205 3591 4261 sorbente
3624 4205 3852 4261 devora-

2263 4301 2351 4349 tus
2374 4301 2477 4358 est,
2505 4300 2563 4348 et
2585 4291 2688 4348 fuit
2705 4293 2780 4348 ibi
2810 4293 2987 4351 tribus
3019 4295 3211 4352 diebus
3235 4305 3292 4352 et
3337 4297 3513 4353 tribus
3537 4299 3797 4355 noctibus
3836 4317 3848 4353 :

2260 4386 2363 4442 hoc
2409 4376 2558 4443 facto
2586 4386 2903 4458 signiﬁcans
2940 4396 3171 4445 mortem
3217 4390 3456 4459 Domini,
3483 4394 3577 4463 qui
3612 4392 3773 4448 latuit
3802 4394 3853 4448 in

2259 4479 2423 4535 corde
2443 4487 2628 4546 terrae,
2651 4478 2755 4535 hoc
2776 4489 2861 4535 est
2886 4479 2943 4535 in
2966 4481 3237 4552 sepulcro,
3269 4483 3441 4540 tribus
3467 4484 3661 4541 diebus
3686 4495 3741 4542 et
3761 4487 3853 4541 tri

2180 4613 2233 4672 D
2259 4572 2362 4628 bus
2381 4571 2652 4629 noctibus.
2677 4569 2793 4628 Sed
2818 4573 3079 4641 quaeritur
3104 4589 3202 4629 cur
3228 4573 3489 4633 Dominus
3511 4577 3569 4632 in
3600 4577 3850 4650 sepulcro

2260 4664 2435 4721 tribus
2459 4665 2650 4721 diebus
2674 4673 2730 4720 et
2759 4663 2932 4721 tribus
2954 4665 3203 4722 noctibus
3216 4666 3457 4737 jacuisse
3477 4667 3699 4729 dicitur,
3726 4685 3848 4725 cum

2259 4765 2471 4815 constat
2496 4772 2619 4812 eum
2649 4755 2724 4810 ibi
2750 4770 2857 4811 non
2880 4764 2961 4813 tot
2982 4756 3175 4814 diebus
3196 4767 3254 4813 et
3267 4758 3520 4816 noctibus
3539 4773 3609 4815 ex
3638 4761 3850 4833 integro

2258 4849 2558 4907 mansisse?
2580 4847 2861 4920 Siquidem
2906 4857 3060 4907 sexta
3110 4850 3248 4907 feria
3295 4852 3429 4909 hora
3475 4864 3634 4910 sexta
3672 4855 3850 4911 cruci—

2259 4941 2401 4998 ﬁxus
2438 4952 2545 5010 est,
2572 4958 2714 4997 nona
2738 4952 2920 5000 autem
2945 4944 3129 4999 emisit
3147 4945 3396 5016 Spiritum
3427 4963 3442 5003 :
3473 4961 3703 5018 vespere
3728 4955 3849 5017 post

2257 5051 2512 5092 occasum
2558 5034 2688 5092 solis
2724 5036 2998 5107 depositus
3046 5046 3131 5093 est
3165 5038 3232 5094 de
3258 5053 3438 5105 cruce,
3467 5047 3524 5095 et
3552 5039 3848 5097 collocatus

2258 5130 2311 5185 in
2346 5129 2674 5202 sepulcrum,
2706 5139 2891 5187 etnon
2918 5130 2993 5187 ibi
3025 5130 3201 5202 jacuit
3246 5131 3351 5188 nisi
3397 5131 3623 5204 triginta
3660 5143 3720 5189 et
3752 5150 3847 5190 se:

2257 5225 2425 5281 boris.
2472 5225 2579 5281 Sed
2618 5224 2671 5280 in
2703 5224 2805 5281 hoc
2835 5224 2953 5281 loco
2982 5224 3168 5297 regula
3193 5223 3491 5297 Scriptura:
3516 5227 3848 5283 attendenda

2254 5325 2359 5380 est,
2387 5316 2512 5385 quia
2544 5314 2858 5384 frequenter
2883 5331 2915 5370 a
2934 5324 3088 5387 parte
3107 5323 3283 5372 totum
3303 5317 3734 5373 demonstratur.
3764 5316 3852 5374 Si-

2257 5419 2348 5467 cut
2371 5410 2518 5465 enim
2537 5408 2833 5476 accipimus
2853 5414 3059 5463 sextam
3091 5406 3283 5464 feriam
3311 5423 3433 5463 cum
3462 5417 3629 5464 nocte
3647 5425 3848 5480 praece—

2254 5503 2421 5568 denti,
2458 5502 2530 5555 ita
2571 5508 2781 5556 noctem
2826 5500 3161 5556 Dominicam
3190 5515 3314 5556 eum
3339 5501 3586 5570 sequenti
3616 5502 3724 5556 die.
3753 5500 3850 5558 Se-

2255 5594 2490 5681 cundum
2524 5594 2665 5648 hanc
2691 5591 2956 5648 rationem
2986 5600 3098 5646 tres
3133 5592 3248 5647 dies
3270 5601 3325 5646 et
3354 5600 3542 5648 noctes
3575 5592 3849 5649 invenitur

2256 5689 2525 5744 mansisse
2554 5686 2815 5742 Dominus
2845 5686 2900 5741 in
2929 5685 3196 5755 sepulcro.
3229 5684 3364 5739 Nam
3406 5700 3553 5756 saepe
3576 5685 3744 5742 talem
3771 5685 3847 5741 lo-

2257 5780 2531 5836 cutionem
2553 5778 2856 5833 invenimus
2876 5776 2931 5831 in
2967 5774 3285 5847 Scripturis,
3307 5784 3363 5831 et
3387 5775 3552 5830 etiam
3573 5776 3631 5831 in
3661 5784 3845 5833 nostra

2257 5872 2531 5930 communi
2559 5871 2851 5939 locutione,
2890 5871 3031 5928 sicut
3058 5869 3294 5929 diximus
3319 5871 3604 5930 mulierem
3632 5880 3844 5941 partum
