3994 6354
166 415 272 471 209
1397 411 1701 471 HOMle
1739 410 1831 468 DE
1868 410 2215 471 TEMPORE.
2634 458 2637 461 λ
3339 414 3445 472 uo

162 542 395 606 portare
447 532 630 587 decem
659 530 957 615 mensibus,
991 546 1114 588 cum
1143 538 1358 588 constat
1380 546 1571 588 novem
1601 545 1756 587 men-
1785 532 1841 593 Α
1862 530 2172 587 immundus
2199 531 2423 603 spiritus
2452 535 2566 591 exit
2606 536 2673 592 ab
2706 533 2944 599 homine,
2975 533 3196 605 quando
3218 547 3444 606 regene-

161 624 316 680 sibus
367 631 584 679 tantum
629 621 793 691 ferre,
845 629 902 679 et
947 621 1238 694 incipiente
1285 623 1498 680 decimo
1541 632 1757 694 partum
1864 632 2017 678 ratur
2041 637 2109 678 ex
2132 638 2271 693 aqua
2300 632 2357 680 et
2386 624 2587 695 Spiritu
2620 636 2826 683 sancto.
2862 645 2883 680 ι
2908 624 3163 682 Ambulat
3197 639 3295 696 per
3322 623 3443 681 loca

161 718 373 791 egredi.
1863 715 2036 781 arida,
2073 735 2093 769 ι
2121 730 2218 785 per
2237 716 2400 772 corda
2420 716 2673 773 videlicet
2689 718 2946 786 ﬁdelium,
2971 733 3093 789 quae
3114 716 3268 773 arida
3290 723 3440 783 sunt,

235 829 257 864 σ
290 809 413 866 Viri
444 817 628 867 autem
651 809 903 867 Ninivitm
916 817 1136 883 surgent
1150 809 1205 867 in
1227 807 1430 881 judicio
1448 823 1572 867 cum
1593 822 1758 882 gene-
1861 807 1915 863 id
1935 817 2019 864 est
2042 808 2110 863 ab
2122 807 2268 863 omni
2289 809 2739 879 concupiscentia
2757 808 2905 866 ﬁuxu
2918 810 3114 867 aliena.
3136 827 3155 863 ι
3182 809 3442 879 Qum-ens

163 924 181 957 ι
211 903 433 959 ratione
472 904 600 971 ista,
639 913 696 959 et
736 903 1173 960 condemnabunt
1205 919 1345 970 eam,
1379 923 1398 956 ι
1431 911 1486 959 et
1525 902 1754 974 reliqua.
1858 902 2123 973 requiem,
2152 909 2210 957 et
2242 917 2350 957 non
2376 903 2601 969 invenit,
2629 920 2649 955 ι
2678 902 2804 973 quia
2830 901 3081 960 videlicet
3098 903 3296 959 bellum
3330 902 3442 959 ele-

156 993 290 1050 Cum
312 995 691 1051 dicunturviri
714 994 964 1052 Ninivita:
986 1010 1209 1068 surgere
1228 996 1283 1052 in
1300 994 1637 1067 judicioeum
1660 1010 1754 1067 ge-
1858 1002 2068 1051 ctorum
2118 986 2306 1051 contra
2335 996 2536 1051 sentit:
2574 1014 2594 1048 ι
2642 994 2793 1051 Tunc
2836 996 3011 1053 dicit:
3068 997 3330 1052 Revertar
3379 996 3438 1051 in

122 1068 448 1145 'neratione
464 1088 576 1154 illa,
592 1096 1003 1160 constatapcrte
1026 1090 1169 1161 quod
1189 1090 1243 1145 in
1263 1090 1468 1162 judicio
1488 1098 1601 1146 tam
1626 1089 1754 1147 boni
1855 1090 2075 1145 domum
2099 1104 2275 1145 meam
2302 1089 2447 1147 unde
2484 1089 2649 1158 exivi,
2686 1109 2705 1143 ›
2741 1089 2846 1146 hoc
2866 1098 2953 1146 est
2979 1107 2993 1144 :
3019 1098 3259 1161 repetam
3284 1089 3437 1145 illum

153 1195 316 1250 quam
352 1181 582 1254 reprobi
612 1196 766 1253 :eque
803 1185 1163 1240 resurrecturi
1181 1193 1326 1241 sunt.
1355 1204 1375 1237 ι
1405 1185 1474 1241 Ει
1494 1183 1750 1241 condem-
1853 1196 2012 1251 quem
2029 1189 2272 1251 tempore
2295 1182 2551 1252 baptismi
2580 1181 2791 1253 reliqui.
2815 1200 2834 1234 ι
2859 1180 2928 1238 Et
2952 1181 3200 1247 veniens,
3228 1180 3439 1237 invenit

74 1294 79 1299 η
151 1272 364 1327 nabunt
423 1287 571 1341 eam,
623 1292 644 1327 ι
699 1289 808 1330 non
853 1283 1142 1346 potestate,
1176 1276 1272 1332 sed
1325 1276 1749 1346 comparatione,
1852 1276 2030 1345 scepis
2058 1276 2390 1342 mundatam,
2428 1295 2446 1327 ι
2487 1277 2591 1332 hoc
2619 1284 2702 1330 est
2748 1275 3020 1347 baptismo
3067 1273 3430 1344 puriﬁcatam,

149 1362 277 1434 quia
298 1364 690 1433 paenitentiam
712 1374 940 1438 egerunt
959 1368 1015 1422 in
1035 1366 1417 1438 praedicatione
1435 1366 1605 1424 Jonze.
1633 1372 1657 1419 ‹’
1681 1367 1751 1422 Ει
1856 1386 1875 1420 c
1906 1376 1962 1421 et
1989 1375 2291 1433 vacantem,
2325 1386 2342 1419 ι
2396 1366 2501 1422 hoc
2528 1374 2613 1423 est
2643 1380 2869 1421 vacuam
2894 1380 2928 1421 a
2954 1364 3112 1421 bonis
3152 1362 3430 1434 operibus,

151 1472 170 1507 ι
206 1468 339 1510 ecce
361 1456 653 1528 plusquam
700 1456 836 1513 Jona
867 1459 976 1514 hic.
1013 1478 1034 1511 ι
1083 1458 1205 1526 Hic,
1252 1474 1352 1515 nec
1395 1474 1591 1516 nomen
1646 1474 1747 1516 nec
1855 1476 1874 1510 ι
1904 1466 1959 1512 et
1984 1466 2253 1523 ornatam,
2283 1476 2303 1509 ι
2336 1472 2434 1529 per
2472 1456 2806 1529 hypocrisin,
2830 1456 2935 1513 hoc
2960 1463 3047 1511 est
3082 1468 3182 1524 per
3209 1453 3433 1509 simula-

148 1561 483 1618 pronomen,
514 1548 609 1605 sed
630 1550 813 1620 potius
849 1550 1163 1606 adverbium
1202 1550 1325 1606 loci.
1353 1550 1512 1616 Ecce,
1549 1550 1743 1621 inquit,
1846 1550 2069 1606 tionem.
2114 1569 2133 1601 ι
2171 1547 2325 1606 Tunc
2347 1550 2493 1606 vadit
2520 1559 2576 1605 et
2600 1549 2828 1606 assumit
2866 1556 3072 1620 septem
3103 1546 3237 1602 alios
3266 1545 3430 1616 spiri-

146 1637 288 1695 inter
305 1654 414 1697 vos
442 1655 563 1696 sum
588 1655 710 1713 ego,
741 1641 835 1713 qui
870 1641 1044 1712 major
1069 1656 1187 1699 sum
1211 1641 1365 1707 Jona,
1391 1650 1446 1696 et
1468 1641 1588 1697 ideo
1600 1642 1747 1712 judi-
1846 1650 1933 1698 tus
1959 1642 2249 1712 nequiores
2283 1656 2363 1708 se,
2394 1651 2451 1697 et
2492 1643 2760 1698 intrantes
2799 1639 3048 1697 habitant
3080 1638 3173 1695 ibi.
3214 1657 3235 1691 ι
3280 1634 3434 1692 Sicut

144 1731 289 1788 cium
316 1732 471 1788 inter
499 1747 597 1789 vos
626 1734 960 1790 exercebunt
986 1732 1269 1789 Ninivitaaz
1303 1734 1429 1804 quia
1457 1732 1622 1790 Jonas
1650 1734 1746 1789 tri-
1845 1734 2183 1805 septenarius
2224 1728 2482 1789 numerus
2528 1740 2773 1790 sacratus
2810 1739 2895 1789 est
2929 1729 3169 1796 Christo,
3210 1738 3433 1799 propter

143 1822 248 1877 duo
298 1822 683 1879 tantummodo
720 1822 801 1877 eis
835 1823 1169 1893 praedicavit,
1201 1838 1301 1895 ego
1328 1839 1459 1879 vero
1480 1824 1621 1894 apud
1646 1838 1744 1880 vos
1774 1893 1807 1895 _
1848 1833 2056 1895 septem
2100 1826 2242 1881 dona
2298 1823 2533 1895 Spiritus
2598 1824 2791 1891 sancti,
2862 1839 2983 1895 quae
3042 1830 3433 1879 commemorat

143 1914 316 1971 multo
350 1925 602 1987 tempore
643 1914 880 1987 praedico
918 1931 932 1968 :
980 1914 1147 1972 Jonas
1192 1893 1740 1987 praedicavitialienze
1774 1893 1820 1953 Β
1846 1893 2014 1976 Isaias
2054 1933 2216 1991 super
2259 1893 2548 1975 Dominum
2590 1893 2962 1990 requievisse:
2996 1917 3072 1972 ita
3103 1916 3269 1971 etiam
3310 1913 3429 1969 dia-

141 2009 312 2080 genti,
342 2009 457 2065 hoc
482 2017 567 2065 est
590 2006 851 2080 Assyriis,
878 2022 978 2080 ego
989 2022 1120 2064 vero
1134 2006 1337 2064 Judaeis
1351 2007 1548 2080 populo
1570 2024 1739 2078 quon-

140 2101 267 2155 dam
311 2099 419 2157 Dei
467 2120 480 2156 :
515 2099 682 2158 Jonas
712 2099 919 2157 nullum
947 2099 1269 2156 miraculum
1290 2099 1446 2166 fecit,
1478 2114 1580 2172 ego
1612 2114 1741 2156 vero

140 2192 314 2248 multa
362 2192 521 2264 signa
550 2193 606 2248 in
628 2192 783 2248 vobis
811 2200 1068 2262 operatus
1102 2207 1241 2248 sum.

209 2303 231 2337 ι
269 2282 490 2355 Regina
525 2283 714 2339 Austri
726 2288 916 2355 surget
936 2283 992 2339 in
1013 2283 1218 2354 judicio
1238 2298 1364 2340 cum
1389 2287 1740 2355 generatione

139 2392 159 2426 ι
200 2375 346 2440 ista,
379 2383 437 2429 et
462 2374 848 2430 condemnabit
872 2390 1019 2431 eam.
1040 2394 1067 2428 η»
1105 2373 1313 2445 Regina
1335 2375 1544 2443 Austri,
1575 2378 1630 2432 id
1658 2385 1742 2432 est

139 2467 289 2524 Saba
300 2508 317 2534 ,
335 2483 462 2541 qua:
476 2467 628 2523 venit
641 2482 674 2521 a
688 2467 887 2523 ﬁnibus
902 2476 1061 2523 terra:
1073 2467 1393 2538 sapientiam
1411 2465 1665 2541 Solomon
1672 2469 1737 2534 is,

138 2538 535 2616 condemnabit
583 2559 989 2630 generationem
1043 2559 1226 2625 istam,
1291 2574 1402 2616 non
1448 2538 1739 2630 potestate,

143 2653 234 2708 sed
261 2650 696 2721 comparatione.
721 2651 913 2706 Merito
925 2667 1053 2722 ergo
1074 2651 1459 2707 condemnabit
1477 2653 1739 2708 saevitiam

142 2741 458 2797 Judaaorum
522 2741 680 2811 quia,
733 2740 988 2796 videlicet
1034 2741 1191 2810 ipsa,
1258 2742 1404 2795 venit
1444 2756 1543 2812 per
1596 2742 1737 2797 mul-

147 2844 228 2890 tas
248 2831 596 2889 difﬁcultates
624 2843 783 2888 terra:
800 2843 856 2889 et
879 2831 1047 2889 maris
1082 2834 1151 2888 ad
1170 2833 1497 2889 audiendam
1521 2835 1738 2905 sapien-

145 2928 273 2982 tiam
318 2925 647 2981 Salomonis.
698 2924 867 2981 Judaei
919 2941 1049 2980 vero
1090 2934 1414 2996 praesentem
1459 2924 1736 2982 Christum

145 3017 288 3072 inter
326 3033 389 3073 se
423 3018 706 3082 habentes,
752 3015 1059 3070 doctrinam
1104 3014 1248 3073 illius
1282 3017 1473 3073 audire
1514 3033 1738 3088 respue-

147 3119 291 3164 runt.
322 3110 384 3164 1n
411 3108 511 3164 ﬁde
550 3108 753 3164 etenim
802 3106 1167 3163 Ninivitarum
1211 3117 1269 3163 et
1318 3107 1460 3165 Saba
1512 3110 1731 3181 reginae,

146 3200 433 3274 prsefcrtur
460 3200 591 3257 ﬁdes
628 3200 867 3273 gentium
906 3200 1104 3272 populo
1130 3200 1444 3257 Israelitico.

228 3313 247 3346 ι
279 3293 414 3350 Cum
443 3303 620 3350 autem
662 3294 974 3350 immundus
1018 3295 1240 3364 spiritus
1282 3295 1475 3350 exierit
1505 3295 1575 3352 ab
1629 3297 1732 3353 ho-

159 3403 180 3436 c
218 3384 387 3450 mine,
415 3384 649 3439 ambulat
688 3400 784 3457 per
828 3385 947 3441 loca
973 3386 1149 3452 arida,
1191 3401 1439 3457 quaerens
1468 3388 1730 3458 requiem,

161 3493 181 3527 ε
210 3482 269 3531 et
290 3490 395 3530 non
426 3476 646 3531 invenit.
681 3495 699 3528 ι
732 3476 949 3532 Duobus
969 3477 1144 3533 modis
1170 3476 1396 3549 intelligi
1423 3488 1622 3548 potest,
1655 3490 1735 3534 ta-

151 3582 275 3623 men
324 3568 391 3623 ad
426 3567 638 3625 Judteos
690 3570 911 3641 proprie
964 3569 1204 3639 pertinet
1258 3570 1373 3625 haec
1439 3571 1730 3626 sententia.

151 3657 301 3715 Unde
330 3668 384 3715 et
406 3659 663 3717 Dominus
699 3661 755 3717 in
791 3660 1139 3717 conclusione
1175 3660 1319 3718 illius
1346 3662 1420 3716 ita
1456 3662 1728 3732 loquitur:

155 3769 172 3802 ι
204 3749 291 3806 Sic
316 3751 422 3806 erit
446 3761 503 3807 et
526 3753 863 3823 generationi
901 3752 1028 3808 huic
1055 3753 1324 3823 pessimae.
1359 3772 1381 3805 ι
1420 3752 1733 3811 Immundus

156 3844 346 3899 etenim
392 3843 618 3915 spiritus
663 3860 693 3899 a
736 3844 935 3900 Judaeis
993 3853 1121 3899 tunc
1163 3844 1353 3910 exivit,
1404 3847 1619 3915 quando
1664 3846 1734 3901 ad

161 3947 383 3991 montem
458 3935 587 3992 Sina
657 3936 831 4009 legem
888 3938 985 3994 Dei
1034 3938 1382 4009 accipientes,
1434 3939 1727 3995 dixerunt:

164 4044 180 4077 ‹
208 4026 551 4099 Quaecunque
597 4030 797 4086 dixerit
834 4031 991 4085 nobis
1036 4031 1316 4098 Dominus,
1364 4031 1648 4097 faciemus,
1679 4040 1735 4088 et

159 4118 464 4176 obedientes
510 4122 561 4175 ei
606 4122 812 4177 erimus
840 4120 1039 4194 (Exod.
1083 4121 1255 4193 xxxv).
1288 4143 1307 4174 ι
1358 4122 1558 4179 Exiens
1586 4124 1732 4180 enim

160 4211 418 4284 malignus
443 4212 663 4282 spiritus
688 4228 720 4267 a
744 4210 965 4279 Judzeis,
988 4213 1395 4285 ambulavitper
1417 4214 1534 4271 loca
1555 4215 1729 4282 arida,

160 4301 248 4358 hoc
270 4312 351 4359 est
383 4319 481 4375 per
507 4303 670 4360 corda
709 4304 987 4375 gentilium
1018 4306 1167 4360 nullo
1208 4321 1332 4362 rore
1358 4307 1481 4363 coeli
1509 4306 1730 4384 infecta.

160 4390 253 4449 Sed
281 4396 351 4450 ibi
387 4396 630 4466 requiem
656 4411 765 4452 non
791 4398 997 4452 invenit
1041 4399 1167 4468 quia
1191 4397 1444 4453 videlicet
1474 4413 1572 4467 per
1597 4415 1734 4470 prae-

158 4486 472 4543 dicationem
518 4488 882 4559 aposwlorum
914 4497 969 4543 et
1025 4488 1279 4559 baptismi
1323 4490 1550 4562 gratiam
1608 4492 1732 4548 inde

160 4588 235 4634 est
258 4581 531 4653 expulsus.

1844 2013 1968 2069 bolo
1991 2013 2095 2069 iste
2120 2027 2380 2068 numerus
2407 2019 2758 2068 consecratus
2784 2018 2890 2076 est,
2929 2015 3152 2082 propter
3193 2008 3431 2079 plenitu-

1845 2108 2025 2163 dinem
2071 2106 2313 2164 omnium
2379 2105 2656 2161 vitiorum.
2718 2104 2999 2174 Siquidem
3050 2108 3258 2174 septem
3303 2107 3430 2156 sunt

1842 2201 2160 2272 principalia
2202 2201 2356 2267 vitia,
2399 2208 2650 2256 octavum
2698 2208 2783 2253 est
2810 2196 3083 2269 superbia,
3124 2210 3226 2267 per
3265 2208 3429 2266 quam

1842 2298 1959 2370 ipse
2017 2297 2262 2354 diabolus
2323 2298 2534 2353 cecidit.
2591 2296 2835 2351 Primum
2881 2302 2966 2351 est
3014 2293 3427 2371 γαστριμαργία,

1843 2390 1987 2459 quod
2012 2389 2401 2459 interpretatur
2420 2389 2560 2459 gulte
2601 2385 3068 2456 concupiscentia;
3111 2385 3428 2449 secundum,

1845 2480 2159 2546 fornicatio;
2217 2479 2439 2534 tertium
2485 2480 2812 2555 φιλαργυρία,
2841 2477 2898 2533 id
2935 2485 3021 2533 est
3059 2476 3311 2543 avaritia,
3346 2474 3433 2532 vel

1845 2587 1999 2627 amor
2025 2572 2369 2638 divitiarum;
2409 2581 2685 2642 quartum,
2714 2558 2828 2637 ira;
2863 2570 3136 2641 quintum,
3170 2569 3427 2635 tristitia;

1844 2672 2078 2729 sextum,
2128 2663 2331 2728 acedia,
2373 2678 2494 2733 quae
2538 2670 2621 2717 est
2666 2661 2913 2717 anxietas
2951 2661 3169 2725 mentis,
3216 2659 3302 2715 vel
3337 2667 3432 2717 ιω-

1841 2756 2022 2821 dium;
2070 2755 2381 2824 septimum,
2428 2752 2705 2822 κενοδοξία,
2754 2751 2808 2807 id
2856 2759 2962 2807 est.
2985 2766 3126 2807 vana
3172 2746 3347 2824 gloria
3374 2760 3433 2807 et

1840 2848 2106 2915 inanitas;
2130 2855 2405 2913 octavum,
2452 2847 2727 2916 superbia,
2760 2846 2906 2918 quod
2939 2854 3025 2901 est
3045 2846 3163 2917 ipse
3182 2844 3431 2902 diabolus

1839 2946 1930 3016 qui
1967 2958 2064 3015 per
2092 2944 2403 3016 superbiam
2440 2942 2508 2998 de
2532 2942 2672 2999 calo
2697 2941 2898 3014 lapsus.
2927 2959 2946 2993 ι
2983 2940 3054 2997 Et
3079 2939 3218 2996 ﬁunt
3242 2939 3431 2995 novis-

1844 3057 1863 3089 ι
1912 3037 2049 3092 sima
2092 3036 2329 3093 hominis
2368 3035 2511 3091 illius
2538 3036 2726 3107 pejora
2755 3034 3050 3105 prioribus.
3087 3053 3108 3086 ι
3149 3033 3285 3101 Quia
3316 3047 3430 3087 me-

1837 3132 1944 3188 lius
1968 3139 2116 3187 esset
2143 3131 2287 3186 viam
2317 3130 2564 3187 veritatis
2598 3146 2707 3186 non
2735 3142 3090 3201 cognoscere,
3118 3142 3283 3198 quam
3306 3133 3433 3197 post

1839 3223 2171 3296 agnitionem
2200 3231 2503 3277 retrorsum
2535 3222 2636 3277 ire.
2680 3220 2873 3277 Melius
2907 3219 3105 3276 fuisset
3124 3218 3277 3275 Juda:
3306 3234 3431 3289 pro-

1837 3315 2000 3371 ditori
2039 3313 2317 3369 Christum
2354 3329 2460 3367 non
2499 3313 2674 3383 sequi,
2716 3328 2881 3382 quam
2919 3320 3045 3381 post
3101 3312 3429 3383 agnitionem

1835 3406 2086 3477 prodere.
2131 3403 2321 3458 Melius
2348 3403 2541 3458 fuisset
2570 3401 2779 3458 Simoni
2808 3417 2917 3456 non
2951 3401 3237 3471 baptizari,
3267 3417 3427 3471 quam

1834 3507 1959 3570 pOsl
2002 3498 2330 3568 baptismum
2385 3496 2441 3550 in
2474 3495 2726 3565 laqueum
2764 3494 3131 3549 damnationis
3174 3494 3423 3547 interire.

1837 3588 1975 3656 Quia
1998 3587 2250 3644 videlicet
2276 3602 2399 3642 cum
2425 3586 2606 3642 omnis
2632 3585 2797 3640 homo
2817 3583 3087 3655 pessimus
3122 3583 3196 3638 sit
3224 3583 3315 3652 qui
3352 3584 3431 3636 vi-

1837 3681 1927 3738 tiis
1949 3680 2134 3745 servit,
2166 3680 2255 3735 ille
2285 3688 2468 3735 tamen
2495 3677 2766 3749 pessimus
2791 3676 3155 3748 pessimorum
3198 3683 3300 3740 est,
3332 3675 3425 3745 qui

1834 3790 1960 3832 cum
1984 3773 2238 3830 omnibus
2268 3772 2418 3827 vitiis
2444 3770 2633 3836 servit,
2663 3769 2893 3824 virtutes
2918 3775 3101 3823 tamen
3136 3768 3339 3825 habere
3369 3782 3431 3825 se

1834 3864 2055 3921 simulat
2080 3879 2179 3936 per
2204 3862 2536 3935 hypocrisin.

1912 3976 1932 4007 ‹
1965 3956 2158 4011 Adhuc
2184 3970 2249 4011 eo
2292 3953 2547 4025 loquente
2577 3952 2646 4008 ad
2675 3952 2886 4018 turbas,
2932 3965 3061 4008 ecce
3088 3958 3265 4008 mater
3312 3950 3433 4022 ejus

1841 4070 1859 4102 ι
1891 4059 1946 4104 et
1966 4048 2165 4104 fratres
2186 4047 2405 4103 stabant
2433 4040 2587 4111 foris,
2628 4053 2939 4114 quaerentes
2966 4044 3112 4115 loqui
3158 4045 3228 4101 ei.
3267 4062 3287 4097 ι
3323 4042 3427 4101 0c-

1834 4149 2062 4212 cupatus
2087 4150 2208 4197 erat
2229 4139 2490 4195 Dominus
2512 4137 2774 4194 miracula
2806 4137 3073 4204 faciendo,
3099 4138 3233 4194 etin
3261 4152 3428 4209 opere

1834 4242 1890 4288 et
1913 4233 1969 4287 iu
2000 4232 2249 4289 doctrina
2290 4230 2546 4302 populum
2573 4230 2899 4297 exercendo,
2930 4230 3021 4285 illo
3052 4240 3236 4288 autem
3286 4247 3427 4302 plve-

1836 4324 2051 4379 dicante
2102 4331 2157 4379 et
2200 4321 2416 4379 Judzeos
2457 4323 2838 4393 redarguente,
2886 4332 3061 4379 mater
3087 4322 3205 4393 ejus
3241 4332 3298 4381 et
3324 4324 3429 4378 fra-

1837 4422 1951 4471 tres
1971 4421 2242 4471 steterunt
2266 4413 2416 4470 foris.

1914 4527 1932 4559 c
1976 4506 2123 4562 Dixit
2158 4516 2338 4563 autem
2365 4507 2416 4562 ei
2448 4506 2666 4577 quidam
2694 4525 2707 4561 :
2738 4506 2879 4564 Ecce
2904 4514 3079 4562 mater
3106 4514 3196 4561 tua
3222 4514 3278 4561 et
3309 4505 3423 4561 fra-

1755 4625 1814 4690 D
1842 4617 1861 4651 ι
1909 4606 2019 4654 tres
2045 4598 2141 4653 tui.
2177 4618 2197 4651 ι
2232 4599 2460 4654 Videtur
2486 4599 2588 4654 iste
2613 4599 2703 4669 qui
2745 4599 2850 4652 hoc
2878 4597 3109 4653 Domino
3153 4597 3427 4653 nuntiavit

227 4692 244 4724 ‘
288 4674 442 4733 Τυηο
478 4676 647 4733 die“:
696 4676 964 4733 Revertar
1009 4678 1066 4733 ίῐι
1110 4677 1330 4733 domum
1360 4694 1539 4735 meam
1588 4681 1733 4737 “ﬁde
1761 4674 1811 4690 ”
1836 4705 1944 4745 non
1973 4689 2201 4762 simplici
2230 4691 2412 4746 animo
2440 4691 2544 4745 hoc
2586 4689 2886 4754 nuntiasse,
2932 4688 3029 4744 sed
3066 4689 3249 4760 potius
3306 4698 3424 4745 ten—

162 4781 178 4813 ‹
211 4765 401 4822 exivi.»
436 4766 551 4823 Hoc
585 4777 668 4823 est
697 4788 709 4821 :
734 4778 972 4839 repetam
1015 4768 1228 4825 Judaeos
1255 4785 1391 4840 quos
1437 4781 1598 4827 antea
1646 4772 1729 4828 di-

160 4856 284 4911 misi.
318 4878 338 4911 ι
376 4858 445 4915 Et
477 4860 719 4926 veniens,
748 4860 951 4917 invenit
978 4876 1096 4916 eam
1129 4862 1307 4932 scopis
1333 4863 1672 4929 mundatam,
1704 4885 1723 4918 ι

158 4941 247 5001 hoc
274 4957 380 5015 est,
410 4965 508 5021 per
546 4951 1036 5017 circumcisionem,
1070 4972 1089 5004 ι
1151 4961 1206 5008 et
1235 4961 1535 5020 vacantem,
1574 4974 1595 5006 ι
1628 4955 1730 5011 hoc

159 5046 232 5092 est
265 5057 295 5094 a
340 5041 501 5098 bouis
544 5045 799 5114 operibus
844 5053 1167 5111 cessantem,
1222 5063 1242 5097 ι
1290 5055 1348 5101 et
1397 5054 1645 5102 ornatam
1702 5068 1720 5100 ι

157 5129 524 5189 traditionibus
554 5132 870 5190 Scribarum
903 5150 965 5191 ac
996 5134 1417 5191 Pharisaeorum.

224 5242 243 5274 ι
274 5224 427 5281 Tunc
464 5226 613 5283 vadit
638 5235 695 5282 et
735 5230 964 5284 assumit
990 5239 1195 5300 septem
1222 5228 1358 5285 alios
1381 5230 1605 5301 spiritus
1635 5247 1729 5287 ne-

162 5331 179 5366 ι
207 5318 419 5386 quiores
466 5334 549 5387 se,
600 5328 657 5378 et
700 5321 969 5379 intrantes
999 5324 1246 5379 habitant
1275 5323 1370 5391 ibi,
1410 5344 1429 5378 ι
1483 5325 1586 5381 hoc
1619 5336 1721 5392 est,

156 5402 527 5474 plenitudinem
563 5411 869 5468 daemonum
897 5421 954 5468 et
978 5414 1254 5469 vitiorum.
1293 5432 1312 5465 ί
1350 5414 1418 5471 Et
1464 5414 1600 5471 ﬁunt
1626 5432 1724 5472 no-

162 5520 178 5553 ι
219 5503 430 5562 vissima
472 5507 708 5564 hominis
756 5507 900 5563 illius
951 5507 1137 5580 pejora
1182 5508 1475 5579 prioribus.
1512 5532 1531 5562 ι
1586 5511 1722 5578 Quia

155 5594 351 5665 pejores
378 5610 504 5656 sunt
527 5602 690 5658 modo
715 5599 888 5657 Judaei
932 5601 986 5655 in
1028 5602 1316 5672 synagogis
1347 5604 1460 5658 suis
1504 5603 1723 5662 Christo

155 5687 591 5764 blasphemantes,
628 5711 790 5767 quam
812 5695 940 5752 olim
985 5703 1173 5768 gentes
1199 5705 1358 5752 erant
1399 5697 1456 5752 in
1489 5698 1722 5773 Egypto

157 5782 280 5843 idola
304 5789 611 5847 adorantes.
640 5789 936 5848 Possumus
983 5800 1165 5847 tamen
1206 5791 1351 5848 hanc
1398 5795 1723 5851 sententiam

156 5876 341 5940 referre
369 5883 438 5940 ad
460 5898 896 5955 unumquemque
930 5890 1294 5955 peccatorem.
1323 5882 1477 5941 Tunc
1520 5887 1722 5943 etenim

1836 4785 1985 4840 tandi
2037 4784 2354 4850 calliditate,
2408 4791 2592 4838 utrum
2625 4782 2887 4838 Dominus
2916 4784 3091 4839 amori
3126 4786 3423 4856 parentelze

1833 4883 2173 4945 praeponeret
2223 4872 2663 4943 praedicationem
2691 4872 2991 4945 Evangelii,
3038 4890 3109 4930 an
3144 4891 3275 4932 non.
3316 4876 3428 4935 Sed

1834 4965 1951 5032 ipse
1974 4963 2279 5033 intelligens
2305 4963 2449 5019 illius
2477 4963 2861 5036 cogitationem
2888 4971 2943 5020 et
2968 4966 3290 5036 nequitiam,
3314 4984 3425 5025 non

1831 5055 2068 5127 praetulit
2107 5056 2350 5127 religioni
2400 5070 2665 5123 amorem,
2704 5057 2797 5127 qui
2840 5056 3181 5127 iunctionem
3230 5074 3427 5117 carna-

1834 5150 1940 5204 lem
1966 5148 2351 5217 laudavit,.sed
2386 5148 2524 5206 dixit
2549 5168 2561 5203 :

1908 5261 1927 5294 ‹
1965 5242 2096 5310 Quae
2130 5251 2215 5299 est
2255 5249 2431 5299 mater
2470 5256 2592 5297 mea
2621 5250 2678 5298 et
2713 5240 2913 5300 fratres
2938 5242 3083 5300 mei?
3107 5262 3128 5297 ι
3172 5243 3304 5303 Haec
3345 5246 3427 5305 di-

1830 5335 2022 5401 cendo,
2076 5349 2184 5391 non
2229 5334 2447 5405 negavit
2486 5334 2702 5391 beatam
2730 5334 2953 5391 Mariam
2993 5344 3228 5394 matrem
3269 5353 3424 5393 suam

1827 5442 1968 5492 esse,
2003 5426 2097 5482 sed
2133 5426 2299 5497 (sicut
2341 5425 2599 5500 diximus)
2636 5426 2875 5497 praetulit
2914 5426 3161 5483 divinum
3195 5424 3421 5483 verbum

1831 5518 2037 5575 carnali
2063 5517 2449 5586 coniunctioni.
2478 5499 2611 5573 Nam
2641 5527 2870 5575 matrem
2902 5532 3059 5574 suam
3085 5533 3284 5590 negare
3310 5532 3420 5573 nou

1829 5617 2064 5681 poterat,
2104 5611 2195 5679 qui
2233 5610 2389 5667 nobis
2435 5610 2683 5681 praecipit
2723 5620 2976 5681 parentes
3032 5619 3249 5666 nostros
3298 5609 3420 5665 dili-

1830 5716 1977 5776 gere,
2032 5702 2263 5758 dicens:
2299 5723 2318 5758 ι
2354 5702 2573 5761 Honora
2616 5711 2830 5774 patrem
2880 5711 3035 5758 tuum
3086 5712 3141 5757 et
3185 5710 3415 5758 matrem

1830 5795 2010 5869 (Deut.
2049 5811 2117 5864 v;
2158 5796 2350 5855 Matth.
2386 5799 2499 5871 xv).
2538 5818 2559 5853 ι

1907 5905 1927 5940 ι
1963 5886 2034 5943 Ει
2067 5890 2363 5947 extendens
2399 5904 2621 5948 manum
2656 5887 2716 5947 in
2740 5886 3035 5960 discipulos
3061 5902 3194 5949 suos
3231 5890 3369 5949 dixit
3397 5907 3414 5947 :
