3994 6354
517 437 618 507 ’ΞΗ

1151 444 1502 502 HAYMONIS
1539 445 2023 501 llALBERSTAT.
2066 445 2277 501 ΗΡΙΒῆ
2321 445 2470 503 OPP.
2511 445 2691 502 PARS
2728 446 2790 502 ll.
2833 478 2903 488 —
2943 447 3174 504 HOMIL.

3735 451 3851 506 212

523 556 543 617 ἱ
588 545 722 622 Ecce
747 574 919 620 mater
947 576 1065 620 mea
1096 565 1150 616 et
1171 559 1371 614 fratres
1406 560 1528 614 mei.
1567 581 1584 612 ι
1622 559 1840 616 Fratres
1867 558 2100 622 Domini,
2134 559 2182 620 Α
2209 561 2507 630 perveniat,
2553 570 2606 615 et
2636 560 2753 615 vide
2801 571 3002 632 quanta
3050 562 3120 636 sit
3154 563 3305 619 fides.
3349 565 3486 642 Ergo
3528 576 3590 621 et
3631 568 3718 620 ad
3758 565 3850 621 Iu-

523 659 613 728 qni
647 659 698 712 in
735 653 1022 726 Evangelio
1051 651 1409 724 appellantur,
1449 667 1554 707 non
1597 649 1855 706 debemus
1906 651 2099 705 intelli-

523 769 649 824 gere
678 750 812 804 filios
844 748 1039 818 Ioseph
1069 745 1134 802 de
1167 745 1338 802 altera
1376 761 1562 811 uxore,
1589 753 1642 799 ut
1675 745 1888 814 quidam
1926 745 2099 799 htere-

526 847 614 900 tici
631 844 936 915 opinantur,
953 841 1208 913 qneniam
1223 841 1530 896 sicntbeata
1547 837 1710 894 Maria
1727 839 1778 892 in
1799 837 2102 909 virginitate

523 938 839 1010 permansit,
867 937 940 994 ita
969 943 1024 992 et
1050 935 1242 992 beatus
1260 931 1455 1004 Ioseph
1478 930 1807 1004 virginitatis
1831 938 2103 1001 perpetuae

524 1039 704 1086 custos
735 1030 854 1084 fuit.
881 1029 987 1085 Sed
1008 1027 1205 1084 fratres
1227 1027 1434 1083 Domini
1467 1025 1559 1080 filii
1588 1023 1768 1079 Mariae
1799 1029 2104 1077 materterae

523 1119 640 1194 ejus
677 1120 1069 1192 intelliguntur,
1117 1117 1371 1182 Iacobus,
1414 1124 1468 1171 et
1513 1113 1766 1178 Ioannes,
1819 1121 1874 1169 et
1915 1111 2101 1168 Iudas.

525 1212 769 1282 Quatuor
803 1211 1068 1283 siquidem
1091 1208 1266 1264 modis
1289 1208 1540 1263 dicuntur
1568 1205 1764 1260 fratres
1793 1222 1806 1259 :
1835 1202 2104 1276 germani-

528 1309 635 1357 tate
672 1289 899 1366 carnali,
930 1299 1068 1355 sicut
1105 1295 1272 1354 Iacob
1313 1306 1367 1353 et
1393 1295 1576 1366 Esau;
1640 1285 1745 1351 alio
1771 1295 1952 1360 modo,
1983 1309 2110 1363 pro-

528 1393 829 1466 pinquitate
855 1394 1053 1461 carnis,
1092 1390 1232 1448 sicut
1270 1390 1453 1446 Laban
1485 1376 1789 1461 appellabat
1809 1385 1974 1442 Iacob
1997 1386 2109 1440 fra-

531 1501 688 1553 trem,
726 1488 851 1560 quia
881 1485 1177 1542 avunculus
1204 1501 1332 1564 suus
1381 1489 1518 1540 erat.
1556 1483 1624 1538 Et
1667 1483 1807 1539 sicut
1834 1481 2108 1536 Abraham

530 1579 767 1652 loquitur
791 1579 856 1634 ad
898 1579 1036 1634 Loth
1068 1598 1079 1633 :
1119 1598 1136 1630 ι
1167 1577 1242 1633 Ne
1265 1593 1450 1650 quasso
1477 1576 1546 1632 sit
1581 1575 1816 1648 iurgium
1845 1574 1988 1629 inter
2025 1588 2110 1629 me

529 1682 584 1725 et
607 1679 678 1736 te,
711 1676 764 1724 et
788 1679 1032 1740 pastores
1055 1683 1204 1725 meos
1223 1678 1276 1724 et
1297 1675 1540 1742 pastores
1575 1676 1716 1732 tuos,
1748 1665 1944 1720 fratres
1965 1666 2113 1720 enim

533 1779 720 1817 sumus
747 1762 898 1831 (Gen.
922 1763 1062 1834 xm).
1092 1785 1108 1812 ι
1137 1761 1250 1816 Non
1285 1763 1426 1816 enim
1450 1761 1588 1816 Loth
1615 1755 2113 1814 frater'eratAbra—

536 1855 682 1920 ham,
737 1855 828 1910 sed
875 1855 1054 1926 petius
1095 1867 1262 1925 nepos
1291 1852 1426 1923 ejus.
1461 1853 1644 1908 Tertio
1673 1852 1833 1908 modo
1861 1852 2114 1906 dicuntur

2203 652 2344 705 «iocos
2393 651 2506 705 ait:
2549 669 2565 703 ι
2620 649 2677 706 Si
2707 653 3018 709 manseritis
3063 654 3116 710 iu
3159 657 3326 713 verbo
3357 675 3496 722 meo,
3530 679 3548 710 ι
3608 660 3677 716 in
3734 675 3849 732 quo

2203 743 2529 807 credidistis,
2568 762 2586 794 ‹
2629 759 2757 808 vere
2803 745 3050 818 discipuli
3080 747 3184 808 mei
3215 749 3389 807 eritis.
3440 770 3457 800 ι
3508 748 3845 817 Subiunxit

2205 849 2436 905 quoque,
2475 855 2492 886 ‹
2527 843 2582 890 et
2613 836 2952 906 cognoscetis
3004 838 3311 894 veritatem.
3351 859 3368 890 ι
3397 837 3498 907 Qui
3527 841 3851 910 cognoscit

2205 927 2514 992 veritatem,
2545 929 2824 997 cognoscit
2853 928 3024 982 Deum
3057 947 3069 982 :
3113 929 3241 1000 quia
3274 929 3415 985 Deus
3453 931 3687 986 veritas
3735 941 3843 1000 est,

2207 1019 2418 1075 dicente
2449 1021 2565 1094 ipso
2589 1019 2852 1075 Domino:
2883 1042 2902 1072 ‹
2941 1019 3053 1094 Ego
3073 1037 3192 1076 sum
3231 1022 3336 1088 via,
3362 1023 3567 1078 veritas
3597 1031 3674 1077 ct.
3709 1023 3828 1076 vita

2233 1111 2413 1183 (Ioan.
2454 1112 2587 1186 XIV).
2631 1133 2648 1165 ι
2679 1111 2979 1168 Credamus
3017 1128 3148 1184 ergo
3187 1121 3247 1168 ut
3293 1129 3721 1185 cognoscamus
3751 1131 3845 1170 ve-

2201 1195 2424 1260 ritatem
2450 1219 2465 1258 :
2499 1205 2623 1274 quia
2648 1205 2766 1259 sine
2798 1205 2900 1260 fide
2929 1206 2997 1260 ad
3025 1205 3388 1276 cognitionem
3417 1206 3694 1260 veritatis
3715 1207 3842 1260 nul-

2209 1297 2293 1352 lus
2318 1298 2601 1368 pervenire
2640 1298 2862 1368 poterit.
2897 1297 3037 1365 Quid
3079 1307 3163 1354 est
3208 1299 3352 1369 quod
3399 1301 3696 1371 cognituri
3752 1318 3844 1356 su-

2211 1391 2369 1446 mus?
2395 1388 2525 1445 illud
2553 1389 2698 1460 quod
2725 1404 2828 1446 nec
2859 1391 3048 1446 oculus
3074 1391 3228 1458 vidit,
3265 1407 3366 1447 nec
3393 1393 3540 1448 auris
3571 1395 3832 1461 audivit,

2213 1498 2313 1539 nec
2358 1484 2412 1538 in
2461 1498 2557 1538 cor
2588 1482 2821 1552 hominis
2849 1483 3110 1538 ascendit.
3162 1483 3299 1551 Quid
3341 1485 3483 1538 enim
3539 1493 3636 1539 est
3672 1483 3837 1550 ﬁdes,

2214 1577 2319 1632 nisi
2373 1577 2595 1631 credere
2635 1577 2779 1646 quod
2824 1589 2931 1630 non
2959 1575 3148 1630 vides?
3192 1573 3350 1630 Fides
3387 1589 3516 1648 ergo
3542 1585 3635 1632 est
3690 1577 3840 1646 quod

2215 1686 2322 1726 non
2351 1669 2502 1725 vides
2532 1667 2793 1724 credere:
2831 1669 3052 1733 veritas,
3097 1667 3238 1738 quod
3283 1667 3558 1724 credidisti
3601 1669 3830 1726 videre.

2215 1759 2356 1832 Quid
2401 1770 2484 1818 est
2515 1762 2659 1834 quod
2688 1761 2872 1816 videre
2904 1760 3061 1816 nobis
3087 1761 3462 1832 promittitur?
3485 1762 3634 1817 Dicit
3682 1764 3833 1818 enim

2220 1855 2479 1912 Dominus
2533 1851 2586 1909 in
2632 1852 2740 1908 alio
2784 1852 2924 1918 loco,
2973 1851 3102 1922 quid
3141 1860 3288 1908 esset
3315 1852 3456 1922 quod
3487 1852 3668 1907 visuri
3724 1853 3832 1908 eri-

536 1943 732 2002 fratres
795 1957 1016 2018 propter
1064 1949 1236 2019 gentis
1282 1947 1564 2012 unitatem,
1611 1945 1678 2001 de
1725 1945 1913 2000 eadem
1959 1953 2117 2015 gente
2147 1929 2195 1990 Β
2224 1967 2364 2020 mus,
2388 1950 2478 2006 ubi
2506 1950 2620 2004 ait:
2653 1968 2671 2002 ι
2703 1947 2804 2016 Qui
2839 1955 3019 2002 autem
3049 1946 3222 2017 diligit
3244 1961 3352 2012 me,
3381 1945 3637 2016 diligetur
3673 1963 3707 2003 a
3733 1948 3833 2004 Pa-

541 2041 790 2097 videlicet
816 2041 948 2106 nati,
975 2039 1115 2097 sicut
1138 2052 1221 2096 est
1251 2041 1376 2096 illud
1401 2042 1454 2096 in
1490 2039 1684 2096 Genesi
1713 2058 1725 2094 :
1760 2059 1777 2091 ι
1809 2035 1863 2094 Si
1889 2038 2121 2109 elegeris

542 2149 718 2205 regem
748 2151 910 2206 super
939 2145 1010 2199 te,
1043 2135 1108 2190 de
1153 2134 1408 2189 fratribus
1437 2135 1544 2189 tuis
1581 2133 1718 2204 elige
1745 2144 2122 2203 quemcunque

541 2226 798 2292 volueris,
828 2245 845 2279 ι
867 2229 968 2282 Ιιοο
995 2227 1162 2282 estde
1189 2235 1348 2298 gente
1370 2235 1478 2281 tua.
1497 2226 1700 2293 Quarto
1725 2225 1906 2290 modo,
1933 2223 2122 2279 aﬂ‘cctu

537 2325 594 2372 et
617 2319 840 2388 pietate,
874 2315 1013 2372 sicut
1057 2333 1246 2372 onmes
1271 2317 1362 2387 qui
1405 2317 1457 2370 in
1486 2313 1704 2371 Christo
1729 2315 2018 2377 credimus,
2051 2312 2126 2368 di-

539 2409 712 2466 cimur
748 2407 963 2465 fratres.
1016 2409 1134 2464 Uno
1172 2409 1371 2463 etenim
1418 2423 1482 2463 ex
1530 2407 1614 2462 his
1657 2405 1828 2463 modis
1873 2406 2126 2461 dicuntur

539 2500 736 2557 fratres
768 2499 1004 2566 Domini,
1047 2497 1450 2572 propinquitate
1496 2499 1703 2554 scilicet
1748 2499 1928 2554 carnis
1959 2499 2120 2554 illius.

541 2592 906 2663 Spiritualiter
949 2593 1278 2664 praedicante
1327 2593 1553 2648 Domino
1597 2593 1768 2648 turbis
1817 2601 2020 2647 matres
2069 2601 2126 2645 et

545 2685 739 2740 fratres
769 2685 909 2739 illius
939 2681 1071 2739 foris
1097 2685 1334 2751 stabant,
1365 2694 1422 2740 et
1461 2683 1620 2740 modo
1651 2683 1910 2740 Dominus
1944 2685 1996 2738 in
2023 2685 2126 2740 Ec-

543 2774 706 2830 clesia
735 2775 893 2830 docet
921 2783 1110 2846 gentes
1137 2793 1148 2828 ε
1198 2783 1371 2830 mater
1399 2789 1530 2830 vero
1567 2774 1710 2830 illius
1732 2784 1786 2830 et
1825 2773 2044 2840 fratres,
2073 2775 2126 2830 id

542 2876 628 2922 cst
654 2866 962 2940 Synagoga,
994 2865 1128 2924 foris
1155 2877 1320 2934 stant,
1359 2868 1460 2924 hoc
1485 2876 1568 2925 est
1589 2885 1618 2924 a
1657 2869 1913 2924 societate
1940 2867 2127 2924 Eccle-

547 2961 640 3016 sia:
667 2959 827 3016 alieni
870 2963 1127 3018 existunt.
1169 2963 1275 3019 Sed
1302 2971 1357 3021 et
1384 2965 1484 3035 ipsi
1523 2981 1646 3020 cum
1675 2965 1743 3020 ad
1769 2966 1983 3020 domum
2025 2965 2127 3018 Do-

545 3054 676 3108 mini
714 3055 1054 3119 intraverint,
1105 3071 1208 3110 non
1247 3057 1588 3128 negabuntur
1613 3055 1681 3110 ab
1709 3071 1793 3119 eo,
1819 3055 1915 3111 sed
1943 3055 2129 3126 imple-

545 3145 692 3202 bitur
731 3147 785 3204 in
812 3149 891 3204 eis
927 3150 1067 3218 quod
1099 3149 1358 3206 Dominus
1387 3149 1556 3205 dixit:
1597 3169 1613 3200 ι
1648 3149 1964 3220 Quicunque
1987 3149 2128 3205 fece-

548 3242 618 3298 rit
643 3242 972 3300 voluntatem
995 3243 1172 3300 Patris
1193 3245 1296 3300 mei
1323 3245 1414 3316 qui
1445 3246 1496 3299 in
1528 3244 1680 3300 coalis
1703 3255 1805 3310 est,
1839 3245 1950 3315 ipse
1971 3259 2126 3300 meus

543 3333 732 3400 frater,
781 3351 936 3392 soror
987 3347 1041 3390 et
1077 3345 1252 3395 mater
1278 3345 1380 3394 est.
1420 3358 1438 3390 ι
1479 3337 1836 3406 Quaerendum
1880 3353 2010 3394 vero
2041 3345 2125 3392 est

543 3430 812 3500 quomodo
847 3429 1040 3500 aliquis
1075 3438 1251 3484 mater
1277 3428 1491 3485 Domini
1528 3431 1699 3500 possit
1743 3427 1899 3484 eﬂiei.
1932 3429 2126 3484 Frater

542 3523 688 3578 enim
717 3532 772 3578 et
811 3539 965 3579 soror
1007 3523 1152 3579 illius
1189 3535 1273 3580 est
1325 3525 1630 3595 quicunque
1659 3523 1989 3578 voluntatem
2017 3521 2124 3576 Pa-

543 3613 640 3669 tris
669 3599 972 3670 feeeritht
996 3625 1217 3684 propter
1237 3631 1428 3670 sexum
1461 3623 1752 3684 utrumque
1784 3615 1978 3669 mirum
2017 3630 2125 3670 non

543 3715 645 3770 est,
673 3706 765 3760 sed
793 3707 904 3776 ipse
935 3715 1110 3761 mater
1133 3705 1248 3775 ejus
1283 3707 1531 3772 efﬁcitur,
1577 3708 1667 3776 qui
1694 3707 1915 3760 verbum
1945 3705 2039 3760 Dei
2071 3705 2125 3761 in

543 3799 704 3854 corde
733 3799 1036 3854 auditorum
1077 3788 1297 3854 suorum
1347 3799 1536 3871 gignit.
1569 3798 1951 3870 Unusquisque
1982 3799 2124 3854 enim

545 3887 740 3956 fidelis,
766 3890 1002 3960 quandiu
1037 3890 1313 3957 imbuitur,
1359 3890 1496 3945 ﬁlius
1517 3897 1600 3946 est
1627 3909 1640 3944 :
1672 3907 1792 3944 cum
1827 3905 1956 3946 vero
1993 3891 2126 3946 alios

543 3983 758 4049 imbuit,
790 3993 964 4039 mater
988 3992 1090 4038 est.
1130 3981 1326 4039 Paulus
1355 3999 1588 4056 namque
1624 3983 1910 4056 Apostolus
1935 3994 2128 4040 mater-

545 4093 670 4130 num
709 4072 956 4148 affectum
991 4078 1138 4134 circa
1163 4077 1436 4134 auditores
1474 4094 1600 4134 suos
1629 4077 1990 4150 impendebat,
2034 4077 2125 4150 qui

545 4168 757 4224 dicebat
790 4190 802 4224 :
837 4192 854 4222 ‹
885 4167 1060 4226 Filioli
1093 4171 1219 4236 mei,
1254 4187 1390 4244 quos
1442 4171 1632 4224 iterum
1661 4171 1922 4240 parturio,
1956 4170 2128 4227 donec

546 4259 809 4317 formetur
842 4261 1090 4320 Christus
1113 4265 1164 4319 in
1211 4263 1362 4319 vobis
1393 4259 1534 4334 (Gal.
1570 4263 1663 4336 tv).
1707 4283 1724 4314 ι

1061 4397 1338 4454 HOMILIA
1392 4396 1604 4454 XXXII.

2227 2055 2308 2101 tre
2337 2060 2490 2121 meo;
2525 2051 2579 2097 et
2603 2057 2704 2114 ego
2729 2039 2946 2112 diligam
2969 2055 3114 2103 eum,
3147 2048 3200 2093 et
3223 2038 3582 2098 manifestabo
3620 2040 3675 2094 ei
3717 2055 3834 2096 me-

2226 2141 2420 2210 ipsum.
2455 2135 2666 2208 (lbid.).
2703 2154 2722 2186 )
2753 2132 2878 2188 Haec
2901 2139 2984 2188 est
3015 2129 3328 2210 promissio,
3363 2131 3479 2188 haec
3499 2140 3585 2188 est
3612 2148 3830 2189 merces

2226 2229 2370 2296 fidei,
2402 2243 2522 2299 quae
2545 2241 2642 2300 per
2666 2224 3006 2282 dilectionem
3024 2233 3299 2297 cperatur,
3324 2224 3442 2278 hazc
3487 2233 3570 2279 est
3599 2225 3827 2280 satietas

2225 2339 2388 2395 quam
2417 2319 2702 2376 Psalmista
2731 2317 2960 2390 optavit,
3007 2319 3195 2372 dicens
3240 2332 3254 2370 :
3314 2335 3332 2367 ε
3395 2315 3648 2372 Satiabor
3695 2335 3821 2374 cum

2226 2413 2659 2472 manifestabitur
2687 2411 2858 2486 gloria
2883 2422 2972 2466 tua
3027 2409 3198 2484 (Paul.
3229 2412 3360 2484 xvi).
3411 2431 3428 2463 ι
3473 2411 3520 2468 0
3567 2411 3815 2480 Domine,

2227 2508 2384 2581 digne
2417 2507 2502 2562 fac
2543 2519 2851 2584 noscamare
2884 2513 2956 2569 te,
2993 2512 3048 2560 et
3075 2504 3180 2559 non
3223 2519 3408 2560 amare
3453 2505 3714 2568 sarculum,
3750 2513 3813 2559 ut

2225 2599 2504 2655 valeamus
2525 2597 2591 2653 ad
2614 2595 2757 2651 illam
2779 2595 3086 2650 libertatem
3115 2595 3422 2666 pervenire,
3441 2595 3508 2649 ad
3529 2611 3670 2666 quam
3699 2610 3799 2666 per

2228 2693 2591 2766 ceguitionem
2618 2689 2864 2747 veritatis
2891 2689 3222 2762 pervenitur,
3247 2690 3314 2745 de
3342 2706 3448 2762 qua
3473 2689 3802 2762 subjunxisti,

2229 2787 2416 2842 dicens
2455 2804 2468 2840 :
2506 2803 2524 2836 ε
2558 2784 2624 2840 Et
2653 2783 2854 2840 veritas
2900 2781 3154 2838 liberabit
3194 2797 3312 2837 vos.
3353 2803 3370 2834 ι
3401 2781 3540 2850 Quid
3565 2792 3648 2838 est
3674 2801 3689 2832 ι
3735 2781 3810 2835 li-

2231 2879 2444 2935 berabit
2487 2878 2619 2934 vos?
2656 2897 2674 2931 ι
2701 2877 2900 2933 liberos
2930 2874 3078 2932 facit.
3109 2873 3350 2946 Denique
3371 2873 3543 2930 Iudaei
3573 2875 3820 2930 carnales

2232 2982 2286 3027 et
2317 2973 2614 3028 secundum
2653 2986 2875 3026 carnem
2898 2969 3353 3040 judicantes,non
3385 2969 3438 3024 hi
3461 2969 3553 3040 qui
3578 2969 3824 3025 credide—

2237 3071 2376 3128 rant,
2394 3064 2486 3118 sed
2518 3060 2604 3116 illa
2641 3060 2829 3128 turba;
2854 3061 2945 3131 qui
2973 3076 3076 3114 non
3102 3059 3687 3130 credebant,injuriam
3721 3061 3828 3116 sibi

2234 3155 2431 3210 factam
2461 3162 2808 3227 putaverunt,
2823 3153 2950 3224 quia
2976 3151 3208 3207 dixiteis
3235 3171 3248 3206 :
3281 3171 3298 3203 ι
3336 3151 3533 3206 veritas
3563 3151 3833 3208 liberabit

2233 3263 2350 3313 vos,
2375 3267 2392 3298 ι
2432 3255 2487 3301 et
2518 3245 2783 3318 indignati
2815 3253 2938 3301 sunt
2989 3259 3178 3300 servos
3216 3259 3273 3299 se
3309 3257 3422 3298 esse
3455 3243 3830 3321 significatos.

2235 3358 2252 3388 ι
2285 3337 2350 3392 Et
2389 3353 2514 3392 vere
2541 3335 2680 3392 servi
2711 3344 2886 3390 erant.
2925 3355 2945 3387 ι
2977 3333 3083 3390 Sed
3117 3334 3365 3408 exposuit
3388 3333 3651 3390 Dominus
3679 3334 3830 3400 illis,

2228 3446 2348 3501 quae
2371 3430 2440 3486 sit
2465 3429 2718 3496 servitus,
2754 3435 2808 3483 et
2833 3442 2953 3498 quae
2975 3427 3046 3481 sit
3075 3425 3252 3481 futura
3275 3425 3497 3482 libertas
3520 3439 3682 3498 quam
3704 3426 3829 3498 ipse

2227 3523 2512 3596 promittit.
2531 3521 2673 3577 Nihil
2693 3522 2836 3577 enim
2855 3521 2998 3576 aliud
3024 3529 3108 3577 est
3128 3520 3335 3576 dicere:
3361 3539 3379 3572 ι
3407 3529 3462 3574 et
3475 3520 3676 3574 veritas
3696 3520 3830 3574 libe-

2228 3616 2366 3671 rabit
2381 3630 2494 3672 vos.
2508 3634 2526 3665 ι
2546 3613 2646 3668 nisi
2665 3613 2862 3669 liberos
2875 3629 2970 3668 vos
2982 3612 3142 3668 faciet
3159 3632 3172 3667 :
3191 3613 3332 3668 sicut
3347 3611 3482 3668 nihil
3497 3621 3600 3678 est,
3616 3612 3822 3678 salvat,

2231 3707 2328 3761 nisi
2354 3707 2530 3762 salvos
2565 3705 2744 3760 faciet.
2767 3705 3086 3761 Audivimus
3106 3720 3235 3777 ergo
3261 3706 3388 3776 quid
3419 3705 3590 3761 libera
3619 3705 3825 3778 veritas

2229 3798 2393 3863 dixit,
2446 3797 2728 3852 audiamus
2766 3798 2893 3866 quid
2938 3797 3167 3866 superba
3211 3796 3419 3853 falsitas
3471 3800 3819 3877 respondeat.

2305 3914 2321 3944 ι
2365 3891 2628 3946 Dixerunt
2653 3905 2783 3964 ergo
2808 3889 2976 3947 Iudaei
3009 3909 3020 3944 :
3048 3891 3242 3948 Semen
3270 3891 3504 3948 Abrahae
3527 3908 3730 3956 sumus,
3767 3901 3826 3948 et

2234 4005 2252 4036 (
2297 3982 2498 4039 nemini
2529 3981 2854 4038 servivimus
2897 3998 3166 4054 unquam;
3215 3983 3488 4056 quomodo
3541 3993 3595 4038 tu
3630 3983 3770 4038 dicis
3805 3997 3820 4036 :

2235 4097 2251 4126 ι
2301 4077 2479 4130 Liberi
2531 4075 2719 4134 eritis?
2788 4097 2806 4129 ι
2881 4075 2996 4132 Νοη
3057 4077 3202 4132 cuitu
3254 4077 3465 4132 dixerat
3511 4075 3818 4138 Dominus:

2234 4188 2251 4220 ι
2301 4167 2455 4223 liberi
2489 4167 2661 4235 eritis,
2702 4187 2718 4219 ι
2747 4166 2875 4223 sed:
2911 4187 2929 4219 ‹
2962 4167 3162 4222 veritas
3184 4167 3565 4223 liberabitvos.
3590 4185 3607 4216 ι
3634 4166 3690 4220 ln
3714 4180 3823 4235 quo

2231 4269 2410 4316 tamen
2447 4261 2614 4316 verbo
2641 4259 2716 4315 illi
2746 4259 2880 4316 nihil
2906 4259 3048 4316 aliud
3079 4258 3481 4326 intellexerunt,
3513 4259 3617 4315 nisi
3645 4259 3819 4314 liber-

2232 4363 2398 4410 tatem
2435 4354 2720 4409 'carnalem
2749 4372 2761 4407 :
2793 4362 2848 4408 et
2884 4354 3194 4409 extulerunt
3225 4369 3284 4408 se
3308 4354 3454 4424 quod
3498 4369 3684 4410 semen
3717 4353 3822 4408 'cs—

2127 4441 2132 4448 ’
2229 4459 2349 4504 sent
2368 4449 2620 4514 Abrahae,
2639 4456 2690 4503 et
2721 4446 2974 4502 dixerunt
3007 4465 3020 4501 :
3063 4466 3078 4496 ι
3127 4445 3324 4501 Semen
3349 4443 3582 4500 Abrahte
3609 4460 3818 4512 sumus,

889 4527 1048 4568 FERIA
1085 4527 1284 4576 QUINTA
1325 4525 1454 4568 pos'r
1491 4511 1782 4566 Inuocnvit.

2227 4550 2283 4597 et
2304 4542 2505 4596 nemini
2536 4541 2856 4596 servivimus
2883 4555 3140 4610 unquam.
3180 4560 3198 4590 ι
3232 4539 3515 4606 Quomodo
3547 4547 3599 4592 tu
3627 4538 3766 4594 dicis
3798 4557 3811 4592 :

615 4625 790 4699 (ιολκ,
816 4628 956 4700 vin.)
999 4646 1017 4678 ‹
1051 4624 1110 4680 ln
1139 4625 1232 4680 illo
1277 4634 1558 4696 tempore:
1606 4624 1829 4681 Dicebat
1867 4621 2026 4680 Iesus
2055 4626 2124 4678 ad
2151 4662 2203 4722 Β
2227 4633 2407 4690 Liberi
2457 4633 2644 4687 eritis?
2697 4631 2740 4688 Ο
2787 4647 2921 4686 vana
2969 4631 3240 4702 superbia,
3280 4645 3313 4685 ο
3369 4629 3501 4685 falsa
3526 4629 3815 4701 jactantia,

548 4741 566 4774 ε
599 4737 694 4778 eos
715 4723 806 4792 qui
829 4721 1175 4778 crediderunt
1201 4719 1254 4774 in
1276 4735 1396 4775 eum
1429 4735 1496 4774 ex
1515 4719 1713 4776 Iudaeis
1746 4735 1759 4773 :
1786 4717 1842 4773 Si
1864 4733 1958 4774 vos
1973 4733 2124 4773 man-

549 4833 568 4867 ι
600 4814 780 4869 seritis
817 4814 868 4867 in
897 4814 1063 4867 verbo
1085 4827 1224 4877 meo,
1267 4832 1285 4864 ι
1319 4821 1372 4867 et
1396 4811 1620 4883 reliqua.
1645 4811 1770 4867 ideo
1793 4811 2122 4876 manseritis,

544 4905 669 4976 quia
701 4905 944 4960 doctrina
975 4903 1198 4974 spiritali
1229 4903 1422 4958 initiati
1452 4904 1604 4969 estis,
1628 4905 1752 4974 quia
1777 4919 1895 4959 esse
1915 4903 1986 4958 ibi
2014 4916 2127 4958 cte-

545 4996 718 5066 pistis.
749 4992 806 5049 Si
839 4993 1165 5060 manseritis,
1211 4994 1314 5049 hoc
1371 5002 1456 5048 est
1497 4995 1549 5048 in
1581 4994 1708 5058 fide,
1749 5009 1867 5063 qua}
1893 4995 1946 5047 in
1975 4993 2126 5047 vobis

543 5105 664 5146 esse
725 5088 1068 5144 credentibus
1110 5091 1306 5158 ccepit,
1363 5103 1468 5158 quo
1543 5087 1867 5156 pervenietis
1922 5086 2122 5149 videte,

542 5183 699 5252 quale
725 5190 808 5250 est.
847 5182 1079 5247 initium,
1123 5191 1178 5236 et
1217 5198 1324 5252 quo
1348 5179 1612 5252 perducit.
1648 5176 1885 5232 Amastis
1927 5175 2122 5231 funda-

547 5285 802 5342 mentum,
851 5275 1062 5330 culmen
1113 5273 1398 5337 attendite,
1443 5281 1498 5326 et
1553 5286 1617 5324 ex
1671 5269 1769 5322 ivta
1820 5267 2123 5324 humilitate

543 5368 698 5422 aliam
723 5367 1095 5423 celsitudinem
1134 5365 1379 5436 quazrite.
1415 5361 1573 5417 Fides
1596 5361 1740 5416 enim
1765 5360 2121 5416 humilitatem

545 5462 720 5518 habet.
740 5461 1008 5534 Cognitio,
1034 5470 1088 5516 et
1111 5457 1508 5521 immortalitas,
1527 5464 1581 5510 et
1603 5455 1878 5510 aeternitas
1893 5469 1998 5508 non
2028 5453 2122 5509 ha-

543 5555 630 5608 bet
675 5555 1074 5618 humilitatem,
1124 5551 1218 5605 sed
1271 5562 1335 5603 ex
1391 5545 1707 5603 celsitudine
1747 5547 2120 5602 erectionem:

544 5639 743 5703 nullam
795 5646 1192 5705 defectionem,
1252 5641 1345 5696 sed
1400 5647 1658 5694 :cternam
1713 5637 2060 5694 stabilitatem
2109 5657 2120 5692 :

545 5740 744 5794 nullam
800 5739 868 5792 ab
916 5735 1135 5790 inimico
1180 5731 1669 5802 expugnationem,
1729 5729 1932 5786 nullum
1995 5727 2127 5785 defl-

543 5833 718 5887 ciendi
751 5832 1017 5884 timorem.
1049 5825 1306 5896 Magnum
1323 5833 1406 5881 est
1435 5823 1575 5894 quod
1608 5825 1795 5894 incipit
1817 5839 1846 5877 a
1879 5821 2003 5890 fide,
2031 5823 2124 5877 sed

549 5922 715 5988 magis
765 5933 865 5989 quo
913 5909 1222 5989 pervenitur
1265 5933 1362 5990 per
1411 5917 1590 5972 fidem.
1645 5915 1781 5972 Audi
1815 5913 1979 5987 igitur
2021 5929 2124 5988 quo

2230 4724 2499 4794 quomodo
2513 4739 2697 4778 verum
2720 4721 2900 4778 dixisti
2924 4740 2936 4777 :
2957 4721 3166 4777 Nemini
3189 4722 3516 4777 servivimus
3537 4722 3813 4792 unquam?

2229 4815 2428 4888 Ioseph
2455 4830 2632 4870 nonne
2647 4823 2728 4870 est
2750 4814 3124 4869 venundatus?
3147 4815 3420 4884 prephetae
3436 4815 3610 4868 sancti
3643 4830 3820 4868 nonne

2236 4915 2362 4960 sunt
2393 4905 2539 4959 ducti
2571 4906 2622 4958 in
2655 4905 3058 4978 captivitatem?
3108 4905 3348 4974 Denique
3389 4920 3565 4960 nonne
3595 4904 3686 4960 ille
3711 4905 3820 4974 ipse

2230 4993 2345 5066 ejus
2372 4995 2620 5066 populus,
2652 4996 2741 5069 qui
2777 4995 2828 5049 in
2869 4993 3105 5067 Egypto
3134 4995 3332 5050 lateres
3361 4995 3598 5051 faciebat
3641 4997 3819 5065 operi-

2232 5089 2332 5142 bus
2381 5087 2566 5149 duris,
2612 5104 2718 5141 non
2770 5085 2958 5142 saltem
3015 5087 3066 5141 in
3109 5097 3343 5158 argento
3373 5097 3429 5144 et
3457 5103 3610 5154 auro,
3642 5089 3736 5141 sed
3765 5086 3819 5140 in

2233 5180 2344 5234 luto
2375 5181 2679 5235 serviebat?
2721 5180 2776 5234 Si
2809 5181 3006 5235 nemini
3053 5181 3295 5236 servistis
3337 5197 3595 5252 unquam,
3642 5197 3676 5235 ο
3729 5182 3816 5234 in-

2232 5272 2394 5342 grati,
2418 5271 2542 5342 quid
2575 5269 2724 5326 vobis
2750 5272 2966 5326 assidue
2997 5273 3329 5348 improperat
3356 5271 3517 5333 Deus,
3545 5274 3820 5342 quomodo

2231 5375 2327 5415 vos
2374 5361 2438 5414 de
2496 5360 2654 5414 domo
2703 5361 2974 5416 servitutis
3016 5359 3304 5416 liberavit?
3345 5377 3414 5417 an
3465 5360 3608 5417 forte
3637 5371 3818 5434 patres

2232 5451 2396 5506 vestri
2450 5450 2785 5505 servierunt?
2817 5449 2922 5506 Vos
2957 5460 3136 5506 autem
3181 5451 3276 5524 qui
3305 5451 3588 5524 loquitnini
3619 5471 3632 5506 :
3665 5452 3802 5508 Nulli

2231 5545 2555 5599 servivimus
2595 5559 2832 5614 unquam
2877 5564 2888 5598 :
2929 5545 2974 5599 si
3035 5544 3166 5602 nulli
3220 5545 3521 5604 servivistis
3553 5562 3814 5618 unquam,

2231 5641 2500 5709 quomodo
2529 5654 2659 5710 ergo
2689 5638 2980 5695 solvebatis
3015 5639 3274 5696 tributum
3321 5639 3618 5694 Romanis?
3670 5639 3819 5695 Unde

2230 5742 2282 5787 et
2312 5733 2414 5804 ipsi
2441 5731 2652 5787 veritati
2685 5731 2933 5804 laqueum
2967 5734 3120 5804 quasi
3159 5735 3424 5804 captionis
3453 5732 3736 5804 posuistis.
3763 5743 3820 5786 ut

2231 5823 2483 5878 diceretis
2516 5820 2663 5893 (Luc.
2717 5823 2807 5890 xx)
2845 5843 2856 5877 :
2899 5843 2917 5875 ε
2965 5823 3116 5878 Licet
3157 5825 3378 5880 reddere
3410 5823 3673 5877 tributum
3708 5821 3820 5877 Cm-

2231 5915 2371 5971 sari?
2390 5935 2408 5966 ι
2431 5924 2488 5969 ut
2516 5915 2557 5969 si
2581 5915 2806 5970 dixisset
2825 5935 2834 5969 :
2853 5915 3271 5982 licet,teneretis
3291 5927 3416 5970 eum
3441 5911 3594 5986 quasi
3620 5912 3818 5968 malam
