3994 6354
225 387 349 442 215

1456 381 1760 440 ΗΟΜῘῙΔᾹΞ
1799 379 1887 435 DE
1925 379 2272 436 TEMPORE.

3394 392 3501 447 2M

227 509 484 574 optasset
510 500 814 561 libertatem
842 500 1036 557 semini
1059 500 1290 557 Ahralue
1319 519 1328 553 :
1365 498 1611 553 siautem
1656 498 1819 553 dixis-
1849 499 1899 559 Α
1926 494 2085 550 clesia
2121 512 2133 547 :
2172 502 2381 549 maneat
2417 495 2471 550 in
2520 512 2746 569 corpore
2788 501 2978 572 capitis
3008 502 3112 568 sui,
3140 512 3200 557 ut
3225 506 3296 559 sit
3336 504 3500 570 filius,

228 602 325 653 set
359 611 372 648 :
403 608 509 655 non
558 591 706 669 licet,
736 592 1204 653 calumniaremiui
1261 592 1399 665 apud
1444 605 1598 665 reges
1644 600 1821 657 terrae,

227 686 388 756 quod
414 686 724 756 prohiberet
752 685 967 756 regibus
985 686 1186 743 tributa
1214 684 1464 755 persolvi.
1479 684 1679 739 Deinde
1706 698 1828 754 pro-

228 777 355 833 lato
383 793 605 837 nummo
627 777 758 834 victi
800 779 953 845 estis,
975 786 1028 833 et
1057 778 1291 849 captioni
1339 786 1532 832 vestra:
1577 775 1694 831 vos'
1722 776 1823 847 ipsi

229 872 376 926 estis
399 870 723 942 respondere
743 868 1022 942 compulsi,
1041 871 1112 926 ibi
1134 871 1276 925 enim
1299 871 1449 926 vobis
1475 869 1677 924 dictum
1702 879 1785 924 est
1808 886 1820 923 :

236 978 260 1011 ε
308 961 543 1017 Reddite
567 960 769 1017 Caesari
795 977 915 1033 quae
940 960 1172 1016 Ctesaris
1206 969 1349 1026 sunt,
1374 969 1426 1015 et
1450 960 1559 1015 Deo
1580 976 1699 1029 quze
1730 959 1823 1015 Dei

228 1062 372 1113 sunt
393 1052 605 1127 (Matth.
627 1054 786 1126 xxtt),
810 1072 829 1105 ι
848 1070 969 1110 cum
994 1070 1089 1109 vos
1108 1054 1207 1125 ipsi
1233 1052 1825 1123 respondissetis.quod

227 1161 496 1203 nummus
521 1146 683 1215 habet
706 1147 993 1219 imaginem
1025 1145 1272 1201 Caesaris.
1303 1145 1441 1213 Quia
1464 1146 1605 1200 sicut
1629 1144 1824 1214 quierit

224 1235 421 1299 Caesar
448 1238 501 1301 in
529 1238 752 1293 denario
774 1238 1063 1309 imaginem
1086 1253 1261 1303 suam,
1286 1238 1364 1293 sic
1392 1236 1531 1291 Deus
1552 1238 1743 1308 (IlliBl'il
1769 1237 1821 1290 in

225 1326 460 1383 homine
486 1343 659 1399 suam.
691 1326 802 1385 Nec
827 1328 1062 1383 alienum
1093 1328 1222 1399 quid
1242 1329 1438 1398 quaerit
1456 1328 1598 1383 Deus
1624 1326 1692 1383 ab
1723 1328 1823 1383 ho-

225 1418 406 1483 mine,
429 1420 523 1476 sed
550 1419 691 1490 quod
713 1421 955 1475 condidit
976 1422 1029 1475 in
1060 1421 1300 1476 homine.
1332 1420 1456 1477 ideo
1484 1420 1627 1476 Deus
1662 1420 1822 1475 homo

222 1508 412 1565 factus
449 1521 553 1580 est,
582 1520 642 1567 ut
666 1512 720 1568 in
752 1513 972 1568 homine
998 1512 1319 1568 reformaret
1346 1514 1487 1583 quod
1515 1513 1570 1566 in
1604 1513 1822 1568 homine

219 1598 507 1656 formavit.
534 1601 673 1675 Ergo
704 1604 1107 1671 mentientibus,
1141 1614 1195 1661 et
1214 1605 1289 1660 de
1302 1604 1703 1661 vanallbertate
1733 1614 1820 1660 tu-

219 1694 505 1751 mentibus
533 1738 548 1765 ,
593 1698 723 1771 quid
774 1699 1141 1771 respondisset
1180 1700 1442 1755 Dominus
1483 1698 1681 1756 Judmis
1728 1716 1823 1754 an-

220 1786 465 1843 diamus.

1930 603 2034 642 non
2074 602 2282 643 servus.
2326 587 2508 658 Longe
2555 591 2695 646 aliud
2724 601 2809 648 est
2836 608 3083 664 peccare,
3109 595 3253 649 aliud
3283 612 3506 652 manere

1929 679 1981 733 iu
2006 688 2246 750 peccato.
2274 677 2373 746 Qui
2403 688 2583 734 manet
2601 680 2654 734 in
2679 693 2922 752 peccato,
2937 700 3126 741 servus
3148 693 3233 741 est
3252 688 3461 757 peccati
3488 706 3502 743 :

1927 771 2019 842 qui
2071 772 2204 843 fugit
2252 787 2282 825 a
2332 781 2573 842 peccato,
2629 785 2820 829 servus
2871 777 2976 831 erit
3014 776 3257 845 justitia.
3287 778 3507 835 Terruit

1929 865 2130 933 itaque,
2151 874 2205 919 et
2229 880 2376 935 spem
2409 864 2555 919 dedit
2586 883 2597 918 :
2634 866 2845 933 terruit,
2875 883 2943 923 ne
2959 879 3252 948 peccatum
3295 887 3503 927 amare-

1927 971 2046 1010 mus
2080 976 2090 1009 :
2139 971 2287 1026 spem
2316 957 2484 1021 dedit,
2516 971 2584 1012 ne
2607 958 2675 1012 de
2707 960 2913 1027 peccati
2943 961 3210 1018 solutione
3244 962 3506 1020 difﬁdere-

1927 1062 2071 1104 mus.
2102 1069 2119 1100 ι
2159 1048 2348 1105 Omnis
2377 1050 2595 1122 (inquit)
2646 1050 2734 1120 qui
2792 1050 2925 1107 facit
2970 1066 3270 1122 peccatum,
3319 1072 3507 1113 servus

1924 1150 2006 1197 est
2049 1144 2281 1214 peccati.
2335 1143 2537 1198 Servus
2585 1152 2765 1199 autem
2794 1159 2901 1199 non
2929 1155 3111 1199 manet
3148 1146 3202 1200 in
3249 1149 3407 1204 domo
3450 1150 3505 1203 in

1924 1244 2204 1290 aeternum.
2236 1256 2255 1288 ›
2287 1235 2417 1302 Quae
2440 1250 2569 1308 ergo
2592 1236 2749 1291 nobis
2774 1251 2898 1306 spes
2919 1245 3035 1302 est,
3069 1239 3161 1307 qui
3190 1255 3296 1295 non
3319 1256 3507 1295 sumus

1925 1326 1990 1381 de
2015 1327 2274 1397 peccato?
2308 1326 2447 1382 Audi
2484 1343 2631 1399 spem
2663 1336 2809 1382 tuam
2851 1346 2864 1382 :

2000 1437 2018 1468 ι
2065 1418 2231 1473 Filius
2282 1427 2466 1475 manet
2508 1421 2562 1475 in
2615 1421 2776 1477 domo
2829 1423 2882 1475 in
2931 1430 3212 1477 aeternum.
3269 1425 3325 1479 Si
3376 1443 3507 1497 ergo

1930 1530 1947 1561 ‹
1972 1508 2140 1567 Filius
2160 1526 2255 1566 vos
2276 1511 2607 1579 liberaverit,
2640 1518 2765 1568 tunc
2792 1512 2919 1569 vere
2940 1513 3091 1570 liberi
3118 1516 3290 1571 eritis.
3327 1538 3344 1569 ι
3381 1518 3506 1573 Haec

1923 1617 2046 1673 spes
2089 1603 2545 1670 nostra,l‘ratres,
2575 1614 2633 1660 ut
2676 1621 2707 1660 a
2752 1605 2924 1661 libero
2952 1606 3264 1674 liberemur,
3293 1617 3349 1663 et
3376 1610 3509 1664 Iibe-

1927 1695 2096 1750 rando
2128 1711 2315 1750 servos
2343 1711 2441 1750 nos
2470 1694 2654 1751 faciat.
2689 1695 2843 1751 Servi
2872 1698 3017 1752 enim
3047 1714 3265 1753 eramus
3295 1700 3506 1769 cupidi-

1927 1788 2072 1850 tatis,
2106 1787 2263 1842 liberi
2301 1785 2565 1843 eflicimur
2586 1789 2727 1843 servi
2755 1789 3060 1844 ebaritatis.
3089 1791 3265 1844 Prima
3289 1791 3393 1845 libe
3429 1802 3510 1846 tas

306 1898 325 1927 ε
374 1878 544 1935 Amen
575 1897 731 1938 amen
763 1883 885 1940 dico
930 1884 1103 1950 vobis,
1160 1885 1284 1954 quia
1328 1884 1506 1939 omnis
1686 1883 1816 1940 facit
1847 1868 1892 1927 Β
1920 1886 2003 1930 est
2051 1892 2155 1931 non
2181 1893 2499 1948 permanere
2529 1880 2581 1933 111
2614 1889 2857 1951 peccato,
2891 1882 3098 1937 servire
3145 1882 3398 1950 iustitiae,
3427 1884 3507 1937 ὧν

222 1988 244 2019 ε
296 1982 603 2045 peccatum,
631 1990 818 2041 servus
840 1985 925 2031 est
945 1976 1172 2049 peccati.
1208 1997 1225 2029 )
1262 1975 1393 2045 Quis
1427 1992 1533 2049 non
1574 1976 1814 2033 subistis

212 2064 407 2120 verbis
432 2067 841 2135 contremiscat,
868 2069 910 2124 si
943 2068 1119 2124 omnis
1146 2070 1308 2124 homo
1337 2078 1609 2139 peccator,
1638 2070 1813 2124 omnis

208 2153 389 2209 homo
413 2171 604 2213 servus
629 2160 870 2228 peccati?
896 2159 1003 2214 Sed
1032 2160 1084 2213 in
1110 2160 1193 2214 his
1217 2160 1479 2214 attentius
1510 2159 1808 2224 audiamus,

204 2246 461 2315 qualiter
488 2249 778 2305 liberemur
806 2252 872 2306 de
896 2252 999 2306 hac
1032 2252 1312 2306 servitute.
1347 2251 1632 2305 Terrorem
1664 2251 1814 2304 incu-

201 2339 306 2402 tit,
367 2339 460 2395 sed
518 2342 841 2397 medicinam
895 2344 1133 2398 adhibet.
1190 2343 1322 2397 Nam
1384 2343 1459 2396 ait
1507 2342 1809 2397 Dominus:

204 2450 231 2485 ‹
287 2432 466 2491 Amen
510 2451 665 2491 amen
713 2434 836 2491 dico
878 2436 1050 2491 vobis.
1083 2456 1101 2488 ι
1141 2436 1279 2504 Quid
1329 2444 1410 2489 est
1439 2451 1594 2490 amen
1630 2450 1807 2499 amen,

204 2521 322 2577 nisi
358 2538 545 2576 verum
572 2525 692 2580 dico
733 2526 923 2581 vobis?
982 2524 1133 2593 Quod
1184 2525 1405 2581 verbum
1457 2541 1555 2581 nec
1593 2527 1813 2582 (ἔκρουε

130 2632 145 2639 ο
201 2613 505 2683 interpres,
540 2631 639 2669 nec
669 2614 898 2670 Latinus
918 2632 1082 2671 ausus
1124 2615 1284 2693 estin
1318 2616 1477 2670 aliam
1513 2616 1809 2672 transferre

202 2706 491 2777 linguam,
536 2714 595 2760 ut
637 2707 901 2761 honorem
952 2708 1177 2762 haberet
1226 2708 1529 2763 velamento
1574 2716 1803 2773 secreto,

206 2796 529 2850 testificatio
555 2796 798 2851 veritatis
825 2797 877 2850 in
901 2795 1140 2851 Christo.
1172 2794 1385 2851 Veritas
1406 2798 1536 2852 dicit
1560 2813 1574 2850 :
1603 2798 1803 2853 Verum

205 2903 406 2942 verum
435 2889 555 2944 dico
581 2889 754 2954 vobis,
788 2890 1102 2962 ingeminat,
1139 2890 1363 2960 replicat
1388 2890 1611 2944 verbum
1656 2891 1802 2946 veri-

208 2978 370 3046 tatis,
399 2986 457 3032 ut
484 2978 750 3035 excitaret
780 2980 1130 3045 dermientes,
1180 2980 1417 3036 intentos
1458 2981 1661 3036 faceret
1702 2996 1801 3035 au-

207 3070 447 3136 dientes,
475 3087 574 3126 nec
598 3078 1034 3126 contemneretur
1073 3073 1162 3143 qui
1194 3073 1270 3127 ait
1310 3092 1322 3127 :
1372 3091 1390 3123 ‹
1433 3072 1605 3128 Amen
1643 3088 1802 3128 amen

211 3161 344 3215 dico
370 3161 543 3227 vobis,
569 3164 689 3233 quia
716 3163 895 3218 omnis
947 3164 1038 3233 qui
1092 3162 1222 3219 facit
1266 3173 1569 3234 peccatum,
1611 3180 1801 3221 servus

210 3261 307 3306 est
329 3255 554 3323 peccati.
590 3274 607 3305 ι
640 3254 683 3310 0
708 3254 1039 3311 miserabilis
1062 3257 1297 3312 servitus
1323 3258 1526 3313 servire
1555 3266 1795 3326 peccato,
1830 3232 1877 3299 (ἶ

215 3345 428 3399 servire
449 3346 675 3414 diabolo,
697 3349 781 3419 qui
806 3350 1015 3420 peccati
1041 3359 1125 3406 est
1146 3358 1350 3405 auctor.
1377 3348 1531 3420 Saepe
1558 3350 1802 3405 homines

210 3438 396 3494 malos
445 3437 686 3496 dominos
730 3440 953 3513 fugiunt,
1004 3458 1070 3498 ne
1122 3442 1365 3498 serviant
1412 3442 1589 3507 malis,
1612 3451 1667 3496 et
1696 3457 1800 3497 non

212 3531 435 3603 fugiunt
460 3538 772 3605 peccatum!
823 3536 1036 3604 Quanto
1060 3536 1271 3593 facilius
1292 3546 1436 3593 esset
1465 3536 1648 3609 fugere
1676 3552 1799 3607 pec—

201 3634 417 3691 catum,
444 3635 496 3681 et
528 3628 732 3687 servire
758 3628 965 3684 homini
1002 3628 1170 3685 libera
1201 3630 1559 3685 conscientia!
1599 3630 1800 3684 Deinde

201 3732 403 3775 servus
427 3720 663 3776 hominis
684 3722 974 3793 aliquando
1017 3724 1097 3777 sui
1147 3724 1347 3778 domini
1390 3724 1629 3792 imperiis
1675 3722 1801 3779 fati.

202 3818 384 3881 gatus,
419 3809 676 3885 fugiendo
716 3815 1008 3886 requiescit
1061 3832 1075 3871 :
1126 3832 1315 3873 servus
1367 3826 1543 3872 autem
1591 3818 1797 3886 peccati

203 3917 315 3973 quo
340 3900 547 3977 fugiet?
571 3904 766 3960 Secum
794 3907 937 3961 enim
965 3894 1193 3962 retrahit
1214 3908 1415 3963 vindex
1432 3908 1795 3975 conscientia;

202 4009 533 4067 quocunque
560 3997 778 4069 fugerit,
810 4015 914 4055 non
944 3997 1105 4071 fugit,
1133 4000 1227 4056 sed
1253 4000 1428 4072 ipsum
1473 4000 1611 4054 mala
1662 4017 1796 4055 con-

204 4088 431 4145 scientia
472 4089 736 4163 sequitur,
775 4092 885 4146 imo
917 4107 1021 4146 non
1059 4093 1263 4149 recedit
1307 4109 1336 4147 a
1391 4108 1467 4157 se,
1513 4101 1793 4165 peccatum

204 4179 352 4234 enim
381 4183 524 4250 quod
550 4180 677 4239 fecit
714 4183 858 4239 intus
880 4193 982 4239 est.
1009 4183 1156 4241 Fecit
1176 4192 1459 4256 peccatum
1480 4193 1539 4240 ut
1559 4186 1792 4262 aliquam

204 4272 546 4341 corporalem
579 4284 798 4346 caperet
829 4274 1159 4346 voluptatem
1211 4294 1223 4330 :
1270 4275 1515 4347 voluptas
1572 4276 1791 4343 transit,

202 4373 487 4438 peccatum
517 4378 701 4424 manet
732 4387 743 4421 :
780 4369 1022 4439 praeterit
1046 4369 1189 4439 quod
1219 4369 1539 4434 delectabat,
1583 4384 1794 4423 reman-

205 4455 279 4508 sit
312 4457 453 4525 quod
482 4469 683 4528 pugnat
734 4459 874 4514 mala
920 4460 1173 4515 servitus.
1232 4459 1535 4533 Aliquando
1582 4458 1793 4531 fugiunt

208 4546 455 4604 homines
496 4550 770 4620 improbos
818 4552 1085 4618 dominos,
1145 4550 1395 4623 fugiendo
1430 4552 1713 4622 quiescant
1758 4570 1789 4606 a

1917 1977 2072 2022 cente
2104 1968 2383 2038 Apostolo.
2416 1990 2433 2019 ‹
2470 1969 2604 2025 Cum
2637 1970 2782 2025 enim
2835 1972 2977 2026 servi
3029 1974 3222 2031 essetis
3273 1975 3505 2044 peccati,

1915 2060 2070 2115 liberi
2098 2062 2263 2117 eratis
2288 2062 2514 2132 justititc
2545 2062 2722 2132 (Rom.
2754 2062 2853 2136 vi).
2903 2084 2921 2115 ι
2956 2063 3110 2120 Nunc
3131 2074 3309 2121 autem
3342 2068 3508 2122 habe-

1917 2152 1985 2206 tis
2024 2151 2258 2208 fructum
2284 2162 2527 2208 vestrum
2559 2155 2614 2208 in
2643 2155 3149 2223 sanctilioationem,
3184 2157 3344 2213 finem
3374 2175 3506 2215 vero

1914 2242 2079 2294 vitam
2108 2250 2383 2297 aeternam.
2411 2243 2652 2298 Perfecta
2674 2259 2803 2299 vero
2831 2244 3053 2300 libertas
3094 2256 3178 2301 est
3204 2246 3315 2302 Deo
3342 2248 3503 2303 (Ἀπί-τ

1915 2340 1999 2386 sto
2030 2333 2256 2398 servire,
2287 2333 2432 2386 illum
2466 2334 2687 2405 diligere
2721 2336 2812 2404 qui
2842 2351 2970 2395 vere
2997 2352 3095 2391 nos
3118 2337 3388 2405 liberavit,
3407 2340 3502 2409 qui

1916 2440 2042 2480 vere
2071 2436 2154 2481 cst
2180 2426 2347 2480 Filius
2378 2427 2494 2490 Dei,
2519 2435 2575 2482 et
2604 2429 2861 2483 Dominus
2892 2430 2946 2483 in
2988 2429 3161 2484 forma
3191 2432 3354 2497 servi,
3380 2448 3488 2487 non

1915 2532 2121 2582 servus,
2146 2518 2237 2571 sed
2264 2518 2316 2570 in
2351 2515 2523 2572 forma
2546 2519 2688 2573 servi
2714 2518 2993 2574 Dominus.
3026 2520 3151 2575 Fuit
3181 2523 3379 2592 quippe
3410 2522 3501 2578 illa

1912 2609 2094 2665 carnis
2132 2609 2302 2663 forma
2333 2610 2579 2674 servilis;
2612 2611 2859 2681 quamvis
2885 2620 3030 2667 esset
3054 2612 3349 2668 similitudo
3379 2630 3502 2670 car-

1911 2703 1994 2755 nis
2022 2702 2251 2772 peccati,
2295 2717 2401 2756 non
2449 2714 2567 2757 erat
2609 2705 2840 2772 peccati,
2895 2704 3200 2761 libertatem
3247 2708 3501 2775 promisit

1909 2795 2255 2850 credentibus
2287 2795 2339 2849 in
2368 2810 2445 2851 se.
2473 2795 2642 2851 Judaei
2668 2812 2798 2851 vero
2822 2805 3078 2868 tanquam
3121 2799 3188 2853 de
3216 2814 3315 2857 sua
3336 2798 3500 2854 liber—

1911 2895 2018 2941 tate
2068 2888 2463 2957 superbientes,
2515 2888 2790 2960 dedignati
2842 2898 2968 2944 sunt
3015 2889 3133 2945 fieri
3172 2890 3498 2965 liberi,cunt

1906 2986 2088 3035 essent
2108 2978 2250 3033 servi
2274 2980 2503 3049 peccati.
2534 2980 2659 3035 ideo
2694 2989 2875 3036 autem
2906 2997 2964 3038 se
2988 2981 3188 3039 liberos
3205 2999 3324 3039 esse
3345 2985 3499 3039 dixe—

1907 3076 2052 3133 rum,
2085 3068 2209 3138 quia
2241 3084 2426 3124 semen
2473 3069 2705 3125 Abrahae
2746 3081 2926 3127 erant.
2952 3073 3092 3140 Quid
3124 3088 3255 3145 ergo
3299 3076 3380 3130 eis
3426 3076 3495 3131 ad

1909 3163 2022 3215 btec
2051 3161 2329 3231 respondit
2355 3162 2638 3230 Dominus,
2664 3166 2948 3222 audiamus
2976 3181 2991 3219 :

1984 3270 2000 3300 ι
2050 3249 2192 3315 Scio,
2224 3252 2418 3321 inquit,
2446 3254 2572 3323 quia
2601 3254 2695 3309 filii
2720 3256 2954 3311 Abrahae
2980 3258 3133 3321 estis,
3159 3259 3254 3314 sed
3292 3260 3495 3329 quatri-

1913 3362 1932 3394 ‹
1979 3345 2047 3397 tis
2076 3358 2160 3398 me
2189 3345 2515 3400 interficere.
2551 3367 2568 3397 ι
2604 3347 2856 3417 Agnosco
2877 3351 3057 3405 carnis
3081 3351 3368 3420 originem,
3386 3368 3493 3408 non

1908 3437 2088 3491 cordis
2118 3436 2278 3491 fidem
2305 3455 2317 3490 :
2346 3436 2439 3491 filii
2469 3438 2704 3493 Abrahae
2744 3441 2896 3505 estis,
2925 3441 3019 3495 sed
3060 3445 3352 3496 secundum
3376 3457 3497 3498 car-

1905 3542 2049 3594 nem,
2087 3529 2208 3583 ideo
2262 3529 2504 3600 quaeritis
2563 3546 2648 3586 me
2702 3532 2966 3588 occidere.
3022 3552 3041 3584 «
3105 3532 3296 3590 Sermo
3350 3536 3496 3597 enim

1910 3636 1928 3669 ι
1959 3635 2110 3675 meus
2135 3620 2350 3693 (inquit)
2371 3636 2477 3677 non
2504 3622 2649 3692 capit
2672 3623 2725 3677 in
2749 3622 2921 3689 vobis,
2955 3643 2974 3676 ι
3009 3624 3059 3678 id
3088 3633 3171 3679 est
3192 3641 3296 3681 non
3331 3628 3496 3685 habet

1902 3710 2079 3766 locum
2133 3712 2185 3766 in
2232 3712 2405 3767 vobis.
2456 3711 2513 3767 Si
2545 3727 2726 3768 sermo
2761 3727 2912 3767 meus
2943 3724 3230 3785 caperetur
3256 3732 3286 3771 a
3316 3717 3491 3784 vobis,

1903 3815 2119 3876 caperet
2148 3808 2335 3876 utique
2356 3822 2471 3862 vos.
2499 3807 2643 3875 Quid
2662 3816 2746 3862 est
2766 3823 2915 3877 ergo,
2934 3824 3040 3864 non
3064 3810 3207 3879 capit
3229 3810 3281 3863 in
3308 3811 3496 3866 vobis?

1904 3899 1955 3954 id
1986 3908 2090 3966 est,
2124 3916 2230 3955 non
2255 3901 2402 3971 capit
2422 3916 2516 3955 cor
2538 3909 2804 3965 vestrum,
2836 3902 2962 3971 quia
3003 3918 3108 3956 non
3156 3904 3414 3973 recipitur
3460 3920 3491 3961 a

1901 3992 2066 4048 corde
2090 4002 2290 4048 vestro.
2318 3992 2558 4048 Audistis
2607 4000 2756 4047 certe
2808 3992 3096 4049 Dominum
3144 3996 3416 4052 dicentem
3471 4014 3487 4051 :

1905 4105 1924 4138 ‹
1968 4084 2094 4143 Scio
2125 4088 2249 4157 quia
2274 4085 2366 4141 filii
2392 4088 2623 4143 Abrahae
2651 4088 2784 4143 estis
2804 4128 2818 4154 ,
2868 4109 2887 4141 ι
2924 4090 3106 4145 audite
3131 4089 3261 4159 quid
3301 4096 3489 4159 postea

1899 4177 2044 4233 dicat
2078 4179 2105 4232 ε’

1973 4289 1991 4321 ι
2024 4269 2150 4340 Ego
2178 4273 2323 4340 quod
2349 4270 2459 4326 vidi
2502 4273 2643 4343 apud
2678 4270 2896 4328 Patrem
2919 4287 3123 4339 meum,
3156 4273 3346 4344 loquor
3374 4293 3387 4328 :
3429 4282 3487 4332 et

1902 4381 1921 4413 ι
1965 4376 2082 4428 vos,
2105 4364 2248 4431 quod
2284 4362 2495 4419 vidistis
2521 4364 2661 4434 apud
2684 4372 2892 4435 patrem
2928 4373 3189 4431 vestrum,
3218 4364 3418 4421 facitis.
3453 4385 3475 4420 ι

1896 4452 2034 4520 Quid
2065 4461 2244 4508 autem
2275 4453 2500 4520 faciunt,
2523 4455 2729 4526 etquid
2774 4457 2855 4511 eis
2889 4456 3058 4511 dixit?
3105 4457 3351 4526 quaeritis
3395 4472 3484 4513 me

1895 4545 2180 4608 occidere;
2217 4548 2317 4601 hoc
2366 4547 2508 4618 apud
2560 4547 2835 4602 Abraham
2880 4562 3155 4616 nunquam
3203 4547 3478 4604 viderunt.

204 4641 489 4710 senitute,
635 4643 905 4714 quomodo
933 4641 1006 4711 illi
1064 4606 1323 4699 servitute
1366 4606 1651 4710 carebunt,
1697 4646 1788 4715 qui
1819 4606 1870 4667 Β
1897 4637 2069 4691 Dixit:
2095 4656 2113 4688 ι
2132 4652 2252 4707 quae
2279 4637 2385 4691 vidi
2409 4640 2547 4708 apud
2576 4638 2787 4692 Patrem
2814 4651 2990 4690 meum
3015 4636 3205 4707 loquor
3226 4656 3246 4688 ι
3273 4638 3481 4693 verita-

206 4733 399 4797 nolunt
446 4750 636 4793 carere
663 4736 944 4809 peccatis?
998 4736 1211 4804 Quanto
1240 4735 1452 4792 facilius
1482 4745 1596 4801 est,
1626 4737 1669 4790 si
1697 4736 1788 4791 de-

203 4834 352 4885 serat
382 4828 544 4887 homo
574 4838 875 4905 peccatum,
907 4829 1182 4902 fugiatque
1210 4832 1275 4885 ad
1323 4829 1596 4886 Christum
1646 4846 1786 4886 verte

201 4917 470 4977 libertatis
493 4920 757 4976 vindicem
780 4930 940 4991 atque
962 4922 1265 4976 auctorem!
1298 4921 1512 4977 Liberat
1541 4923 1683 4977 enim
1720 4924 1786 4978 ab

202 5007 304 5063 hac
334 5009 593 5065 servitute
642 5011 851 5080 peccati
905 5010 1051 5067 solus
1101 5011 1379 5076 Dominus,
1411 5013 1499 5082 qui
1546 5012 1635 5066 illa
1676 5027 1780 5066 non

204 5099 411 5155 habuit.
443 5101 545 5170 Qui
568 5102 714 5165 solus
735 5104 851 5159 sine
883 5114 1105 5173 peccato
1127 5105 1274 5159 venit
1302 5105 1354 5159 in
1385 5107 1663 5171 mundum,
1696 5104 1783 5161 ille

201 5191 350 5247 solus
370 5191 602 5255 liberare
623 5203 799 5266 potest
826 5197 891 5250 de
917 5209 1160 5267 peccato.
1195 5196 1295 5265 Qui
1327 5197 1472 5251 venit
1507 5198 1623 5254 sine
1652 5214 1783 5271 pec-

202 5292 346 5349 cato,
379 5284 555 5349 factus
581 5297 665 5344 est
692 5288 1016 5345 sacrificium
1062 5296 1161 5361 pro
1216 5299 1458 5361 peccato.
1491 5290 1624 5347 Cum
1655 5308 1784 5364 ergo

197 5378 377 5433 onmis
402 5380 493 5451 qui
533 5379 661 5439 facit
680 5391 959 5453 peccatum
1009 5398 1195 5439 servus
1219 5383 1289 5437 sit
1315 5382 1541 5457 peccati,
1567 5398 1687 5453 quae
1715 5385 1787 5440 sit

197 5484 326 5541 spes
364 5472 520 5529 nobis
540 5472 826 5541 libertatis,
852 5474 1053 5529 audite.
1320 5460 1325 5465 ⁷

277 5582 293 5614 ι
342 5560 547 5623 Servus
576 5565 1001 5637 autem,inquit,
1034 5580 1140 5620 non
1188 5575 1370 5621 manet
1418 5565 1472 5620 in
1521 5566 1680 5623 domo
1727 5567 1782 5621 in

207 5673 224 5709 ι
269 5663 556 5715 aeternum.
598 5680 617 5713 ι
650 5659 893 5717 Ecclesia
918 5668 1003 5719 est
1031 5659 1254 5726 domus,
1290 5675 1480 5715 servus
1517 5669 1600 5716 est
1650 5676 1780 5733 pec-

194 5757 369 5811 cator.
418 5749 537 5808 Non
584 5763 802 5810 maneat
854 5756 1016 5813 homo
1068 5752 1120 5808 in
1151 5748 1392 5825 peccato,
1425 5770 1491 5809 ne
1541 5754 1613 5810 sit
1666 5771 1782 5811 ser-

194 5856 297 5897 vus
320 5845 627 5913 peccati,ut
663 5846 833 5919 possit
858 5860 1077 5901 manere
1105 5844 1157 5901 in
1185 5845 1363 5914 domo,
1392 5847 1445 5902 id
1472 5858 1554 5903 est
1586 5847 1639 5903 in
1668 5847 1775 5905 Ee-

1895 4740 1999 4785 tem
2018 4731 2150 4796 vidi,
2175 4732 2454 4786 veritatem
2485 4732 2693 4801 loquor,
2716 4732 2838 4800 quia
2862 4731 3061 4786 veritas
3081 4747 3222 4786 sum.
3249 4731 3309 4789 Si
3332 4735 3476 4790 enim

1895 4826 2152 4880 Dominus
2206 4827 2487 4881 veritatem
2542 4827 2802 4896 loquitur,
2834 4827 2957 4897 quia
3005 4829 3121 4899 ipse
3165 4838 3250 4886 est
3280 4834 3480 4889 veritas

1891 4916 2087 4981 Patris,
2114 4932 2274 4985 quam
2306 4918 2440 4971 vidit
2463 4917 2602 4987 apud
2626 4917 2857 4981 Patrem,
2892 4935 3056 4990 seque
3086 4921 3281 4978 vidisse
3304 4923 3476 4994 loqui-

1888 5016 1995 5074 tur,
2045 5009 2159 5079 ipse
2199 5009 2341 5065 enim
2397 5011 2631 5065 Verbum
2678 5011 2821 5081 quod
2874 5012 3107 5067 Verbum
3162 5024 3281 5070 erat
3333 5018 3473 5088 apud

1890 5100 2057 5156 Deum
2093 5119 2105 5155 :
2139 5102 2230 5156 isti
2256 5116 2383 5172 ergo
2434 5100 2633 5157 malum
2664 5103 2804 5173 quod
2840 5102 3066 5168 faciunt,
3092 5107 3238 5176 quod
3263 5149 3271 5157 .
3293 5107 3477 5163 Domi-

1889 5210 1991 5249 nus
2025 5194 2274 5267 objurgat
2300 5203 2354 5248 et
2383 5193 2624 5262 corripit,
2655 5194 2745 5248 ubi
2787 5194 3039 5250 viderunt
3086 5198 3227 5269 apud
3262 5207 3473 5269 patrem

1888 5286 2083 5341 suum?
2106 5284 2240 5341 Cum
2280 5284 2611 5341 audierimus
2650 5285 2704 5340 in
2752 5290 3207 5358 consequentibus
3233 5292 3473 5361 apertius

1887 5376 2109 5445 dictum,
2132 5380 2254 5449 quis
2283 5377 2353 5432 sit
2389 5393 2577 5434 eorum
2604 5387 2780 5448 pater,
2805 5389 2934 5435 tunc
2966 5380 3319 5453 intelligimus
3338 5395 3471 5451 qua-

1891 5470 1960 5523 lia
1995 5471 2225 5526 viderint
2249 5474 2388 5543 apud
2433 5475 2593 5531 talem
2648 5484 2877 5548 patrem.
2928 5478 3119 5533 Adhuc
3168 5477 3311 5531 enim
3363 5490 3471 5530 non
3545 5474 3555 5541 ς’

1893 5562 2134 5616 nominat
2162 5573 2367 5634 patrem
2398 5567 2657 5637 ipsorum.
2697 5567 2863 5623 Paulo
2904 5568 3152 5638 superius
3197 5565 3470 5620 Abraham

1887 5658 2349 5724 commemoravit,
2376 5661 2467 5715 sed
2508 5662 2687 5715 carnis
2717 5660 3004 5734 originem,
3035 5673 3143 5713 non
3168 5658 3292 5713 vitae
3320 5656 3472 5713 aimi-

1884 5748 2181 5805 litudinem.
2215 5751 2466 5810 Dicturus
2504 5770 2648 5811 nunc
2693 5755 2921 5810 alterum
2970 5759 3181 5823 patrem
3229 5751 3463 5816 illorum.

1885 5846 1974 5917 qui
2005 5846 2101 5901 nec
2127 5849 2312 5918 genuit
2337 5864 2452 5915 eos,
2486 5866 2585 5905 nec
2613 5850 2840 5916 creavit,
2869 5856 2927 5902 ut
2973 5845 3220 5902 homines
3258 5856 3461 5915 essent,
