3994 6354
532 373 640 432 2ίῦ

1151 369 1502 428 llAYMONlS
1558 364 2041 424 HALBERSTAT.
2082 363 2298 447 EPISC.
2341 367 2493 425 OPP.
2534 366 2716 424 PARS
2748 368 2812 424 ll.
2844 398 2916 411 —
2953 368 3187 426 HOMIL.

3726 374 3830 431 216

512 491 633 548 sed
648 498 832 547 tamen
855 489 950 545 ﬁlii
971 495 1128 544 erant
1150 488 1286 558 ejus,
1310 487 1366 540 in
1386 495 1649 556 quantum
1669 483 1799 540 mali
1823 490 2000 548 erant,
2015 494 2121 536 non
2151 485 2202 544 Α
2229 491 2475 539 sanctum
2500 491 2555 538 et
2578 483 2782 555 justum
2803 524 2820 552 ,
2845 484 3189 541 innocentem
3234 491 3446 542 tantum
3473 487 3673 544 virum
3702 488 3827 545 imi-

535 583 592 638 in
614 591 876 654 quantum
896 580 1143 636 homines
1169 586 1328 632 erant
1352 595 1365 631 :
1396 576 1452 632 in
1474 583 1740 647 quantum
1768 572 1984 639 imitati,
2008 586 2118 626 non

535 676 593 731 in
620 684 876 748 quantum
904 673 1089 730 creati.
1244 722 1245 731 χ

614 786 653 833 ‹
686 764 1100 836 Responderunt
1140 770 1195 820 et
1252 763 1505 818 dixerunt
1557 760 1606 815 ei

535 962 620 1007 tra
641 952 930 1015 Abraham,
959 958 1053 1004 aut
1083 942 1238 1019 quasi
1264 948 1319 1003 in
1348 947 1529 1016 aliquo
1563 944 1787 999 auderet
1827 942 2119 1012 reprehen-

535 1044 660 1099 dere
683 1040 982 1098 Abraham.
1010 1041 1127 1097 Non
1157 1041 1286 1110 quia
1316 1038 1577 1097 Dominus
1604 1052 1713 1092 non
1753 1036 1985 1092 audebat
2032 1050 2121 1090 re-

532 1134 869 1204 prehendere
915 1132 1213 1198 Abrabam,
1243 1131 1336 1187 sed
1374 1116 1502 1201 quia
1539 1128 1811 1184 Abraham
1855 1126 1978 1183 talis
2003 1133 2120 1181 erat

532 1226 625 1296 qui
649 1240 757 1280 non
785 1224 1271 1296 reprehenderetur
1300 1238 1330 1276 a
1358 1220 1608 1284 Domino,
1636 1220 1730 1274 sed
1776 1218 1957 1289 potius
2004 1216 2121 1270 lau~

532 1319 773 1374 daretur.
803 1317 1007 1373 Tamen
1055 1317 1143 1373 isti
1189 1316 1514 1371 videbantur
1559 1327 1681 1368 eum
1720 1325 2037 1381 provocare,
2061 1317 2123 1365 ut

532 1409 735 1479 aliquid
762 1409 889 1463 mali
913 1409 1118 1464 diceret
1157 1407 1224 1462 de
1263 1405 1560 1469 Abraham,
1607 1411 1662 1458 et
1705 1410 1852 1456 esset
1902 1399 2120 1455 occasio

533 1498 766 1556 faciendi
794 1500 938 1569 quod
965 1498 1292 1569 cogitabant.
1345 1516 1363 1547 ι
1419 1496 1580 1550 Pater
1625 1504 1808 1549 noster
1845 1491 2118 1546 Abraham

535 1603 638 1647 est.
681 1614 699 1645 ι
741 1593 1036 1648 Audiamus
1079 1590 1347 1662 quomodo
1392 1590 1472 1644 eis
1510 1588 1801 1659 respondet
1825 1586 2118 1651 Dominus,

533 1699 654 1738 cum
682 1683 892 1740 illorum
922 1683 1267 1739 damnatione
1292 1682 1531 1743 laudavit
1553 1680 1827 1737 Abraham
1862 1692 1877 1732 :

609 1796 627 1828 ι
673 1776 814 1831 Dicit
860 1777 939 1832 eis
989 1776 1184 1831 Jesus:
1222 1774 1281 1830 Si
1330 1773 1423 1828 ﬁlii
1470 1772 1704 1828 Abrahae
1752 1769 1903 1835 estis,
1952 1783 2116 1839 opera

2222 574 2326 628 tari
2353 588 2460 629 non
2489 590 2798 645 possumus,
2828 575 2998 632 Deum
3025 576 3270 632 dicamus
3290 577 3508 634 Patrem
3536 589 3829 649 nostrum,

1952 716 1955 717 ν
2144 695 2151 741 τ
2218 666 2500 722 videamus
2542 667 2669 737 quid
2695 668 2855 724 nobis
2881 668 3125 724 dicturus
3162 676 3267 724 est.
3298 668 3554 741 Nunquid
3610 670 3826 731 falsitas

1661 779 1673 813 :
1724 758 1885 814 Pater
1933 763 2120 813 noster

542 878 562 912 ι
604 860 875 915 Abraham
901 866 1005 913 est.
1050 877 1070 910 ι
1096 856 1273 943 Quasi
1300 855 1503 925 aliquid
1526 853 1772 910 dicturus
1810 859 1958 907 esset
1985 864 2145 927 con—5

2220 754 2426 812 invenit
2453 758 2596 828 quod
2617 759 2858 814 diceret?
2885 759 3184 816 Audiamus
3212 761 3344 832 quid
3371 763 3558 817 dicant
3577 803 3596 829 ,
3633 764 3825 821 audia-

2220 866 2342 929 mus
2362 852 2494 922 quid
2522 853 2763 908 audiant.
2797 870 2819 904 ι
2856 851 3035 909 Unum
3065 853 3363 926 (inquiunt)
3394 853 3629 911 Patrem
3659 857 3825 914 habe-

2219 961 2343 1002 mus
2369 946 2559 1002 Deum.
2594 966 2614 1000 ι

2296 1057 2315 1089 ‹
2354 1036 2503 1092 Dixit
2538 1052 2668 1109 ergo
2700 1036 2859 1095 Iesus
2892 1056 2907 1095 :
2941 1037 2999 1094 Si
3037 1038 3179 1095 Deus
3211 1039 3376 1096 Pater
3415 1050 3609 1097 vester
3655 1052 3821 1109 esset,

2226 1150 2245 1185 ι
2276 1131 2560 1203 diligeritis
2578 1147 2664 1187 me
2688 1133 2896 1203 utique.
2918 1132 3032 1203 Ego
3058 1133 3203 1188 enim
3232 1148 3298 1188 ex
3328 1133 3440 1191 Deo
3466 1137 3732 1206 processi
3769 1147 3820 1193 et

2225 1243 2245 1276 ι
2278 1224 2419 1281 veni.
2449 1224 2635 1295 Neque
2664 1225 2810 1281 enim
2842 1241 2875 1282 a
2901 1227 3110 1297 meipso
3140 1227 3283 1293 veni,
3310 1228 3407 1283 sed
3450 1228 3540 1283 ille
3591 1242 3691 1283 me
3720 1230 3819 1283 mi-

2227 1334 2247 1368 ι
2276 1318 2364 1373 sit.
2400 1337 2418 1369 ι
2446 1318 2638 1374 Dicitis
2676 1318 2846 1375 Deum
2868 1319 3112 1385 Patrem,
3144 1323 3426 1392 agnoscite
3464 1322 3551 1378 vel
3586 1321 3814 1379 fratrem

2219 1420 2479 1468 vestrum.
2508 1412 2608 1468 llic
2628 1412 2802 1496 tetigit
2822 1413 2966 1484 quod
2990 1414 3186 1486 saepius
3213 1415 3350 1471 solet
3377 1415 3560 1472 dicere
3597 1435 3613 1471 :
3650 1434 3673 1467 ε
3707 1416 3815 1473 Non

2220 1520 2250 1559 a
2280 1505 2487 1574 meipso
2519 1504 2678 1570 veni,
2740 1506 2836 1561 sed
2881 1505 2970 1560 ille
3020 1521 3106 1561 me
3143 1507 3321 1574 misit,
3351 1523 3451 1579 ego
3475 1508 3634 1562 enim
3659 1524 3689 1562 a
3714 1509 3815 1565 Deo

2217 1595 2458 1667 processi
2488 1604 2544 1651 et
2567 1596 2711 1651 veni.
2749 1595 2997 1673 rChristi
3026 1613 3156 1668 ergo
3181 1597 3370 1653 missio
3396 1598 3715 1654 incarnatio
3737 1609 3813 1654 est

2218 1688 2355 1760 ejus.
2395 1688 2551 1757 Quod
2588 1704 2719 1745 vero
2773 1690 2840 1745 de
2896 1691 3008 1745 Deo
3048 1689 3211 1745 Patre
3249 1690 3514 1760 processit
3542 1690 3806 1757 Verbum,

2217 1792 2417 1839 aeterna
2444 1782 2722 1853 processio
2740 1791 2850 1846 est,
2884 1799 2993 1839 non
3023 1783 3230 1839 habens
3256 1791 3486 1854 tempus,
3517 1798 3627 1854 per
3654 1800 3807 1854 quem

536 1886 557 1921 ι
590 1868 821 1923 Abrahae
841 1866 1023 1923 facite.
1041 1866 1195 1921 Nunc
1217 1874 1398 1921 autem
1411 1863 1653 1934 quaeritis
1676 1877 1761 1917 me
1784 1859 2110 1925 interﬁcere,
2140 1852 2191 1913 B
2217 1874 2420 1931 factum
2446 1852 2533 1930 εει
2553 1884 2783 1947 tempus.
2810 1874 2951 1947 Ergo
2982 1876 3052 1958 ap
3077 1875 3169 1930 ίιιο
3190 1852 3456 1945 procos—sit
3480 1852 3542 1929 ui
3573 1852 3728 1931 Del—,5
3759 1884 3806 1930 ει

535 1979 555 2010 ι
598 1959 891 2025 hominem,
923 1959 1016 2029 qui
1042 1956 1575 2021 veritatemlocutus
1601 1969 1722 2009 sum
1746 1953 1919 2019 vobis,
1949 1967 2139 2023 quam_

536 2069 555 2105 ι
588 2052 770 2107 audivi
808 2068 840 2107 a
892 2052 1036 2119 Deo;
1075 2052 1179 2107 hoc
1210 2050 1502 2109 Abraham
1545 2063 1654 2102 non
1694 2045 1842 2101 fecit.
1887 2065 1906 2098 ι
1950 2045 2110 2109 Ecce,

527 2143 622 2200 ille
655 2145 938 2211 laudatus,
967 2144 1058 2200 isti
1101 2142 1363 2199 damnati.
1414 2140 1550 2195 Nam
1579 2139 1637 2195 hi
1663 2138 1977 2210 quaerebant
2004 2138 2137 2213 Βοὴ

524 2236 735 2291 minum
763 2236 1087 2302 interﬁcere,
1110 2234 1385 2290 Abraham
1414 2243 1595 2288 autem
1633 2246 1742 2287 non
1782 2238 1903 2286 erat
1932 2230 2113 2286 homi-

527 2327 664 2384 cida.
694 2327 815 2383 Non
850 2328 991 2394 dico,
1021 2327 1214 2397 inquit,
1245 2340 1346 2396 ego
1388 2340 1508 2380 sum
1554 2323 1818 2379 Dominus
1860 2321 2108 2386 Abrahae,

525 2421 671 2489 quod
707 2428 762 2475 et
802 2420 849 2475 si
894 2419 1153 2485 dicerem,
1179 2433 1369 2473 verum
1399 2416 1638 2473 dicerem
1691 2415 1861 2488 (nam
1897 2414 2033 2469 dixit
2058 2414 2111 2467 in

524 2512 631 2568 alio
678 2512 838 2570 loco:
876 2531 897 2565 (
930 2513 1233 2583 Antequam
1262 2511 1539 2567 Abraham
1565 2509 1740 2576 ﬁeret,
1787 2524 1887 2581 ego
1910 2525 2049 2575 sum,
2088 2528 2106 2559 ι

525 2620 649 2660 cum
693 2605 844 2660 illum
867 2605 1111 2676 lapidare
1156 2603 1417 2674 vellent);
1460 2602 1555 2657 sed
1585 2603 1708 2657 dico
1736 2602 1840 2657 hoc
1869 2602 2110 2666 interim,

523 2695 671 2767 quod
698 2695 908 2759 videtis,
937 2695 1081 2764 quod
1106 2694 1370 2764 aspicitis,
1400 2693 1541 2764 quod
1570 2708 1659 2748 me
1684 2692 1858 2747 solum
1886 2691 2110 2760 putatis,

525 2786 733 2843 scilicet
758 2786 903 2857 quod
933 2787 1096 2842 homo
1127 2800 1268 2841 sum.
1318 2784 1603 2840 Hominem
1655 2798 1790 2854 ergo
1842 2783 2113 2839 dicentem

525 2879 679 2934 vobis
698 2880 843 2948 quod
867 2878 1073 2933 audivit
1095 2893 1128 2932 a
1152 2878 1283 2942 Deo,
1306 2891 1475 2947 quare
1502 2875 1667 2931 vultis
1711 2889 1800 2931 me
1840 2874 2110 2940 occidere,

523 2972 630 3027 nisi
662 2974 787 3041 quia
817 2986 922 3027 non
950 2971 1083 3026 estis
1105 2970 1202 3025 ﬁlii
1222 2969 1493 3026 Abrahae!
1533 2968 1601 3023 Et
1649 2976 1828 3023 tamen
1865 2968 2114 3038 superius

524 3062 637 3117 ait:
670 3081 688 3113 ι
719 3061 846 3117 Scio
865 3062 991 3133 quia
1017 3061 1114 3116 ﬁlii
1155 3061 1389 3117 Abrahae
1414 3060 1568 3127 estis,
1599 3079 1619 3112 ι
1651 3075 1758 3115 non
1782 3067 1942 3132 negat
1970 3074 2113 3115 nunc

524 3169 713 3210 eorum
739 3154 1029 3226 originem,
1060 3155 1155 3210 sed
1184 3153 1327 3210 facta
1370 3155 1712 3210 condemnat.
1755 3152 1893 3209 Caro
1923 3168 2110 3210 eorum

2217 1967 2460 2040 aequalis,
2474 1976 2535 2024 ut
2553 1967 2723 2023 Filius
2749 1967 2960 2034 unicus,
2990 1976 3049 2022 ut
3073 1966 3310 2022 Verbum
3331 1965 3528 2022 Patris.
3555 1966 3723 2022 Venit
3746 1967 3805 2019 ad

2218 2077 2334 2128 nos,
2378 2080 2398 2114 ι
2436 2061 2564 2131 quia
2593 2060 2831 2117 Verbum
2859 2075 2989 2116 caro
3014 2059 3217 2115 factum
3243 2066 3347 2124 est,
3370 2065 3434 2112 ut
3455 2054 3733 2113 habitaret
3755 2059 3801 2111 in

2217 2152 2373 2208 nobis
2406 2151 2587 2223 (Joan.
2638 2151 2701 2222 ι).
2740 2170 2760 2204 ι
2802 2150 3083 2207 Adventus
3125 2146 3244 2217 ejus
3290 2147 3609 2203 humanitas
3658 2147 3795 2216 ejus;

2215 2244 2426 2301 mansio
2460 2242 2598 2313 ejus,
2624 2242 2879 2299 divinitas
2905 2242 3041 2311 ejus.

2293 2357 2311 2390 ι
2347 2336 2527 2404 Quare
2557 2335 2778 2407 (inquit)
2805 2334 3073 2404 loquelam
3095 2347 3273 2389 meam
3302 2347 3413 2388 non
3441 2331 3795 2404 cognoscitis?

2221 2451 2238 2485 ι
2267 2430 2396 2502 quia
2427 2444 2536 2483 non
2579 2428 2808 2498 potestis
2848 2441 3174 2496 cognoscere
3204 2439 3514 2481 sermonem
3541 2440 3734 2481 meum.
3766 2443 3785 2474 ι

2215 2524 2337 2580 Ideo
2358 2539 2467 2579 non
2487 2529 2740 2594 poterant
2766 2530 3117 2592 cognoScere,
3140 2519 3269 2590 quia
3289 2533 3397 2573 non
3425 2528 3667 2588 poterant
3691 2534 3780 2571 au-

2214 2617 2354 2683 dire,
2376 2616 2472 2671 sed
2499 2615 2640 2670 unde
2668 2615 2858 2669 audire
2880 2629 2989 2669 non
3014 2620 3289 2685 poterant,
3307 2610 3418 2666 nisi
3447 2612 3570 2682 quia
3590 2608 3766 2678 corrigi

2214 2707 2482 2765 credendo
2509 2706 2793 2763 nolebant?
2821 2706 2889 2761 Et
2917 2707 3019 2761 hoc
3046 2706 3171 2761 inde
3201 2725 3214 2759 :

2293 2818 2312 2851 ‹
2348 2799 2458 2854 Vos
2487 2814 2551 2853 ex
2598 2806 2755 2870 patre
2792 2797 3007 2855 diabolo
3047 2798 3200 2853 estis.
3246 2816 3266 2849 ι
3301 2795 3551 2865 Quandiu
3597 2802 3783 2867 patrem

2215 2892 2672 2957 commemoratis,
2697 2892 2931 2963 quandiu
2956 2900 3167 2962 patrem
3190 2891 3431 2956 mutatis,
3452 2890 3613 2944 modo
3631 2889 3790 2942 Abra-

2217 2986 2363 3052 ham,
2398 2983 2558 3040 modo
2603 2984 2796 3048 Deum,
2839 2983 3023 3037 audite
3069 2997 3101 3036 a
3148 2979 3285 3037 Filio
3330 2981 3457 3047 Dei,
3508 2979 3662 3048 cujus
3707 2976 3800 3032 ﬁlii

2214 3079 2366 3135 estis.
2398 3097 2418 3129 ‹
2452 3078 2499 3132 A
2523 3086 2678 3149 patre
2716 3075 2929 3133 diabolo
2948 3076 3100 3131 estis.
3140 3094 3160 3129 ι
3195 3076 3339 3130 Deus
3364 3074 3549 3143 utique
3588 3079 3797 3127 creator

2214 3171 2456 3228 omnium
2478 3179 2852 3226 creaturarum
2872 3166 3077 3223 creavit
3097 3166 3386 3228 hominem,
3416 3162 3695 3233 quomodo
3716 3161 3803 3214 hic

523 3261 591 3302 ex
617 3246 709 3303 illo
733 3255 872 3312 erat,
900 3248 993 3303 sed
1020 3247 1129 3302 vita
1154 3263 1261 3302 non
1290 3257 1426 3303 erat.
1465 3248 1605 3319 Ergo
1638 3248 1928 3303 Christiani
1981 3247 2107 3304 facti
2136 3240 2182 3304 C
2214 3265 2344 3321 dicit
2376 3264 2523 3320 ενοε
2567 3278 2598 3317 a
2645 3271 2798 3334 parte
2845 3262 3059 3317 diabolo
3110 3260 3261 3316 estis,
3303 3255 3562 3327 Quidquid
3613 3269 3645 3308 a
3684 3254 3803 3307 Deo

522 3348 651 3393 sunt
676 3351 857 3393 semen
876 3336 1108 3393 Abrahae
1125 3337 1298 3407 gratia
1321 3338 1415 3392 Dei
1423 3352 1559 3403 ,non
1581 3337 1647 3392 de
1670 3350 1833 3392 carne
1850 3337 2106 3394 Abrahae.

522 3431 675 3488 Facti
702 3433 777 3488 illi
807 3433 1136 3499 cohaaredes,
1169 3434 1311 3490 Deus
1357 3433 1474 3489 illos
1520 3434 1952 3500 exhtereditavit,
1977 3436 2112 3492 istos

523 3526 818 3597 adoptavit.
858 3525 950 3582 Isti
989 3535 1115 3582 sunt
1159 3529 1229 3583 de
1270 3527 1546 3597 quibusin
1575 3527 1679 3582 alio
1703 3526 1821 3583 loco
1845 3544 1876 3582 a
1906 3526 2112 3586 Joanne

521 3616 770 3688 Baptista
791 3618 995 3674 dictum
1024 3628 1111 3675 est
1143 3637 1156 3673 :
1194 3638 1214 3671 ‹
1245 3619 1446 3675 Potens
1469 3628 1553 3675 est
1576 3620 1719 3676 Deus
1745 3621 1813 3675 de
1842 3620 2111 3693 lapidibus

521 3710 646 3766 istis
673 3711 939 3766 suscitare
962 3711 1101 3766 ﬁlios
1118 3710 1515 3783 Abraha:(Luc.
1535 3711 1639 3784 Ill).
1664 3730 1683 3763 ι
1700 3711 1779 3767 Illi
1803 3727 1935 3784 ergo
1952 3722 2113 3769 erunt

523 3798 619 3853 ﬂlii
649 3799 901 3865 Abrahaa,
925 3801 1017 3869 qui
1039 3816 1205 3871 opera
1233 3800 1465 3856 Abrahae
1511 3801 1811 3857 imitantur.
1836 3804 1962 3860 ldeo
1981 3805 2110 3861 sub-

518 3885 702 3955 junxit
725 3888 1007 3955 Dominus,
1025 3890 1241 3945 dicens:
1266 3909 1284 3942 ι
1310 3888 1486 3959 Siﬁlii
1511 3891 1917 3963 Abrahaaestis,
1940 3911 2108 3968 opera

524 3977 761 4034 Abrahae
810 3978 990 4034 facite.
1027 3999 1046 4031 ι
1081 3979 1267 4035 Factis
1310 3982 1534 4051 probate
1580 3983 1946 4054 nobilitatem,
1999 4004 2109 4045 non

523 4073 723 4130 verbis.
762 4092 783 4126 ι
812 4072 919 4131 Sed
949 4076 1192 4146 quaeritis
1221 4092 1308 4132 me
1330 4078 1659 4147 interﬁcere,
1683 4081 1981 4148 hominem,
2015 4084 2110 4153 qui

525 4165 810 4220 veritatem
840 4166 1050 4221 locutus
1077 4183 1195 4223 sum
1226 4168 1403 4235 vobis,
1431 4185 1594 4239 quam
1647 4174 1825 4228 audivi
1876 4190 1908 4229 a
1954 4176 2062 4230 Deo
2089 4192 2104 4242 ;

523 4256 629 4312 hoc
656 4255 934 4313 Abraham
956 4273 1065 4313 non
1085 4257 1233 4314 fecit.
1269 4258 1376 4316 Vos
1411 4260 1593 4318 facitis
1621 4277 1787 4334 opera
1810 4265 1987 4334 patris
2015 4281 2106 4321 ve-

524 4348 646 4403 stri.
678 4367 699 4401 ι
732 4348 807 4403 Et
831 4349 959 4419 quia
1008 4350 1182 4405 adhuc
1214 4364 1323 4405 non
1366 4352 1496 4407 dicit
1537 4354 1664 4423 quia
1705 4354 1808 4410 iste
1841 4363 1925 4409 est
1956 4365 2109 4426 pater

521 4438 759 4507 illorum,
782 4440 1062 4497 videamus
1090 4444 1251 4499 modo
1279 4442 1358 4497 illi
1388 4445 1518 4514 quid
1541 4446 1953 4516 responderunt.
1984 4446 2108 4503 Coe-

520 4541 718 4603 perunt
743 4533 889 4588 enim
934 4541 1206 4605 utcunque
1249 4549 1595 4607 cognoscere,
1656 4552 1765 4593 non
1812 4538 1878 4593 de
1924 4540 2105 4596 carnis

520 4625 869 4695 generatione
891 4613 1177 4681 Dominum
1198 4625 1367 4696 loqui,
1383 4626 1479 4682 sed
1501 4628 1567 4682 de
1590 4627 1715 4683 vita:
1743 4628 2103 4685 institutione.

520 4715 591 4770 Et
635 4717 761 4786 quia
812 4718 1142 4773 consuetudo
1189 4718 1594 4789 Scripturarum
1621 4727 1704 4775 est
1752 4718 1936 4791 (quam
1961 4719 2107 4792 lege-

521 4810 675 4881 bant)
706 4810 1114 4867 fornicationem
1141 4812 1493 4884 spiritualiter
1520 4809 1817 4885 appellare,
1844 4829 1967 4868 cum
1999 4813 2102 4869 diis

524 4903 689 4958 mutis
722 4917 786 4957 ac
812 4901 963 4958 falsis
983 4904 1161 4958 anima
1192 4912 1450 4974 tanquam
1476 4906 1769 4977 prostituta
1792 4905 2096 4975 subjicitur,

523 4996 590 5050 ad
616 4995 717 5050 hoc
740 4994 1111 5065 respondetur,
1141 4995 1498 5067 dixeruntque
1523 4998 1574 5053 ei
1603 5015 1616 5051 :

599 5105 620 5139 ι
662 5085 770 5143 Nos
793 5101 861 5143 ex
900 5084 1256 5144 fornicatione
1290 5103 1397 5144 non
1423 5102 1609 5144 sumus
1636 5087 1751 5142 nati
1769 5128 1783 5151 ,
1818 5102 1983 5142 unum
2007 5102 2105 5157 pa-

528 5200 547 5231 ι
581 5187 721 5236 trem
763 5180 1023 5238 habemus
1055 5183 1246 5237 Deum.
1286 5200 1307 5232 ι
1345 5180 1481 5235 Cum
1522 5179 1682 5233 toties
1710 5178 2002 5250 gloriantes
2035 5180 2103 5235 de

523 5272 800 5326 Abraham
845 5272 1045 5343 repulsi
1111 5279 1239 5326 sunt
1264 5310 1281 5337 ,
1325 5284 1468 5325 nunc
1511 5268 1792 5324 videamus
1833 5271 2104 5339 quomodo

523 5361 707 5432 repelli
742 5362 1030 5419 noluerunt
1070 5377 1165 5418 ore
1189 5359 1448 5415 veridico.
1500 5359 1636 5426 Quia
1666 5375 1790 5415 cum
1826 5370 1946 5416 erat
1984 5361 2105 5415 talis

522 5450 815 5518 Abraham,
839 5450 995 5520 cujus
1016 5451 1219 5506 factum
1250 5464 1359 5506 non
1379 5449 1761 5518 imitabantur,
1785 5462 1843 5508 et
1863 5452 1931 5508 de
1961 5452 2104 5508 illius

523 5552 706 5602 tamen
733 5559 931 5614 genere
972 5541 1360 5613 gloriabantur,
1402 5550 1749 5598 mutaverunt
1792 5543 2102 5614 responsio-

522 5652 682 5703 nem,
720 5636 884 5693 credo
918 5636 1159 5689 dicentes
1194 5634 1335 5705 apud
1368 5634 1574 5704 seipsos
1610 5653 1623 5689 :
1658 5636 2105 5706 Quotiescunque

523 5728 983 5786 nominaveritnus
1006 5725 1303 5794 Abraham,
1328 5728 1569 5784 dicturus
1590 5738 1673 5784 est
1698 5730 1854 5785 nobis
1882 5749 1894 5783 :
1925 5730 2103 5797 Quare

524 5841 631 5882 non
656 5822 940 5879 imitamini
965 5837 1109 5888 eum,
1141 5823 1209 5880 de
1233 5821 1387 5892 cujus
1415 5837 1614 5892 genere
1629 5823 1966 5891 gloriamini?
1994 5823 2103 5879 Nos

2212 3364 2455 3414 creatum
2482 3364 2588 3422 est,
2617 3355 2821 3410 bonum
2841 3363 2955 3419 est;
2979 3362 3035 3412 et
3052 3353 3230 3408 omnis
3252 3352 3433 3413 homo,
3458 3349 3515 3404 in
3530 3354 3800 3417 quantum

2211 3457 2459 3504 creatura
2484 3446 2581 3502 Dei
2609 3454 2729 3512 est,
2763 3446 2938 3501 bonus
2980 3454 3080 3501 est.
3116 3444 3389 3512 Quantum
3413 3455 3543 3497 vero
3571 3455 3633 3496 se
3671 3437 3798 3494 sub-

2208 3538 2329 3609 iicit
2356 3553 2454 3609 per
2487 3537 2718 3593 liberum
2763 3536 3047 3592 arbitrium
3076 3534 3311 3600 diabolo,
3338 3548 3369 3587 a
3396 3538 3549 3602 patre
3567 3602 3570 3605 t
3591 3526 3800 3584 diabolo

2211 3640 2315 3685 est.
2344 3628 2492 3683 Bona
2522 3635 2605 3683 est
2639 3626 2783 3683 enim
2822 3627 3056 3683 hominis
3083 3633 3275 3680 natura
3294 3665 3308 3689 ,
3350 3624 3444 3679 sed
3474 3621 3660 3676 vitiata
3687 3628 3799 3675 erat

2210 3736 2310 3791 per
2336 3720 2535 3776 malam
2562 3720 2920 3787 voluntatem,
2953 3728 3007 3775 et
3034 3718 3160 3775 inde
3178 3726 3298 3774 erat
3327 3732 3357 3770 a
3386 3723 3540 3787 patre
3566 3711 3793 3769 diabolo.

2212 3808 2366 3877 Quod
2403 3809 2535 3866 fecit
2597 3809 2740 3867 Deus
2783 3826 2890 3865 non
2937 3817 3116 3880 potest
3160 3823 3282 3864 esse
3332 3807 3561 3871 malum,
3607 3805 3651 3860 si
3690 3804 3798 3875 ipse

2213 3903 2375 3958 homo
2415 3917 2525 3957 non
2558 3902 2631 3957 sit
2660 3902 2765 3958 sibi
2798 3902 2899 3973 ipsi
2938 3900 3131 3956 malus.
3162 3899 3291 3955 Inde
3314 3913 3444 3968 ergo
3469 3894 3641 3952 Judari
3674 3894 3797 3950 dicti

2213 4003 2340 4051 sunt
2368 3993 2463 4049 ﬁlii
2491 3993 2723 4061 diaboli,
2759 4008 2866 4049 non
2894 3995 3167 4049 nascendo
3184 4034 3198 4060 ,
3223 3992 3317 4050 sed
3347 3990 3629 4046 imitando.
3660 3987 3798 4044 Con-

2212 4088 2441 4145 suetudo
2467 4103 2599 4143 vero
2629 4098 2831 4142 sanctae
2864 4086 3158 4158 Scriptum
3182 4096 3269 4143 est
3291 4101 3360 4141 ex
3391 4085 3695 4140 imitatione
3723 4080 3799 4136 vel

2210 4180 2602 4236 consuetudine
2635 4194 2861 4251 operum
2892 4178 3031 4235 ﬁlios
3055 4192 3196 4249 saepe
3225 4177 3538 4242 nominare,
3572 4184 3632 4230 ut
3666 4173 3797 4228 Pro.

2211 4272 2381 4343 pheta
2419 4273 2488 4325 ad
2536 4269 2751 4326 Iudaeos
2780 4271 2857 4324 ait
2898 4288 2909 4323 :
2959 4288 2979 4321 ι
3015 4269 3178 4324 Pater
3210 4278 3333 4324 tuus
3372 4267 3728 4322 Amorrhteus
3753 4271 3801 4317 et

2213 4372 2387 4419 mater
2415 4372 2506 4418 tua
2540 4362 2757 4419 (lethaea
2792 4361 3012 4432 (Ezech.
3058 4361 3231 4433 χχιχ).
3259 4381 3278 4414 ι
3325 4358 3630 4414 Δηιοπὴωί
3673 4370 3800 4426 gens

2210 4464 2329 4510 erat
2384 4453 2628 4524 quaedam
2688 4452 2828 4508 unde
2864 4452 3127 4522 originem
3156 4449 3326 4505 Judaei
3370 4465 3477 4505 non
3512 4447 3797 4503 ducebant.

2213 4546 2413 4603 Cethaei
2441 4553 2497 4601 et
2516 4545 2620 4616 ipsi
2657 4553 2870 4616 gentem
2903 4558 3057 4599 suam
3083 4543 3388 4608 habebant,
3420 4542 3645 4596 omnino
3680 4539 3802 4593 alio-

2214 4649 2343 4690 nam
2396 4649 2428 4688 a
2474 4647 2669 4705 genere
2723 4633 3053 4688 Judmornm.
3104 4632 3216 4688 Sed
3257 4632 3385 4703 quia
3444 4641 3603 4687 erant
3649 4628 3796 4700 impii

2212 4725 2513 4780 Amorrhaei
2541 4732 2599 4779 et
2619 4723 2842 4789 Cethaei,
2869 4724 3041 4780 Judaei
3062 4733 3244 4780 autem
3273 4724 3469 4780 imitati
3494 4723 3800 4794 impietates

2211 4830 2399 4871 eorum
2419 4856 2433 4880 ,
2465 4816 2779 4871 invenerant
2808 4815 2903 4869 ﬁlii
2927 4823 3180 4885 parentes
3198 4857 3212 4880 ,
3246 4829 3353 4870 non
3380 4816 3446 4871 de
3483 4812 3686 4885 quibus
3710 4829 3801 4868 na-

2210 4916 2510 4975 scerentur,
2545 4908 2640 4964 sed
2665 4924 2892 4980 quorum
2926 4924 3105 4965 mores
3127 4909 3388 4965 sectando
3414 4908 3626 4980 pariter
3653 4908 3801 4962 dam-

2208 5009 2485 5055 narentur.
2517 5000 2785 5069 Quaeritur
2813 5010 2989 5058 autem
3002 4999 3257 5069 fortasse,
3272 5001 3413 5057 unde
3434 5002 3550 5072 ipse
3560 4999 3802 5057 diabolus

2204 5101 2305 5149 est.
2336 5091 2463 5147 Inde
2491 5093 2711 5163 utique,
2742 5094 2884 5149 unde
2910 5102 2965 5149 et
2993 5095 3175 5149 caeteri
3214 5093 3412 5166 angeli.
3461 5092 3568 5149 Sed
3619 5091 3799 5148 ueteri

2208 5184 2262 5237 in
2290 5198 2386 5238 sua
2432 5184 2738 5240 obedientia
2783 5185 3166 5256 perstiterunt,
3211 5184 3304 5241 ille
3355 5183 3719 5240 inobediendo
3748 5189 3799 5236 et

2206 5272 2566 5343 superbiendo
2591 5273 2774 5345 lapsus
2792 5284 2875 5330 est
2890 5274 3136 5347 angelus,
3158 5282 3213 5330 et
3232 5273 3406 5331 factus
3426 5283 3511 5330 est
3529 5272 3795 5329 diabolus.

2208 5363 2313 5419 Sed
2345 5367 2505 5421 modo
2535 5366 2749 5422 audiret
2794 5368 2922 5437 quid
2967 5368 3111 5424 dicat
3138 5367 3441 5422 Dominus:
3479 5384 3498 5418 ι
3537 5366 3650 5423 Vos
3698 5364 3800 5437 (in-

2207 5455 2347 5527 quit)
2386 5472 2415 5511 a
2444 5465 2599 5526 patre
2622 5454 2839 5513 diabolo
2862 5460 3014 5525 estis,
3039 5466 3094 5514 et
3131 5458 3401 5514 desideria
3430 5460 3603 5528 patris
3630 5456 3796 5513 vestri

2205 5547 2386 5603 facere
2434 5549 2617 5605 vultis.
2659 5551 2912 5618 Quaeritis
2938 5567 3026 5608 me
3059 5552 3328 5617 occidere,
3360 5552 3659 5617 hominem,
3706 5549 3797 5621 qui

2206 5638 2486 5695 veritatem
2511 5642 2665 5697 vobis
2693 5643 2834 5709 (lico,
2869 5662 2887 5694 ι
2921 5653 2975 5697 ct
3006 5643 3094 5698 ille
3121 5644 3313 5698 invidit
3333 5643 3559 5708 homini,
3583 5641 3799 5698 etocci-

2207 5730 2287 5785 dit
2309 5732 2601 5789 hominem.
2632 5736 2889 5792 Diabolus
2910 5745 3095 5791 autem
3124 5752 3249 5793 cum
3272 5736 3538 5792 invideret
3566 5735 3794 5797 homini,

2208 5832 2511 5891 serpentem
2537 5825 2771 5893 indutus,
2796 5828 3008 5885 locutus
3040 5836 3125 5885 est
3146 5828 3382 5895 mulieri,
3406 5826 3546 5883 etde
3567 5824 3799 5882 muliere
