3994 6354
159 385 263 440 217

1385 383 1689 442 HOMILIE
1731 381 1822 438 DE
1861 382 2208 443 TEMPORE.

3337 392 3440 448 218

163 501 468 556 venenavit
491 508 548 556 et
573 500 765 556 virum.
797 501 948 559 Unde
975 501 1172 557 mortui
1194 508 1338 569 sunt,
1368 501 1639 558 diabolum
1663 515 1759 554 au-
1784 496 1838 557 A
1862 503 2162 569 quebamur
2188 517 2317 574 ergo
2336 503 2490 560 vobis
2513 515 2568 560 et
2588 519 2732 562 nunc
2761 507 2828 562 de
2847 501 3156 576 evangelica
3187 502 3438 570 lectione,

165 593 372 648 diendo
390 634 408 659 ,
441 610 602 664 quem
624 611 728 648 non
759 595 1064 660 audissent,
1089 595 1134 649 si
1157 594 1322 650 Deum
1346 595 1534 650 audire
1559 592 1762 649 voluis-

166 696 318 750 sent,
355 688 455 756 qui
485 687 859 759 obtemperare
895 690 1193 745 debuerant
1223 687 1502 755 Creatori,
1532 704 1640 743 non
1670 689 1764 743 de-

167 781 406 849 ceptori.
445 780 586 852 Ergo
621 800 640 832 ι
670 782 758 838 ille
780 783 1047 838 homicida
1063 791 1181 839 erat
1209 784 1275 838 ab
1313 783 1484 838 initio.
1521 802 1540 835 ι
1576 781 1762 837 Videte

167 887 369 942 genus,
410 873 682 929 homicida
713 875 909 931 dicitur
942 877 1202 933 diabolus.
1239 876 1490 931 Diabolus
1512 890 1618 930 non
1649 875 1762 946 gla-

166 963 256 1017 dio
285 973 573 1032 armatus,
601 982 708 1021 non
731 967 874 1023 ferro
899 970 1170 1024 accinctus
1195 969 1263 1022 ad
1296 968 1569 1023 hominem
1591 967 1760 1033 venit,

165 1054 259 1109 sed
302 1058 541 1112 verbum
576 1059 775 1114 malum
805 1060 1122 1125 seminavit,
1159 1068 1214 1114 et
1241 1060 1457 1116 occidit.
1487 1058 1605 1114 Noli
1637 1073 1764 1129 ergo

164 1155 363 1215 putare
414 1157 471 1203 te
512 1165 618 1204 non
666 1166 785 1207 esse
833 1152 1177 1217 homicidam,
1219 1153 1436 1222 quando
1466 1150 1622 1205 fratri
1674 1159 1764 1205 tuo

164 1235 309 1288 mala
367 1238 688 1306 persuades.
746 1239 881 1295 Nam
937 1241 984 1294 si
1060 1241 1216 1296 fratri
1274 1249 1366 1295 tuo
1432 1241 1574 1295 mala
1644 1256 1765 1310 per—

163 1329 390 1393 suades,
457 1331 677 1388 occidis.
735 1333 870 1389 Audi
923 1335 1192 1390 Psalmum
1251 1353 1264 1388 :
1333 1355 1352 1386 ‹
1414 1333 1534 1389 Filii
1584 1332 1761 1388 homi-

164 1438 292 1476 num
345 1424 545 1478 dentes
595 1440 782 1480 eorum
831 1443 982 1482 arma
1015 1437 1070 1482 et
1098 1428 1336 1497 sagitta,
1365 1436 1421 1483 et
1454 1426 1634 1494 lingua
1672 1439 1764 1479 eo-

163 1530 282 1567 rum
314 1515 536 1586 gladius
559 1527 746 1574 acutus
773 1517 944 1590 (Psal.
985 1520 1116 1590 LVI).
1149 1539 1168 1573 ›
1197 1519 1305 1575 Vos
1339 1534 1470 1590 ergo
1496 1517 1761 1574 desideria

163 1606 338 1674 patris
399 1608 564 1662 vestri
613 1609 792 1666 facere
836 1612 1018 1678 vultis,
1067 1613 1188 1668 ideo
1233 1611 1434 1668 savitis
1476 1611 1530 1671 in
1575 1624 1761 1674 carne,

162 1696 290 1762 quia
324 1712 441 1752 non
474 1701 697 1768 potestis
729 1701 782 1756 in
821 1712 1019 1759 mente.
1059 1724 1078 1755 ‹
1113 1704 1202 1760 Ille
1240 1703 1510 1760 homicida
1543 1711 1662 1757 erat
1696 1701 1764 1755 ab

163 1787 342 1852 initio,
379 1810 399 1843 ι
429 1792 616 1861 utique
637 1795 689 1848 in
710 1795 884 1864 primo
906 1797 1145 1863 homine,
1164 1813 1230 1854 ex
1252 1797 1343 1852 illo
1362 1797 1452 1852 ille
1471 1795 1756 1851 homicida.

1863 593 1918 647 in
1938 608 2044 662 qua
2073 593 2179 647 duo
2198 594 2402 662 pariter
2433 596 2690 651 miracula
2712 597 2961 651 humana
2987 594 3236 650 sanitatis
3256 592 3442 664 legun-

1862 694 1969 753 tur,
1993 702 2156 741 unum
2189 687 2530 743 invisibiliter
2561 704 2660 758 per
2681 689 2978 760 angelicam
3017 687 3443 764 administratio-

1862 794 2019 845 nem,
2051 779 2280 834 alterum
2309 795 2406 850 per
2428 779 2753 836 dominicam
2777 780 3119 850 prasentiam
3157 777 3446 834 visibiliter

1863 872 2195 937 exhibitum,
2224 871 2318 927 sed
2341 870 2622 941 utriusque
2651 872 2806 926 nobis
2842 883 2969 927 sunt
3004 871 3241 927 breviter
3276 882 3444 940 expo-

1865 965 1966 1019 sita
2015 965 2303 1034 mysteria,
2349 981 2414 1018 ne
2449 963 2669 1034 prolixa
2707 963 2951 1018 lectionis
2990 964 3202 1034 prolixa
3233 973 3448 1031 quoque

1864 1056 2169 1126 explanatio
2203 1056 2451 1124 cuiquam
2494 1054 2634 1110 forte
2680 1054 2860 1125 gravis
2887 1054 3106 1109 existat.
3161 1052 3448 1110 Probatica

1863 1148 2090 1218 piscina,
2115 1163 2234 1217 qua
2261 1149 2499 1218 quinque
2527 1146 2822 1218 porticibus
2850 1145 3192 1215 cingebatur,
3220 1142 3450 1214 p0pulus

1865 1249 1948 1294 est
1973 1237 2311 1304 Judaorum,
2354 1240 2486 1309 legis
2525 1239 2764 1309 undique
2809 1238 3085 1303 custodia,
3117 1252 3184 1293 ne
3222 1248 3452 1308 peccare

1865 1331 2090 1398 debeat,
2123 1333 2380 1387 munitus.
2407 1331 2571 1388 Recte
2595 1331 2794 1387 etenim
2835 1331 2942 1395 lex,
2970 1345 3090 1400 qua
3125 1330 3363 1399 quinque
3388 1328 3454 1381 li-

1865 1424 1978 1478 bris
2008 1422 2176 1494 Moysi
2194 1425 2462 1496 descripta
2490 1432 2592 1490 est,
2623 1423 2874 1494 quinario
2899 1437 3126 1477 numero
3163 1421 3448 1492 ﬁguratur.

1867 1521 2034 1576 Recte
2054 1520 2281 1592 populus
2311 1521 2402 1592 qui
2430 1522 2482 1576 iu
2517 1521 2838 1591 quibusdam
2872 1519 3150 1574 munditiis
3187 1519 3311 1572 vita
3340 1533 3454 1572 ser-

1865 1611 2010 1676 vire,
2044 1612 2098 1666 in
2125 1613 2443 1683 quibusdam
2472 1611 2680 1668 solebat
2725 1611 3126 1674 immundorum
3169 1608 3455 1679 spirituum

1866 1703 2204 1758 testamentis
2233 1703 2447 1774 agitari,
2491 1719 2588 1773 per
2625 1718 2819 1772 aquam
2858 1701 3194 1774 significatur
3235 1697 3458 1769 piscina

1867 1811 1988 1866 qua
2021 1811 2164 1850 nunc
2191 1795 2398 1866 placida
2430 1797 2604 1851 ventis
2629 1805 2806 1857 stare,
2847 1810 2993 1849 nunc
3023 1795 3103 1848 eis
3127 1790 3458 1847 irruentibus

163 1878 242 1933 Ex
279 1897 397 1951 quo
439 1885 613 1952 potuit
654 1885 769 1940 fieri
797 1887 1186 1942 homicidium?
1227 1903 1292 1943 ex
1336 1903 1442 1958 quo
1470 1886 1644 1942 factus
1682 1893 1767 1939 est
1797 1881 1846 1941 Β
1876 1887 2077 1942 turbari
2099 1893 2471 1942 consueverat.
2494 1886 2561 1940 Et
2591 1886 2726 1942 bene
2742 1885 2946 1955 piscina
2969 1884 3156 1938 eadem
3181 1880 3460 1953 probatica

161 1971 352 2029 homo.
383 1973 502 2031 Non
523 1975 668 2031 enim
695 1989 876 2047 posset
896 1979 1069 2035 occidi
1097 1980 1281 2046 homo,
1313 1980 1414 2035 nisi
1436 1979 1585 2050 prius
1615 1979 1769 2032 fieret

163 2061 354 2118 homo.
395 2084 414 2115 ι
447 2065 512 2120 Et
547 2067 600 2121 in
631 2069 858 2125 veritate
888 2086 995 2126 non
1027 2073 1210 2138 stetit,
1253 2072 1381 2142 quia
1426 2071 1628 2125 veritas
1662 2084 1768 2124 non

167 2171 186 2202 ι
223 2163 315 2208 est
345 2155 406 2209 in
439 2172 522 2211 co.
557 2177 576 2209 ι
611 2157 727 2214 Νοη
756 2162 1026 2230 quomodo
1068 2162 1122 2217 in
1169 2162 1386 2218 Christo
1425 2170 1509 2216 est
1544 2160 1765 2224 veritas,

164 2253 221 2298 ut
258 2247 415 2303 Deus
443 2251 555 2319 ipse
581 2253 650 2304 sit
679 2254 904 2309 veritas.
951 2253 1007 2310 Si
1039 2270 1170 2326 ergo
1199 2256 1301 2310 iste
1328 2256 1380 2310 in
1403 2255 1632 2311 veritate
1657 2263 1766 2308 ste-

163 2335 353 2402 tisset,
393 2340 447 2393 in
471 2356 581 2396 sua
606 2343 833 2413 originis
852 2346 1139 2400 sanctitate
1157 2347 1565 2417 permansisset,
1592 2345 1685 2400 sed
1714 2343 1768 2398 in

160 2429 417 2485 veritate
445 2447 553 2486 non
590 2435 754 2499 stetit,
788 2436 912 2504 quia
959 2430 1159 2491 veritas
1193 2452 1298 2490 non
1329 2443 1414 2493 est
1455 2438 1509 2490 in
1538 2450 1622 2492 eo.
1667 2434 1770 2502 Qui

168 2539 186 2570 ι
234 2535 371 2574 cum
427 2521 664 2593 loquitur
719 2526 1058 2582 mendacium
1107 2543 1174 2583 ex
1227 2529 1462 2598 propriis
1511 2527 1768 2599 loquitur,

171 2630 190 2661 ι
236 2611 377 2680 quia
408 2615 641 2669 mendax
667 2626 788 2683 est,
827 2626 883 2672 et
906 2628 1064 2688 pater
1089 2618 1223 2688 ejus.
1257 2640 1276 2672 ι
1315 2603 1568 2675 Diabolus
1589 2629 1769 2674 autem

170 2719 199 2756 a
221 2703 522 2774 semetipso
549 2708 781 2762 mendax
824 2708 958 2775 fuit,
1001 2718 1058 2764 et
1086 2711 1428 2766 mendacium
1459 2713 1616 2766 Suum
1655 2711 1770 2780 ipse

173 2796 386 2866 genuit,
418 2812 449 2850 a
475 2798 690 2854 nemine
712 2800 918 2855 audivit
947 2803 1285 2857 mendacium
1303 2802 1471 2872 prius.
1489 2801 1770 2869 Quomodo

179 2887 370 2955 genuit
397 2887 561 2944 Pater
587 2889 786 2946 Filium
817 2893 1124 2954 veritatem,
1175 2893 1256 2948 sic
1299 2892 1546 2948 diabolus
1583 2894 1770 2964 genuit

178 2979 332 3048 quasi
369 2979 536 3036 filium
588 2983 951 3040 mendacium.
985 2984 1320 3041 Mendacium
1347 2986 1531 3056 genuit
1559 2986 1684 3056 quia
1713 2987 1767 3040 in

181 3071 409 3128 veritate
445 3088 551 3128 non
591 3075 764 3130 stetit.
793 3073 983 3130 Omnis
1029 3076 1173 3131 enim
1205 3077 1296 3147 qui
1335 3077 1388 3131 in
1419 3077 1528 3132 Deo
1566 3084 1765 3140 manet,

183 3160 236 3214 in
265 3161 492 3218 veritate
513 3173 714 3229 manet,
738 3166 862 3234 quia
886 3165 1027 3220 Deus
1055 3167 1257 3222 veritas
1281 3174 1380 3222 est.
1408 3165 1465 3221 Si
1488 3166 1609 3236 quis
1639 3181 1769 3221 vero

1873 1987 2116 2044 vocatur,
2144 1981 2210 2035 τά
2265 1980 2501 2054 πρόϐατα
2529 1979 2724 2048 quippe
2770 1991 2966 2049 graec,
3022 1991 3150 2031 oves
3181 1975 3456 2030 dicuntur.

1871 2069 2008 2136 Quia
2037 2078 2193 2124 erant
2210 2069 2464 2124 nimirum
2486 2069 2543 2123 in
2565 2069 2654 2122 illo
2667 2067 2883 2139 populo,
2905 2067 2997 2137 qui
3026 2067 3207 2122 dicere
3231 2065 3460 2120 Domino

1872 2171 2160 2219 noscerent
2189 2181 2202 2217 :
2241 2183 2258 2214 ‹
2288 2162 2395 2218 Nos
2417 2172 2597 2218 autem
2622 2164 2851 2234 populus
2872 2171 3016 2226 tuus,
3046 2171 3102 2218 et
3131 2177 3261 2217 oves
3281 2161 3462 2232 gregis

1871 2253 1969 2318 tui,
2024 2252 2404 2308 conﬁtebimur
2445 2253 2539 2308 tibi
2579 2254 2632 2308 in
2675 2253 2873 2309 sacula
2923 2252 3096 2325 (Psal.
3145 2251 3394 2320 Lxxvm).
3435 2269 3454 2303 ι

1873 2342 2044 2412 Vulgo
2065 2352 2244 2398 autem
2265 2343 2567 2411 probatica,
2593 2343 2646 2398 id
2675 2353 2759 2398 est
2784 2343 3024 2413 pecualis
3052 2342 3260 2414 piscina
3291 2342 3463 2397 fertur

1873 2434 2158 2504 appellata,
2189 2435 2334 2504 quod
2365 2436 2513 2500 inea
2536 2436 2846 2492 sacerdotes
2881 2436 3088 2491 hostias
3114 2435 3298 2490 lavare
3319 2449 3452 2490 con-

1874 2535 2178 2581 sueverant.
2211 2526 2496 2584 Multitudo
2523 2527 2899 2599 languidorum
2924 2544 3044 2598 qua
3068 2529 3124 2584 in
3146 2528 3461 2584 memoratis

1872 2619 2168 2688 porticibus
2182 2616 2420 2687 jacebat,
2451 2635 2605 2690 aqua:
2636 2627 2843 2675 motum
2881 2629 3224 2690 exspectans,
3256 2620 3460 2690 signiﬁ-

1873 2720 1964 2765 cat
1993 2726 2181 2765 corum
2206 2721 2483 2777 catervas,
2520 2713 2612 2782 qui
2647 2713 2781 2782 legis
2818 2713 2980 2767 verba
3010 2712 3325 2778 audientes,
3351 2711 3464 2766 suis

1872 2805 2012 2859 hanc
2035 2805 2242 2860 viribus
2269 2805 2495 2876 implere
2520 2821 2627 2860 non
2649 2820 2806 2876 posse
2831 2805 3114 2871 dolebant;
3147 2815 3310 2876 atque
3336 2806 3459 2860 ideo

1870 2896 2154 2953 dominica
2209 2899 2468 2954 auxilium
2513 2901 2699 2971 gratia
2742 2899 3025 2958 aﬂ‘ectibus
3077 2901 3459 2971 implorabant.

1871 2989 2012 3044 Caci
2041 2997 2227 3055 erant,
2261 2991 2350 3061 qui
2386 2991 2615 3046 necdum
2643 2991 2942 3062 perfectum
2986 2991 3108 3047 fidei
3138 2991 3318 3046 lumen
3362 2991 3460 3045 ha-

1872 3081 2104 3147 bebant;
2144 3080 2352 3145 claudi,
2388 3082 2478 3151 qui
2525 3083 2664 3137 bona
2708 3099 2827 3152 qua
2873 3090 3170 3146 noverant,
3201 3081 3462 3151 operandi

1873 3159 2145 3244 gressibus
2169 3173 2392 3244 implere
2423 3189 2528 3230 non
2551 3175 2807 3246 quibant;
2839 3175 3008 3241 aridi,
3042 3175 3135 3244 qui
3167 3174 3464 3244 quamlibet

189 3272 218 3309 a
249 3255 360 3312 Deo
401 3262 698 3327 recesserit,
732 3263 963 3318 mendax
998 3265 1132 3330 erit,
1166 3265 1380 3320 dicente
1421 3261 1763 3334 Psalmogra-
1796 3255 1842 3320 C
1873 3264 2088 3320 oculum
2120 3265 2360 3320 scientiae
2390 3266 2676 3332 habentes,
2702 3265 3028 3336 pinguedine
3060 3274 3239 3319 tamen
3265 3263 3378 3333 apei
3408 3271 3465 3316 ct

191 3344 302 3414 pho
332 3363 346 3400 :
383 3366 401 3399 ι
427 3348 610 3405 Omnis
652 3352 812 3406 homo
850 3353 1080 3408 mendax
1103 3351 1272 3423 (Psal.
1303 3353 1446 3423 cxv).
1483 3374 1500 3405 ι
1537 3354 1769 3424 Inquan-

200 3445 313 3492 tum
361 3456 484 3496 vero
523 3443 680 3499 homo
713 3462 742 3500 a
779 3447 889 3500 Deo
933 3447 1159 3511 recedit,
1213 3447 1478 3502 intantum
1536 3447 1769 3503 mendax

193 3531 326 3596 erit,
359 3535 480 3590 dum
505 3551 563 3591 se
583 3552 614 3592 a
635 3538 862 3594 veritate
893 3539 1261 3606 declinaverit,
1289 3550 1342 3595 et
1371 3541 1496 3595 inde
1514 3551 1771 3611 peccator

191 3626 308 3678 erit.
339 3624 470 3693 Quia
501 3644 659 3685 omne
687 3638 968 3700 peccatum
1000 3647 1104 3686 non
1128 3640 1214 3687 est
1239 3634 1462 3698 veritas,
1487 3635 1580 3688 sed
1618 3647 1770 3688 men-

191 3719 424 3786 dacium;
455 3723 580 3792 quia
613 3725 913 3780 recedendo
933 3740 963 3779 a
995 3724 1106 3779 Deo
1133 3740 1240 3779 non
1269 3724 1433 3780 habet
1458 3725 1764 3781 veritatem.

190 3810 436 3870 Diabolus
475 3831 602 3871 vero
627 3817 800 3871 bonus
829 3825 1044 3872 creatus
1088 3825 1202 3882 est,
1253 3818 1347 3872 sed
1395 3833 1491 3887 per
1533 3817 1764 3887 seipsum

190 3904 353 3962 malus
386 3905 561 3964 factus
584 3917 686 3975 est,
721 3911 1039 3966 declinando
1069 3927 1128 3966 se
1159 3926 1189 3965 a
1225 3927 1436 3967 summo
1462 3911 1620 3967 bono.
1645 3911 1767 3967 Ideo

191 4013 248 4052 ex
272 4002 509 4072 propriis
529 4003 744 4059 locutus
764 4012 849 4060 est
874 4005 1217 4060 mendacium
1240 4006 1365 4074 quia
1397 4006 1450 4059 in
1482 4007 1657 4076 seipso
1680 4006 1763 4060 in-

191 4092 324 4146 venit
348 4095 496 4149 unde
515 4105 661 4150 esset
686 4096 940 4150 mendax.
969 4096 1140 4150 Homo
1164 4111 1294 4152 vero
1315 4098 1570 4166 deceptus
1589 4113 1619 4151 a
1649 4098 1766 4152 dia-

192 4182 300 4236 bolo
329 4187 592 4252 mendax;
623 4187 850 4257 ideoque
877 4187 1018 4242 filius
1044 4188 1267 4254 diaboli,
1296 4204 1403 4244 non
1433 4198 1649 4256 natura,
1673 4190 1765 4246 sed

194 4269 501 4330 imitatione.
537 4277 875 4333 Recedamus
906 4295 1034 4349 ergo
1068 4296 1096 4333 a
1125 4289 1279 4349 patre
1307 4282 1607 4346 mendacii,
1638 4296 1762 4336 cur-

195 4377 364 4419 ramus
393 4367 459 4419 ad
491 4367 707 4422 Patrem
735 4370 997 4424 veritatis.
1021 4369 1424 4440 Amplectamur
1457 4374 1761 4439 veritatem,

195 4461 245 4505 ut
279 4455 604 4526 accipiamus
627 4474 814 4514 veram
838 4459 1160 4516 libertatem.
1193 4461 1362 4518 Judaei
1388 4463 1525 4532 apud
1556 4472 1762 4534 patrem

195 4556 332 4600 suum
366 4548 615 4603 viderant
650 4550 792 4620 quod
847 4551 1204 4620 loquebantur
1235 4571 1247 4606 :
1278 4554 1436 4623 quid,
1478 4555 1579 4610 nisi
1609 4571 1762 4611 men-

1870 3353 2178 3409 dilectionis
2199 3357 2450 3424 egebant.
2478 3355 2635 3410 Tales
2661 3356 2717 3409 in
2739 3357 2980 3424 quinque
3001 3354 3298 3424 porticibus
3321 3354 3462 3422 jace-

1871 3446 2020 3510 bant,
2055 3445 2148 3500 sed
2174 3461 2278 3499 non
2304 3446 2406 3500 nisi
2437 3446 2490 3500 in
2515 3446 2780 3515 piscinam
2809 3446 3002 3516 angelo
3027 3445 3278 3500 veniente
3303 3460 3458 3498 sana-

1870 3539 2070 3596 bantur
2103 3558 2113 3592 :
2153 3539 2280 3608 quia
2313 3553 2409 3608 per
2431 3539 2603 3609 legem
2634 3539 2872 3610 cognitio
2901 3538 3130 3608 peccati,
3157 3537 3332 3608 gratia
3359 3552 3460 3592 au-

1870 3639 1980 3686 tem
2011 3631 2346 3688 remissionis
2373 3647 2480 3687 non
2510 3633 2613 3686 nisi
2659 3648 2754 3702 per
2796 3630 2981 3687 Jesum
3007 3629 3282 3686 Christum
3317 3627 3460 3684 facta

1869 3731 1970 3779 est.
1998 3722 2151 3779 Hunc
2176 3724 2423 3796 designat
2450 3723 2694 3794 angelus,
2727 3724 2819 3793 qui
2865 3721 3212 3778 invisibiliter
3237 3720 3460 3778 descen-

1869 3817 2004 3873 dens
2030 3817 2084 3872 in
2107 3817 2373 3888 piscinam
2417 3819 2489 3873 ad
2519 3817 2914 3888 suggerendam
2939 3817 3050 3871 vim
3093 3815 3321 3871 sanandi
3348 3830 3458 3869 mo-

1867 3907 2026 3963 vebat
2052 3924 2266 3977 aquam.
2309 3909 2597 3964 Descendit
2624 3909 2770 3964 enim
2812 3909 2866 3963 in
2900 3921 3066 3964 carne
3091 3907 3312 3963 indutus
3339 3922 3458 3961 ma-

1868 4002 2200 4072 gni‘consilii
2237 3995 2492 4072 angelus,
2523 4001 2578 4055 id
2605 4009 2690 4056 est
2717 4008 2958 4072 paterna
2992 3999 3286 4056 voluntatis
3317 4015 3457 4054 nun-

1869 4095 1975 4150 tius
2004 4095 2056 4149 in
2093 4095 2357 4166 piscinam
2393 4095 2574 4166 populi
2608 4094 2915 4151 Judaorum
2942 4135 2957 4160 ,
2985 4104 3042 4151 et
3068 4095 3232 4150 movit
3260 4109 3454 4166 pecca-

1869 4194 2012 4241 tores
2051 4184 2222 4241 factos
2260 4202 2289 4240 a
2341 4186 2583 4240 doctrina
2627 4201 2761 4250 sua,
2807 4193 2869 4239 ut
2913 4185 3286 4248 occideretur,
3330 4183 3455 4253 quia

1867 4292 1965 4332 sua
2020 4287 2192 4331 morte
2247 4275 2534 4347 corporali,
2585 4292 2691 4332 non
2731 4275 2906 4331 solum
2947 4275 3301 4347 spiritualiter
3343 4273 3459 4328 lau-

1867 4379 2092 4443 guentes
2123 4378 2375 4436 sanaret,
2398 4369 2492 4426 sed
2519 4376 2574 4425 et
2596 4377 2838 4425 mortuos
2862 4368 3129 4425 suscitare
3153 4367 3445 4422 sufﬁceret.

1868 4461 2040 4517 Motus
2069 4477 2198 4533 ergo
2231 4476 2386 4532 aqua
2409 4462 2721 4531 passionem
2757 4462 2900 4533 (qua
2933 4467 3101 4525 mota,
3136 4459 3456 4525 turbataque

1866 4551 2174 4610 Judaorum
2229 4563 2388 4625 gente
2440 4554 2582 4609 facta
2628 4553 2732 4625 est)
2786 4553 3043 4608 insinuat.
3086 4550 3154 4604 Et
3192 4548 3318 4618 quia
3359 4562 3457 4616 per

196 4631 435 4691 dacium?
474 4639 732 4695 Dominus
761 4648 942 4696 autem
983 4643 1124 4712 apud
1176 4641 1389 4698 Patrem
1433 4660 1588 4699 suum
1632 4646 1763 4701 vidit
1790 4625 2113 4703 l)veamdem
2151 4647 2413 4718 redempti
2455 4654 2583 4702 sunt
2611 4645 2900 4702 credentes
2928 4657 2959 4696 a
2987 4639 3275 4696 maledicto
3297 4639 3453 4710 legis,

193 4740 286 4794 quo
304 4729 618 4800 loqueretur
650 4749 664 4787 :
696 4735 846 4804 quid,
876 4736 979 4790 nisi
1018 4734 1252 4791 Verbum
1276 4736 1450 4793 Patris
1475 4747 1759 4806 aternum,

194 4828 240 4872 et
261 4818 407 4877 Patri
438 4827 799 4880 coaternum?
826 4826 948 4881 Ideo
976 4824 1250 4895 subiunxit
1283 4846 1296 4882 :

259 4931 275 4963 ‹
307 4915 423 4987 Ego
444 4919 730 4973 veritatem
757 4921 880 4976 dico
913 4921 1085 4984 vobis,
1112 4930 1165 4975 et
1190 4938 1295 4977 non
1325 4924 1545 4979 creditis
1567 4925 1754 4979 mihi.»

197 5003 309 5063 Nam
337 5013 570 5066 mendax
608 5013 948 5069 mendacium
981 5015 1236 5085 loquitur,
1265 5017 1357 5072 sed
1386 5017 1586 5072 veritas
1619 5019 1762 5074 veri-

197 5106 346 5156 tatem
375 5103 602 5173 profert.
633 5106 889 5162 Diabolus
914 5109 1166 5173 mendax,
1191 5107 1440 5164 Christus
1468 5125 1597 5164 vero
1618 5110 1762 5165 veri-

198 5197 266 5245 tas
288 5203 404 5259 est,
439 5204 494 5249 et
507 5197 753 5253 veritatis
765 5208 1033 5266 assertor;
1066 5201 1192 5270 quia
1216 5217 1282 5256 ex
1298 5202 1543 5258 veritatis
1565 5217 1662 5259 ore
1687 5203 1763 5260 nil

195 5286 319 5345 aliud
347 5294 550 5362 poterit
570 5296 883 5365 procedere,
913 5297 1017 5352 nisi
1039 5298 1260 5354 veritas.

696 5426 974 5484 HOMILIA
1008 5429 1245 5486 XXXIII.

534 5556 693 5598 rsum
732 5557 905 5598 sexu
944 5557 1074 5599 rosr
1115 5544 1407 5602 Invocavit.

257 5647 426 5716 (10m.
450 5652 529 5726 v.)
557 5672 577 5706 ‹
607 5654 662 5710 in
685 5655 776 5711 illo
806 5665 1069 5726 tempore,
1091 5665 1208 5712 erat
1225 5659 1338 5715 dies
1354 5658 1524 5716 festus
1547 5658 1760 5720 Judao-

199 5755 218 5790 ι
254 5759 388 5812 rum,
426 5757 481 5802 et
511 5753 755 5807 ascendit
779 5751 936 5807 Jesus
969 5751 1416 5824 Hierosolymam.
1451 5755 1546 5812 Est
1577 5766 1756 5812 autem

201 5849 220 5882 ‹
258 5834 642 5911 Hierosolymis
678 5845 954 5912 probatica
985 5843 1221 5912 piscina,
1250 5855 1305 5900 et
1335 5847 1559 5916 reliqua.
1601 5869 1619 5901 ι
1654 5849 1757 5904 Lo-

1869 4737 2026 4808 quasi
2051 4737 2438 4792 descendentes
2463 4737 2518 4790 in
2539 4750 2733 4804 aquam
2755 4731 2976 4803 piscina
2995 4731 3266 4786 turbatam
3291 4746 3451 4785 sana-

1775 4869 1778 4874 .
1869 4827 2086 4892 bantur,
2117 4826 2210 4896 qui
2238 4827 2502 4880 hactenus
2522 4824 2810 4893 jacuerant
2839 4823 2893 4876 in
2918 4822 3215 4892 porticibus
3238 4821 3452 4893 aegroti,

1866 4917 2000 4988 legis
2032 4917 2297 4988 siquidem
2329 4917 2563 4972 litteram
2609 4915 2950 4982 nescientes,
2989 4915 3119 4986 quid
3162 4915 3449 4986 agendum,

1868 5011 1996 5082 quid
2018 5011 2292 5066 vitandum
2319 5018 2495 5076 esset,
2535 5009 2768 5065 edocuit.
2800 5007 2912 5064 Nec
2932 5017 3112 5064 tamen
3134 5007 3360 5064 eductos
3382 5007 3451 5062 de

1867 5107 2084 5163 sedibus
2121 5105 2438 5177 ignorantia
2472 5104 2670 5174 prioris
2701 5103 2755 5158 in
2801 5103 3100 5173 porticibus
3128 5103 3242 5158 suis
3275 5104 3450 5157 conti-

1862 5203 2044 5267 nebat,
2060 5216 2159 5257 nec
2177 5201 2405 5256 sanabat
2422 5197 2719 5268 languidos.
2743 5196 2928 5253 Gratia
2953 5205 3132 5252 autem
3149 5195 3448 5266 Evangelii,

1865 5311 1984 5367 qua
2034 5309 2132 5364 per
2190 5293 2357 5349 Deum
2406 5307 2472 5346 ac
2518 5293 2834 5362 mysterium
2900 5291 3192 5346 Dominica
3238 5291 3445 5360 passio-

1862 5386 1948 5443 nis
1992 5394 2148 5443 sanat
2185 5399 2374 5440 omnes
2418 5383 2702 5456 languores
2741 5383 3086 5454 iniquitatum
3117 5390 3447 5445 nostrarum,

1865 5493 1896 5532 a
1947 5477 2141 5548 quibus
2203 5476 2258 5530 in
2320 5475 2440 5546 lege
2502 5473 2672 5545 Moysi
2738 5489 2846 5529 non
2916 5473 3188 5544 potuimus
3244 5469 3445 5538 justifi-

1865 5571 2009 5637 cari,
2061 5569 2216 5640 quasi
2260 5567 2462 5624 electos
2505 5568 2571 5625 de
2608 5567 2904 5638 porticibus
2950 5565 3086 5636 legis
3120 5571 3352 5635 agrotos
3391 5562 3445 5616 in

1863 5677 2058 5733 aquam
2077 5662 2297 5732 piscina
2333 5661 2621 5726 turbidam,
2649 5669 2709 5715 ut
2728 5659 2908 5715 sanari
2935 5657 3223 5727 possimus,
3241 5653 3443 5708 immit-

1863 5755 1948 5819 tit,
1981 5753 2107 5823 quia
2146 5770 2176 5807 a
2198 5754 2457 5822 peccatis,
2489 5768 2608 5822 qua
2633 5752 2720 5808 lex
2742 5750 3084 5811 ostenderat,
3120 5761 3217 5817 per
3250 5760 3443 5816 aquam

1861 5845 2202 5913 baptismatis
2239 5846 2445 5911 abluit,
2488 5853 2627 5900 teste
2658 5840 2946 5913 Apostolo,
2977 5839 3069 5908 qui
3099 5838 3173 5892 ait
3206 5856 3218 5891 :
3255 5856 3274 5890 ι
3307 5837 3444 5905 Quia
