3994 6354
524 392 629 448 219

1160 384 1515 442 HAYMONIS
1556 381 2035 439 HALBERSTAT.
2078 379 2293 436 EPISC.
2335 378 2485 436 OPP.
2528 378 2707 434 PARS
2743 377 2807 435 11.
2856 407 2929 420 —
2954 376 3183 433 HOMlL.

526 510 835 581 quicunque
860 503 1110 577 baptizati
1138 516 1324 557 sumus
1347 502 1399 555 in
1421 500 1643 555 Christo
1663 498 1811 562 Iesu,
1845 499 1899 553 in
1929 504 2102 553 morte
2130 498 2181 558 Α
2207 495 2300 550 ris.
2336 494 2507 565 Surge
2541 495 2678 549 bona
2703 493 2997 564 operando,
3022 498 3177 561 porta
3210 492 3490 563 grabatum
3517 493 3809 566 diligendo

528 601 699 673 ipsius
738 597 993 670 baptizati
1022 609 1228 651 sumus.
1256 590 1569 662 Consepulti
1593 589 1740 645 enim
1766 603 1951 645 smnus
1983 602 2105 642 cum

529 698 623 755 illo
641 712 739 768 per
760 692 1084 765 baptismum
1108 692 1163 744 in
1188 697 1440 753 mortem,
1470 693 1550 752 ut,
1579 684 1851 756 quomodo
1873 682 2109 739 surrexit

530 790 777 849 Christus
802 804 833 843 a
858 786 1089 842 mortuis
1114 799 1210 855 per
1244 783 1469 851 gloriam
1501 781 1675 837 Patris
1695 821 1709 844 ,
1743 781 1817 834 ita
1849 787 1903 834 et
1932 793 2031 833 nos
2052 778 2105 831 in

530 881 767 939 novitate
806 879 930 934 vitae
959 876 1296 933 ambulemus
1337 874 1506 945 (Rom.
1547 873 1645 943 vt).
1684 892 1701 923 1
1744 872 1889 927 Bene
1927 879 2108 925 autem

529 975 741 1039 dicitur,
773 973 899 1045 quia
927 972 1017 1040 qui
1061 969 1216 1040 prius
1254 968 1621 1023 descendisset
1655 974 1776 1035 post
1813 966 2104 1020 motionem

527 1082 701 1138 aquae,
725 1080 890 1121 sanus
911 1063 1074 1118 fiebat
1097 1057 1137 1115 a'
1153 1075 1477 1132 quocunque
1496 1059 1754 1130 languore
1784 1059 2104 1124 tenebatur;

525 1160 650 1230 quia
685 1174 822 1212 unus
844 1155 1126 1220 Dominus,
1155 1167 1261 1208 una
1311 1153 1472 1218 fides,
1514 1168 1683 1206 unum
1724 1153 2010 1221 baptisma.
2043 1153 2110 1207 Et

526 1251 617 1323 qui
656 1251 708 1305 in
741 1249 948 1304 unitate
975 1246 1237 1303 catholica
1275 1245 1474 1301 Christi
1518 1246 1791 1317 mysteriis
1826 1245 2104 1311 imbuitur,

525 1359 691 1399 sanus
716 1342 797 1407 iit,
828 1357 859 1396 a
890 1356 1209 1411 quocunque
1235 1348 1580 1411 peccatorum
1612 1339 1874 1411 languore
1895 1341 2105 1396 detine-

525 1446 633 1493 tur.
672 1436 926 1506 Quisquis
966 1445 1143 1490 autem
1182 1437 1249 1490 ab
1286 1436 1490 1491 unitate
1520 1436 1818 1505 discrepat,
1853 1436 2100 1501 salutem,

522 1543 645 1598 quae
674 1529 741 1583 ab
772 1542 878 1582 uno
907 1534 1022 1593 est,
1064 1526 1324 1597 consequi
1363 1542 1467 1581 non
1498 1525 1659 1581 valet.
1687 1525 1812 1582 Haec
1837 1528 1905 1582 de
1930 1528 2107 1597 primo

521 1619 844 1689 evangelicae
872 1618 1118 1673 lectionis
1152 1617 1444 1683 miraculo,
1471 1618 1613 1687 quod
1647 1617 1905 1675 Dominus
1937 1619 2104 1686 dedit,

528 1710 694 1765 locuti
721 1725 939 1774 sumus,
982 1723 1124 1764 nunc
1147 1708 1213 1762 de
1245 1708 1514 1774 secundo,
1544 1708 1688 1777 quod
1726 1708 1842 1780 ipse
1877 1710 2102 1777 dederit,

522 1799 851 1855 fraternitati
887 1807 1082 1855 vestra:
1102 1799 1403 1869 loquamur,
1422 1800 1474 1854 in
1496 1815 1605 1870 quo
1629 1800 1791 1855 etiam
1814 1800 1947 1870 ipso,
1967 1818 2105 1859 unus

520 1891 927 1946 commendatur
952 1898 1193 1945 sanatus.
1222 1889 1343 1944 Non
1367 1891 1494 1961 quia
1516 1891 1899 1961 omnipotentis
1927 1892 2102 1963 pietas

519 1984 837 2049 Salvatoris,
861 1999 1050 2039 omnes
1073 1998 1208 2054 quos
1235 1983 1307 2037 ibi
1331 1982 1643 2054 languentes
1663 1984 1885 2051 invenit,
1911 2000 2103 2041 sanare

517 2075 838 2146 nequiverit,
864 2075 957 2130 sed
986 2086 1045 2129 ut
1073 2076 1295 2130 doceret
1314 2082 1509 2144 praeter
1534 2074 1796 2129 unitatem
1826 2075 2104 2133 catholica:

517 2164 673 2231 fidei,
705 2165 909 2221 nullum
935 2164 1155 2220 cuilibet
1179 2163 1355 2220 locum
1385 2171 1571 2234 patere
1604 2163 1809 2218 salutis.

590 2279 611 2311 1
648 2259 776 2314 Erat
806 2268 986 2315 autem
1015 2257 1228 2328 quidam
1252 2257 1435 2322 homo,
1462 2256 1665 2325 inquit,
1692 2255 1765 2309 ibi
1802 2256 2020 2327 triginta
2048 2265 2103 2313 et

518 2369 541 2406 1
573 2363 696 2408 octo
710 2367 878 2407 annos
910 2351 1113 2406 habens
1143 2350 1197 2403 in
1226 2348 1539 2403 infirmitate
1567 2362 1684 2402 sua.
1721 2368 1740 2400 1
1774 2347 1945 2403 Homo
1976 2349 2099 2415 iste,

513 2445 805 2501 multorum
856 2443 1177 2499 infirmitate
1225 2442 1474 2496 detentus
1519 2455 1801 2506 annorum,
1832 2440 2103 2512 significat

510 2545 857 2607 peccatorum
880 2533 1176 2605 quemlibet
1194 2532 1402 2587 enormi
1424 2531 1685 2587 scelerum
1708 2531 2099 2602 magnitudine,

512 2631 599 2686 vel
628 2629 1018 2685 numerositate
1045 2627 1382 2696 depressum,
1412 2624 1566 2694 cujus
1592 2625 1946 2695 significando
1983 2641 2104 2681 rea-

513 2721 592 2774 tui
637 2721 800 2774 etiam
847 2726 1026 2773 motus
1056 2717 1314 2786 temporis
1349 2731 1456 2785 quo
1486 2715 1589 2772 iste
1617 2716 1935 2787 languebat,
1968 2732 2102 2772 con-

515 2813 678 2885 gruit.
708 2810 843 2866 Nam
868 2811 974 2865 duo
1000 2810 1177 2863 minus
1203 2809 1558 2879 quadraginta
1585 2824 1757 2863 annos
1787 2809 2019 2864 habebat
2048 2810 2101 2864 in

516 2902 849 2958 infirmitate.
912 2900 1382 2970 Quadragenarius
1436 2909 1616 2955 autem
1668 2917 1957 2968 numerus,
2009 2904 2101 2973 qui

515 2994 737 3049 denario
781 3000 974 3062 quater
1032 2993 1192 3047 ducto
1253 2993 1570 3061 coniicitur,
1623 3008 1721 3064 pro
1770 2993 2102 3063 perfectione

516 3094 678 3140 rectae
706 3084 1126 3139 conversationis
1156 3084 1293 3139 solet
1324 3084 1378 3138 in
1405 3083 1699 3154 Scripturis
1727 3086 1895 3155 accipi
1930 3105 1942 3141 :
1972 3086 2099 3157 quia

515 3178 761 3249 quisquis
780 3176 1032 3248 perfectae
1051 3178 1477 3233 conversationis
1497 3176 1732 3234 ofﬁcium
1755 3166 1949 3249 egerit,
1968 3179 2101 3250 legis

514 3267 757 3336 profecto
800 3266 1121 3337 Decalogum
1172 3281 1272 3337 per
1313 3276 1545 3336 quatuor
1589 3267 1763 3323 sancti
1820 3267 2095 3342 Evangelii

513 3359 681 3413 libros
710 3358 909 3428 implet.
940 3357 980 3415 Α
1011 3372 1116 3428 qua
1144 3358 1399 3414 nimirum
1425 3358 1753 3429 perfectione
1784 3375 1891 3430 quo
1918 3361 2098 3418 minus

514 3454 693 3519 habet,
723 3453 815 3524 qui
846 3454 898 3508 in
932 3453 1024 3507 Dei
1067 3462 1123 3509 et
1162 3454 1393 3524 proximi
1424 3455 1731 3518 dilectione,
1759 3471 1923 3527 quam
1965 3457 2098 3529 legis

511 3547 718 3617 pariter
757 3556 812 3602 et
845 3547 1118 3619 Evangelii
1166 3547 1463 3618 Scriptura-
1490 3552 1860 3617 commendat,
1894 3567 2097 3608 vacuus

514 3642 729 3697 incedit.
760 3642 914 3708 Quod
942 3643 1105 3696 etiam
1155 3644 1380 3712 mystice
1418 3644 1677 3699 Dominus
1714 3660 1912 3699 sanans
1941 3645 2096 3699 infir-

514 3750 662 3789 mmn
691 3733 894 3797 docuit,
926 3749 1049 3788 eum
1079 3735 1153 3787 ait
1182 3750 1196 3787 :
1882 3750 1889 3759 ι

588 3843 607 3875 1
641 3824 836 3895 Surge,
874 3823 1001 3878 tolle
1039 3823 1317 3894 grabatum
1350 3832 1522 3888 tuum,
1546 3834 1602 3879 et
1640 3825 1873 3881 ambula.
1896 3846 1930 3879 'l
1965 3825 2098 3884 Sur-

512 3932 639 3990 gere
668 3918 811 3972 enim
842 3917 1039 3972 dicitur
1067 3918 1319 3973 vitiorum
1368 3928 1659 3989 torporem,
1692 3919 1745 3974 in
1778 3921 1974 3991 quibus
2006 3923 2096 3978 ditt

512 4010 825 4078 languebas,
853 4020 1127 4076 excutere,
1164 4019 1218 4066 et
1245 4010 1310 4064 ad
1348 4012 1665 4067 exercitium
1694 4015 1950 4071 virtutum
1979 4019 2097 4087 qui-

512 4103 612 4157 bus
656 4111 912 4172 perpetuo
953 4103 1179 4158 salveris
1224 4110 1278 4157 te
1315 4104 1541 4175 erigere.
1577 4124 1595 4156 1
1638 4107 1787 4163 Tolle
1811 4110 2094 4179 grabatum

514 4199 687 4257 tuum,
726 4212 744 4244 1
775 4194 827 4248 id
873 4203 959 4249 est
1002 4203 1178 4263 porta.
1212 4195 1411 4267 Diliges
1453 4200 1756 4266 proximum
1789 4209 1966 4267 tuum,
1995 4218 2089 4272 pa-

514 4284 707 4339 tienter
731 4285 849 4356 ejus
882 4284 1091 4340 infirma
1143 4286 1453 4355 tolerando,
1498 4290 1587 4360 qui
1622 4298 1674 4345 te
1714 4291 1890 4348 adhuc
1916 4302 2092 4351 tenta-

513 4375 715 4430 tionum
748 4375 893 4432 fasce
929 4377 1243 4447 depressum
1275 4378 1365 4433 diu
1406 4381 1784 4452 patienterque
1819 4384 2088 4440 sustinuit.

516 4486 534 4520 1
566 4468 717 4524 Alter
750 4469 895 4524 enim
931 4469 1152 4525 alterius
1179 4485 1345 4527 onera
1376 4482 1606 4543 portate,
1638 4485 1691 4530 et
1725 4475 1805 4531 sic
1835 4477 2093 4547 adimple-

507 4560 636 4659 bitis
681 4560 850 4631 legem
879 4557 1081 4615 Christi
1113 4559 1251 4659 (Gal.
1280 4563 1377 4633 vr).
1413 4583 1431 4615 1
1463 4564 1528 4618 Et
1571 4566 1710 4621 sicut
1755 4565 1879 4621 alibi
1917 4568 2045 4622 dicit
2074 4585 2086 4619 :
2121 4598 2173 4659 Β

516 4668 535 4700 1
571 4650 961 4722 Supportantes
981 4652 1214 4708 invicem
1236 4652 1290 4708 in
1313 4655 1599 4720 charitate,
1630 4657 1842 4713 solliciti
1872 4674 2090 4714 servare

509 4740 767 4795 unitatem
820 4743 872 4795 in
922 4743 1135 4798 vinculo
1188 4744 1337 4813 pacis
1389 4743 1614 4816 (Ephes.
1659 4747 1769 4817 γι).
1809 4768 1825 4797 1
1862 4748 2089 4803 Ambula

509 4840 722 4898 autem,
753 4833 806 4888 id
834 4841 919 4888 est
946 4842 1061 4890 toto
1096 4836 1291 4902 corde,
1340 4845 1451 4892 tota
1498 4839 1705 4903 anima,
1739 4846 1848 4894 tota
1890 4840 2090 4897 virtute

510 4925 677 4979 Deum
709 4924 909 4996 dilige:
936 4933 994 4979 et
1020 4934 1076 4979 ttt
1106 4928 1171 4981 ad
1196 4928 1313 4999 ejus
1344 4930 1605 4985 visionem
1646 4932 1951 5003 pertingere
1979 4949 2089 4987 me-

509 5018 718 5083 rearis,
775 5017 1101 5089 quotidianis
1148 5020 1411 5077 bonorum
1462 5039 1683 5093 operum
1725 5026 1972 5094 passibus
2024 5028 2090 5080 de

506 5111 704 5165 virtute
746 5112 801 5165 in
829 5112 1082 5168 virtutem
1126 5116 1451 5187 progredere
1482 5134 1496 5168 :
1534 5131 1633 5170 nec
1677 5114 1902 5169 fratrem
1929 5130 2088 5183 quem

507 5198 815 5258 suiferendo
855 5202 1021 5259 ducas
1041 5247 1055 5271 ,
1084 5206 1153 5260 ob
1182 5221 1421 5261 amorem
1450 5206 1567 5276 ejus
1602 5205 1667 5258 ad
1697 5220 1855 5274 quem
1891 5207 2087 5277 pergis,

513 5295 789 5361 deserens,
824 5311 923 5352 nec
968 5298 1037 5352 ob
1063 5296 1247 5353 fratris
1278 5312 1519 5351 amorem
1548 5297 1617 5351 ab
1644 5296 1734 5351 1110
1771 5299 2087 5367 qumrendo,

505 5402 625 5442 cum
652 5402 758 5457 quo
783 5403 1005 5446 manere
1034 5389 1332 5453 desideras,
1362 5386 1715 5443 intentionem
1751 5389 1884 5443 recti
1916 5389 2087 5444 inces-

504 5492 596 5535 sus
624 5490 910 5538 avertens:
937 5483 1031 5538 sed
1054 5490 1114 5535 ut
1138 5480 1376 5550 perfecte
1396 5481 1570 5548 possis
1597 5480 1821 5546 salvari;
1851 5501 1868 5531 1
1892 5480 2084 5552 Surge,

504 5571 630 5629 tolle
673 5577 955 5646 grabatum
1002 5585 1152 5629 tuum
1199 5581 1254 5627 et
1301 5573 1546 5639 ambula,
1587 5593 1604 5626 1
1642 5575 1807 5630 idest
1846 5576 2087 5646 relinque

503 5675 721 5736 peccata
751 5668 997 5739 pristina,
1029 5666 1442 5721 necessitatibus
1467 5665 1691 5722 fratrum
1723 5684 1995 5725 succurre.
2022 5670 2087 5725 Et

504 5757 557 5812 in
585 5760 851 5817 universis
869 5776 987 5831 qum
1016 5761 1149 5830 agis,
1179 5758 1298 5815 vide
1321 5776 1388 5816 ne
1412 5760 1468 5816 in
1498 5762 1597 5818 hoc
1628 5762 1824 5820 szeculo
1852 5774 2083 5821 mentem

504 5850 658 5922 figas,
686 5852 781 5907 sed
806 5851 874 5907 ad
897 5851 1179 5908 videndam
1200 5850 1394 5909 faciem
1422 5853 1501 5912 ut
1520 5855 1743 5912 festines
1766 5856 2087 5929 Redempto-

2127 3232 2173 3296 C

2206 588 2509 660 proximum
2529 629 2544 654 ,
2570 597 2625 644 et
2658 586 2868 642 ambula
2897 586 3262 656 exspectando
3312 588 3527 642 beatam
3558 603 3718 659 spem
3748 600 3808 645 et

2207 682 2492 737 adventum
2538 681 2719 750 gloriae
2762 680 2938 752 magni
2973 678 3090 735 Dei.
3141 677 3251 735 Sed
3286 680 3422 736 mira
3461 681 3803 751 perﬁdon

2207 773 2499 840 dementia,
2548 772 2673 844 quia
2715 776 2782 829 ad
2834 782 2944 828 tam
2988 774 3322 845 inopinatam
3360 774 3451 829 diu
3485 774 3803 846 languentis

2208 864 2540 919 sanationem
2597 863 2819 920 credere
2862 880 2925 920 ac
2972 864 3325 934 spiritualiter
3367 866 3551 920 sanari
3592 867 3803 923 debue-

2209 968 2362 1021 rant,
2392 974 2423 1013 e
2453 966 2639 1014 contra
2684 958 3138 1025 scandalizantur,
3170 966 3221 1014 et
3251 958 3459 1015 salvato
3501 961 3718 1030 pariter
3738 975 3799 1016 ac

2209 1046 2471 1103 Salvatori
2507 1048 2808 1104 calumnias
2854 1056 3086 1106 struunt.
3123 1048 3339 1105 Salvato
3380 1050 3638 1120 quidem,
3671 1052 3798 1123 quia

2208 1138 2431 1193 sabbato
2473 1139 2756 1209 grabatum
2806 1139 2989 1194 tulerit
3033 1158 3047 1193 :
3083 1139 3347 1195 Salvatori
3403 1150 3619 1206 autem,
3667 1145 3797 1213 quia

2208 1232 2429 1289 sabbato
2457 1241 2513 1287 et
2534 1234 2689 1288 illum
2721 1233 2937 1301 salvari,
2969 1242 3025 1289 et
3048 1234 3329 1306 grabatum
3377 1235 3493 1290 tolli
3520 1250 3799 1308 praecepe-

2209 1323 2300 1388 rit,
2326 1324 2483 1392 quasi
2530 1324 2725 1380 melius
2764 1324 2865 1394 ipsi
2896 1324 2962 1380 de
3012 1324 3240 1380 sabbato
3280 1340 3442 1395 quam
3475 1334 3633 1381 tanta
3660 1326 3796 1382 divi-

2208 1408 2394 1471 uitatis
2416 1418 2655 1486 potentia
2681 1425 2922 1474 nossent.

2283 1529 2303 1560 1
2335 1509 2615 1577 Dicebant,
2656 1511 2848 1580 inquit,
2874 1509 3043 1566 Judaei
3074 1510 3151 1565 illi
3176 1512 3269 1580 qui
3311 1519 3537 1566 sanatus
3570 1511 3791 1568 fuerat:

2213 1621 2231 1654 1
2269 1601 2563 1658 Sabbatum
2606 1612 2729 1668 est,
2782 1618 2887 1659 non
2926 1603 3068 1660 licet
3117 1604 3213 1658 tibi
3268 1604 3455 1661 tollere
3510 1605 3795 1676 grabatum

2211 1711 2231 1743 1
2276 1700 2447 1747 tuum.
2486 1712 2505 1745 1
2540 1691 2800 1748 Litteram
2834 1693 2971 1763 legis
3012 1692 3174 1748 stulte
3217 1692 3602 1760 defendebant,
3649 1694 3795 1765 igno-

2204 1784 2377 1839 rando
2408 1784 2862 1856 dispensationem
2887 1785 3003 1854 ejus
3050 1786 3142 1855 qui
3168 1785 3301 1858 legis
3322 1787 3602 1857 quondam
3621 1787 3793 1843 edicta

2205 1891 2303 1947 per
2326 1892 2542 1932 servum
2567 1879 2897 1944 discernens,
2912 1893 3056 1934 nunc
3079 1878 3194 1948 ipse
3214 1879 3792 1943 adveniens,eamdem

2205 1966 2374 2040 legem
2398 1970 2569 2039 gratia
2591 1981 2803 2025 mutare
2821 1970 3101 2041 disposuit,
3129 1972 3348 2041 utquod
3370 1970 3533 2041 juxta
3560 1972 3793 2029 litteram

2206 2060 2294 2114 diu
2333 2060 2579 2117 carnales
2607 2062 2901 2119 carnaliter
2924 2062 3314 2130 observabant,
3346 2065 3608 2137 deinceps
3634 2068 3793 2137 spiri-

2205 2153 2425 2209 tualiter
2460 2156 2851 2211 observandum
2883 2165 3290 2229 cognoscerent.
3324 2158 3569 2214 Sahbato
3602 2163 3792 2233 quippe

2204 2248 2429 2312 carnali,
2458 2250 2600 2319 quod
2633 2247 2785 2317 juxta
2833 2250 3063 2306 litteram
3101 2253 3528 2315 custodiebatur,
3566 2256 3790 2326 populus

2204 2341 2271 2395 ab
2299 2344 2445 2397 omni
2477 2358 2639 2415 opere
2669 2345 2846 2400 servili
2892 2346 2978 2401 die
3003 2346 3230 2415 septima
3258 2361 3453 2401 vacare
3493 2359 3787 2419 przrceptus

2202 2443 2304 2490 est.
2339 2434 2628 2505 Spirituale
2659 2438 2940 2492 sabbatum
2969 2447 3087 2503 est,
3135 2440 3189 2493 111
3234 2438 3358 2494 luce
3401 2440 3596 2509 gratia:
3637 2441 3784 2511 spiri-

2204 2529 2396 2595 tualis,
2452 2545 2572 2600 quae
2623 2531 2953 2601 septiformis
3002 2532 3283 2603 accipitur,
3340 2549 3448 2587 non
3503 2551 3631 2599 una,
3684 2535 3778 2589 sed

2202 2620 2347 2674 omni
2377 2620 2465 2675 die
2487 2636 2587 2676 nos
2615 2622 2681 2675 ab
2707 2622 3074 2691 inquietudine
3093 2623 3344 2677 vitiorum
3374 2640 3589 2680 manere
3615 2620 3764 2679 feria;

2205 2718 2307 2766 tos.
2337 2710 2394 2765 Si
2440 2711 2582 2766 enim
2616 2712 2767 2781 juxta
2805 2728 2992 2768 vocem
3021 2713 3352 2769 Dominieam
3388 2732 3400 2767 :
3430 2735 3451 2767 ‹
3485 2715 3668 2771 Omnis
3691 2716 3776 2785 qui

2204 2802 2332 2858 facit.
2350 2812 2654 2873 peccatum,
2681 2820 2868 2859 servus
2888 2812 2972 2860 est
2992 2806 3198 2874 peccati
3224 2805 3405 2878 (Ιοαη.
3433 2807 3579 2877 vui),
3608 2827 3627 2859 1
3644 2814 3780 2878 patet

2203 2896 2434 2966 liquido,
2462 2898 2587 2966 quia
2614 2906 2834 2967 peccata
2862 2908 3009 2953 recte
3033 2912 3197 2969 Opera
3230 2898 3443 2953 servilia
3474 2900 3777 2970 intelligun-

2202 2994 2311 3053 tur,
2340 3003 2368 3040 a
2418 2988 2613 3057 quibus
2655 2988 2807 3058 quasi
2843 2988 2894 3042 in
2947 2989 3033 3043 die
3080 2989 3305 3059 septima
3348 2991 3400 3044 in
3439 2992 3786 3061 perceptione

2202 3079 2388 3149 gratia:
2431 3079 2724 3148 spiritualis
2765 3080 3031 3135 immunes
3074 3080 3320 3137 incedere
3352 3082 3613 3152 jubemur
3644 3101 3658 3136 :
3692 3098 3787 3138 nec

2204 3170 2377 3225 solum
2408 3186 2436 3223 a
2461 3171 2642 3240 pravis
2674 3172 2984 3236 continere,
3021 3173 3112 3227 sed
3142 3182 3196 3227 et
3241 3173 3385 3227 bonis
3411 3173 3674 3229 insistere
3706 3174 3788 3228 fa-

2202 3263 2325 3317 ctis.
2354 3263 2507 3331 Quod
2552 3264 2605 3317 in
2654 3264 2756 3318 hac
2804 3278 3016 3333 quoque
3046 3263 3277 3319 lectione
3313 3263 3562 3318 Dominus
3599 3263 3791 3335 typice

2203 3353 2470 3421 ostendit,
2502 3369 2625 3409 cum
2669 3371 2791 3410 eum
2814 3396 2828 3423 ,
2858 3356 2947 3426 qui
2975 3356 3109 3411 duos
3138 3358 3202 3410 de
3230 3356 3581 3426 quadraginta
3615 3358 3791 3410 annos

2204 3447 2512 3519 languebat,
2539 3447 2593 3501 in
2623 3447 2710 3502 die
2749 3448 2954 3503 sabbati
2987 3463 3091 3503 non
3124 3449 3295 3504 solum
3325 3464 3567 3520 surgere,
3598 3464 3788 3505 verum

2202 3543 2364 3597 etiam
2411 3545 2694 3613 grabatum
2746 3543 2932 3599 tollere
2965 3552 3018 3599 et
3058 3544 3334 3600 ambulare
3368 3544 3623 3616 pnecepit
3659 3563 3670 3597 :
3703 3544 3788 3600 vi-

2203 3636 2397 3691 delicet
2446 3637 2728 3692 insinuans
2780 3652 2873 3693 eos
2911 3640 3001 3708 qui
3045 3638 3200 3710 longo
3230 3640 3483 3694 vitiorum
3528 3638 3790 3711 languore

2205 3729 2506 3793 tabescunt,
2537 3737 2593 3785 et
2620 3728 2715 3784 Dei
2750 3739 2805 3785 et
2834 3730 3065 3800 proximi
3096 3730 3385 3787 dilectione
3423 3731 3612 3788 inanes
3636 3738 3786 3797 sunt,

2202 3823 2355 3893 quasi
2384 3838 2413 3877 a
2444 3824 2682 3893 perfecta
2702 3824 2971 3897 _virtutum
3001 3838 3209 3879 summa
3236 3825 3446 3880 duobus
3482 3826 3661 3881 minus
3688 3826 3788 3880 ha-

2202 3913 2356 3978 bent,
2382 3915 2493 3986 jam
2542 3930 2638 3984 per
2665 3915 2864 3970 donum
2900 3915 3133 3985 Spiritus
3159 3917 3330 3972 sancti
3372 3933 3399 3971 a
3450 3918 3596 3973 vitiis
3627 3932 3787 3989 posse

2203 4020 2503 4076 resurgere,
2526 4021 2821 4077 eorumque
2840 4007 3083 4062 discusso
3106 4015 3339 4077 torpore,
3365 4023 3490 4062 cum
3533 4006 3785 4063 frateme

2200 4097 2501 4153 dilectionis
2530 4098 2740 4153 fervore
2769 4097 2837 4151 ad
2867 4098 3133 4154 visionem
3157 4098 3354 4154 debere
3381 4099 3464 4154 sui
3490 4114 3787 4170 properare

2199 4191 2522 4248 Conditoris.
2553 4194 2703 4261 Quod
2749 4202 2926 4249 autem
2974 4195 3044 4261 is,
3077 4195 3167 4264 qui
3214 4202 3432 4250 sanatus
3459 4203 3563 4259 est,
3601 4193 3783 4250 Iesum

2200 4302 2305 4340 non
2335 4287 2387 4341 in
2413 4287 2568 4341 turba
2600 4288 2774 4342 adlmc
2802 4289 3044 4358 positus,
3072 4288 3163 4344 sed
3209 4298 3329 4359 post
3371 4288 3424 4342 111
3456 4288 3657 4359 templo
3687 4304 3783 4344 co-

2199 4381 2426 4453 gnoscit,
2458 4382 2684 4452 mystice
2726 4397 2824 4436 nos
2851 4382 3105 4448 instituit,
3140 4391 3198 4436 nt
3241 4383 3285 4438 si
3314 4398 3440 4437 vere
3485 4383 3787 4438 conditoris

2198 4473 2365 4528 nostri
2395 4474 2625 4544 gratiam
2649 4488 2995 4545 cognoscere,
3025 4474 3069 4529 si
3095 4474 3210 4546 ejus
3235 4488 3418 4529 amore
3444 4474 3784 4540 confirmari,

2198 4565 2241 4618 si
2267 4564 2333 4617 ad
2363 4562 2480 4630 ejus
2506 4564 2763 4618 visionem
2790 4565 3074 4637 pervenire
3099 4564 3487 4630 desideramus,
3515 4565 3786 4634 fugiamus

2200 4655 2426 4709 sollicite
2460 4657 2670 4710 turbam
2705 4671 2809 4710 non
2841 4657 3013 4711 solum
3060 4657 3390 4713 turbantium
3440 4673 3538 4713 nos
3572 4658 3781 4729 cogita-

2200 4746 2426 4812 tionum,
2452 4745 2847 4817 affectuumque
2868 4763 3176 4818 pravorum,
3204 4762 3389 4803 verum
3411 4749 3575 4803 etiam
3604 4748 3783 4803 homi-

2198 4854 2323 4892 num
2364 4854 2593 4908 nequam
2634 4839 2722 4907 qui
2751 4847 2950 4893 nostra:
2997 4840 3323 4895 sinceritatis
3352 4848 3583 4911 possunt
3613 4840 3784 4911 impe~

2198 4932 2311 4984 dire
2356 4932 2718 5001 propositum,
2766 4933 2848 4987 vel
2900 4932 3070 4997 mala,
3115 4934 3364 4990 videlicet
3406 4934 3653 5006 exemplo
3685 4950 3783 4991 suo

2196 5026 2567 5089 monstrando,
2599 5025 2680 5080 vel
2729 5027 2864 5080 bona
2913 5038 3096 5082 nostra
3144 5042 3307 5097 opera
3343 5027 3669 5094 deridendo,
3699 5028 3783 5083 vel

2195 5113 2546 5182 prohibendo.
2576 5115 2961 5187 Confugiamus
3008 5118 3175 5173 seduli
3221 5119 3288 5173 ad
3332 5121 3548 5175 domum
3578 5121 3781 5175 oratio-

2195 5205 2300 5269 nis,
2339 5206 2425 5260 ubi
2472 5216 2679 5262 secreta
2730 5208 2980 5264 libertate
3033 5210 3317 5265 Dominum
3358 5211 3693 5275 invocantes,
3726 5221 3782 5268 et

2194 5297 2259 5351 de
2290 5300 2556 5369 perceptis
2588 5301 2653 5353 ab
2694 5316 2760 5355 eo
2786 5301 3063 5356 beneficiis
3104 5303 3309 5370 gratias
3338 5318 3591 5374 agamus,
3627 5312 3684 5358 et
3716 5306 3780 5359 de

2193 5388 2552 5457 percipiendis
2582 5390 2770 5444 humili
2800 5390 3085 5455 devotione
3124 5408 3426 5469 precemur.
3459 5395 3570 5450 imo
3614 5396 3778 5451 etiam

2196 5484 2293 5551 ipsi
2337 5484 2591 5553 templum
2617 5483 2710 5538 Dei
2739 5493 3004 5551 sanctum,
3032 5488 3084 5540 in
3117 5503 3224 5558 quo
3260 5489 3441 5543 venire
3467 5496 3521 5543 et
3547 5489 3778 5543 mansio'

2195 5589 2316 5627 nem
2348 5572 2527 5629 facere
2572 5575 2848 5645 dignetur,
2886 5578 3121 5632 existere
3166 5595 3453 5644 curemus,
3498 5580 3780 5636 audientes

2196 5668 2265 5722 ab
2304 5669 2606 5739 Apostolo:
2645 5690 2663 5721 1
2711 5670 2844 5738 Quia
2899 5687 3126 5751 corpora
3161 5680 3341 5729 vestra
3401 5673 3596 5744 templa
3655 5685 3781 5729 sunt

2197 5762 2428 5832 Spiritus
2461 5765 2653 5829 sancti,
2683 5766 2772 5835 qui
2809 5766 2861 5819 in
2889 5766 3039 5821 vobis
3070 5774 3153 5821 est
3184 5766 3267 5839 (II
3297 5766 3420 5822 Cor.
3451 5766 3547 5837 vr).
3578 5786 3596 5818 1
3634 5766 3781 5822 inter

2193 5870 2314 5927 quae
2344 5855 2648 5927 diligentius
2675 5858 3023 5927 intuendum,
3054 5859 3249 5917 fratres
3279 5859 3414 5927 mei,
3447 5859 3589 5933 quod
3630 5860 3783 5918 inve-
