3994 6354
185 428 287 484 221

191 542 351 596 niens
381 542 436 596 in
465 543 661 613 templo
678 558 837 612 quem
867 554 1150 600 sanaverat
1178 545 1455 612 Dominus,
1486 545 1562 600 ait
1584 544 1663 610 illi
1693 559 1706 596 :

263 651 285 685 ι
323 633 470 691 Ecce
498 649 660 692 sanus
691 635 861 693 factus
882 651 959 702 es,
979 637 1093 706 jam
1125 637 1229 692 noli
1266 652 1512 708 peccare,
1541 653 1606 691 ne
1631 635 1777 691 dete-

194 741 214 776 ι
252 725 372 778 rius
407 725 502 783 tibi
538 723 740 796 aliquid
765 729 1059 802 contingat.
1099 749 1117 782 ι
1148 729 1353 798 Quibus
1388 730 1569 785 verbis
1595 736 1778 800 aperte

189 823 536 871 monstratur
588 818 712 887 quia
755 828 974 892 propter
1026 831 1242 890 peccata
1307 821 1628 892 languebat,
1679 836 1778 876 nec

186 909 292 966 nisi
325 909 572 968 dimissis
599 911 802 968 eisdem
827 922 1040 984 poterat
1067 915 1268 972 sanari.
1303 917 1408 971 Sed
1433 918 1523 986 qui
1552 915 1684 971 foris
1711 913 1778 970 ab

190 998 538 1063 inﬁrmitate,
563 1001 676 1072 ipse
697 1003 862 1059 etiam
892 1004 1036 1060 intus
1061 1005 1284 1060 salvavit
1311 1022 1341 1058 a
1369 1005 1591 1061 scelere.
1627 1003 1780 1060 Unde

189 1099 244 1147 et
267 1101 437 1150 caute
483 1095 822 1166 praemonuit,
851 1112 918 1154 ne
945 1097 1173 1168 amplius
1200 1099 1473 1169 peccando
1518 1096 1779 1170 gravioris

189 1181 293 1237 sibi
325 1185 660 1242 sententiam
692 1185 1052 1244 damnationis
1082 1189 1444 1246 contraheret.
1481 1190 1632 1260 Quod
1672 1206 1780 1246 non

189 1275 263 1330 ita
302 1277 594 1337 sciendum
637 1288 750 1348 est,
795 1282 948 1351 quasi
990 1284 1166 1339 omnis
1211 1285 1299 1356 qui
1343 1285 1668 1352 inﬁrmatur,
1709 1285 1779 1341 ob

185 1378 420 1436 peccata
453 1369 774 1429 inﬁrmetur.
801 1372 955 1444 Szepe
978 1374 1281 1432 inﬁrmatur
1302 1377 1484 1442 homo,
1513 1393 1578 1432 ne
1603 1377 1778 1434 extol-

185 1459 331 1518 latur
362 1463 420 1518 in
445 1463 601 1520 donis
627 1463 742 1530 Dei,
770 1465 910 1522 sicut
931 1469 997 1522 de
1015 1467 1180 1522 Paulo
1210 1467 1448 1539 apostolo
1470 1468 1664 1540 legitur
1695 1467 1780 1542 (II

185 1551 310 1608 Cor.
361 1557 512 1626 xu),
544 1572 686 1627 saepe
731 1567 791 1612 ut
836 1559 1092 1634 probetur
1127 1562 1428 1628 tribulatur,
1466 1563 1605 1618 sicut
1635 1563 1776 1619 beati

185 1641 284 1698 Job
333 1648 599 1715 patientia
646 1649 897 1708 tribulata
940 1659 994 1708 et
1031 1652 1254 1722 probata
1299 1662 1384 1710 est
1425 1653 1547 1726 (Job
1589 1671 1630 1720 ι,
1675 1653 1774 1725 n):

184 1750 328 1805 saepe
385 1737 673 1796 inﬁrmitas
727 1755 826 1814 pro
876 1742 1224 1818 castigatione
1279 1745 1455 1802 datur.
1518 1745 1779 1817 Flagellat

183 1827 330 1882 enim
381 1829 526 1886 Deus
566 1847 782 1888 omnem
827 1833 992 1888 ﬁlium
1042 1849 1202 1904 quem
1251 1838 1442 1908 recipit
1467 1837 1623 1910 (Heb.
1654 1840 1772 1908 xu).

181 1922 525 1988 Quibusdam
549 1943 676 1983 vero
702 1929 988 1985 inﬁrmitas
1011 1947 1107 2002 pro
1129 1933 1296 2004 gloria
1322 1935 1413 1992 Dei
1435 1935 1612 2004 datur,
1633 1947 1692 1992 ut
1711 1937 1778 1996 de

179 2029 328 2071 caeco
388 2027 518 2074 nato
545 2020 630 2078 vel
656 2021 722 2077 de
748 2021 957 2080 Lazaro
991 2025 1186 2095 legitur
1217 2026 1395 2100 (Joan.
1431 2046 1506 2094 ιιι,
1537 2029 1614 2100 ιι)
1639 2048 1654 2088 :
1684 2047 1778 2086 uo-

181 2106 260 2162 vit
287 2109 556 2169 Dominus
581 2128 677 2183 pro
701 2131 810 2184 quo
838 2117 1132 2186 quemlibet
1153 2116 1340 2187 jubeat
1367 2120 1660 2190 inﬁrmari,
1695 2124 1777 2180 vel

179 2196 453 2256 dimittat.
504 2201 656 2275 Saepe
706 2206 920 2262 occulto
961 2208 1013 2264 in
1055 2210 1362 2268 hominibus
1409 2215 1516 2284 agit
1550 2214 1774 2286 judicio,

177 2293 277 2383 sed
315 2309 596 2364 nunquam
641 2297 859 2367 injuste.
889 2299 997 2356 Sed
1023 2301 1295 2361 discamus
1323 2303 1513 2383 f‘lagelli
1549 2306 1778 2378 piissimi

175 2379 574 2454 Redemptoris
602 2390 775 2444 nostri
815 2391 1094 2448 humiliter
1129 2379 1420 2464 substerni,
1450 2399 1778 2457 arbitrantes

174 2488 282 2530 nos
316 2475 500 2532 minus
527 2479 640 2546 pati
686 2495 850 2550 quam
895 2497 1189 2549 meremur,
1235 2501 1447 2556 semper
1480 2487 1625 2544 illius
1652 2504 1779 2544 sen-

180 2563 375 2618 tentiae
405 2581 706 2633 memores,
729 2571 856 2640 quia
888 2560 1076 2630 beatus
1116 2577 1278 2631 homo
1307 2578 1396 2647 qui
1430 2581 1722 2650 corripitur
1749 2597 1781 2638 a

183 2657 420 2757 Domino
461 2657 646 2730 (Prov.
693 2663 796 2734 ιιι).
845 2665 911 2720 Et
941 2667 1054 2736 ipse
1097 2669 1148 2724 in
1191 2669 1509 2744 Apocalypsi
1551 2691 1611 2727 τι
1645 2674 1778 2745 Ego,

184 2748 383 2818 inquit,
421 2765 556 2819 quos
585 2767 708 2807 amo
728 2794 742 2818 ,
763 2770 964 2825 arguo,
995 2758 1236 2830 increpo,
1264 2770 1319 2816 et
1355 2764 1561 2834 castigo
1589 2765 1774 2836 (Apoc.

189 2837 291 2908 ιιι).
331 2857 351 2892 ι
377 2838 644 2912 Longaevo
675 2852 854 2899 autem
882 2844 1153 2918 languenti
1177 2849 1403 2907 interius
1431 2855 1778 2926 exteriusque

189 2939 404 2998 sanato,
440 2931 494 2988 id
517 2942 600 2988 est
629 2944 684 2990 et
710 2950 740 2990 a
771 2947 920 3008 peste
949 2939 1341 3012 castigationis,
1369 2953 1422 3002 et
1457 2962 1486 3000 a
1513 2949 1775 3016 peccatis,

192 3019 388 3088 quibus
429 3023 544 3080 haec
583 3028 895 3082 merebatur
923 3039 1136 3099 erecto,
1162 3031 1332 3090 Judaei
1365 3047 1604 3095 econtra
1638 3040 1778 3099 male

195 3109 338 3168 intus
368 3113 620 3186 languidi,
646 3119 884 3176 deterius
905 3123 1016 3194 jam
1045 3134 1310 3199 zegrotare
1335 3129 1624 3204 incipiunt,
1655 3148 1777 3203 per-

197 3209 465 3274 sequendo
489 3212 737 3269 videlicet
755 3213 958 3282 Jesnm,
977 3220 1068 3288 qui
1091 3220 1204 3276 inec
1229 3221 1432 3279 faceret
1454 3224 1506 3278 in
1529 3225 1772 3284 sabbato.

203 3295 661 3367 Pcrsequebantur
687 3315 867 3362 autem
899 3323 1021 3364 eum
1051 3326 1154 3366 non
1186 3315 1340 3382 quasi
1372 3315 1504 3386 legis
1535 3319 1774 3374 auctori-

208 3393 389 3480 tatem,
421 3391 571 3446 simul
601 3404 653 3450 et
695 3397 886 3452 divinae
920 3404 1248 3472 operationis
1278 3407 1523 3480 exempla
1553 3410 1721 3464 secuti
1762 3427 1775 3466 :

205 3477 326 3577 quia
371 3491 424 3535 et
460 3483 706 3543 Dominus
743 3505 837 3546 sex
887 3493 1075 3548 diebus
1124 3497 1305 3552 mundi
1350 3477 1589 3569 perfecta
1631 3517 1781 3558 crea-

203 3575 368 3635 tione,
398 3575 624 3649 septimo
662 3582 868 3650 quievit
912 3585 978 3640 ab
1005 3587 1256 3642 omnibus
1282 3591 1536 3659 operibus
1565 3594 1694 3660 suis,
1724 3602 1782 3650 et

198 3661 444 3755 populum
475 3682 568 3722 sex
600 3669 788 3728 diebus
814 3677 1066 3746 operari,
1100 3679 1328 3750 septimo
1355 3697 1548 3738 vacare
1576 3699 1779 3755 przece-

196 3753 368 3847 pcrit:
401 3774 506 3814 non
549 3760 928 3836 intelligentes,
964 3769 1090 3839 quia
1132 3772 1369 3828 carnalia
1401 3774 1532 3847 legis
1561 3753 1778 3836 decreta

197 3845 445 3910 paulatim
494 3861 650 3908 erant
690 3857 956 3928 spirituali
1005 3845 1472 3931 interpretatione
1499 3869 1775 3936 mutanda,

194 3949 480 4005 apparente
512 3943 602 3998 illo
649 3947 740 4016 qui
773 3963 876 4003 non
905 3958 1109 4004 tantum
1135 3953 1426 4022 Iegisiator,
1456 3958 1548 4012 sed
1577 3966 1631 4015 et
1657 3957 1777 4014 finis

195 4035 268 4120 est
295 4029 431 4100 legis
455 4031 722 4102 Christus,
753 4038 820 4092 ad
843 4040 1106 4110 justitiam
1135 4045 1281 4098 omni
1325 4048 1561 4101 credenti
1595 4046 1774 4120 (Rom.

198 4117 263 4188 κ).
300 4120 488 4194 Neque
535 4127 679 4184 enim
731 4130 1075 4189 advertentes
1112 4136 1236 4205 quia
1285 4136 1544 4192 Conditor
1593 4113 1648 4194 in
1691 4139 1778 4196 die

197 4213 450 4281 septima,
499 4233 607 4273 non
637 4220 705 4275 ab
747 4237 910 4292 opere
955 4226 1239 4282 mundanae
1287 4229 1694 4299 gubernationis
1722 4238 1777 4286 et

197 4303 380 4360 anima:
405 4347 420 4372 ,
475 4309 583 4365 imo
637 4314 1070 4384 quotidianarum
1113 4330 1487 4374 creaturarmn
1517 4323 1776 4378 substitu-

198 4396 349 4468 tione,
384 4404 476 4457 sed
507 4420 537 4458 a
573 4421 708 4460 nova
751 4419 1121 4465 creaturarum
1154 4413 1491 4468 institutione
1519 4416 1771 4471 cessavit.

198 4487 334 4554 Quod
373 4510 506 4552 vero
553 4499 748 4554 dicitur
778 4499 930 4572 (Gen.
961 4501 1054 4576 ιι),
1091 4505 1353 4576 requievit
1397 4505 1536 4564 Deus
1567 4509 1650 4564 die
1691 4526 1776 4566 se-

197 4581 351 4649 ptimo
381 4587 448 4641 ab
489 4589 739 4646 omnibus
783 4593 1036 4664 operibus
1061 4595 1193 4660 suis,
1245 4597 1318 4650 ita
1367 4597 1770 4671 intelligendum

196 4683 268 4727 est
313 4693 562 4736 cessasse
605 4681 770 4738 Deum
819 4701 847 4738 a
888 4701 1146 4744 novarum
1196 4687 1502 4745 conditione
1555 4702 1770 4748 creatu-

196 4779 246 4820 ra
253 4785 367 4826 rum
377 4811 390 4825 .

695 4884 976 4943 HOMILIA
1017 4887 1255 4948 XXXIV.

606 5011 843 5052 sasnno
881 5013 1012 5056 rosr
1051 4998 1340 5060 Invocarit.

255 5125 496 5196 (Mn-ru.
525 5127 681 5202 xvn.)
705 5148 723 5180 ι
753 5129 807 5184 In
847 5131 936 5186 illo
967 5142 1208 5204 tempore
1238 5152 1250 5188 :
1281 5133 1588 5206 Assumpsit
1612 5137 1768 5194 Jcsus
1807 5152 1812 5157 '

199 5234 214 5266 ι
233 5219 468 5288 Petrum,
483 5223 828 5290 etJacobum,
847 5224 1176 5282 etJoannem
1195 5227 1414 5282 fratrem
1431 5227 1566 5297 ejus,
1582 5251 1598 5280 ι
1620 5241 1674 5286 et
1690 5248 1770 5288 re-

194 5308 341 5380 liqua.
361 5313 624 5372 Dominus
639 5315 795 5395 Iesus
821 5316 1092 5386 Christus,
1121 5337 1222 5392 per
1243 5323 1678 5394 praedicationem
1701 5341 1766 5382 ac

193 5402 476 5464 doctrinam
498 5409 792 5482 Evangelii,
807 5427 912 5467 non
930 5413 1100 5468 solum
1119 5415 1364 5471 ﬁdelibus
1384 5417 1662 5486 praesentis
1685 5420 1760 5473 vi-

195 5500 251 5550 tte
267 5495 476 5557 labores
497 5503 712 5565 indixit,
733 5519 918 5558 verum
945 5505 1110 5559 etiam
1126 5505 1360 5560 futuram
1375 5505 1760 5564 beatitudinem

193 5595 502 5662 repromisit.
533 5597 688 5655 Unde
721 5613 844 5657 cum
877 5599 1125 5670 superius
1164 5602 1388 5656 dixisset
1411 5600 1592 5672 (Joan.
1624 5602 1720 5675 xu)
1747 5621 1759 5656 :

198 5697 213 5730 ε
245 5683 339 5752 Qui
375 5698 521 5743 amat
545 5691 780 5746 animam
812 5707 986 5759 suam,
1020 5693 1208 5764 perdet
1237 5709 1380 5758 eam,
1422 5714 1438 5744 ι
1466 5703 1569 5750 etc.
1607 5713 1625 5746 ι
1659 5680 1763 5763 Qui

191 5776 289 5832 odit
311 5781 547 5838 animam
574 5801 725 5840 suam
756 5786 809 5841 in
850 5787 953 5842 hoc
985 5785 1204 5852 mundo,
1235 5787 1286 5841 in
1314 5787 1472 5842 vitam
1501 5798 1760 5845 aeternam

193 5873 408 5930 cusmdlt
433 5889 572 5943 eam,
600 5898 618 5928 ι
649 5893 716 5934 ne
739 5877 871 5934 dura
897 5889 950 5935 et
976 5896 1164 5952 aspera
1193 5884 1498 5951 persecutio
1516 5883 1760 5957 martyrii

1398 432 1700 491 HOMILIIE
1743 431 1830 486 DE
1866 431 2208 488 TEMPORE.

1809 545 1853 602 Α
1885 543 2172 608 videretur,
2216 559 2326 598 sua:
2353 547 2621 616 passionis
2645 555 2697 602 et
2719 535 3128 602 resurrectionis
3153 542 3454 612 exemplum

3327 271 3354 296 ο

3301 417 3309 422 ”
3348 431 3452 487 sse

1881 635 2144 702 adhibuit,
2175 637 2356 692 dicens
2379 653 2436 692 se
2463 636 2846 709 Hierosolymis
2877 638 3038 692 multa
3091 647 3374 706 passurum
3401 623 3474 688 et.

1883 733 1935 787 in
1969 734 2052 790 die
2078 733 2232 788 tertia
2259 741 2708 789 resurrecturum.
2733 732 2811 786 Ne
2839 741 3015 787 autem
3044 727 3458 785 resurrectionis

1882 824 2123 888 inaudita
2162 824 2330 894 gloria
2376 807 2704 879 incredibilis
2736 823 3026 887 videretur,
3071 821 3242 876 tribus
3269 818 3470 889 electis.

1881 913 2156 988 discipulis
2201 933 2446 972 seorsum
2491 916 2733 981 eductis,
2774 914 3012 984 ejusdem
3047 911 3460 970 resurrectionis

1883 1009 2109 1064 formam
2141 1009 2194 1063 in
2226 1024 2320 1064 sua
2354 1007 2825 1078 transﬁguratione
2851 1007 3104 1060 ostendit.
3144 1006 3212 1061 Et
3236 1003 3460 1076 pulchre

1881 1109 2198 1155 ostensurus
2219 1099 2492 1170 discipulis
2513 1097 2749 1168 ejusdem
2779 1097 3188 1152 resurrectionis
3207 1096 3459 1158 formam,

1883 1204 2126 1246 seorsum
2154 1205 2247 1244 eos
2275 1189 2480 1252 eduxit,
2512 1185 2663 1258 quia'
2685 1187 2728 1241 si
2777 1185 3015 1255 ejusdem
3051 1183 3463 1239 resurrectionis

1883 1285 2171 1357 participes
2199 1300 2318 1340 esse
2350 1285 2613 1356 cupimus,
2647 1298 2678 1336 a
2713 1279 2884 1337 turbis
2915 1279 3269 1350 malignorum
3297 1277 3460 1348 spiri-

1887 1388 2033 1434 tuum
2075 1388 2130 1434 et
2166 1377 2483 1434 tumultibus
2523 1373 2703 1431 saeculi
2752 1373 2984 1444 separati
3029 1386 3148 1426 esse
3185 1371 3465 1434 debemus,

1885 1485 2096 1540 semper
2123 1468 2338 1538 quidem
2378 1473 2592 1531 mente,
2623 1464 2912 1536 aliquando
2950 1471 3008 1516 et
3050 1475 3294 1530 corpore.
3328 1459 3465 1526 Quia

1885 1561 2023 1616 'sicut
2068 1560 2330 1615 bonorum
2375 1558 2609 1613 societas
2640 1555 2865 1611 multum
2903 1551 3205 1623 juvat,~sic
3237 1550 3467 1606 inﬁrmis

1884 1655 2152 1710 mentibus
2175 1653 2438 1708 malorum
2469 1650 2755 1707 concordia
2782 1649 3097 1719 frequenter
3124 1652 3298 1719 nocet,
3330 1651 3468 1698 teste

1883 1747 2162 1822 Psalmista
2211 1745 2303 1815 qui
2353 1743 2428 1798 ait
2459 1761 2472 1797 :
2502 1761 2520 1794 ι
2573 1741 2705 1797 Cum
2753 1747 2942 1795 sancto
2981 1746 3199 1793 sanctus
3238 1735 3382 1799 eris,
3413 1739 3468 1788 et

1883 1856 2005 1895 cum
2049 1841 2168 1894 viro
2205 1837 2491 1893 innocente
2547 1835 2806 1890 innocens
2854 1833 2992 1896 eris;
3034 1841 3088 1884 et
3124 1845 3246 1885 cum
3295 1827 3471 1884 electo

1807 1915 1856 1976 Β
1882 1929 2083 1986 electus
2132 1930 2275 1995 eris,
2323 1936 2375 1984 et
2427 1942 2548 1983 cum
2597 1940 2853 1996 perverso
2897 1921 3226 1995 perverteris
3279 1917 3462 1993 (Paul.

1877 2021 2032 2093 xvn).
2075 2042 2092 2074 ι
2132 2023 2284 2079 Unde
2319 2039 2418 2080 nos
2459 2021 2713 2078 Salomon
2745 2021 2998 2074 admouet
3022 2019 3250 2074 dicens:
3290 2034 3308 2067 ‹
3345 2012 3465 2068 Noli

1877 2129 1997 2172 esse
2025 2117 2233 2173 amicus
2283 2117 2486 2172 homini
2520 2114 2814 2178 iracundo,
2847 2127 3022 2184 neque
3065 2107 3306 2165 ambules
3341 2121 3465 2164 cum

1877 2209 1995 2263 viro
2027 2208 2247 2273 furioso,
2279 2225 2346 2265 ne
2391 2208 2529 2264 forte
2569 2207 2746 2263 discas
2775 2205 2994 2262 semitas
3022 2202 3154 2273 ejus,
3202 2209 3256 2256 et
3285 2213 3468 2255 sumes

1879 2300 2189 2354 scandalum
2220 2299 2414 2354 anima;
2459 2307 2564 2353 tua:
2593 2295 2774 2369 (Prov.
2801 2296 2956 2366 xx").
2999 2314 3016 2348 ι
3044 2293 3275 2350 Pulchre
3305 2291 3466 2346 etiam

1879 2405 1972 2445 eos
1998 2391 2192 2460 quibus
2224 2407 2318 2444 cor
2346 2406 2501 2446 suum
2531 2387 2882 2444 clariﬁcatnm
2914 2387 3180 2448 ostendit,
3211 2385 3264 2438 in
3314 2396 3469 2436 mon-

1881 2493 1986 2538 tem
2035 2484 2306 2539 excelsum
2337 2482 2542 2548 eduxit,
2571 2491 2633 2536 ut
2665 2496 2766 2534 nos
2812 2481 3032 2534 doceret
3080 2477 3204 2546 quia
3242 2482 3370 2528 tunc
3401 2471 3468 2526 ad

1880 2575 2026 2630 illam
2059 2575 2284 2647 gloriam
2333 2573 2528 2629 futurze
2559 2571 2971 2628 resurrectionis
3013 2569 3238 2624 feliciter
3279 2578 3471 2638 perve—

1879 2667 1996 2721 nire
2029 2668 2404 2732 merebimur,
2453 2667 2498 2721 si
2547 2673 2763 2722 terrena
2820 2665 3161 2726 deserentes,
3219 2658 3468 2715 sublimia
3523 2730 3531 2735 _

1879 2765 2039 2828 atque
2059 2759 2302 2814 coelestia
2333 2757 2725 2822 desideramus,
2749 2756 2990 2811 dicentes
3015 2769 3140 2808 cum
3171 2751 3427 2823 Apostelo
3452 2767 3464 2802 :

1881 2863 1902 2903 ι
1931 2850 2125 2906 Nostra
2147 2859 2328 2907 autem
2351 2849 2691 2906 conversatio
2717 2849 2768 2904 in
2794 2848 2944 2904 cretis
2967 2855 3050 2903 est
3070 2845 3290 2922 (Philip.
3318 2844 3421 2914 ιιι).
3445 2861 3464 2894 ι

1881 2940 2034 2998 Unde
2064 2943 2228 2997 etiam
2267 2941 2607 2998 Salvatorem
2639 2950 3020 3013 exspectamus
3049 2939 3332 2994 Dominum
3365 2953 3466 2991 no-

1878 3042 2050 3088 strum
2080 3033 2265 3089 Jesum
2293 3032 2590 3089 Christum.
2621 3033 2782 3100 Quasi
2815 3048 2938 3087 cum
2968 3031 3198 3086 Domino
3226 3037 3466 3085 montem

1880 3123 2244 3188 ascendimus,
2276 3139 2398 3178 cum
2425 3123 2650 3196 fugitiva
2683 3123 2864 3178 mundi
2895 3122 3089 3194 gaudia
3119 3129 3469 3176 contemnen—

1881 3223 1982 3281 tes,
2024 3216 2298 3270 cmlestem
2343 3216 2574 3286 patriam
2617 3216 3027 3289 desideramus,
3059 3213 3198 3268 sicut
3241 3209 3472 3265 faciebat

1881 3305 2162 3360 Psalmista
2195 3320 2316 3359 cum
2345 3305 2556 3359 dicebat
2585 3319 2600 3357 :
2635 3323 2652 3356 ι
2701 3304 2853 3359 Sicut
2878 3319 3069 3358 cervus
3105 3301 3375 3357 desiderat
3403 3299 3471 3354 ad

1881 3394 2059 3451 fontes
2085 3408 2366 3463 aquarum,
2399 3393 2468 3448 ita
2495 3393 2765 3448 desiderat
2792 3393 2970 3446 anima
2999 3407 3117 3446 mea
3137 3392 3204 3445 ad
3231 3400 3304 3453 te,
3329 3391 3472 3444 Deus

1881 3485 2054 3560 (Psal.
2082 3485 2216 3554 xu).
2253 3497 2276 3535 ι’
2309 3481 2416 3540 Nec
2465 3483 2596 3538 illud
2645 3485 2847 3553 absque
2876 3481 3309 3537 consideratione
3335 3495 3472 3549 proco

1880 3575 2200 3633 tereundum
2233 3585 2338 3642 est,
2369 3575 2510 3646 quod
2549 3583 2671 3644 post
2712 3589 2806 3630 sex
2843 3573 2958 3628 dies
2997 3579 3197 3642 etpost
3241 3585 3305 3625 ea
3351 3581 3472 3640 qua

1881 3667 2127 3739 superius
2175 3676 2328 3740 gesta
2374 3675 2668 3722 narrantur
2705 3665 2980 3736 discipulis
3023 3677 3176 3719 suam
3226 3675 3470 3717 resurre-

1877 3762 2112 3818 ctionem
2141 3760 2443 3816 ostendisse
2484 3765 2836 3814 memoratur.
2869 3757 3002 3824 Quia
3045 3755 3188 3812 enim
3220 3768 3312 3809 se!
3345 3761 3472 3808 sunt

1878 3855 1994 3911 dies
2025 3855 2081 3910 in
2111 3855 2306 3926 quibus
2361 3852 2488 3908 licet
2511 3852 2746 3923 operari,
2778 3850 3024 3908 senarius
3051 3863 3190 3920 saepe
3211 3859 3468 3902 numerus

1876 3948 2162 4018 praesentis
2191 3947 2316 4002 vitae
2347 3945 2585 4000 laborem
2609 3943 2895 4017 signiﬁcat.
2933 3943 2997 3997 Et
3024 3942 3177 4013 quasi
3211 3949 3332 4010 post
3375 3953 3470 3994 sex

1876 4039 1993 4096 dies
2023 4039 2303 4110 discipulis
2345 4053 2496 4093 suam
2540 4037 2840 4093 claritatem
2869 4035 3138 4100 ostendit,
3179 4034 3306 4104 quia
3333 4047 3471 4104 pra:-

1879 4132 2048 4186 sentis
2075 4131 2201 4186 vitta
2227 4130 2443 4186 labores
2467 4128 2622 4185 electi
2652 4128 2717 4182 ad
2747 4127 2974 4199 gloriam
3008 4125 3202 4181 futurae
3225 4138 3468 4181 resurre-

1877 4223 2073 4279 ctionis
2119 4231 2246 4278 sunt
2294 4221 2626 4293 perventuri.
2657 4218 2794 4288 Quia
2838 4219 2978 4275 sicut
3017 4217 3304 4288 Apostolus
3335 4215 3411 4268 ait
3450 4231 3463 4268 :

1883 4335 1900 4366 ‹
1930 4312 1992 4368 Si
2033 4313 2392 4384 compatimur
2425 4319 2480 4366 et
2526 4309 2981 4379 conregnabimus
3013 4307 3196 4378 (Rom.
3221 4305 3352 4376 vui)
3389 4321 3400 4358 :
3441 4323 3462 4356 ι

1876 4417 1926 4462 et
1955 4425 1966 4462 :
1997 4426 2016 4458 ι
2051 4405 2110 4462 Si
2138 4405 2398 4462 fuerimus
2414 4405 2546 4461 socii
2567 4392 2900 4474 passionum,
2925 4401 3128 4457 erimus
3148 4409 3208 4452 et
3230 4411 3468 4453 resurre—

1875 4501 2072 4556 ctionis
2096 4499 2182 4573 (II
2209 4497 2332 4555 Cor.
2363 4498 2424 4570 ι).
2460 4518 2478 4551 ι
2507 4497 2661 4566 Quod
2689 4511 2822 4551 vero
2849 4494 3051 4550 dicitur
3083 4509 3098 4545 :

1954 4610 1971 4642 ‹
2013 4591 2076 4646 Et
2098 4589 2429 4661 resplenduit
2455 4587 2622 4644 facies
2659 4585 2800 4659 ejus,
2826 4585 2966 4640 sicut
2985 4581 3108 4637 sol:
3141 4577 3465 4634 vestimenta

1799 4659 1850 4719 Ῑ)
1885 4705 1902 4736 ι
1941 4693 2122 4739 autem
2161 4659 2280 4754 ejus
2316 4680 2460 4736 facta
2497 4687 2620 4734 sunt
2649 4677 2769 4731 alba
2820 4675 2958 4729 sicut
3005 4671 3118 4726 nix.
3147 4689 3169 4722 ι
3214 4667 3466 4738 Ejusdem

1875 4774 2284 4831 resurrectionis
2319 4771 2494 4827 forma
2533 4770 2956 4824 demonstratur.
2981 4763 3118 4832 Quia
3158 4777 3287 4834 ergo
3313 4761 3466 4834 juxta

1871 4868 1988 4937 ejus
2008 4863 2446 4938 promissionem,
2469 4879 2488 4910 ι
2509 4859 2793 4930 fulgebunt
2805 4855 2936 4928 justi
2951 4857 3095 4912 sicut
3115 4855 3193 4912 sol
3215 4856 3270 4910 in
3301 4868 3468 4925 regno

1873 4955 2048 5011 Patris
2071 4953 2286 5025 (Matth.
2313 4953 2460 5024 xm),
2493 4971 2512 5003 ι
2548 4952 2600 5006 in
2628 4950 2920 5020 semetipso
2951 4949 3184 5005 ostendit
3208 4947 3350 5019 quod
3382 4946 3466 5001 fu-

1869 5057 2050 5102 turum
2077 5053 2291 5101 constat
2339 5045 2392 5099 in
2439 5041 2717 5098 membris.
2778 5039 3030 5111 Nunquid
3081 5040 3210 5096 solis
3242 5039 3464 5094 claritas

1877 5139 2102 5195 Domino
2128 5137 2271 5193 valet
2316 5133 2640 5205 comparari,
2681 5132 2766 5189 vel
2814 5139 3145 5195 sanctorum,
3177 5131 3244 5185 de
3271 5129 3465 5198 quibus

1874 5229 2003 5287 dicit
2027 5229 2358 5303 Apostolus:
2387 5245 2406 5278 ι
2445 5225 2610 5282 Stella
2641 5225 2709 5281 ab
2737 5226 2890 5282 stella
2915 5223 3164 5280 diﬁ‘ertin
3195 5222 3460 5287 claritate,

1872 5325 1950 5381 sic
2003 5334 2059 5380 et
2106 5321 2434 5378 resurrectio
2485 5327 2822 5375 mortuorum
2873 5317 2926 5390 (1
2965 5315 3088 5372 Cor.
3125 5314 3238 5387 xv).
3303 5332 3322 5364 ι
3358 5313 3464 5366 Sed

1869 5417 1996 5488 quia
2028 5415 2084 5470 in
2119 5413 2280 5469 rebus
2311 5411 2618 5468 visibiiibus
2639 5411 2772 5466 nihil
2805 5410 2914 5467 sole
2939 5408 3267 5480 splendidius
3299 5419 3463 5474 appa-

1868 5517 1966 5572 ret,
2001 5523 2096 5578 per
2123 5504 2424 5561 claritatem
2462 5503 2590 5559 solis
2643 5502 2836 5558 futurae
2864 5502 2985 5556 vitae
3013 5499 3261 5570 splendor
3289 5496 3461 5566 signi-

1868 5599 2060 5657 ficatus
2089 5607 2192 5664 est,
2219 5598 2423 5669 inqua,
2454 5599 2594 5653 sicut
2614 5613 2712 5669 per
2739 5595 3014 5652 Danielem
3037 5593 3267 5646 dicitur:
3297 5608 3314 5640 ι
3351 5589 3458 5654 Qui

1867 5693 2008 5750 docti
2043 5697 2191 5755 sunt,
2226 5680 2504 5762 fulgebqu
2533 5690 2673 5746 sicut
2711 5686 2963 5758 splendor
2999 5680 3327 5737 ﬁrmamenti
3355 5697 3368 5734 :
3405 5686 3462 5734 et

1866 5787 1958 5858 qui
2017 5787 2084 5840 ad
2131 5785 2401 5857 justitiam
2452 5785 2709 5840 erudiunt
2751 5781 2971 5838 multos,
3017 5774 3173 5844 quasi
3209 5774 3459 5832 stelltein

1863 5889 2158 5955 perpetuas
2192 5881 2523 5936 aeternitates
2553 5875 2716 5948 (Dan.
2739 5871 2864 5946 ιιι).
2891 5889 2913 5923 ι
2949 5869 3015 5924 Et
3040 5868 3294 5941 quoniam
3321 5868 3460 5932 nini!
