3994 6354
517 384 624 438 225

1162 378 1515 436 HAYMONIS
1552 376 2030 466 HALBEBSTAT.
2074 374 2287 432 EPlSC.
2329 374 2481 431 OPP.
2518 372 2700 431 PARS
2738 374 2802 430 ll.
2842 402 2911 414 —
2949 370 3184 428 HOMIL.

3691 384 3799 441 224

519 498 633 555 sole
653 498 854 554 clarius
891 497 974 570 (ut
994 496 1248 568 diximus)
1271 496 1457 551 videre
1483 496 1756 561 novimus,
1782 509 1889 549 non
1930 493 2104 548 solum
2130 491 2185 552 Α
2208 487 2675 570 stamentitideles
2695 487 2761 543 de
2786 483 2998 541 Domini
3035 484 3268 539 adventu
3291 483 3553 549 sentiunt,
3580 484 3811 553 quando

520 592 754 657 Domini,
784 590 877 648 sed
923 592 1084 645 etiam
1119 597 1426 644 sanctorum
1478 590 1533 644 in
1562 590 1961 645 resurrectione
1988 588 2113 659 glo-,

518 684 601 738 ria
627 683 756 739 solis
803 683 1038 753 aspectui
1061 689 1430 754 comparatur,
1480 683 1605 761 quia
1639 682 1837 738 clarius
1863 681 1976 737 sole
2004 682 2101 736 ali-

519 775 673 845 quid,
706 774 847 829 unde
874 773 1177 845 exemplum
1231 774 1455 829 daretur
1499 773 1824 837 hominibus,
1878 773 2101 829 minime

452 859 455 863 ⁴
517 866 694 937 potuit
731 866 994 920 invenire.
1045 864 1198 921 Hanc
1229 874 1409 921 autem
1449 865 1798 922 clariﬁcatam
1831 863 2099 921 Dominici

517 958 758 1029 corporis
786 958 1143 1027 majestatem,
1177 961 1318 1035 hanc
1345 969 1655 1016 sanctorum
1682 974 1968 1027 corpon
1992 958 2101 1014 cla-

518 1050 760 1118 ritatem,
792 1050 974 1109 nullus
999 1053 1055 1107 in
1077 1053 1282 1124 judicio
1304 1052 1655 1123 reproborum
1678 1051 1863 1107 videre
1907 1060 2100 1123 putan-

516 1143 616 1199 dus
638 1154 739 1199 est.
777 1143 1014 1201 Tantum
1039 1146 1296 1202 videbunt
1324 1145 1381 1200 in
1414 1160 1573 1215 quem
1599 1144 2001 1209 transfixerunt,
2045 1152 2102 1200 et

512 1235 771 1308 plangent
814 1252 876 1292 se
906 1252 1067 1308 super
1094 1253 1217 1294 eum
1251 1252 1440 1294 omnes
1482 1237 1654 1293 tribus
1680 1244 1856 1292 terrae.
1883 1236 1956 1291 At
1975 1252 2100 1293 cum

514 1326 961 1397 peractojudicio
994 1329 1190 1385 sublati
1220 1328 1422 1385 fuerint
1445 1329 1612 1400 impii,
1638 1345 1705 1385 ne
1740 1331 1958 1387 videant
1984 1331 2100 1404 glo-

513 1416 652 1470 riam
699 1418 815 1485 Dei,
851 1427 976 1475 tunc
1022 1419 1154 1490 justi
1203 1422 1273 1476 ad
1325 1421 1794 1493 contemplandam
1837 1434 2099 1496 perpetuo
2147 1478 2161 1491 η,

514 1508 742 1579 gloriam
784 1514 935 1585 regni
962 1513 1100 1586 ejus,
1130 1523 1186 1571 et
1227 1516 1330 1587 ipsi
1359 1532 1458 1588 pro
1490 1518 1708 1596 modulo
1733 1534 1831 1575 suo
1856 1520 2101 1577 incorru-

511 1601 713 1670 ptionis
765 1603 992 1674 gloriam
1023 1606 1390 1680 transfigurati
1442 1610 1736 1665 intrabunt.
1787 1610 1942 1668 Unde
1969 1613 2101 1670 dicit

513 1692 839 1762 Apostolus:
872 1716 890 1749 ι
925 1697 1025 1764 Qui
1075 1699 1391 1756 reforinabit
1416 1717 1612 1772 corpus
1658 1704 1978 1761 humilitatis
2000 1723 2100 1764 no-

514 1790 661 1870 strae,
710 1786 1105 1859 configuratum
1135 1792 1350 1861 corpori
1407 1793 1670 1851 claritatis
1713 1810 1826 1852 suae
1872 1797 2133 1870 (Philipg

2209 579 2353 651 quod
2382 568 2980 649 illi‘praenuntiaverunt
3016 574 3278 641 futurum,
3314 575 3404 629 isti
3429 575 3811 644 pranuntiant

2202 670 2315 740 jam
2340 668 2562 725 factum.
2589 669 2763 724 Aliter
2787 668 2951 724 etiam
2975 681 3072 737 per
3093 664 3335 737 Moysen,
3376 665 3470 736 qui
3489 665 3687 721 mortis
3713 664 3809 721 de-

2206 764 2378 820 bitum
2402 764 2601 818 nedum
2624 760 2877 827 exsolvit,
2906 761 3040 815 duos
3068 765 3376 814 sanctorum
3401 756 3626 813 ordines
3665 774 3799 829 pos-

2208 872 2395 913 sumus
2442 857 2710 927 accipere,
2743 863 2799 911 et
2839 853 2959 909 illos
3004 852 3230 920 scilicet,
3278 850 3371 920 qui
3406 850 3624 907 Domini
3680 850 3806 905 ulti-

2206 966 2355 1005 mum
2377 949 2668 1005 adventum
2695 946 2975 1002 moriendo
3013 960 3111 1015 per
3132 942 3352 1014 Moysen
3374 950 3803 1013 praecesserunt,

2207 1051 2263 1098 et
2296 1042 2415 1098 illos
2463 1042 2555 1113 qui
2581 1039 3030 1112 temporejudicii
3063 1037 3169 1092 vivi
3195 1037 3249 1091 in
3297 1051 3461 1091 carne
3488 1035 3804 1091 inveniendi

2206 1145 2350 1191 sunt.
2373 1134 2519 1189 Bene
2546 1148 2676 1205 ergo
2696 1147 2818 1187 cum
2866 1145 2932 1185 eo
2953 1128 3055 1183 visi
3086 1128 3139 1182 in
3183 1125 3464 1196 majestate
3489 1142 3805 1182 memoran-

2210 1239 2319 1295 tur,
2353 1229 2484 1299 quia
2511 1236 2567 1283 et
2615 1227 2705 1282 isti
2762 1223 3094 1289 resuscitati,
3148 1229 3204 1279 et
3252 1222 3328 1277 illi
3373 1222 3676 1285 immutati,
3716 1236 3803 1275 ra-

2205 1320 2420 1391 pientur
2448 1318 2502 1372 in
2533 1317 2765 1373 nubibus
2802 1316 3017 1371 obviam
3044 1312 3262 1369 Christo
3310 1313 3365 1368 in
3393 1327 3525 1368 aera
3555 1311 3611 1385 (Ι
3640 1311 3796 1367 Thes.

2206 1408 2304 1480 tv),
2335 1416 2389 1461 et
2415 1406 2515 1469 sic,
2542 1420 2756 1476 semper
2784 1419 2906 1459 cum
2961 1402 3192 1458 Domino
3240 1408 3422 1467 erunt,
3450 1401 3675 1472 quando
3702 1402 3801 1456 im-

2203 1500 2440 1572 plebitur
2464 1498 2756 1570 promissio
2811 1497 3042 1561 Domini,
3075 1495 3339 1551 dicentis:
3377 1515 3395 1547 ‹
3426 1494 3616 1561 Pater,
3650 1496 3719 1550 da
3744 1505 3801 1552 ut

2206 1594 2346 1650 sicut
2373 1607 2474 1664 ego
2490 1602 2547 1649 et
2571 1600 2628 1647 tu
2648 1606 2815 1646 unum
2845 1605 3053 1654 sumus,
3083 1589 3159 1643 ita
3180 1595 3235 1643 et
3259 1588 3350 1644 isti
3372 1589 3426 1643 in
3447 1588 3613 1644 nobis
3632 1604 3800 1643 unum

2205 1686 2314 1741 sint
2343 1683 2523 1757 (Joan.
2548 1681 2705 1755 xvn),
2731 1700 2750 1734 ι
2778 1697 2883 1736 non
2906 1679 3235 1751 aequalitate,
3258 1678 3353 1734 sed
3378 1678 3796 1749 participatione

2207 1777 2410 1850 gloriae.
2465 1774 2572 1831 Sed
2614 1773 2775 1844 hujus
2793 1773 3021 1829 visionis
3049 1771 3292 1828 claritate
3313 1777 3582 1840 quantum
3607 1768 3796 1826 Petrus

512 1862 619 1946 in).
654 1895 673 1929 ι
697 1875 802 1933 Per
822 1881 1142 1937 vestimenta
1177 1860 1307 1938 vero
1354 1883 1589 1950 Domini,
1620 1901 1741 1956 quae
1784 1860 1928 1944 facta
1974 1860 2088 1945 sunt

2204 1870 2478 1941 apostolus
2501 1869 2800 1925 delectatus
2829 1867 2922 1931 sit,
2954 1863 3344 1930 tnauifestavit,
3393 1878 3520 1919 cum
3566 1878 3794 1934 respon-

513 1964 634 2021 alba
662 1966 804 2023 sicut
822 1969 937 2035 nix,
969 1971 1213 2027 Ecclesia
1236 1971 1573 2044 designatur,
1601 1991 1761 2046 quam
1778 1978 1931 2049 juxta
1958 1980 2103 2050 Apo-

512 2057 709 2113 stolum
738 2058 899 2133 elegit
945 2058 1264 2137 (Ephes.v),
1313 2080 1421 2120 non
1471 2057 1758 2131 habentem
1806 2073 2096 2140 maculam,

514 2164 690 2221 neque
709 2167 925 2223 rugam,
951 2162 1011 2208 ut
1037 2164 1183 2211 esset
1204 2157 1405 2211 munda
1430 2166 1486 2213 et
1518 2148 1860 2217 immaculata
1884 2162 1938 2219 in
1964 2179 2098 2220 con-

513 2250 702 2311 spectu
731 2244 869 2314 ejus,
903 2245 1048 2301 sicut
1087 2261 1187 2317 per
1213 2245 1472 2308 Joannem
1499 2250 1555 2306 in
1599 2251 1918 2327 Apocalypsi
1961 2257 2098 2313 dici-

508 2340 637 2388 tur:
676 2353 695 2386 t
750 2335 869 2391 Vidi
923 2336 1201 2394 civitatem
1254 2349 1495 2397 sanctam
1545 2341 1844 2400 Jerusalem
1899 2361 2094 2403 novam

510 2423 926 2483 descendentem
953 2428 1019 2485 de
1057 2429 1220 2496 caelo,
1266 2438 1523 2503 tanquam
1569 2448 1822 2505 sponsam
1847 2446 2097 2495 ornatam

507 2516 624 2570 viro
655 2532 752 2573 suo
778 2517 963 2591 (Apoc.
987 2520 1124 2594 xxt).
1154 2540 1175 2575 ι
1205 2521 1357 2579 Sicut
1400 2525 1546 2580 enim
1574 2527 1738 2583 vestis
1767 2529 1951 2585 multis
1989 2530 2096 2587 ﬁlis

508 2610 731 2678 texitur,
778 2612 860 2667 sic
908 2613 1151 2671 Ecclesia
1210 2617 1396 2673 multis
1446 2618 1739 2676 virtutibus
1782 2621 2091 2690 decoratur,

502 2698 657 2769 juxta
681 2702 809 2758 illud
835 2704 986 2761 Isaiae
1009 2720 1025 2760 :
1049 2725 1069 2759 ι
1102 2706 1238 2763 Vivo
1259 2723 1383 2780 ego,
1405 2708 1537 2766 dicit
1553 2711 1835 2780 Dominus,
1861 2715 1987 2784 quia
2009 2716 2095 2771 his

507 2792 760 2849 omnibus
791 2793 937 2851 velut
964 2807 1282 2855 ornamento
1311 2802 1559 2857 vestieris
1608 2802 1744 2875 (Isa.
1769 2806 1940 2879 χιιι).
1974 2826 1994 2859 ι
2026 2807 2096 2864 Et

504 2883 832 2953 Apostolus:
861 2906 880 2940 ‹
930 2888 1204 2960 Quotquot
1231 2892 1376 2947 enim
1419 2892 1633 2967 (inquit)
1662 2896 1717 2951 in
1750 2896 1969 2955 Christo
1992 2900 2090 2956 ba-

505 2978 696 3049 ptizati
724 2979 877 3048 estis,
911 2980 1184 3051 Christum
1205 2984 1457 3042 induistis
1482 2972 1627 3059 (Gul.
1653 2988 1758 3060 Ill).
1789 3009 1808 3043 ι
1840 2990 1954 3047 Hoc
1981 3001 2087 3060 est,

503 3072 595 3142 qui
625 3072 677 3126 in
707 3066 949 3143 tempore
984 3077 1399 3133 resurrectionis
1441 3080 1588 3134 omni
1615 3080 1736 3137 labe
1764 3080 2089 3151 iniquitatis,

503 3163 664 3220 simul
691 3171 747 3219 et
775 3165 844 3221 ab
874 3167 1023 3221 omni
1050 3167 1397 3225 mortalitatis
1419 3171 1752 3227 obscuritate
1784 3173 2090 3230 castifican-

2158 1952 2167 1959 ’
2202 1962 2335 2020 dens
2365 1963 2501 2018 dixit
2520 1962 2591 2018 ad
2615 1962 2839 2018 Jesum:

2276 2074 2294 2106 ‹
2328 2055 2575 2121 Domine,
2602 2054 2804 2109 bonum
2832 2061 2917 2109 est
2939 2067 3040 2108 nos
3063 2052 3153 2108 hic
3185 2065 3324 2108 esse.
3356 2069 3375 2104 ι
3408 2049 3517 2107 Ubi
3559 2049 3795 2106 ostendit

2199 2161 2470 2202 summum
2508 2147 2710 2202 bonum
2746 2155 2801 2201 et
2837 2145 3137 2217 principale
3166 2145 3221 2199 in
3276 2143 3460 2199 futura
3511 2142 3632 2197 vita
3680 2158 3793 2198 cum

2200 2236 2429 2292 Domino
2457 2250 2599 2302 esse,
2624 2251 2730 2291 non
2754 2237 2809 2291 in
2835 2235 3088 2307 przesenti
3121 2233 3340 2301 saeculo,
3365 2233 3513 2304 quod
3534 2240 3717 2288 totum
3744 2233 3792 2287 in

2198 2330 2436 2400 maligno
2461 2330 2698 2400 positum
2736 2338 2841 2396 est,
2864 2338 2921 2386 et
2944 2330 3034 2385 ubi
3054 2327 3211 2398 juxta
3239 2328 3394 2384 Pauli
3423 2329 3664 2399 apostoli
3704 2343 3791 2383 vo-

2197 2438 2335 2489 cem,
2363 2422 2481 2478 dies
2526 2422 2655 2478 mali
2678 2431 2823 2479 sunt.
2852 2421 2967 2478 Hoc
2990 2423 3136 2478 enim
3166 2423 3368 2477 bonum
3420 2432 3697 2487 senserat,
3738 2431 3789 2478 et

2196 2515 2323 2570 huic
2352 2515 2619 2572 inhaerere
2655 2514 2767 2571 Deo
2808 2515 3011 2571 bonum
3049 2524 3153 2571 est.
3177 2514 3337 2583 Quod
3376 2524 3563 2571 autem
3592 2516 3659 2571 ab
3697 2515 3781 2570 illa

2195 2606 2407 2663 visione
2432 2607 2714 2663 discedere
2734 2606 2919 2673 nollet,
2947 2607 3311 2663 manifestavit
3337 2623 3465 2663 cum
3508 2608 3767 2678 adjuuxit:

2202 2714 2221 2747 ι
2254 2694 2311 2751 Si
2348 2697 2453 2763 vis,
2485 2696 2747 2752 faciamus
2773 2697 2861 2753 hic
2906 2697 3005 2752 tria
3037 2697 3408 2763 tabernacula,
3467 2698 3563 2753 tibi
3596 2712 3770 2761 unum,

2199 2807 2219 2840 σ
2256 2789 2424 2861 Moysi
2469 2806 2635 2845 unum
2664 2799 2721 2845 et
2755 2791 2884 2847 Eliae
2914 2807 3101 2847 unum.
3133 2812 3152 2845 ο
3187 2790 3301 2847 Hoc
3341 2800 3530 2848 autem
3554 2793 3688 2847 dixit
3709 2794 3782 2863 (ut

2195 2882 2335 2938 alius
2375 2884 2709 2956 evangelista
2738 2884 2927 2957 refert)
2957 2886 3207 2941 nesciens
3233 2886 3363 2956 quid
3407 2886 3640 2952 diceret,
3665 2886 3782 2957 quia

2194 2975 2431 3030 humana
2471 2984 2667 3031 natura
2713 2991 2839 3033 cum
2868 2976 3011 3032 ultra
3058 2978 3277 3033 modum
3328 2993 3438 3033 suae
3468 2977 3782 3051 fragilitatis
3818 2966 3821 2973 ’

2194 3065 2431 3132 ducitur,
2458 3066 2748 3138 aliquando
2771 3082 2924 3123 suam
2950 3068 3125 3139 ipsam
3162 3070 3521 3141 ignorantiam
3547 3070 3782 3140 ignorat.

2196 3155 2486 3212 Nesciebat
2510 3158 2645 3229 quid
2676 3159 2900 3226 diceret,
2934 3160 3152 3230 quando
3180 3160 3233 3214 in
3258 3169 3452 3214 (eterna
3495 3158 3591 3213 illa
3615 3160 3782 3231 gloria

505 3264 611 3311 ων,
638 3256 968 3313 vestimenta
999 3260 1145 3315 enim
1191 3223 1402 3317 Domini
1772 3223 2087 3324 έιῇξωεξξξι
2113 3223 2159 3289 C
2193 3223 2545 3319 temporalia-
2569 3223 2925 3306 tabernacula
2952 3223 3275 3308 -necessaria
3322 3223 3648 3305 aestimabat:
3705 3253 3781 3307 lbi

502 3348 617 3415 nix,
653 3350 780 3421 quia
835 3350 1078 3408 Ecclesia
1108 3353 1161 3408 in
1188 3352 1370 3409 futura
1393 3354 1507 3410 vita
1556 3355 1623 3412 ad
1648 3355 1895 3427 gloriam,
1924 3373 2089 3428 quam

500 3440 688 3498 oculus
704 3456 812 3499 non
837 3443 991 3511 vidit,
1015 3459 1117 3500 nec
1130 3446 1280 3502 auris
1300 3446 1526 3513 audivit,
1542 3461 1643 3504 nec
1665 3448 1717 3502 in
1738 3463 1835 3504 cor
1853 3450 2090 3508 hominis

500 3537 761 3604 ascendit,
794 3545 877 3593 est
903 3548 1248 3609 perventura,
1280 3540 1349 3597 ad
1369 3556 1532 3611 quam
1555 3543 1841 3612 pervenire
1865 3546 2095 3615 optabat

502 3626 693 3694 David,
744 3645 868 3685 cum
894 3631 1146 3686 dicebat:
1175 3649 1195 3684 ι
1232 3631 1462 3687 Lavabis
1497 3646 1587 3687 me
1614 3641 1673 3687 et
1711 3649 1873 3703 super
1908 3636 2088 3692 nivem

500 3719 789 3775 dealbabor
810 3717 982 3790 (Psal.
1004 3721 1079 3791 ι).
1110 3740 1129 3773 1
1164 3720 1320 3777 Unde
1339 3722 1478 3776 bene
1498 3721 1567 3777 de
1588 3722 1777 3778 iisdem
1796 3726 2090 3782 vestimen-

500 3808 571 3863 tis
593 3822 690 3877 per
708 3808 873 3864 alium
901 3810 1287 3881 evangelistam
1304 3849 1321 3875 ,
1344 3810 1554 3867 scilicet
1582 3811 1845 3881 Marcum,
1866 3816 2083 3873 dicitur.

506 3915 526 3949 ι
557 3896 695 3964 Quia
722 3897 865 3955 facta
912 3907 1041 3956 sunt
1077 3900 1308 3957 candida
1350 3901 1514 3958 nimis
1565 3901 1717 3958 velut
1744 3905 1855 3972 nix,
1902 3907 2084 3978 qualia

496 3990 628 4045 fullo
655 4006 762 4047 non
806 4001 983 4063 potest
1011 3991 1191 4050 facere
1234 4009 1399 4067 super
1445 4005 1647 4055 terram
1693 4000 1888 4072 (Marc.
1917 4001 2016 4072 rx).
2057 4023 2077 4057 ι

498 4081 761 4150 Quoniam
807 4093 1008 4154 quanta
1056 4083 1238 4141 futura
1291 4087 1363 4143 sit
1396 4087 1567 4160 gloria
1612 4099 1948 4160 sanctorum,
1978 4108 2081 4150 nec

497 4173 706 4238 doctor,
738 4188 840 4231 nec
881 4175 1207 4246 praedicator
1253 4177 1481 4248 quilibet
1515 4181 1828 4251 spiritualis,
1862 4183 1914 4236 in
1944 4200 2081 4253 prte-

495 4265 635 4320 senti
668 4264 781 4320 vita
802 4266 917 4321 suis
937 4266 1079 4322 valet
1105 4267 1318 4339 aperire
1342 4272 1703 4328 sermonibus.
1736 4271 1843 4329 Sed
1886 4289 1955 4330 ne
1984 4275 2081 4330 ali-

494 4372 599 4428 qua
660 4358 927 4414 dubitatio
968 4359 1023 4414 in
1067 4361 1436 4431 apostolon
1488 4364 1743 4421 cordibus
1798 4381 2080 4423 remanere

492 4460 714 4521 posset,
763 4450 886 4523 pust
918 4452 1443 4523 transfigurationem
1493 4455 1760 4513 Dominici
1810 4460 2075 4530 corporis,

492 4544 669 4600 idonei
704 4552 868 4601 testes
891 4545 1234 4602 adhibentur.
1277 4546 1430 4603 Unde
1460 4557 1515 4604 et
1542 4550 1792 4606 subditur
1820 4570 1835 4606 :

2191 3346 2334 3400 enim
2378 3346 2680 3402 materialis
2732 3346 3064 3402 tabernaculi
3096 3345 3425 3402 constructio
3470 3347 3780 3401 necessaria

2190 3454 2298 3494 non
2326 3446 2428 3507 est,
2460 3440 2552 3496 ubi
2598 3455 2867 3497 summum
2911 3441 3113 3497 bonum
3151 3451 3206 3496 et
3226 3439 3526 3512 perfectum
3569 3440 3775 3496 Domini

2189 3531 2327 3587 visio
2348 3540 2454 3599 est,
2477 3532 2619 3588 sicut
2644 3547 2742 3603 per
2781 3532 3047 3590 Joannem
3076 3534 3141 3589 de
3177 3549 3409 3605 superna
3438 3533 3670 3590 civitate
3690 3532 3775 3588 Je-

2189 3622 2424 3678 rusalem
2446 3622 2684 3679 dicitur:
2725 3643 2746 3676 ‹
2775 3624 2844 3680 Ει
2872 3625 3130 3695 templum
3156 3641 3267 3681 non
3302 3626 3415 3681 vidi
3459 3626 3518 3680 in
3556 3641 3644 3691 ea,
3671 3625 3772 3679 Do—

2188 3714 2368 3770 minus
2393 3717 2539 3770 enim
2567 3716 2710 3772 Deus
2734 3717 2990 3788 templum
3022 3718 3166 3773 illius
3187 3726 3291 3785 est,
3313 3725 3369 3773 et
3399 3732 3571 3788 agnus
3594 3716 3772 3791 (Apoc.

2186 3808 2324 3879 xxx).
2356 3827 2376 3860 ι
2410 3807 2599 3875 Qualis
2642 3816 2824 3865 autem
2873 3811 3207 3865 constructio
3253 3811 3304 3864 in
3343 3825 3410 3864 ea
3459 3808 3643 3864 futura
3684 3810 3773 3873 sit,

2183 3897 2477 3955 Psalmista
2524 3900 2784 3967 declarat,
2840 3916 2965 3957 cum
3011 3902 3184 3957 dicit:
3232 3920 3252 3953 t
3308 3899 3611 3959 Jerusalem
3657 3917 3774 3971 quae

2183 3991 2481 4048 aediﬁcatur
2522 4002 2583 4048 ut
2632 3995 2869 4063 civitas,
2942 3994 3095 4064 cujus
3150 3996 3496 4067 participatio
3543 3995 3661 4064 ejus
3720 3996 3774 4049 in

2183 4084 2416 4155 idipsum
2461 4083 2632 4157 (Psal.
2658 4088 2829 4159 cxxt).
2859 4107 2877 4140 ι
2917 4087 2985 4143 Ει
3034 4088 3295 4144 Dominus
3340 4090 3394 4142 in
3436 4088 3770 4159 Evangelio:

2187 4194 2206 4228 ι
2237 4176 2296 4233 In
2333 4178 2494 4233 domo
2529 4176 2704 4234 Patris
2734 4180 2838 4234 mei
2870 4180 3183 4236 mansiones
3207 4180 3390 4236 multa:
3420 4189 3549 4235 sunt
3588 4179 3770 4251 (Joan.

2182 4266 2318 4339 xiv).
2348 4286 2368 4320 ι
2424 4265 2602 4325 Unum
2645 4278 2826 4325 autem
2876 4271 3127 4342 idemque
3163 4271 3393 4327 sollicite
3421 4271 3773 4327 consideran-

2180 4359 2308 4414 dum
2348 4368 2452 4427 est,
2484 4363 2611 4431 quia
2655 4361 2812 4433 juxta
2858 4361 3161 4419 Psalmista
3197 4378 3425 4419 vocem:
3464 4382 3483 4415 (
3531 4362 3648 4418 Non
3677 4363 3773 4417 ha-

2178 4449 2317 4507 bitat
2361 4467 2484 4508 cum
2513 4467 2579 4509 eo
2616 4452 2904 4525 malignus,
2938 4470 3115 4527 neque
3150 4456 3547 4526 permanebunt
3582 4456 3768 4528 injusti

2100 4582 2155 4645 D
2180 4552 2307 4600 ante
2334 4545 2520 4601 oculos
2551 4543 2669 4615 ejus
2704 4545 2876 4617 (Psal.
2901 4547 2978 4619 v).
3009 4566 3029 4600 ι
3068 4547 3217 4604 Unde
3245 4549 3325 4604 sic
3368 4548 3767 4620 interrogantes

570 4652 587 4685 ς
626 4635 764 4691 Ecce
792 4645 1162 4707 apparuerunt
1210 4636 1421 4710 Moyses
1463 4649 1518 4696 et
1562 4640 1707 4698 Elias
1753 4659 1875 4699 cum
1903 4660 1968 4701 eo
1991 4645 2072 4702 Ιο.
2100 4635 2146 4645 ’⁷
2181 4637 2488 4704 Dominum,
2518 4654 2639 4694 cum
2667 4638 2939 4709 Propheta
2970 4640 3239 4696 dicimus:
3284 4661 3303 4693 ι
3335 4640 3587 4709 Domine,
3645 4642 3769 4712 quis

495 4743 513 4775 ι
548 4733 792 4792 quentes.
819 4744 839 4778 ι
873 4725 1071 4793 Quales
1100 4736 1279 4783 autem
1302 4731 1667 4801 apparuerint,
1689 4733 1783 4805 vel.
1799 4721 1928 4805 quid
1949 4750 2070 4791 cum

489 4828 556 4867 eo
585 4814 746 4869 locuti
774 4815 902 4881 sint,
931 4817 1071 4874 alius
1092 4818 1321 4891 (scilicet
1346 4820 1546 4894 Lucas)
1568 4824 1918 4901 (evangelista
1945 4842 2067 4882 ma-

489 4905 737 4961 nifestius
781 4905 1039 4975 declarat,
1083 4909 1306 4967 dicens:
1336 4932 1355 4965 ι
1403 4913 1471 4968 Et
1512 4928 1640 4971 ecce
1685 4916 1788 4970 visi
1827 4927 1951 4972 sunt
1984 4917 2067 4974 lo-

489 5006 715 5068 quentes
741 5011 863 5052 cum
884 5012 949 5053 eo
975 4997 1184 5072 Moyses
1223 5011 1278 5057 et
1302 4998 1467 5071 Elias,
1517 5005 1784 5076 splendidi
1812 5006 1868 5061 in
1894 5008 2065 5078 maje-

489 5098 650 5154 state,
677 5089 1031 5159 pratdicantes
1050 5090 1165 5161 ejus
1189 5108 1471 5152 excessum
1494 5096 1547 5150 in
1586 5096 1883 5151 Jerusalem
1907 5094 2060 5168 (Luc.

490 5182 590 5251 Ix).
622 5200 640 5232 ι
671 5180 771 5236 Ubi
801 5196 897 5252 per
920 5181 1135 5255 Moysen
1162 5192 1217 5240 et
1259 5185 1455 5252 Eliam,
1503 5192 1558 5241 et
1582 5185 1717 5255 legis
1746 5193 1803 5240 et
1826 5186 2061 5256 prophe-

488 5281 667 5326 tarum
710 5270 928 5327 oracula
977 5272 1342 5345 intelligimus,
1395 5274 1488 5345 qui
1534 5273 1902 5343 praedicabant
1948 5274 2064 5346 ejus

488 5378 772 5421 excessum
792 5365 846 5420 in
874 5363 1194 5435 Jerusalem,
1222 5367 1350 5436 quia
1384 5365 1471 5421 lex
1496 5374 1553 5421 et
1579 5364 1855 5445 propheta:
1881 5366 2062 5424 Domi-

488 5472 615 5513 num
650 5472 931 5529 passurum
963 5466 1019 5513 et
1067 5466 1494 5514 resurrecturum
1542 5460 2059 5528 pramuntiaverunt.

489 5550 615 5607 Sive
640 5551 816 5618 aliter,
869 5566 969 5622 per
995 5549 1216 5623 Moysen
1243 5559 1299 5605 et
1338 5550 1530 5619 Eliam,
1561 5560 1852 5625 utrumque
1878 5554 2067 5612 Testa-

486 5652 731 5700 mentum
760 5643 1059 5713 intelligere
1101 5657 1409 5713 possumus,
1440 5645 1606 5701 Vetus
1655 5646 1936 5703 scilicetet
1961 5646 2065 5705 No-

486 5749 634 5790 vum.
662 5733 779 5791 Una
800 5748 929 5804 ergo
954 5747 1085 5789 voce
1114 5732 1324 5806 Moyses
1374 5744 1430 5791 et
1456 5736 1601 5793 Elias
1643 5753 1925 5795 excessum
1962 5740 2067 5796 Do-

486 5828 623 5884 mini
668 5827 1056 5899 prtedixerunt,
1078 5828 1205 5899 quia
1234 5830 1488 5887 concordi
1523 5832 1628 5888 [ide
1657 5834 1935 5904 utriusque
1965 5834 2067 5889 Te-

2180 4728 2447 4785 habitabit
2468 4730 2522 4786 in
2553 4731 2900 4787 tabernaculo
2927 4733 3064 4788 tuo?
3093 4741 3188 4788 aut
3214 4734 3337 4804 quis
3368 4739 3675 4807 requiescet
3707 4743 3765 4795 in

2177 4833 2361 4880 monte
2376 4824 2706 4880 sanctetuo?
2725 4845 2744 4877 ι
2763 4822 2937 4897 (Ρδαι.
2955 4825 3091 4897 xtv.)
3108 4825 3267 4883 Tales
3284 4843 3387 4884 nos
3407 4830 3764 4887 exhibeamus

2175 4917 2240 4973 de
2270 4916 2464 4987 quibus
2483 4916 2766 4973 subditur:
2799 4936 2817 4969 ι
2845 4916 2947 4984 Qui
2970 4918 3270 4989 ingreditur
3296 4920 3415 4976 sine
3443 4923 3657 4979 macula
3708 4935 3764 4978 et

2172 5018 2428 5081 operatur
2469 5008 2736 5078 justitiam
2768 5008 2943 5082 (Psal.
2966 5010 3103 5083 xtv),
3140 5030 3160 5064 ι
3199 5020 3257 5067 et
3301 5022 3499 5069 caetera
3526 5031 3649 5087 quae
3674 5032 3762 5073 se-

2168 5110 2424 5174 quuntur.
2458 5101 2563 5158 Sed
2599 5103 2665 5159 de
2707 5102 3069 5160 tabernaculis
3111 5102 3308 5161 visibili
3357 5108 3763 5164 constructione

2166 5196 2328 5254 Petro
2358 5196 2627 5269 cogitante
2657 5215 2669 5250 :

2244 5308 2262 5341 ι
2306 5289 2497 5345 Adhuc
2516 5304 2581 5343 eo
2612 5289 2883 5359 loquente,
2914 5303 3043 5347 ecce
3062 5290 3234 5348 nubes
3257 5291 3437 5351 lucida
3464 5296 3762 5353 obumbra-

2175 5399 2194 5433 c
2230 5381 2310 5436 vit
2328 5396 2438 5438 eos.
2469 5399 2488 5432 ι
2519 5379 2590 5436 Ut
2631 5382 2991 5454 intelligerent
3037 5384 3225 5441 electis
3255 5387 3309 5442 in
3341 5396 3548 5443 aeterna
3578 5392 3761 5446 taber~

2168 5471 2359 5526 nacula
2398 5471 2651 5541 receptis,
2694 5486 2801 5528 non
2831 5489 2950 5530 esse
2988 5477 3295 5534 necessaria
3341 5480 3644 5551 corporalia
3673 5491 3759 5537 ta-

2167 5561 2457 5620 bernacula
2483 5562 2573 5617 ubi
2601 5562 2657 5617 in
2698 5563 2858 5620 nubis
2883 5565 3296 5625 obumbratione
3338 5574 3568 5641 protecti
3599 5583 3763 5629 erunt

2168 5671 2201 5711 a
2228 5662 2497 5710 conventu
2522 5652 2951 5725 malignantium,
2984 5672 3015 5712 a
3044 5658 3388 5717 multitudine
3411 5664 3758 5733 operantium

2169 5747 2531 5817 iniquitatem,
2559 5746 2774 5818 quando
2800 5747 3108 5820 implebitur
3136 5752 3280 5823 quod
3320 5752 3447 5809 alibi
3488 5770 3587 5826 per
3611 5754 3760 5811 Psal-

2171 5840 2385 5897 mistam
2411 5840 2648 5897 dicitur:
2686 5860 2705 5894 ι
2744 5840 3060 5898 Abscondes
3088 5859 3182 5900 eos
3211 5844 3267 5900 in
3317 5845 3638 5904 abscondito
3672 5846 3756 5902 fa-
