3994 6354
170 432 287 487 225

1402 437 1707 497 ΗΟΜΙΙΛᾹΞ
1751 436 1839 491 DE
1873 434 2218 493 TEMPOBE.

3348 434 3459 496 2.26

175 547 283 604 eiei
316 556 435 605 tuae
459 564 491 603 a
531 550 940 607 conturbatione
977 552 1275 620 hominum,
1308 562 1561 625 proteges
1586 566 1679 607 eos
1723 551 1778 605 in
1805 549 1858 611 Α
1881 556 1936 603 et
1965 548 2137 603 Eliam
2164 547 2233 603 ad
2258 549 2360 602 hoc
2384 549 2694 617 apparuisse
2713 588 2728 613 ,
2759 555 3025 618 quatenus
3056 544 3266 600 Domini
3292 543 3455 599 clari-

175 638 547 695 tabernaculo
575 649 667 697 tuo
704 658 735 697 a
782 644 1208 701 contradictione
1250 644 1552 716 linguarum
1598 642 1772 716 (Psal.

174 731 341 803 xxx).
376 750 401 785 ι
439 731 498 788 Si
537 733 680 789 enim
726 735 981 805 populum
1024 751 1122 807 per
1172 737 1385 793 deserta
1440 737 1776 809 gradientem

175 824 549 896 quadraginta
596 841 767 883 annos
809 829 1073 885 columna:
1101 831 1514 888 obumbratione
1541 831 1777 903 protexit

174 914 619 981 et-‘illuminavit,
645 917 814 974 multo
843 920 1017 991 magis
1054 921 1109 976 in
1138 936 1293 978 suam
1317 922 1487 978 vitam
1508 931 1774 993 receptos,

172 1005 388 1062 electos
411 1007 620 1077 absque
647 1007 1117 1067 tabernaculorum
1138 1013 1541 1070 constructione
1561 1028 1779 1070 securos

172 1098 375 1154 reddet
409 1101 620 1171 pariter
668 1109 724 1157 et
771 1103 1027 1159 munitos.
1078 1105 1161 1161 Ad
1207 1106 1551 1162 instruendas
1599 1116 1777 1162 autem

171 1198 394 1247 mentes
455 1193 819 1264 apostolorum
861 1195 927 1252 de
972 1196 1280 1269 cognitione
1329 1199 1627 1255 divinitatis
1654 1199 1776 1255 uni-

171 1282 342 1353 geniti
370 1281 504 1338 Filii
531 1285 653 1351 Dei,
678 1294 801 1356 post
826 1286 992 1360 Moysi
1019 1298 1074 1345 et
1102 1290 1234 1347 Eliae
1264 1292 1651 1359 testimonium,
1673 1308 1780 1349 vox
1828 1283 1832 1287 ’

170 1371 358 1428 Patris
419 1375 489 1431 de
541 1376 684 1431 nube
737 1379 1107 1435 testimonium
1167 1382 1478 1452 perhibuit,
1534 1385 1774 1441 dicens:

175 1482 193 1515 ι
229 1461 337 1519 Hic
392 1473 483 1520 est
512 1464 683 1522 Filius
736 1483 891 1524 meus
917 1469 1164 1526 dilectus.
1196 1491 1215 1525 ι
1247 1471 1305 1529 ld
1356 1482 1441 1529 est
1466 1490 1480 1527 :
1510 1490 1670 1545 quem
1722 1476 1779 1531 in

171 1554 356 1612 forma
426 1558 665 1616 hominis
716 1561 991 1617 hominem
1043 1566 1285 1632 cernitis,
1338 1567 1427 1622 hic
1481 1576 1565 1623 est
1611 1568 1782 1625 Filius

169 1664 331 1705 meus
386 1649 639 1708 dilectus.
674 1653 754 1709 Ac
796 1655 839 1709 si
878 1655 1115 1712 diceret:
1153 1657 1251 1714 Hic
1281 1668 1365 1715 est
1409 1659 1578 1716 Filius
1629 1676 1781 1719 meus

170 1754 283 1794 non
315 1741 632 1813 adoptivus,
682 1744 778 1800 sed
816 1746 1091 1816 proprius,
1134 1764 1242 1804 non
1289 1749 1506 1806 aliunde
1542 1761 1779 1819 creatus,

171 1832 266 1885 sed
285 1848 360 1888 ex
388 1848 477 1890 me
506 1835 738 1905 genitus,
772 1836 860 1892 cui
888 1852 1100 1894 mecum
1129 1856 1236 1895 una
1262 1849 1346 1897 est
1384 1852 1644 1913 potestas,
1670 1862 1778 1901 una

1880 640 2118 697 licationi
2168 640 2534 697 testimonium
2584 640 2947 710 perhiberent.
3003 637 3156 707 Quod
3197 652 3329 693 vero
3365 637 3461 693 de-

1877 733 2259 790 scendentibus
2296 732 2403 789 illis
2431 732 2496 789 de
2525 742 2707 788 monte
2733 733 2990 804 praecepit
3010 730 3191 798 Jesus,
3222 731 3407 787 dicens
3439 748 3456 786 :

1954 844 1974 878 ‹
1999 825 2212 882 Nemini
2242 826 2488 883 dixeritis
2520 825 2803 891 visionem,
2838 827 3007 883 donec
3037 825 3179 882 ﬁlius
3222 824 3461 881 hominis

1883 935 1903 969 ι
1934 932 1968 972 a
2006 918 2235 975 mortuis
2273 925 2536 989 resurgat.
2563 936 2582 969 ι
2637 916 2872 988 Tempus
2904 918 3099 974 futurm
3125 917 3463 990 [medicatio-

1879 1010 1969 1066 nis
2007 1011 2262 1067 insinuat.
2318 1009 2554 1067 Noverat
2599 1010 2745 1065 enim
2787 1009 3006 1082 fragiles
3034 1027 3154 1067 esse
3193 1011 3463 1083 apostolo-

1879 1119 2001 1159 rum
2024 1113 2233 1161 mentes
2261 1104 2329 1161 ad
2356 1112 2517 1160 tantae
2541 1103 2767 1159 visionis
2788 1104 3154 1159 testimonium
3174 1104 3463 1175 perhiben-

1879 1194 2032 1261 dum,
2075 1194 2443 1266 quoadusque
2469 1193 2703 1264 Spiritus
2725 1192 2897 1250 sancti
2930 1195 3102 1264 gratia
3126 1195 3338 1266 plenius
3384 1195 3466 1248 in-

1881 1296 2236 1351 struerentur,
2282 1296 2337 1342 et
2375 1286 2670 1359 perfectius
2713 1284 3170 1343 confortarentur.
3229 1287 3466 1343 Noverat

1880 1377 2044 1432 etiam
2087 1377 2383 1433 carnalium
2439 1387 2647 1434 mentes
2689 1377 2756 1433 ad
2789 1378 2906 1434 haec
2944 1377 3289 1435 incredibiles
3323 1393 3462 1445 esse,

1881 1471 1986 1526 nisi
2013 1471 2163 1541 prius
2199 1485 2295 1526 sua
2330 1469 2528 1527 visibili
2575 1470 2974 1527 resurrectione
3022 1468 3089 1525 ad
3135 1470 3462 1526 credendum

1882 1570 2371 1617 commoverentur.
2422 1561 2491 1616 Et
2529 1562 2651 1617 ideo
2692 1561 2833 1617 hanc
2879 1561 3144 1617 visionem
3193 1576 3299 1616 non
3334 1576 3467 1617 esse

1881 1653 2094 1724 penitus
2134 1654 2416 1711 dicendam
2450 1654 2765 1726 prohibuit,
2811 1654 2905 1711 sed
2942 1662 3067 1711 ante
3108 1654 3465 1710 resurrectio-

1882 1762 2003 1803 nem
2049 1747 2230 1803 dicere
2272 1748 2465 1816 vetuit,
2508 1756 2722 1819 tempus
2766 1748 3028 1804 ordinatae
3064 1745 3466 1819 praedicationis

1882 1840 2171 1898 ostendens
2196 1857 2210 1895 :
2234 1841 2450 1911 quando
2488 1839 2804 1898 incredibile
2843 1857 2952 1897 non
2990 1841 3281 1906 videretur,
3323 1840 3466 1910 quod

168 1925 488 1982 substantia
525 1938 582 1984 et
626 1944 734 1984 una
764 1932 1059 1987 aeternitas.
1094 1934 1171 1988 De
1198 1950 1306 2005 quo
1348 1937 1635 1993 subditur:
1670 1956 1691 1990 ‹
1717 1938 1778 1995 1η
1809 1924 1858 1987 Β
1884 1934 2047 1989 etiam
2073 1932 2362 1991 visibiliter
2392 1948 2491 2006 per
2517 1934 2932 1993 resurrectionis
2960 1940 3161 1991 statum
3198 1939 3469 1991 monstra-

173 2036 192 2069 ι
226 2034 344 2090 quo
390 2021 525 2076 mihi
574 2023 896 2093 complacui.
956 2045 974 2077 ›
1008 2024 1292 2098 Displicuit
1338 2030 1483 2085 enim
1520 2029 1633 2087 Deo
1678 2032 1778 2087 hu-

165 2125 337 2165 mana
395 2121 616 2180 natura,
662 2116 880 2185 quando
908 2119 1164 2189 praecepti
1208 2119 1349 2176 illius
1372 2124 1781 2193 praevaricatrix

163 2205 461 2273 peccando
484 2205 677 2263 effecta
717 2218 821 2276 est,
869 2210 1010 2265 sicut
1042 2211 1157 2281 ipse
1199 2212 1275 2267 ait
1315 2213 1383 2268 ad
1427 2213 1577 2271 Noe:
1610 2236 1630 2270 ι
1660 2216 1780 2275 Non

162 2297 526 2365 permanebit
553 2299 778 2370 spiritus
802 2316 957 2357 meus
982 2302 1038 2356 in
1079 2302 1297 2358 homine
1321 2305 1373 2359 in
1408 2315 1690 2375 aeternum,
1716 2326 1781 2366 eo

161 2389 325 2457 quod
376 2389 453 2445 sit
477 2405 625 2446 caro.
667 2391 901 2448 Pmnitet
927 2408 1016 2448 me
1061 2393 1255 2449 fecisse
1297 2409 1392 2451 eos
1445 2396 1598 2467 (Gen.
1625 2400 1722 2470 vi).
1756 2421 1775 2453 ι

163 2478 281 2535 Sed
340 2480 400 2533 in
455 2480 570 2537 solo
597 2481 893 2565 Mediatore
940 2483 1035 2538 Dei
1066 2493 1120 2538 et
1166 2485 1465 2553 hominum,
1515 2489 1651 2545 bene
1679 2491 1782 2547 sibi

166 2571 575 2641 complacuisse
597 2573 751 2640 dicit,
781 2576 907 2646 quia
936 2587 1216 2647 peccatum
1262 2580 1406 2651 quod
1442 2582 1779 2640 divinitatem

169 2664 445 2730 fuscaret,
472 2666 528 2719 in
576 2666 918 2722 humanitate
952 2683 1058 2723 non
1091 2670 1317 2725 habuit:
1354 2674 1608 2741 quoniam
1655 2691 1781 2745 pec-

170 2764 361 2810 catum
387 2770 497 2811 non
521 2754 673 2822 fecit,
710 2771 814 2812 nec
862 2756 1017 2812 dolus
1047 2758 1298 2816 inventus
1332 2771 1415 2818 est
1442 2763 1498 2818 iu
1524 2779 1619 2820 ore
1640 2766 1775 2836 ejus.

173 2846 311 2902 Nam
342 2848 492 2918 quod
538 2849 617 2903 ait
653 2864 759 2905 vox
785 2858 1014 2921 paterna
1042 2852 1110 2907 de
1140 2851 1316 2908 Filio:
1357 2873 1377 2906 ‹
1411 2855 1467 2911 1η
1499 2872 1606 2927 quo
1647 2860 1778 2914 mihi

175 2939 504 3010 complacui,
539 2958 557 2993 ι
593 2940 825 3011 idipsum
851 2951 935 2997 est
964 2943 1107 3013 quod
1147 2943 1276 3001 alibi
1320 2945 1490 3004 Filius
1524 2958 1775 3016 testatur,

180 3031 369 3088 dicens
393 3051 407 3087 :
439 3051 457 3085 ι
482 3033 550 3089 Et
575 3033 669 3104 qui
692 3048 780 3089 me
798 3035 966 3102 misit,
990 3051 1202 3092 mecum
1229 3049 1333 3106 est,
1354 3048 1409 3095 et
1433 3056 1538 3096 non
1562 3041 1779 3112 reliquit

183 3139 270 3179 me
299 3123 492 3191 solum,
545 3125 669 3197 quia
726 3141 847 3196 quae
876 3126 1073 3197 placita
1123 3137 1249 3183 sunt
1299 3130 1368 3196 ei,
1398 3130 1539 3188 facio
1565 3148 1778 3204 semper

185 3216 374 3291 (Joan.
403 3218 543 3292 vin).
572 3240 592 3274 ι
636 3220 781 3277 Bene
809 3236 1026 3293 quoque
1064 3239 1199 3280 voce
1227 3224 1427 3292 Patris,
1458 3227 1525 3283 de
1549 3242 1614 3283 eo
1642 3228 1774 3284 dici-

1878 2023 2055 2081 batur.

2389 2140 2671 2234 uouiua
2720 2159 2939 2218 xxxv.

2128 2287 2381 2330 DOIINICA
2426 2288 2663 2330 SECUNDA
2699 2290 2754 2330 ΙΝ
2792 2289 3215 2340 ρυλωιιςεειιιλ.

1953 2382 2195 2453 (Mum.
2239 2384 2355 2455 xv.)
2415 2405 2433 2437 ‹
2462 2385 2523 2440 ιιι
2569 2385 2661 2441 illo
2702 2395 2989 2457 tempore:
3022 2387 3288 2460 Egressus
3344 2389 3467 2444 inde

1889 2493 1907 2525 ι
1942 2473 2101 2531 .lesus
2124 2476 2214 2549 (de
2242 2475 2504 2548 Genesar)
2531 2478 2759 2533 secessit
2784 2477 2842 2533 in
2868 2486 3049 2548 partes
3079 2478 3208 2550 Tyri
3230 2487 3284 2535 et
3307 2477 3466 2534 Sido-

1890 2584 1910 2619 ε
1941 2566 2048 2622 nis.
2111 2566 2180 2622 Et
2232 2581 2359 2624 ecce
2419 2568 2612 2624 mulier
2662 2567 2967 2626 Chananaea
3019 2586 3050 2625 a
3103 2570 3302 2627 ﬁnibus
3362 2570 3467 2626 illis

1888 2672 1908 2709 ι
1941 2671 2180 2728 egressa,
2206 2658 2493 2725 clamavit,
2519 2660 2703 2715 dicens
2728 2678 2742 2714 :
2776 2660 3033 2717 Miserere
3058 2662 3181 2726 mei,
3216 2656 3464 2727 Domine,

1888 2764 1908 2799 ‹
1940 2747 2015 2801 fili
2032 2746 2220 2814 David,
2234 2769 2255 2802 ι
2274 2757 2330 2805 et
2343 2749 2569 2820 reliqua.
2587 2750 2763 2821 Supra
2774 2750 2943 2808 refert
2955 2753 3265 2825 evangelica
3284 2754 3463 2819 lectio,

1880 2836 2112 2906 qualiter
2148 2837 2408 2894 Dominus
2432 2838 2741 2895 conﬂictum
2772 2857 2894 2898 cum
2934 2841 3223 2900 Pharisaeis
3243 2853 3299 2900 et
3328 2843 3470 2899 Scri-

1878 2925 1963 2982 bis
1993 2928 2201 2997 habuit,
2229 2938 2284 2985 et
2303 2930 2409 2986 illis
2440 2946 2550 2988 non
2587 2933 2952 2999 credentibus,
2984 2936 3078 2991 sed
3116 2936 3337 3007 insuper
3356 2936 3469 2991 bla-

1879 3020 2313 3089 sphemantibus,
2346 3025 2598 3094 egressus
2623 3025 2769 3093 inde,
2800 3012 3028 3083 secessit
3047 3027 3102 3084 in
3128 3039 3311 3098 partes
3339 3028 3467 3100 Tyri

1878 3120 1935 3165 et
1973 3109 2209 3170 Sidonis.
2262 3114 2437 3187 Tyrus
2484 3126 2663 3174 autem
2706 3127 2762 3173 et
2803 3118 2971 3177 Sidon
3017 3121 3266 3178 civitates
3318 3121 3469 3178 fuere

1881 3203 2181 3275 gentilium,
2229 3222 2350 3277 quae
2392 3208 2592 3279 populo
2630 3208 2938 3268 Iudaeorum
2973 3222 3120 3270 sorte
3155 3214 3293 3269 data:
3323 3225 3466 3279 sunt,

191 3289 318 3365 tur:
348 3331 367 3363 ι
398 3289 577 3383 Ipsum
599 3289 845 3379 audite,;
892 3289 954 3369 ut
980 3316 1155 3385 ipsum
1184 3331 1305 3373 esse
1333 3317 1773 3390 intelligeremus,
1803 3289 1852 3354 ε
1882 3296 1977 3351 sed
2025 3296 2105 3390 ab,
2140 3296 2222 3390 9‘s
2265 3298 2490 3390 minime
2519 3315 2802 3369 possessa},
2843 3304 2968 3371 quia
3009 3304 3346 3360 habitatores
3370 3320 3465 3360 ca‘

196 3400 263 3457 de
289 3417 397 3471 quo
413 3418 510 3473 per
530 3404 741 3477 Moysen
768 3405 949 3461 fuerat
969 3408 1355 3477 prophetatum
1386 3407 1565 3481 (Deut.
1589 3412 1774 3483 xvru):

201 3509 220 3541 ι
265 3492 581 3564 Prophetam
629 3497 910 3553 suscitabit
949 3498 1105 3553 vobis
1157 3500 1224 3555 de
1279 3498 1539 3558 fratribus
1585 3503 1780 3560 vestris

192 3591 444 3655 tanquam
467 3602 571 3654 me,
592 3588 762 3658 ipsum
791 3590 1045 3657 audietis,
1070 3609 1089 3642 ι
1108 3591 1262 3662 juxta
1285 3593 1465 3649 omnia
1483 3610 1603 3665 quae
1625 3595 1778 3651 locu-

194 3683 278 3731 tus
300 3675 653 3735 fueritvobis.
678 3680 748 3735 Et
780 3682 956 3738 omnis
982 3683 1076 3753 qui
1118 3698 1225 3739 non
1272 3687 1505 3742 audierit
1548 3691 1779 3760 prophe-

188 3774 294 3821 tam
327 3768 501 3836 illum,
553 3772 1005 3829 exterminabitur
1054 3775 1122 3831 de
1172 3776 1347 3846 plebe.
1402 3777 1609 3835 Felices
1650 3797 1779 3852 ergo

189 3860 435 3930 apostoli,
482 3863 575 3932 qui
634 3879 743 3918 non
789 3864 961 3920 solum
991 3865 1204 3921 Domini
1246 3868 1547 3925 claritatem
1595 3871 1778 3928 videre

188 3962 523 4021 meruerunt,
548 3955 643 4011 sed
671 3956 834 4011 etiam
860 3972 1049 4014 vocem
1081 3956 1259 4014 Patris
1306 3960 1640 4017 intonantem
1683 3980 1777 4018 au-

191 4042 317 4099 dire.
346 4043 462 4102 Nec
492 4047 560 4103 ab
592 4048 696 4104 hac
717 4047 972 4105 felicitate
1003 4065 1102 4107 nos
1135 4066 1203 4107 ex
1226 4060 1341 4108 toto
1366 4052 1526 4111 alieni
1549 4056 1772 4123 erimus,

189 4135 231 4192 si
256 4154 420 4210 quem
458 4141 538 4197 illi
578 4143 944 4211 crediderunt,
969 4152 1025 4200 et
1074 4160 1176 4202 nos
1212 4146 1524 4205 credimus:
1558 4158 1613 4205 et
1643 4167 1777 4221 quo-

193 4233 342 4289 modo
371 4233 449 4289 illi
476 4236 752 4303 vixerunt,
790 4228 1054 4296 imitando
1077 4239 1312 4297 vivimus
1336 4259 1350 4297 :
1379 4251 1436 4299 et
1462 4258 1623 4314 quem
1650 4246 1778 4303 dile-

191 4335 381 4380 xerunt
413 4328 540 4384 totis
582 4330 903 4395 visceribus,
942 4348 1207 4390 amamus.
1244 4333 1353 4390 Sed
1384 4336 1511 4407 quia
1540 4338 1776 4395 humana

195 4414 447 4490 fragilitas
474 4423 687 4493 pondus
728 4422 1037 4481 Divinitatis
1078 4424 1227 4483 ferre
1267 4441 1379 4483 non
1427 4426 1591 4497 valet,
1629 4440 1776 4489 recte

195 4508 432 4567 subditur
460 4529 475 4567 :
1229 4525 1232 4528 ’

264 4620 281 4652 ι
311 4603 381 4658 Et
423 4605 704 4662 audientes
766 4606 1057 4678 discipuli,
1121 4608 1435 4665 ceciderunt
1476 4610 1531 4667 in
1578 4612 1772 4670 faciem

202 4708 217 4740 ι
247 4708 417 4762 suam,
442 4704 497 4753 et
527 4698 824 4753 timuerunt
844 4699 1019 4755 valde.
1051 4718 1070 4751 ι
1099 4698 1207 4755 Sed
1232 4716 1367 4771 quos
1398 4701 1633 4758 humana
1661 4704 1769 4759 fra-

196 4782 365 4850 gilitas
396 4789 676 4859 gravabat,
722 4790 955 4862 benigne
997 4790 1120 4861 pius
1148 4791 1406 4864 magister
1434 4786 1766 4864 consolatur,

197 4882 245 4926 ct
261 4877 423 4947 erigit
448 4880 615 4935 verbo
636 4880 841 4950 pariter
864 4889 920 4936 et
946 4889 1109 4935 tactu.
1141 4879 1291 4937 Unde
1312 4891 1367 4938 et
1394 4884 1763 4941 subinfertur:

263 4969 378 5024 «Et
417 4972 679 5028 accedens
722 4973 880 5029 Jesus
921 4975 1095 5045 tetigit
1135 4990 1231 5031 eos
1273 4977 1493 5035 dicens:
1527 4978 1766 5053 Surgite,

204 5078 220 5111 ι
242 5074 292 5118 et
316 5065 485 5122 nolite
513 5067 725 5124 timere.
757 5087 774 5120 ι
820 5068 1111 5140 Tangendo
1137 5085 1265 5140 ergo
1304 5072 1550 5127 timorem
1581 5075 1766 5145 expel-

198 5145 266 5213 lit,
296 5162 349 5208 et
392 5153 645 5209 ﬁduciam
694 5154 903 5221 tribuit,
952 5154 1081 5225 quia
1118 5162 1295 5211 tactus
1315 5155 1434 5226 ejus
1458 5160 1663 5217 sanitas
1687 5170 1772 5218 est

198 5242 329 5300 orbis
364 5252 652 5302 terrarum.
700 5246 767 5302 Et
793 5247 1049 5317 quoniam
1081 5245 1235 5316 juxta
1259 5244 1376 5317 ejus
1402 5263 1615 5318 vocem,
1654 5267 1771 5307 om-

200 5330 273 5386 nis
295 5335 386 5406 qui
415 5351 474 5392 se
503 5337 755 5393 humiliat
776 5338 1102 5394 exaltabitur
1129 5337 1282 5411 (Luc.
1311 5342 1469 5413 xvin)
1489 5381 1503 5406 ,
1535 5351 1658 5412 post
1683 5358 1772 5399 ca-

201 5432 305 5477 sum
338 5440 564 5499 surgere
580 5425 846 5496 iubentur
865 5468 880 5494 ,
907 5429 1162 5498 quoniam
1187 5440 1310 5501 post
1336 5432 1620 5502 praesentis
1649 5433 1772 5489 vita:

201 5502 397 5569 labores
437 5515 596 5574 electi
648 5518 716 5574 ad
768 5517 993 5590 gloriam
1042 5527 1167 5575 sunt
1208 5521 1571 5588 sublimandi,
1615 5522 1771 5594 juxta

200 5596 317 5659 illud
378 5605 678 5667 Psalmistae
726 5629 740 5666 :
810 5629 828 5662 ι
886 5607 1102 5682 Surgite
1161 5621 1448 5683 postquam
1521 5613 1773 5673 sederitis

202 5688 361 5761 (Psal.
382 5702 587 5775 cxxvi).
620 5723 639 5757 ι
1729 5741 1731 5743 ι

269 5804 284 5835 ι
309 5774 577 5850 Levautes
622 5806 802 5852 autem
849 5796 1036 5853 oculos
1074 5811 1238 5862 suos,
1299 5798 1573 5857 neminem
1621 5801 1771 5857 vide-

1884 3403 2003 3442 rum
2037 3388 2261 3445 minime
2294 3389 2656 3447 crediderant.
2688 3393 2939 3450 ln‘corde
2959 3396 3105 3451 enim
3130 3398 3300 3453 maris
3328 3398 3467 3463 sitae,

1880 3496 1988 3536 non
2022 3481 2181 3537 facile
2216 3483 2283 3538 ab
2312 3482 2560 3540 hostibus
2581 3485 2884 3555 capiuntur.
2934 3486 2992 3542 lu
3020 3488 3122 3543 hac
3148 3488 3250 3543 fuit
3280 3488 3465 3544 Hiram

1882 3589 1979 3630 rex
2008 3577 2435 3647 potentissimus,
2465 3579 2559 3650 qui
2584 3577 2889 3636 Salomonis
2915 3580 3059 3653 ligna
3087 3591 3143 3637 et
3166 3582 3373 3653 lapides
3400 3585 3468 3639 ad

1880 3666 2099 3723 domum
2150 3668 2365 3724 Domini
2413 3670 2782 3727 aedificandam
2820 3673 3051 3745 praebuit
3080 3671 3202 3746 (ΙΙΙ
3236 3673 3363 3746 Reg.
3387 3676 3464 3746 v),

1881 3766 2068 3813 contra
2105 3774 2269 3830 quam
2313 3760 2565 3817 Ezechiel
2601 3764 2867 3835 propheta
2916 3766 3084 3821 multa
3133 3766 3347 3824 locutus
3382 3779 3468 3825 est

1880 3848 2099 3922 (Ezech.
2134 3853 2331 3925 xxvii),
2356 3854 2543 3913 dicens
2567 3871 2689 3913 eam
2724 3858 2888 3914 sitam
2919 3873 3041 3915 esse
3066 3859 3122 3915 in
3157 3861 3321 3918 corde
3352 3878 3468 3918 ma-

1880 3945 1977 4013 ris,
2009 3946 2212 4002 divitiis
2235 3936 2578 4019 locupletem,
2608 3950 2702 4006 sed
2728 3951 2876 4008 vitiis
2903 3951 3143 4024 plenam,
3171 3963 3226 4011 et
3250 3956 3319 4011 ad
3347 3955 3468 4027 ejus

1879 4034 2304 4094 destructionem
2377 4038 2872 4099 Nabuchodonosor
2936 4060 3120 4118 regem
3182 4057 3466 4105 venturum

1877 4129 2186 4200 prophetat.
2238 4131 2446 4188 Dicitur
2476 4141 2655 4189 autem
2687 4133 2861 4207 Tyrus
2894 4153 2925 4193 a
2954 4138 3062 4195 situ
3089 4140 3176 4196 vel
3207 4141 3468 4211 qualitate

1879 4220 2007 4289 loci,
2032 4239 2100 4280 eo
2126 4223 2271 4294 quod
2292 4224 2477 4296 Tyria,
2505 4225 2559 4281 id
2582 4235 2672 4282 est
2699 4229 3089 4300 pretiosissima
3124 4228 3376 4305 purpura
3394 4234 3465 4288 ibi

1880 4316 2198 4388 reperiatur.
2257 4317 2610 4373 inveniuntur
2662 4336 2875 4392 quoque
2921 4322 2997 4380 ibi
3051 4327 3230 4396 pisces
3264 4367 3282 4395 ,
3332 4342 3467 4397 quos

1879 4414 2157 4485 conchylia
2184 4424 2402 4480 vocant,
2430 4415 2520 4486 qui
2546 4414 2692 4473 ferro
2722 4417 2898 4487 incisi,
2930 4428 3111 4490 guttas
3132 4420 3462 4491 sanguineas

1878 4507 2119 4574 mittunt,
2155 4522 2223 4563 ex
2255 4508 2451 4579 quibus
2489 4509 2728 4566 sericum
2757 4511 2998 4583 tingitur,
3031 4515 3096 4567 de
3129 4528 3236 4583 quo
3261 4511 3463 4581 pretio-

1878 4598 1992 4655 sior
2025 4614 2263 4671 purpura
2301 4599 2521 4656 texitur.
2572 4601 2960 4670 lnterpretatur
2987 4610 3166 4657 autem
3199 4601 3376 4675 Tyrus
3404 4604 3458 4659 in

1880 4701 2067 4749 nostra
2100 4691 2280 4765 lingua
2328 4710 2445 4750 sors
2484 4693 2607 4760 Dei,
2646 4693 2917 4765 signiﬁcat
2940 4709 3109 4767 genus
3137 4695 3459 4767 humanum,

1876 4789 2019 4858 quod
2066 4797 2193 4844 ante
2234 4789 2736 4859 praevaricationem
2766 4790 2927 4860 primi
2966 4791 3199 4849 hominis
3231 4794 3284 4850 in
3314 4806 3466 4854 sorte

1876 4878 1971 4933 Dei
2001 4878 2120 4945 fuit,
2149 4881 2245 4936 sed
2273 4888 2402 4935 tunc
2422 4880 2489 4935 de
2507 4878 2624 4949 ejus
2642 4888 2790 4937 sorte
2813 4880 3085 4950 discessit,
3107 4887 3323 4957 quando
3344 4889 3458 4959 pri-

1875 4983 1997 5023 mus
2044 4968 2207 5025 homo
2247 4970 2513 5040 peccavit.
2559 4969 2819 5028 Dominus
2840 4983 3020 5031 autem
3046 4975 3182 5033 lines
3211 4976 3339 5051 Tyri
3368 4995 3461 5053 ap-

1873 5058 2276 5131 pr0pinquavit,
2320 5060 2534 5132 quando
2576 5076 2676 5133 pro
2713 5062 3079 5137 redemptione
3113 5069 3328 5141 generis
3356 5070 3456 5126 hu-

1876 5153 2021 5208 mani
2055 5152 2111 5207 in
2140 5153 2397 5209 mundum
2435 5153 2601 5221 venit,
2632 5162 2898 5227 quatenus
2939 5158 3112 5230 ipsum
3154 5176 3325 5233 genus
3360 5163 3457 5217 hu-

1876 5259 2120 5313 manum,
2147 5246 2215 5303 de
2252 5253 2398 5303 sorte
2430 5247 2626 5305 diaboli
2654 5250 2723 5306 ad
2745 5258 2947 5307 sortem
2978 5268 3128 5309 suam
3156 5266 3455 5321 revocaret,

1876 5338 2092 5410 impleta
2136 5340 2421 5411 prophetia
2465 5356 2585 5413 quae
2629 5342 2706 5398 ait
2745 5341 2891 5417 (οδε.
2931 5361 2970 5413 t,
3006 5362 3079 5415 u;
3115 5346 3266 5403 Rom.
3298 5364 3389 5414 ix;
3425 5348 3456 5404 I

1877 5424 2025 5484 Petr.
2071 5430 2135 5502 ιι)
2175 5448 2188 5484 :
2241 5448 2260 5482 ι
2303 5429 2524 5488 Vocabo
2571 5447 2678 5488 non
2725 5433 2934 5504 plebem
2982 5453 3157 5495 meam
3181 5478 3199 5505 ,
3243 5437 3457 5510 plebem

1876 5534 2053 5575 meam
2085 5529 2182 5577 :et
2222 5537 2329 5579 non
2371 5524 2796 5581 misericordiam
2836 5539 3206 5595 consecutam,
3244 5528 3456 5585 miseri-

1875 5612 2118 5670 cordiam
2164 5625 2531 5672 consecutam.
2582 5616 2652 5674 Et
2693 5619 2840 5675 erit:
2868 5620 2929 5676 ιιι
2964 5621 3086 5678 loco
3117 5620 3207 5676 ubi
3248 5619 3452 5678 dictum

1873 5717 1958 5765 est
1990 5727 2004 5764 :
2036 5707 2156 5766 Non
2199 5710 2352 5782 plebs
2396 5728 2517 5770 mea
2554 5727 2686 5779 vos,
2714 5713 2791 5772 ibi
2816 5712 2961 5770 enim
2990 5714 3329 5772 vocabuntur
3356 5716 3451 5773 filii

1874 5801 1990 5858 Dei.
2024 5819 2043 5855 ι
2076 5800 2144 5857 Et
2177 5802 2409 5860 iterum:
2447 5822 2467 5856 ι
2496 5804 2711 5861 Postula
2740 5821 2771 5860 a
2807 5821 2915 5871 me,
2949 5815 3004 5861 et
3032 5805 3172 5861 dabo
3199 5807 3296 5865 tibi
3322 5823 3453 5880 geu-

208 5890 224 5922 ‹
250 5888 387 5950 runt,
410 5883 516 5943 nisi
544 5887 715 5945 solum
749 5885 950 5945 Jesum.
985 5906 1004 5943 ι
1062 5885 1131 5945 Ut
1159 5887 1523 5964 intelligerent
1551 5891 1768 5966 Moysen
1870 5900 1953 5951 tes
1986 5893 2356 5953 haereditatem
2399 5905 2550 5953 tuam
2592 5892 2766 5967 (Psal.
2807 5894 2894 5965 ιι).
2928 5914 2948 5951 ι
2998 5895 3066 5954 Ει
3103 5909 3293 5972 gentes
3331 5904 3451 5971 qua!
