3994 6354
523 404 628 463 827

1155 368 1506 459 HAYMONIS
1546 400 2020 457 HALBERSTAT.
2068 400 2115 454 Ε]

2223 400 2277 456 C.
2320 400 2469 458 OPP.
2509 401 2690 458 PARS
2727 401 2792 458 ll.
2835 427 2883 443 ι-
2945 398 3180 458 HOMJL.

3709 402 3825 461 ω

525 540 636 581 non
660 525 1035 597 exquisierunt
1058 530 1142 585 te,
1169 521 1237 575 ad
1268 529 1323 575 te
1356 528 1593 576 current.
1631 518 1798 576 Sidon
1834 529 2015 575 autem
2059 527 2114 574 et
2141 521 2191 579 Α
2218 523 2307 571 tur
2336 514 2536 571 dolum.
2580 514 2827 571 Declinet
2854 524 3037 571 autem
3068 530 3098 569 a
3122 515 3282 579 malo,
3307 524 3360 570 et
3387 515 3551 572 faciat
3575 516 3821 572 bonum:

528 614 649 684 ipsa
697 630 729 669 α
764 614 871 673 situ
906 611 990 667 vel
1028 609 1283 680 qualitate
1330 609 1431 665 loci
1474 609 1707 675 dicitur,
1753 624 1818 664 eo
1862 610 2004 681 quod
2042 608 2115 664 ibi

528 706 816 763 multitudo
852 704 1080 775 piscium
1124 703 1389 773 capiatur.
1442 700 1577 757 Nam
1625 702 1913 757 Phoenices
1958 702 2115 757 sidon

526 798 706 866 pisces
735 796 1024 867 appellant.
1074 795 1152 851 lbi
1181 795 1344 849 etiam
1387 794 1765 865 pretiosissimi
1810 793 1934 848 vitri
1962 793 2115 863 copia

526 889 751 960 reperiri
790 887 1040 942 traditur.
1089 887 1481 956 Interpretatur
1510 895 1689 941 autem
1716 886 1767 939 in
1801 894 1983 942 nostra
2011 884 2115 938 lin-

524 997 629 1053 gua
654 978 856 1035 inutilis
885 980 1109 1035 uenatio.
1152 977 1432 1049 Signiﬁcat
1469 985 1523 1032 et
1560 978 1672 1048 ipsa
1721 992 1890 1049 genus
1925 978 2114 1032 huma-

525 1089 651 1129 num
699 1073 844 1143 quod
890 1081 1015 1128 ante
1072 1071 1500 1127 incarnationem
1548 1070 1760 1126 Domini
1820 1087 1849 1124 a
1902 1069 2116 1125 diabolo

523 1163 787 1220 inutiliter
810 1164 1130 1219 venabatur.
1178 1161 1328 1218 Sicut
1358 1163 1506 1217 enim
1537 1171 1764 1218 venator
1798 1178 1922 1217 cum
1962 1178 2118 1232 rapa-

523 1256 760 1313 cissimis
804 1257 1030 1311 canibus
1073 1255 1300 1311 bestiam
1347 1254 1715 1325 persequitur,
1759 1253 1876 1324 ejus
1925 1268 2117 1310 carnes

525 1347 749 1417 cupiens
790 1346 1073 1402 lacerare:
1104 1346 1184 1401 sic
1231 1344 1476 1401 diabolus
1514 1354 1641 1400 ante
1688 1344 2114 1400 incarnationem

524 1435 642 1505 ejus
692 1451 861 1508 genus
903 1439 1199 1493 humanum
1250 1438 1715 1507 persequebatur,
1774 1445 1833 1492 ut
1881 1436 2117 1493 animam

526 1526 698 1596 ipsius
730 1528 800 1583 ad
832 1527 1107 1583 interitum
1142 1529 1335 1583 mortis
1368 1528 1732 1597 pertraheret.
1781 1527 1888 1583 Sed
1938 1528 2119 1582 Domi-

527 1634 630 1674 nus
677 1618 813 1675 ﬁnes
854 1617 1073 1674 Sidonis
1118 1618 1593 1706 appropinquavit,
1626 1628 1687 1673 ut
1726 1633 1894 1690 genus
1928 1618 2120 1672 huma-

448 1719 460 1727 '
528 1725 655 1764 num
686 1710 752 1764 de
779 1709 953 1764 inutili
980 1709 1272 1765 venatione
1301 1708 1496 1764 diaboli
1529 1709 1595 1765 ad
1627 1708 1813 1765 utilem
1840 1709 2121 1780 pertrahe-

530 1808 634 1866 ret,
672 1815 770 1868 per
802 1815 897 1855 eos
932 1799 1141 1855 scilicet
1193 1809 1483 1857 venatores
1502 1841 1517 1866 ,
1548 1800 1614 1856 de
1641 1800 1836 1871 quibus
1863 1816 1961 1872 per
1988 1800 2118 1856 Pro-

2218 608 2457 679 inquirat
2498 624 2711 680 pacem,
2759 618 2815 665 et
2862 617 3122 679 sequatur
3172 623 3293 664 eam
3331 607 3504 681 (Psal.
3530 609 3764 681 xum).
3798 631 3819 664 ι

2220 699 2325 756 Sed
2350 702 2477 773 quid
2501 702 2993 759 clamataudiamus
3017 720 3029 757 :
3064 721 3082 754 ι
3113 702 3369 759 Miserere
3396 704 3525 770 mei,
3562 705 3821 771 Domine,

2218 792 2322 848 Fili
2354 793 2541 848 David.
2574 814 2593 844 ι
2633 793 2688 848 In
2718 794 2915 864 quibus
2944 794 3142 859 verbis,
3180 792 3416 850 breviter
3445 795 3695 865 quidem,
3728 795 3823 851 sed

2220 884 2476 955 pleniter,
2517 885 2851 941 Catholicam
2899 886 3058 942 ﬁdem
3106 888 3533 958 comprehendit.
3564 887 3705 943 Nam
3744 889 3823 944 sic

2222 975 2393 1032 Deum
2422 978 2649 1032 credidit
2681 987 2740 1032 ut
2770 979 3041 1034 hominem
3088 994 3193 1033 non
3232 989 3480 1049 negaret,
3513 981 3595 1035 sic
3644 981 3823 1036 homi-

2221 1082 2345 1122 nem
2373 1067 2663 1122 conﬁtetur
2688 1077 2747 1123 ut
2771 1068 3023 1124 eumdem
3064 1084 3250 1125 verum
3274 1069 3443 1125 Deum
3473 1070 3687 1126 credat.
3724 1070 3824 1127 Ve-

2222 1175 2338 1213 rum
2390 1160 2534 1213 enim
2589 1160 2758 1214 Deum
2813 1160 3059 1226 credidit,
3109 1177 3234 1217 cum
3280 1162 3463 1217 dixit:
3507 1182 3525 1215 ι
3558 1161 3821 1219 Miserere

2220 1251 2348 1306 mei.
2378 1270 2396 1303 ι
2442 1249 2641 1305 Verum
2685 1253 2974 1318 hominem,
3015 1268 3139 1308 cum
3181 1254 3475 1324 adiunxit:
3517 1274 3536 1306 ι
3564 1253 3673 1309 Fili
3720 1257 3821 1310 Da.

2220 1343 2330 1398 vid.
2362 1363 2380 1396 ι
2424 1342 2619 1398 Filium
2650 1344 2817 1399 David
2843 1353 3021 1411 vocat,
3049 1344 3175 1415 quia
3202 1345 3267 1399 de
3301 1346 3471 1414 stirpe
3501 1345 3675 1400 David
3703 1344 3822 1400 Sal-

2222 1444 2377 1489 vator
2420 1441 2606 1490 noster
2648 1449 2868 1489 carnem
2909 1436 3220 1506 assumpsit,
3259 1435 3473 1491 dicente
3508 1436 3819 1507 Apostoio:

2229 1546 2248 1578 ‹
2281 1526 2382 1594 Qui
2411 1530 2587 1582 tactus
2624 1534 2707 1582 est
2742 1526 2791 1581 ei
2820 1542 2887 1581 ex
2915 1527 3121 1582 semine
3151 1526 3320 1582 David
3358 1528 3667 1583 secundum
3706 1544 3820 1583 car-

2223 1635 2347 1675 nem
2385 1618 2564 1689 (Rom.
2594 1617 2655 1690 1).
2689 1638 2707 1670 »
2755 1618 2822 1672 Ει
2849 1619 3110 1689 propheta
3140 1637 3152 1673 :
3195 1639 3212 1670 ε
3245 1618 3383 1675 Ecce
3417 1619 3536 1673 dies
3576 1620 3817 1683 veniunt,

2223 1708 2353 1764 dicit
2388 1707 2667 1774 Dominus,
2694 1715 2748 1761 et
2772 1708 3043 1763 suscitabo
3070 1706 3239 1762 David
3262 1722 3486 1778 germen
3507 1706 3746 1777 justum,
3773 1721 3818 1763 et

2222 1800 2471 1870 regnabit
2518 1816 2613 1854 rex
2668 1807 2723 1854 et
2779 1799 2995 1869 sapiens
3041 1800 3146 1855 erit
3197 1797 3332 1872 (Jer.
3382 1798 3570 1871 xxut).
3605 1820 3626 1853 ι
3694 1799 3817 1856 Cum

532 1893 742 1962 (betam
775 1894 971 1949 dicitur
999 1913 1011 1948 :
1052 1912 1069 1945 ι
1098 1893 1306 1949 Mittam
1335 1894 1634 1965 piscatores
1663 1910 1834 1959 meos,
1864 1902 1920 1949 et
1943 1894 2116 1964 pisca-
2144 1904 2194 1967 Β
2221 1891 2364 1946 enim
2407 1900 2583 1946 mater
2620 1906 2720 1962 pro
2750 1890 2859 1945 ﬁlia
2888 1890 3175 1946 Dominum
3213 1890 3554 1963 supplicavit,
3597 1893 3813 1947 dicens:

528 1983 730 2038 bantur
778 2000 872 2040 eos
914 2003 926 2039 :
979 1995 1309 2052 venatores,
1361 1995 1417 2041 et
1467 1988 1810 2042 venabuntur
1855 1986 1920 2040 de
1971 1985 2119 2040 omni

524 2086 708 2133 mente
754 2087 809 2132 et
853 2079 919 2133 de
955 2080 1103 2134 omni
1145 2079 1281 2135 colle
1337 2078 1473 2144 (Jer.
1498 2081 1675 2152 xvtn).
1713 2100 1732 2133 ι
1776 2078 1911 2135 Cum
1940 2089 2122 2135 autem

524 2164 801 2233 Dominus,
846 2168 1053 2224 relictis
1082 2164 1290 2224 Scribis
1318 2177 1374 2226 et
1404 2169 1710 2237 Pharisaeis,
1742 2171 1795 2225 in
1825 2170 1959 2226 ﬁnes
1991 2170 2119 2241 Tyri

522 2268 577 2313 et
608 2259 824 2316 Sidonis
864 2263 1111 2328 secessit,
1142 2264 1258 2333 ipso
1288 2264 1542 2318 nimirum
1592 2264 1699 2319 situ
1746 2264 1990 2334 corporis
2027 2264 2119 2318 de-

523 2353 847 2407 monstravit
891 2352 1105 2410 Judaeos
1139 2364 1358 2426 propter
1390 2356 1672 2425 perﬁdiam
1714 2356 2113 2427 relinquendos,

519 2448 573 2495 et
603 2450 793 2511 gentes
829 2443 897 2497 ad
942 2443 1098 2499 ﬁdem
1130 2447 1419 2512 vocandas,
1442 2446 1597 2517 juxta
1625 2446 1755 2503 illud
1801 2448 1945 2519 quod
1986 2448 2117 2518 ipsis

516 2529 715 2588 Judzeis
757 2548 863 2588 non
905 2536 1249 2592 credentibus
1279 2537 1404 2592 alibi
1436 2538 1515 2592 ait
1546 2557 1558 2592 :
1596 2558 1614 2590 ι
1641 2538 1933 2594 Auferetur
1963 2556 1993 2595 a
2023 2555 2116 2595 vo-

518 2623 602 2679 bis
651 2640 876 2696 regnum
925 2626 1039 2691 Dei,
1088 2640 1145 2683 et
1183 2630 1411 2684 dabitur
1458 2631 1602 2701 genti
1648 2631 1866 2687 facienti
1910 2631 2116 2687 fructus

526 2715 643 2785 ejus
685 2716 901 2787 (Matth.
962 2719 1100 2791 xxi),
1136 2740 1154 2771 ι
1212 2722 1355 2790 quod
1413 2724 1663 2791 protinus
1714 2723 2110 2789 manifestatur,

529 2822 653 2861 cum
694 2807 1029 2863 subinfertur
1059 2828 1070 2862 :
1103 2828 1121 2860 ‹
1143 2810 1207 2864 Et
1242 2826 1370 2866 ecce
1392 2812 1585 2867 mulier
1610 2812 1914 2869 Chananaea
1942 2830 1973 2869 a
1998 2814 2115 2868 ﬁni-

521 2898 621 2952 bus
669 2897 775 2952 illis
819 2914 1060 2970 cgressa.
1093 2922 1111 2953 ι
1163 2900 1354 2957 Mulier
1393 2920 1524 2975 ergo
1567 2904 1892 2971 Chananaea,
1925 2906 2118 2963 mulier

518 2989 759 3059 gentilis,
794 2992 858 3046 de
886 2993 1054 3064 stirpe
1090 2993 1279 3061 Cham,
1314 2997 1406 3066 qui
1437 2997 1873 3055 maledictionem
1902 3015 2118 3071 prome-

520 3078 649 3145 ruit,
677 3093 819 3148 orta,
849 3100 1010 3154 quam
1041 3087 1205 3141 etiam
1239 3088 1376 3143 alius
1423 3091 1752 3162 evangelista
1783 3092 1980 3164 (Marc.
2013 3095 2113 3166 vn)

520 3170 995 3243 Syrophtenissam
1047 3179 1325 3250 appellat,
1379 3191 1501 3253 post
1550 3183 1836 3241 Dominum
1884 3186 2112 3254 clamat.

2231 2003 2250 2035 ί
2281 1983 2414 2038 Filia
2442 1999 2562 2039 mea
2599 1998 2630 2037 a
2657 1984 2924 2038 daemonio
2950 1991 3192 2045 vexatur,
3227 2002 3245 2033 ι
3281 1980 3662 2038 manifestavit
3706 1985 3814 2054 quia

2224 2074 2298 2129 illi
2343 2076 2434 2145 qui
2477 2075 2630 2145 prius
2664 2091 2729 2130 ex
2769 2075 3020 2144 gentibus
3065 2074 3433 2139 crediderunt,
3483 2091 3589 2146 pro
3636 2076 3816 2132 libera-

2222 2168 2372 2226 tione
2400 2185 2615 2236 eorum;
2640 2170 2731 2238 qui
2764 2169 2938 2225 adhuc
2966 2170 3021 2223 in
3048 2184 3235 2224 errore
3258 2169 3675 2235 detinebantur,
3703 2185 3811 2240 pre-

2221 2277 2313 2318 ces
2364 2263 2432 2317 ad
2488 2262 2775 2318 Dominum
2830 2261 3108 2317 fuderunt.
3158 2259 3312 2317 Sicut
3360 2263 3509 2318 enim
3576 2267 3810 2334 superius

2221 2354 2477 2421 diximus,
2518 2363 2693 2409 mater
2738 2353 3035 2411 Ecclesium
3066 2354 3412 2427 signiﬁcavit,
3449 2354 3562 2410 ﬁlia
3614 2371 3808 2426 quoque

2218 2446 2336 2517 ejus
2352 2461 2789 2519 unamquamque
2800 2447 3155 2517 peccatricem
3173 2448 3544 2518 prmﬁguravit
3556 2450 3797 2504 animam.

2220 2538 2349 2607 Quae
2392 2539 2532 2595 male
2573 2556 2603 2593 a
2643 2539 2908 2595 daemonio
2953 2549 3214 2607 vexatur,
3251 2541 3470 2611 quando
3512 2542 3565 2596 in
3606 2542 3795 2610 integro

2219 2646 2445 2702 corpore
2488 2631 2632 2686 vitiis
2678 2640 2732 2685 et
2780 2632 3100 2687 criminibus
3152 2632 3415 2706 subjacet,
3468 2632 3633 2704 qualia
3673 2640 3784 2685 sunt

2220 2722 2579 2787 adulterium,
2630 2721 2867 2789 furtum,
2918 2722 3287 2789 homicidium,
3335 2724 3549 2794 rapina,
3603 2724 3795 2779 sacrile-

2219 2813 2367 2884 gium
2416 2823 2470 2867 et
2514 2814 2600 2868 his
2648 2814 2866 2868 similia.
2906 2814 3137 2884 Rogavit
3171 2829 3302 2884 ergo
3334 2823 3510 2871 mater
3556 2830 3658 2886 pro
3684 2814 3798 2879 ﬁlia,

2218 2904 2344 2976 quia
2372 2904 2640 2972 Ecclesia,
2670 2921 2769 2975 pro
2793 2906 3133 2962 correctione
3160 2920 3349 2962 eorum
3378 2907 3470 2977 qui
3501 2907 3739 2978 peccatis
3756 2914 3806 2960 et

2218 2998 2365 3053 vitiis
2410 2997 2715 3068 subjacent,
2762 2998 2989 3054 sollicite
3046 2998 3313 3071 invigilat,
3359 2998 3653 3069 aliquando
3695 3014 3807 3054 sua-

2220 3091 2418 3157 dendo,
2449 3091 2741 3162 aliquando
2764 3092 3133 3158 exhortando,
3173 3093 3457 3164 aliquando
3482 3108 3611 3147 eam
3638 3092 3812 3147 acrius

2220 3182 2576 3254 increpando,
2619 3181 2912 3252 aliquando
2940 3183 3203 3237 orationis
3244 3197 3390 3254 opem
3419 3182 3812 3253 impendendo.

516 3266 642 3336 quia
674 3283 780 3322 non
813 3279 1036 3325 venerat
1065 3271 1178 3342 ipse
1208 3288 1403 3330 vocare
1428 3276 1607 3346 justas
1631 3318 1646 3343 ,
1676 3279 1769 3333 sed
1798 3290 2114 3350 peccatores
2138 3274 2188 3337 C
2221 3271 2331 3329 Nec
2368 3273 2539 3329 solum
2585 3275 2830 3346 magistri
2862 3276 2964 3331 sibi
3005 3275 3265 3344 subjectis
3290 3274 3684 3331 correctionem
3716 3275 3818 3332 im-

516 3358 581 3412 ad
603 3360 977 3429 ptenitentiam
1001 3362 1194 3435 (Marc.
1224 3366 1307 3436 ιι).
1340 3367 1640 3439 Allegorice
1659 3377 1840 3426 autem
1865 3373 1981 3428 haec
2000 3390 2110 3430 mu-

2223 3368 2451 3438 pendere
2496 3366 2713 3434 debent,
2760 3369 2854 3425 sed
2896 3369 3062 3426 etiam
3094 3370 3420 3436 orationem,
3450 3379 3510 3424 ut
3535 3384 3680 3441 quos
3710 3386 3812 3426 non

517 3450 618 3506 lier
636 3450 941 3511 Chananaea
972 3465 1154 3530 typum
1186 3460 1440 3518 Ecclesiae
1468 3472 1614 3520 tenet
1634 3481 1702 3521 ex
1731 3468 1980 3537 gentibus
2000 3470 2112 3526 col-

516 3546 689 3599 lectze.
765 3545 955 3603 Mulier
999 3565 1214 3622 quoquc
1258 3553 1514 3610 Ecclesiae
1565 3569 1952 3629 comparatur,
2003 3578 2110 3620 non

512 3643 734 3705 propter
766 3638 1071 3706 mollitiem,
1100 3643 1194 3699 sed
1232 3655 1452 3716 propter
1475 3647 1909 3715 conjunctionem
1935 3654 2035 3710 viri
2057 3662 2112 3709 et

512 3725 899 3785 fecunditatem
920 3733 1106 3801 prolis,
1141 3750 1260 3804 qua:
1290 3746 1418 3791 ante
1441 3739 1736 3795 adventum
1776 3741 1988 3798 Domini
2032 3745 2112 3799 in-

514 3818 745 3875 fecunda
776 3831 832 3877 et
855 3823 1059 3879 sterilis
1091 3828 1408 3895 permansit,
1444 3830 1537 3884 sed
1578 3830 1807 3889 Domino
1838 3835 2109 3902 veniente,

515 3918 803 3988 conjuncta
834 3919 934 3973 sibi
968 3919 1225 3988 Ecclesia,
1255 3923 1563 3993 spirituales
1599 3926 1736 3981 ﬁlios
1759 3928 1980 3999 gignere
2002 3945 2114 3986 coe-

514 4013 610 4082 pit,
661 4011 878 4081 impleta
927 4015 1207 4085 prephetia
1256 4032 1379 4087 quae
1415 4018 1491 4073 ait
1523 4036 1538 4074 :
1573 4037 1591 4070 ι
1622 4019 1854 4087 Laetare,
1885 4025 2110 4096 sterilis,

511 4116 635 4172 quae
681 4118 784 4158 non
824 4104 967 4173 paris
1008 4104 1143 4175 (lsa.
1191 4106 1320 4170 LIV).
1355 4127 1372 4160 ι
1434 4107 1561 4165 Haec
1587 4121 1670 4166 est
1700 4112 1846 4167 enim
1874 4112 1962 4169 illa
1989 4131 2110 4170 mu-

512 4192 616 4248 lier
670 4194 735 4250 de
782 4211 887 4265 qua
936 4212 1033 4267 per
1075 4198 1422 4255 Salomonem
1469 4202 1713 4257 dicitur:
1767 4224 1786 4257 ‹
1834 4206 2112 4264 Mulierem

514 4283 708 4341 fortem
760 4286 882 4356 quis
934 4288 1211 4343 inveniet?
1254 4292 1443 4360 procul
1480 4303 1533 4346 ct
1573 4294 1638 4348 de
1673 4294 1874 4352 ultimis
1919 4296 2113 4354 ﬁnibus

428 4384 441 4390 ’
513 4380 748 4450 pretium
776 4378 893 4450 ejus
919 4380 1105 4452 (Prov.
1137 4386 1311 4453 χχχι).
1348 4406 1364 4436 ι
1419 4386 1490 4439 De
1524 4402 1631 4455 qua
1659 4388 1823 4442 etiam
1855 4389 2114 4446 Dominus

516 4472 745 4543 ﬁgurate
776 4466 839 4529 in»
860 4474 1152 4546 Evangelio
1184 4476 1421 4545 loquitur
1449 4497 1460 4531 :
1503 4497 1520 4529 ‹
1552 4477 1740 4535 Simile
1769 4491 1854 4536 est
1887 4498 2113 4555 regnum

514 4565 773 4620 caelorum
810 4562 1097 4633 fermento,
1136 4567 1279 4637 quod
1311 4580 1590 4639 acceptum
1621 4572 1812 4627 mulier
1832 4574 2116 4630 abscondit

2214 3471 2443 3532 possunt
2490 3463 2833 3519 sermonibus
2883 3464 3192 3536 corrigere,
3237 3465 3431 3522 saltem
3477 3464 3813 3520 orationibus

2214 3552 2423 3623 possint
2441 3552 2653 3621 juvare,
2681 3555 2828 3610 velut
2852 3554 3088 3612 faciebat
3108 3558 3399 3629 Apostolus
3427 3557 3521 3629 qui
3550 3572 3811 3628 quorum-

2216 3641 2338 3696 dam
2369 3643 2754 3714 discipulorum
2788 3644 3025 3717 lapsum,
3059 3664 3214 3703 suum
3250 3656 3534 3718 reputans,
3559 3646 3809 3702 dicebat:

2222 3757 2241 3789 ι
2272 3737 2404 3806 Quis
2443 3739 2771 3807 inﬁrmatur,
2795 3749 2850 3795 ct
2878 3757 2977 3813 ego
3005 3756 3110 3795 non
3133 3739 3380 3795 inﬁrmor
3400 3737 3485 3812 (II
3511 3738 3635 3794 Cor.
3664 3737 3807 3805 x1)?»

2217 3830 2284 3885 Et
2334 3832 2527 3886 iterum
2565 3851 2577 3887 :
2618 3852 2635 3883 ι
2665 3832 2865 3899 Filioli,
2917 3849 3054 3904 quos
3095 3834 3292 3888 iterum
3342 3831 3611 3902 parturio,
3646 3831 3813 3885 donec

2217 3921 2483 3979 formetur
2513 3923 2765 3980 Christus
2800 3926 2855 3979 in
2886 3925 3042 3980 vobis
3067 3920 3210 3997 (Gal.
3239 3923 3335 3995 iv).
3374 3944 3391 3975 ι
3467 3972 3473 3977 .

2293 4036 2310 4066 ι
2339 4014 2441 4084 Qui
2472 4033 2578 4072 non
2610 4018 2887 4088 respondit
2915 4018 2964 4071 ei
3008 4017 3251 4071 verbum.
3286 4037 3304 4069 ι
3362 4015 3480 4071 Non
3510 4025 3595 4071 est
3632 4016 3733 4070 hoc
3751 4030 3815 4068 ex

2220 4109 2512 4178 supercilio
2544 4108 2858 4164 Scribarum
2901 4120 2955 4163 et
2991 4108 3410 4174 Pharisaeorum,
3447 4108 3595 4179 quod
3638 4107 3812 4161 Domi-

2220 4214 2321 4254 nus
2348 4199 2559 4255 mulieri
2591 4200 2850 4256 clamanti
2894 4218 2999 4257 non
3044 4201 3341 4271 respondit,
3392 4188 3486 4256 sed
3528 4201 3710 4256 varias
3752 4200 3820 4255 ob

2221 4306 2413 4346 causas
2443 4291 2491 4345 ei
2532 4292 2768 4362 primum
2798 4294 3127 4364 respondere
3158 4293 3387 4359 distulit,
3432 4292 3517 4348 cui
3573 4304 3813 4363 postmo-

2222 4384 2349 4438 dum
2396 4401 2503 4439 non
2551 4384 2727 4440 solum
2770 4400 3090 4454 responsum
3135 4386 3312 4449 dedit,
3367 4384 3460 4440 sed
3512 4384 3680 4438 etiam
3720 4382 3822 4437 hoc

2222 4478 2365 4546 quod
2406 4476 2623 4546 petebat
2666 4475 2898 4545 benigne
2933 4476 3140 4530 tribuit.
3184 4474 3402 4541 Primo,
3435 4485 3491 4528 ut
3515 4473 3819 4530 constantia

2228 4569 2469 4625 mulieris
2509 4568 2851 4639 probaretur,
2901 4577 3083 4624 utrum
3133 4570 3185 4623 iu
3226 4586 3386 4639 prece
3420 4579 3818 4641 perseveraret,

514 4658 569 4711 in
616 4657 803 4714 farina:
856 4660 989 4715 satis
1037 4660 1233 4726 tribus,
1269 4659 1442 4717 donec
1484 4662 1903 4720 fermentaretur
1937 4675 2113 4723 totum

2223 4674 2289 4712 an
2332 4673 2469 4723 non;
2509 4657 2779 4724 s'ccundo,
2832 4666 2891 4712 ut
2934 4658 3277 4715 occasionem
3310 4677 3417 4715 non
3448 4661 3703 4716 credendi
3730 4659 3823 4714 Ju-

516 4749 731 4820 (Mauh.
761 4752 901 4823 xm).
934 4773 950 4804 ι
991 4751 1058 4807 Ει
1080 4753 1279 4809 iterum
1310 4773 1322 4807 :
1362 4773 1379 4805 ι
1413 4754 1604 4811 Mulier
1631 4773 1752 4812 cum
1777 4759 1922 4829 parit
1944 4760 2114 4814 tristi-

517 4844 644 4898 tiam
680 4845 872 4910 habet,
900 4847 1023 4917 quia
1056 4849 1204 4903 venit
1230 4849 1363 4904 hora
1394 4850 1511 4920 ejus
1538 4849 1718 4921 (Jaau.
1754 4852 1887 4924 xvi).
1921 4871 1941 4905 ι
1990 4852 2112 4909 Haec

519 4947 699 4992 autem
740 4936 934 4993 mulier
977 4948 1053 4995 tot
1091 4943 1330 5011 quotidie
1369 4944 1726 5015 spiritualiter
1769 4946 1910 5003 ﬁlios
1946 4949 2108 5017 parit,

517 5038 648 5098 quot
684 5028 869 5084 lideles
897 5044 992 5100 per
1025 5031 1226 5086 undam
1266 5033 1606 5103 baptismatis
1640 5045 1693 5088 et
1721 5036 1951 5103 gratiam
1992 5037 2112 5105 Spi-

517 5126 653 5172 ritus
682 5118 856 5174 sancti
890 5130 1190 5191 regenerat.
1237 5121 1544 5178 Notandum
1587 5133 1766 5179 autem
1814 5125 1957 5193 quod
2000 5142 2115 5180 mu-

517 5206 619 5262 lier
659 5210 892 5280 primum
936 5227 966 5265 a
1010 5212 1206 5268 ﬁnibus
1239 5210 1351 5269 suis
1380 5229 1633 5284 egressa,
1671 5223 1792 5284 post
1830 5214 2117 5272 Dominum

519 5302 784 5360 clamasse
830 5306 1046 5376 dicitur,
1089 5309 1217 5377 quia
1263 5308 1366 5362 nisi
1406 5306 1649 5361 Ecclesia
1684 5307 1836 5377 prius
1864 5308 2120 5379 pristinos

520 5412 734 5454 errores
763 5399 1310 5461 auathematizasset,
1344 5399 1412 5451 ad
1443 5396 1689 5452 notitiam
1716 5394 1808 5453 Dei
1838 5401 2121 5469 pervenire

520 5505 625 5546 non
666 5500 870 5561 posset.
923 5490 1070 5547 Ordo
1111 5504 1345 5559 namque
1386 5490 1729 5545 necessarius
1767 5493 2032 5561 exposcit,
2062 5502 2122 5548 ut

518 5582 670 5651 prius
704 5583 850 5638 vitiis
896 5590 951 5638 et
998 5581 1316 5637 criminibus
1352 5578 1718 5647 abrenuntiet,
1764 5582 1854 5652 qui
1894 5584 2121 5639 virtutes

521 5675 767 5745 accipere
809 5673 1100 5736 desiderat,
1149 5679 1204 5723 ut
1242 5670 1570 5726 Psalmista:
1609 5689 1627 5723 ι
1656 5672 1790 5739 Quis
1833 5684 1917 5729 est
1960 5676 2121 5730 homo

520 5766 611 5839 qui
643 5767 755 5819 vult
794 5766 960 5819 vitam
992 5763 1216 5835 diligere
1248 5772 1302 5818 et
1332 5762 1515 5821 videre
1547 5764 1663 5819 dies
1689 5765 1903 5821 bonos?
1933 5770 2121 5838 prolu-

522 5858 647 5913 beat
688 5856 923 5924 linguam
955 5871 1107 5909 suam
1140 5872 1168 5910 a
1202 5855 1362 5921 malo,
1399 5865 1452 5911 et
1483 5854 1624 5912 labia
1650 5858 1767 5929 ejus
1796 5873 1863 5915 ne
1898 5858 2120 5930 loquan-

2224 4750 2352 4804 daeis
2379 4747 2639 4814 auferret,
2666 4764 2733 4804 ne
2759 4747 2898 4804 forte
2926 4750 3169 4805 dicerent
3197 4769 3207 4803 :
3237 4749 3486 4806 Christus
3514 4752 3671 4807 nobis
3700 4765 3824 4821 pro-

2222 4843 2421 4898 missus
2461 4849 2563 4905 est,
2603 4851 2657 4895 et
2712 4841 2814 4896 iste
2860 4851 3050 4912 gentes
3096 4842 3276 4907 docet,
3330 4853 3519 4914 gentes
3558 4852 3732 4904 curat,
3774 4849 3825 4895 et

2222 4933 2343 4989 ideo
2375 4932 2626 4988 nolumus
2666 4934 2889 4988 credere
2928 4934 2981 4987 in
3014 4935 3211 5004 ipsum;
3265 4936 3460 5000 tertio,
3508 4944 3569 4988 ut
3617 4935 3825 4988 animos

2222 5022 2605 5099 discipulorum
2636 5030 2704 5083 ad
2740 5029 3169 5085 misericordiam
3209 5040 3548 5101 provocaret.
3584 5030 3690 5086 Sed
3732 5031 3826 5084 ab-

2223 5120 2293 5173 sit
2331 5127 2390 5172 ut
2426 5119 2630 5187 absque
2680 5119 3053 5178 misericordia
3084 5139 3179 5177 eos
3207 5122 3370 5178 fuisse
3397 5124 3709 5187 credamus,
3733 5122 3822 5193 qui

2224 5229 2346 5267 cum
2386 5224 2608 5269 auctore
2662 5215 3050 5271 misericordiae
3109 5217 3515 5288 gradiebantur.
3586 5218 3823 5286 Quorum

2224 5306 2435 5361 animos
2459 5307 2526 5362 ad
2550 5306 2981 5362 misericordiam
3003 5318 3306 5364 commotos
3340 5310 3676 5381 evangelista
3711 5325 3822 5363 ma—

2226 5394 2477 5461 nifestat,
2529 5412 2650 5450 cum
2702 5395 2981 5466 subjunxit
3011 5417 3023 5452 :
3053 5416 3072 5449 ι
3104 5399 3170 5453 Ει
3205 5401 3531 5457 accedentes
3578 5400 3822 5471 discipuli

2235 5509 2253 5541 ι
2284 5491 2549 5561 rogabant
2569 5506 2711 5545 eum.
2746 5510 2765 5542 ι
2794 5490 3284 5562 Rogaverunteum
3317 5502 3439 5549 tunc
3459 5495 3710 5565 discipuli
3733 5509 3825 5563 pro

2230 5580 2453 5636 muliere
2506 5580 2899 5648 Chananilide,
2956 5594 3143 5654 postea
3183 5599 3313 5640 vero
3356 5600 3453 5655 pro
3486 5586 3730 5641 Ecclesia
3759 5600 3825 5640 ex

2229 5674 2478 5746 gentibus
2530 5682 2742 5739 vocata,
2796 5675 2887 5744 qui
2934 5692 3040 5731 non
3080 5676 3254 5732 solum
3295 5692 3466 5749 usque
3496 5679 3564 5732 ad
3600 5688 3824 5739 mortem

2230 5784 2289 5825 se
2321 5768 2688 5833 tradiderunt,
2722 5769 2814 5824 sed
2844 5770 3008 5825 etiam
3050 5771 3392 5828 orationibus
3434 5789 3553 5828 eam
3603 5772 3827 5845 Domino

2232 5864 2751 5920 commendaverunt
2797 5864 2962 5935 (sicut
3008 5864 3210 5921 Paulus
3251 5865 3528 5938 apostolus
3568 5864 3825 5937 quosdam
