3994 6354
1392 422 1696 482 HOMlLUE
1732 422 1821 479 DE
1860 423 2206 480 TEMPORE.

3333 432 3440 494 230

192 534 483 602 discipulos
530 533 837 603 relinquens
872 572 886 598 ,
943 534 1152 589 dicebat
1194 553 1206 588 :
1256 551 1274 584 ι
1303 534 1631 590 Commendo
1672 549 1767 590 vos
1794 537 1840 595 Α
1870 534 2009 589 sicut
2048 533 2336 603 Apostolus
2381 537 2491 591 ait;
2535 557 2553 588 ι
2587 537 2772 595 Videte
2818 556 3003 608 canes,
3046 542 3227 600 videte
3270 545 3444 603 malos

197 623 305 677 Deo
331 630 389 677 et
422 621 599 678 Verbo
628 622 797 692 ipsius
823 621 963 695 (Act.
989 621 1080 695 xx]
1102 626 1148 695 ι)
1187 624 1431 680 dicentes
1458 638 1472 678 :
1503 642 1520 675 ι
1550 624 1769 678 Dimitte

200 732 218 764 ι
254 730 400 780 eam,
430 734 449 766 ι
501 715 641 783 quod
670 724 751 769 est
797 715 976 771 dicere
1047 715 1266 772 Dimitte
1286 724 1528 787 peccata,
1553 724 1606 770 et
1628 716 1768 772 dona

194 806 443 861 virtutes.
515 824 531 856 ι
561 805 696 873 Quia
749 807 946 863 clamat
1002 818 1122 877 post
1174 823 1292 864 nos.
1328 828 1346 860 ι
1408 808 1600 863 Mulier
1649 818 1770 877 post

190 897 465 967 apostolos
510 897 795 963 clamavit,
843 900 967 968 quia
1024 898 1261 955 Ecclesia
1308 914 1415 955 non
1459 898 1631 953 solum
1679 914 1769 953 eoo

191 1004 306 1043 rum
350 990 657 1045 doctrinam
689 989 880 1059 diligit,
910 991 1005 1045 sed
1030 990 1193 1046 etiam
1230 991 1470 1046 actiones
1504 990 1763 1045 imitatur.

189 1078 315 1135 Post
354 1080 630 1151 apostolos
676 1089 855 1136 autem
889 1081 1122 1138 clamare
1168 1090 1251 1138 est
1288 1081 1500 1137 illorum
1545 1080 1768 1151 vestigia

189 1172 357 1241 sequi.

258 1281 277 1311 ι
320 1261 440 1331 Ipse
483 1270 662 1318 autem
708 1264 1037 1333 respondens
1077 1264 1192 1320 ait:
1246 1263 1361 1320 Non
1408 1279 1527 1319 sum
1572 1262 1769 1318 missus

194 1372 210 1403 ι
236 1353 340 1408 nisi
383 1354 453 1409 ad
492 1370 621 1410 oves
650 1369 771 1424 quae
803 1356 1083 1424 perierunt
1109 1356 1300 1411 domus
1328 1355 1511 1411 Israel.
1544 1374 1565 1407 ι
1612 1356 1767 1423 Qua:-

189 1447 324 1501 ritur
351 1457 539 1504 autem
562 1464 727 1519 quare
769 1449 949 1505 dicat:
982 1471 998 1502 ι
1034 1448 1152 1505 Νοιι
1180 1466 1298 1504 sum
1326 1449 1521 1505 missus
1560 1450 1660 1505 nisi
1700 1450 1765 1505 ad

186 1557 314 1599 oves
334 1559 461 1613 quae
485 1545 766 1615 perierunt
792 1547 983 1601 domus
1008 1548 1191 1613 lsrael,
1216 1568 1233 1600 ι
1266 1564 1387 1602 cum
1414 1547 1537 1603 alibi
1567 1547 1768 1603 dixisse

186 1633 396 1703 legatur
420 1650 436 1690 :
467 1648 485 1689 t
519 1635 585 1690 Et
610 1635 744 1690 alias
773 1652 900 1692 oves
928 1638 1123 1701 habeo,
1144 1654 1263 1708 quae
1289 1654 1395 1694 non
1423 1648 1548 1694 sunt
1573 1655 1639 1695 ex
1666 1641 1769 1695 hoc

184 1728 340 1793 ovili,
373 1737 433 1783 et
459 1728 579 1785 illas
604 1738 817 1799 oportet
846 1746 929 1784 me
958 1730 1255 1797 adducere,
1285 1740 1340 1785 et
1370 1747 1559 1788 vocem
1590 1748 1764 1787 meam

185 1820 435 1886 audient,
458 1829 513 1875 et
536 1821 628 1876 ﬁet
649 1836 812 1876 unum
837 1822 974 1877 ovile
995 1831 1051 1878 et
1073 1838 1212 1878 unus
1233 1834 1415 1893 pastor
1433 1822 1618 1895 (Joan.
1638 1825 1712 1893 x).
1743 1844 1761 1875 ι

181 1911 259 1964 Ad
289 1913 439 1981 quod
469 1913 779 1977 dicendum,
806 1914 933 1982 quia
960 1913 1024 1967 de
1053 1914 1339 1982 prmsentia
1369 1930 1465 1968 sua
1498 1914 1765 1984 corporali
1802 1906 1844 1966 Β

182 2005 317 2061 dixit
342 2025 356 2061 :
389 2007 645 2079 quoniam
676 2008 946 2063 neminem
974 2006 1252 2078 gentilium
1295 2022 1392 2078 per
1417 2008 1763 2077 semetipsum

181 2097 434 2155 docuisse
461 2099 676 2170 legitur,
699 2100 939 2170 exceptis
962 2100 1170 2153 duobus
1193 2099 1381 2153 diebus
1413 2099 1465 2153 in
1497 2097 1762 2162 Samaria,

181 2199 239 2243 ut
260 2192 611 2247 occasionem
641 2209 746 2246 non
772 2191 1029 2248 credendi
1055 2191 1219 2262 (sicut
1244 2206 1407 2261 supra
1430 2191 1633 2245 dictum
1662 2192 1764 2261 est)

176 2280 386 2339 Judmis
416 2284 672 2339 auferret.
722 2283 925 2337 Tamen
953 2299 1076 2338 cum
1108 2284 1248 2338 inter
1275 2282 1493 2339 Judteos
1521 2284 1765 2339 ambula-

176 2383 284 2438 ret,
312 2374 557 2439 doceret,
584 2376 735 2445 signa
763 2375 982 2437 faceret,
1008 2374 1236 2429 salutem
1264 2376 1502 2445 gentium
1532 2375 1768 2430 futuram

168 2466 539 2535 praedicabat,
569 2467 752 2522 dicens
778 2486 789 2520 :
826 2485 843 2517 ι
878 2468 941 2520 Et
971 2466 1107 2521 alias
1135 2483 1264 2522 oves
1293 2468 1487 2533 habeo,
1510 2482 1630 2536 qua:
1659 2483 1767 2523 non

179 2564 309 2611 sunt
338 2571 405 2609 ex
436 2558 538 2612 hoc
565 2558 725 2624 ovili;
762 2579 779 2608 ι
834 2567 892 2614 et
929 2557 1054 2613 alibi
1082 2576 1095 2611 :
1129 2577 1147 2608 ι
1178 2558 1344 2615 Malos
1380 2559 1518 2613 male
1551 2560 1768 2630 perdet,

183 2654 236 2700 et
263 2648 481 2702 vineam
513 2663 667 2702 suam
698 2648 895 2704 locabit
920 2648 1043 2704 aliis
1065 2649 1317 2719 agricolis
1344 2650 1559 2719 (Matth.
1585 2652 1720 2722 xm).
1745 2671 1763 2702 ι

187 2739 251 2794 Ει
276 2741 398 2796 ideo
422 2741 516 2810 qui
541 2742 693 2811 prius
718 2741 930 2796 dicebat
955 2761 965 2794 :
997 2762 1014 2793 ι
1042 2742 1096 2795 In
1120 2743 1259 2796 viam
1281 2743 1519 2813 gentium
1540 2757 1609 2797 ne
1623 2744 1769 2799 abie-

188 2833 337 2897 ritis,
381 2842 439 2889 et
477 2834 531 2889 in
568 2834 820 2890 civitates
859 2833 1323 2890 Samaritanorum
1357 2852 1424 2891 ne
1451 2836 1767 2894 introieritis

191 2922 404 2992 (Matth.
430 2922 508 2993 x),
532 2943 550 2975 ι
584 2934 770 2995 postea
793 2926 929 2980 dixit
956 2944 968 2980 :
1004 2944 1021 2976 ι
1054 2926 1256 2982 Ειιιιιθε
1283 2926 1337 2981 in
1366 2927 1621 2982 mundum
1648 2928 1767 2983 uni-

194 3028 422 3078 versum,
438 3015 722 3084 praedicate
748 3016 1096 3088 Evangelium
1117 3018 1263 3072 omni
1287 3026 1553 3072 creaturae
1568 3017 1762 3088 (Marc.

194 3106 323 3177 XVI).
356 3127 376 3182 ρ
418 3106 572 3175 Quod
597 3107 877 3179 impletum
923 3117 1005 3165 est
1050 3119 1171 3180 post
1197 3109 1316 3180 ejus
1362 3111 1762 3178 ascensionem,

196 3198 260 3250 ad
288 3198 643 3266 apostolorum
676 3199 1134 3279 prmdicationem.
1168 3200 1319 3267 Quod
1347 3217 1477 3273 ergo
1508 3218 1612 3257 non
1638 3201 1765 3258 fecit

1872 624 2167 694 operarios,
2196 625 2372 681 videte
2399 628 2760 686 concisionem
2774 629 2944 703 (Phil.
2967 632 3118 706 ut)”
3150 633 3440 706 aliquando

1869 725 2208 789 peccatorem
2236 718 2539 789 falsumque
2563 721 2910 791 catholicum,
2940 725 3081 781 mala
3112 741 3207 782 sua
3240 727 3442 783 iterans

1873 817 2010 874 tem,
2052 810 2191 864 sicut
2219 808 2472 865 Salomon
2498 810 2613 866 ait:
2647 830 2665 864 ι
2696 811 2847 869 Sicut
2877 818 3027 873 canis
3054 820 3345 873 revertitur
3372 819 3440 873 ad

1872 903 2128 956 vomitum
2156 918 2335 969 suum,
2359 903 2440 959 sic
2466 904 2662 959 stultus
2686 906 2754 960 ad
2781 907 3063 964 stultitiam
3085 926 3239 966 suam
3257 908 3442 982 (Prov.

1874 993 2055 1064 xxvr);
2080 1015 2098 1046 ι
2134 994 2422 1064 aliquando
2450 995 2683 1063 Iudaeos,
2712 998 2853 1054 sicut
2879 1015 2977 1069 per
2998 1000 3337 1059 Psalmistam
3367 1003 3446 1058 di-

1871 1085 2039 1139 citur:
2066 1106 2083 1136 ι
2105 1086 2569 1143 Circumciderunt
2588 1103 2673 1144 me
2698 1104 2864 1146 canes
2888 1092 3041 1147 multi
3055 1092 3229 1164 (Psal.
3246 1094 3398 1166 ut);
3423 1115 3441 1149 ι

1876 1174 2164 1245 aliquando
2216 1178 2482 1249 gentiles,
2529 1178 2672 1234 sicut
2718 1180 2774 1235 in
2822 1181 2925 1236 hoc
2971 1181 3123 1249 loco,
3178 1194 3239 1240 ut
3281 1200 3447 1257 supra

1870 1264 2073 1322 dictum
2103 1276 2225 1323 est:
2259 1287 2276 1319 ‹
2309 1266 2425 1324 Non
2456 1277 2541 1324 est
2573 1269 2773 1326 bonum
2814 1286 3031 1327 sumere
3071 1288 3267 1343 panem
3303 1275 3442 1331 ﬁlio-

1872 1376 2025 1427 rum,
2055 1369 2110 1416 et
2137 1361 2355 1417 mittere
2380 1362 2628 1418 canibus.
2659 1383 2679 1415 ι
2730 1362 2809 1418 Ac
2843 1363 2888 1419 si
2925 1363 3166 1420 diceret:
3210 1365 3326 1420 Non
3366 1376 3449 1423 est

1871 1455 2070 1509 bonum
2118 1464 2175 1509 ut
2204 1454 2465 1511 doctrina:
2492 1455 2649 1525 panis
2676 1470 2708 1509 a
2758 1454 2904 1521 ﬁliis,
2936 1456 2990 1511 id
3022 1463 3107 1512 est
3144 1471 3176 1509 a
3225 1455 3445 1523 ludatis,

1870 1545 1997 1615 quia
2027 1546 2095 1601 ab
2123 1546 2277 1600 initio
2307 1547 2475 1600 Deum
2503 1546 2782 1602 coluerunt
2811 1556 2868 1603 et
2896 1548 3289 1613 adoraverunt,
3325 1548 3450 1603 sub-

1874 1638 2141 1704 trahatur,
2181 1647 2236 1694 et
2264 1639 2419 1695 vobis
2447 1641 2717 1711 gentibus,
2748 1640 2840 1710 qui
2871 1640 3055 1697 multis
3088 1641 3360 1711 spurcitiis
3393 1651 3448 1695 et

1873 1727 2028 1784 idolis
2056 1731 2391 1797 deseruistis,
2423 1732 2598 1787 detur.
2640 1732 2791 1801 Quod
2817 1733 3116 1804 prudenter
3141 1734 3337 1789 mulier
3360 1734 3442 1791 in-

1874 1819 2139 1891 telligens,
2170 1820 2457 1892 taliterque
2482 1838 2542 1878 se
2568 1822 2876 1888 humilians,
2906 1824 3078 1879 dixit:

1948 1930 1966 1961 ι
1998 1911 2193 1977 Etiam,
2224 1912 2469 1969 Domine.
2502 1933 2520 1965 ο
2563 1913 2643 1969 Ac
2670 1915 2716 1969 si
2746 1914 2987 1970 diceret:
3024 1913 3171 1977 Scio.
3203 1914 3449 1980 Domine,

1866 2014 1922 2058 et
1953 2004 2136 2068 credo,
2176 2003 2303 2075 quia
2342 2004 2414 2059 ita
2446 2013 2561 2070 est,
2602 2020 2710 2060 non
2748 2005 2893 2060 enim
2933 2021 3119 2061 sumus
3148 2005 3293 2077 digni
3330 2017 3451 2075 p05t

1868 2094 2131 2150 idolorum
2160 2095 2464 2163 culturam,
2511 2111 2705 2165 panem
2745 2095 2978 2151 ﬁliorum
3016 2098 3306 2166 accipere:
3353 2097 3448 2151 sed

1866 2187 1992 2258 quia
2022 2187 2076 2244 in
2106 2187 2366 2244 mundum
2393 2188 2647 2260 dignatus
2672 2204 2731 2245 es
2757 2189 2972 2253 venite.
3009 2188 3241 2244 extende
3267 2187 3446 2242 sinum

1867 2280 2255 2336 misericordiae
2287 2291 2393 2336 tua:
2422 2297 2594 2352 usque
2622 2282 2688 2336 ad
2714 2280 3044 2352 colligendas
3069 2292 3279 2352 gentes,
3309 2289 3365 2333 ut
3396 2280 3449 2333 in

1869 2371 2064 2440 quibus
2088 2372 2380 2427 abundavit
2404 2382 2707 2443 peccatum,
2730 2374 3130 2444 superabundet
3156 2372 3329 2443 gratia
3362 2382 3453 2425 tua

1872 2459 2044 2531 (Rom.
2069 2463 2146 2534 v),
2180 2462 2382 2533 ﬁatque
2433 2479 2530 2534 per
2561 2463 2989 2519 misericordiam
3022 2473 3166 2519 tuam
3196 2462 3453 2534 possibile

1871 2556 2014 2627 quod
2043 2570 2141 2627 per
2165 2563 2413 2612 nostrum
2437 2557 2692 2613 meritum
2719 2566 2804 2613 est
2831 2558 3181 2628 impossibile.

1947 2668 1966 2699 ‹
1995 2647 2130 2704 Nam
2162 2658 2217 2704 et
2247 2648 2425 2705 catelli
2462 2651 2627 2704 edunt
2654 2650 2722 2704 de
2769 2650 2923 2705 micis
2976 2666 3097 2720 qua:
3138 2650 3338 2706 cadunt
3378 2649 3447 2704 de

1877 2759 1894 2792 ι
1926 2755 2110 2796 mensa
2137 2741 2479 2796 dominorum
2504 2755 2746 2795 suorum.
2768 2759 2791 2793 ο
2829 2738 2900 2795 Ut
2921 2740 3013 2811 qui
3041 2755 3234 2811 magna
3262 2754 3455 2810 capere

1870 2830 1985 2887 nod‘
2022 2848 2347 2902 possumus,
2406 2832 2596 2888 saltem
2644 2832 2711 2888 de
2759 2833 2999 2889 minimis
3055 2842 3110 2889 et
3168 2830 3456 2904 super-ﬁnis

1867 2937 2176 2992 pascamur,
2209 2922 2417 2978 scilicet
2440 2923 2532 2993 qui
2564 2938 2669 2977 non
2697 2938 2884 2979 sumus
2912 2922 3057 2995 digni
3089 2939 3288 2978 mensa:
3318 2922 3454 2977 ﬁlio-

1870 3030 1990 3069 rum
2037 3015 2374 3085 participari,
2430 3015 2624 3071 saltem
2664 3015 2731 3070 de
2769 3015 2924 3071 micis
2988 3032 3110 3088 qua:
3151 3018 3351 3071 cadunt
3389 3016 3454 3070 de

1870 3122 2057 3162 mensa
2079 3108 2418 3163 dominorum
2442 3122 2685 3169 suorum,
2708 3108 3032 3164 nutriantur.
3065 3107 3247 3162 Mensa
3271 3116 3452 3161 autem

1871 3197 1925 3251 in
1956 3198 2059 3252 hoc
2086 3197 2206 3253 loco
2237 3197 2577 3268 Scripturam
2609 3212 2822 3252 sacram
2848 3194 3148 3268 signiﬁcat,
3193 3211 3315 3266 quae
3355 3210 3453 3266 pro

199 3290 558 3359 corporaliter,
592 3303 714 3363 post
747 3275 1197 3348 resurrectionem
1228 3308 1327 3362 per
1356 3293 1645 3363 discipulos
1672 3296 1767 3348 ad-
1794 3275 1840 3339 C
1871 3290 2174 3360 capacitate
2198 3290 2505 3345 auditorum
2526 3290 2707 3344 varios
2729 3289 2892 3345 habet
2917 3289 3066 3345 cibos
3090 3298 3145 3344 et
3164 3297 3453 3359 apparatus

205 3381 440 3450 implevit
474 3385 658 3454 spiritu
693 3385 871 3440 aliter.
925 3384 1031 3441 Sed
1072 3385 1198 3441 illud
1241 3386 1765 3455 praetermittendum

203 3483 426 3539 nonest,
441 3491 603 3545 quare
629 3477 856 3533 dixerit:
880 3495 898 3526 ι
921 3476 1036 3531 Non
1055 3492 1175 3532 sum
1195 3476 1393 3531 missus
1420 3475 1522 3530 nisi
1547 3475 1614 3529 ad
1639 3490 1768 3531 oves

198 3576 316 3631 qua:
342 3564 634 3633 perierunt,
667 3586 683 3618 ι
713 3582 834 3621 cum
864 3566 918 3621 hi
940 3568 1031 3637 qui
1062 3566 1359 3632 perierunt,
1382 3566 1562 3637 potius
1588 3566 1641 3620 in
1661 3565 1770 3620 bte-

195 3654 411 3722 dorum,
454 3646 616 3727 quam
661 3660 712 3712 in
753 3659 937 3714 ovium
979 3674 1205 3714 numero
1240 3667 1642 3730 computentur.
1685 3658 1768 3713 Ad

192 3749 328 3816 quod
367 3750 673 3817 dicendum,
714 3752 841 3821 quia
872 3767 1007 3821 quos
1036 3752 1278 3822 perditos
1303 3766 1402 3807 suo
1430 3750 1627 3806 merito
1658 3749 1767 3806 Do-

193 3838 365 3895 minus
396 3840 603 3897 invenit
626 3882 642 3907 ,
692 3858 787 3898 eos
818 3858 948 3899 oves
979 3845 1167 3914 gratiae
1202 3860 1312 3898 sua:
1343 3859 1462 3899 esse
1494 3842 1622 3898 fecit
1646 3883 1659 3908 ,
1702 3844 1768 3899 de

192 3927 380 3998 quibus
405 3946 504 4000 per
527 3933 823 4002 apostolum
853 3931 1069 3987 Petrum
1103 3932 1338 3987 dicitur:
1372 3952 1389 3984 ι
1423 3932 1602 3986 Eratis
1630 3932 1769 3986 sicut

192 4036 309 4078 oves
335 4034 617 4089 errantes,
657 4025 749 4080 sed
788 4025 1033 4081 conversi
1062 4026 1193 4080 estis
1224 4042 1367 4081 nunc
1400 4026 1469 4079 ad
1497 4035 1768 4096 pastorem

192 4125 241 4171 et
264 4118 578 4190 episcopum
609 4120 911 4175 animarum
945 4130 1248 4183 vedrarum
1272 4120 1325 4193 (Ι
1354 4121 1500 4174 Petr.
1531 4120 1618 4194 ll).
1655 4140 1671 4171 ι
1711 4120 1769 4174 ln

193 4221 290 4277 quo
316 4224 506 4266 errore
537 4227 596 4267 se
624 4221 880 4278 noverat,
924 4213 1014 4283 qni
1056 4213 1272 4268 dicebat
1301 4232 1311 4266 ;
1346 4232 1363 4263 ι
1396 4212 1586 4268 Erravi
1630 4213 1771 4267 sicut

193 4304 298 4358 ovis
322 4320 449 4374 quae
474 4305 635 4375 periit
662 4304 836 4378 (Paul.
863 4305 1075 4378 cxvm).
1109 4327 1125 4355 ι
1185 4306 1254 4359 At
1285 4305 1372 4359 illa
1404 4304 1617 4370 mulier,
1651 4320 1770 4374 qua:

195 4410 340 4456 antea
376 4401 659 4471 repudiata
690 4400 887 4466 fuerat,
921 4417 1022 4456 nec
1052 4401 1235 4455 audita
1254 4442 1269 4467 ,
1298 4410 1582 4471 postquam
1610 4398 1773 4455 disci-

195 4490 335 4557 pulos
360 4506 456 4560 pro
481 4506 539 4546 se
567 4501 819 4563 rogantes
841 4491 1066 4556 audivit,
1091 4491 1306 4546 tandem
1334 4497 1611 4560 resumpta
1636 4488 1770 4543 ﬁdu-

198 4579 272 4634 cia
296 4582 361 4635 ad
389 4581 558 4638 Deum
583 4584 749 4649 venit,
781 4593 836 4637 et
861 4582 1107 4638 adoravit
1131 4597 1279 4648 eum,
1310 4582 1496 4636 dicens
1524 4599 1536 4635 :

1870 3382 2178 3446 verborum,
2210 3397 2403 3451 panem
2434 3382 2560 3434 vitae
2589 3381 2743 3435 nobis
2771 3381 3110 3447 ministrans,
3134 3380 3203 3434 de
3222 3396 3328 3449 qua
3358 3395 3454 3450 per

1870 3471 2195 3542 Prophetam
2222 3472 2421 3526 dicitur
2446 3489 2458 3524 :
2483 3489 2501 3521 ε
2530 3469 2741 3524 Parasti
2766 3469 2818 3523 in
2842 3478 3133 3540 conspectu
3162 3486 3283 3527 meo
3308 3486 3456 3525 men-

1872 3577 2021 3627 sam,
2068 3562 2328 3617 adversus
2359 3576 2453 3616 eos
2484 3561 2574 3632 qui
2621 3560 2886 3616 tribulant
2914 3575 3002 3614 me
3033 3558 3206 3630 (Ptol.
3236 3560 3392 3631 xm).
3429 3582 3447 3614 ι

1872 3653 2008 3708 Mica
2038 3668 2339 3725 vero,.quae
2369 3654 2597 3709 interior
2620 3668 2746 3724 pars
2776 3654 2933 3724 panis
2966 3661 3077 3721 est,
3119 3652 3451 3724 spiritualcm

1870 3745 2278 3817 intelligentiam
2333 3747 2383 3801 in
2430 3745 2728 3818 Scripturis
2754 3746 3019 3817 designat.
3061 3768 3077 3798 ι
3108 3745 3297 3802 Catelli
3325 3761 3454 3816 ergo

1872 3840 2039 3894 edunt
2094 3840 2159 3894 de
2190 3838 2346 3894 micis
2394 3855 2514 3909 quae
2551 3840 2755 3895 cadunt
2790 3837 2859 3894 de
2894 3853 3082 3896 mensa
3112 3839 3452 3895 dominorum

1871 3948 2115 3999 suorum,
2139 3952 2158 3986 ι
2185 3933 2400 4002 quando
2422 3931 2650 4003 gentiles
2676 3933 2923 3988 conversi
2972 3931 3111 4003 apud
3139 3930 3457 4000 semetipsos

1872 4026 2206 4097 spiritualcm
2264 4025 2672 4097 intelligentiam
2732 4027 3014 4100 requirunt
3078 4040 3240 4096 quam
3283 4023 3451 4079 Jud:ei

1873 4118 2121 4188 accipere
2149 4116 2457 4173 noluerunt.
2508 4117 2663 4184 Quod
2703 4118 2963 4174 Dominus
2993 4117 3297 4188 intelligere
3326 4131 3453 4187 pru-

1874 4211 2090 4266 dentem
2117 4208 2397 4265 mulierem
2425 4210 2787 4280 conspiciens,
2816 4210 3096 4280 respondit
3124 4209 3200 4265 illi
3228 4225 3242 4262 :

1950 4321 1966 4351 ι
2001 4299 2046 4355 Ο
2072 4299 2283 4362 mulier,
2314 4316 2505 4371 magna
2530 4307 2612 4355 est
2640 4299 2774 4356 ﬁdes
2805 4308 2917 4365 tua,
2941 4300 3034 4354 ﬁat
3062 4299 3158 4355 tibi
3191 4299 3330 4354 sicut
3355 4300 3453 4354 vis.

1880 4411 1897 4442 ι
1930 4391 1996 4445 Et
2022 4402 2215 4445 sanata
2240 4398 2324 4445 est
2357 4390 2462 4444 ﬁlia
2495 4389 2637 4445 illius
2667 4406 2733 4445 ex
2763 4390 2850 4445 illa
2882 4391 3034 4446 hora.
3071 4411 3089 4443 ι
3145 4390 3245 4447 Ubi
3274 4390 3456 4444 consi—

1873 4483 2172 4539 derandum
2217 4483 2343 4552 quia
2384 4482 2449 4537 ad
2494 4481 2809 4552 petitionem
2848 4482 3037 4537 matris
3094 4480 3199 4535 ﬁlia
3243 4480 3385 4533 illius
3426 4496 3457 4531 a

1872 4577 2140 4632 daemonio
2171 4575 2397 4630 liberata
2456 4584 2567 4641 est,
2610 4584 2669 4629 ut
2703 4574 3062 4644 intelligamus
3093 4572 3219 4639 quia
3250 4569 3459 4640 parvuli

264 4691 279 4722 ι
310 4674 555 4740 Domine,
584 4647 778 4745 adiuva
811 4691 917 4730 me.
947 4696 966 4728 ι
1001 4675 1131 4742 Quae
1159 4647 1305 4729 enim
1336 4674 1561 4730 salutem
1593 4673 1772 4744 requi—
1797 4647 1849 4709 D
1877 4667 1930 4722 in
1960 4667 2227 4738 baptismo
2249 4666 2338 4735 qui
2371 4664 2516 4734 loqui
2543 4680 2649 4718 non
2674 4670 2915 4733 possunt,
2950 4660 3054 4715 ﬁde
3081 4667 3365 4730 parentum
3392 4659 3459 4712 ab

198 4764 360 4831 rebat,
387 4768 453 4821 de
480 4776 747 4838 potestate
774 4784 879 4822 non
906 4767 1206 4824 dubitabat.

264 4874 280 4906 ι
311 4855 414 4924 Qui
447 4859 774 4927 respondens
799 4860 912 4913 ait:
946 4858 1061 4914 Non
1090 4869 1174 4913 est
1202 4860 1399 4914 bonum
1430 4874 1648 4916 sumere
1678 4876 1773 4931 pa-

201 4964 218 4998 ι
246 4964 365 5006 nem
395 4950 648 5018 ﬁliorum,
680 4960 735 5006 et
762 4952 982 5008 mittere
1012 4952 1258 5007 canibus.
1293 4971 1311 5003 ›
1349 4952 1472 5006 Filii
1497 4953 1772 5022 quondam

195 5036 333 5097 Judze
368 5042 602 5109 luerunt,
636 5044 702 5099 de
731 5044 926 5115 quibus
954 5060 982 5097 a
1010 5043 1240 5099 Domino
1266 5059 1362 5115 per
1386 5044 1604 5115 Moysen
1634 5036 1775 5099 Pha-

198 5136 339 5191 raoni
368 5136 572 5192 dictum
611 5146 729 5192 est:
761 5156 779 5188 ι
812 5138 1034 5192 Dimitte
1067 5135 1233 5191 ﬁlium
1268 5151 1447 5191 meum
1475 5135 1639 5192 Israel
1665 5136 1775 5208 pri-

199 5229 517 5299 mogenitum
540 5228 735 5302 (Exod.
768 5229 862 5300 ιν).
888 5248 905 5280 ›
939 5229 1114 5284 Canes
1134 5244 1261 5283 vero
1286 5228 1535 5300 gentiles,
1556 5239 1776 5298 propter

198 5321 504 5386 spurcitiam
544 5321 879 5376 idololatriae.
934 5321 1096 5378 Canis
1130 5337 1343 5392 quoque
1385 5321 1438 5374 in
1480 5320 1777 5391 Scripturis

202 5412 368 5466 varias
414 5413 837 5484 signiﬁcationes
885 5414 1076 5479 habet;
1131 5412 1420 5485 aliquando
1463 5428 1562 5484 pro
1609 5413 1771 5481 malo,

202 5504 482 5578 aliquando
514 5511 733 5581 ponitur
760 5526 856 5580 pro
883 5510 1043 5564 bono.
1096 5509 1274 5564 Bonos
1312 5510 1563 5563 doctores
1606 5508 1773 5579 signi-

204 5597 341 5667 ﬁcat,
373 5604 511 5658 sicut
540 5620 634 5674 per
660 5604 999 5660 Psalmistam
1026 5605 1259 5660 dicitur:
1293 5625 1311 5655 ‹
1344 5606 1550 5674 Lingua
1579 5621 1774 5662 canum

202 5697 409 5750 tuorum
458 5712 521 5752 ex
569 5698 801 5753 inimicis
831 5697 900 5751 ab
930 5698 1045 5767 ipso
1072 5695 1244 5769 (Psal.
1273 5698 1471 5769 van);
1510 5718 1527 5749 ι
1585 5700 1775 5766 malos,

203 5784 262 5839 de
284 5788 479 5857 quibus
503 5804 600 5857 per
625 5789 815 5843 Isaiam
847 5788 1079 5842 dicitur:
1116 5807 1132 5837 ε
1164 5787 1340 5843 Canes
1369 5790 1526 5854 muti,
1551 5806 1657 5846 non
1690 5807 1778 5845 va-

203 5875 365 5935 lentes
415 5880 617 5936 latrare
663 5880 799 5951 (lsu.
850 5881 992 5951 LVI);
1043 5899 1059 5930 ι
1118 5880 1405 5951 aliquando
1459 5883 1773 5947 haereticos,

1879 4752 2125 4830 originali
2169 4769 2390 4827 peccato
2432 4774 2532 4828 per
2568 4758 2897 4827 baptismum
2938 4756 3237 4811 solvuntur.
3293 4754 3462 4825 Hujus

1881 4866 2093 4921 quoque
2120 4850 2301 4916 ﬁdem,
2334 4851 2473 4905 sicut
2498 4850 2849 4923 centurionis,
2880 4849 3139 4903 Dominus
3165 4848 3463 4913 admiratus

1882 4951 1979 5005 est,
2012 4942 2099 4996 cui
2131 4942 2262 4997 dixit
2287 4960 2300 4995 :
3436 4994 3441 5003 ,

1959 5058 1975 5089 ι
2006 5037 2179 5092 Amen
2209 5037 2329 5092 dico
2355 5037 2538 5099 vobis,
2586 5052 2691 5093 non
2736 5036 2918 5091 inveni
2962 5043 3163 5091 tantam
3210 5035 3370 5088 ﬁdem
3412 5033 3464 5091 in

1886 5151 1904 5182 ι
1937 5129 2120 5186 Israel.
2154 5149 2171 5182 ι
2228 5130 2293 5184 Ει
2333 5129 2453 5184 ideo
2489 5128 2615 5199 quia
2654 5127 2813 5184 ﬁdem
2861 5128 3049 5183 habuit
3093 5128 3206 5182 lucc
3251 5124 3464 5186 mulier.

1881 5222 2066 5279 statim
2115 5219 2363 5277 ellectum
2408 5219 2657 5276 sanitatis
2695 5219 2801 5275 ﬁlia
2844 5229 3134 5275 consecuta
3178 5226 3281 5273 est.
3335 5213 3468 5267 Tres

1883 5326 2114 5380 namque
2149 5311 2378 5366 virtutes
2416 5310 2742 5381 principales
2775 5311 2828 5364 in
2863 5310 3039 5365 verbis
3069 5310 3181 5365 sive
3215 5305 3468 5376 operibus

1883 5408 2040 5478 hujus
2082 5408 2324 5461 mulieris
2366 5407 2741 5477 cognoscimus
2780 5424 2791 5460 :
2828 5406 3021 5470 ﬁdem,
3071 5396 3467 5461 constantinum

1882 5508 2045 5573 atque
2076 5499 2459 5554 humilitatem.
2518 5498 2705 5556 Fidem
2738 5499 2956 5563 habuit,
3007 5495 3132 5564 quia
3168 5506 3288 5546 cum
3326 5496 3471 5543 esset

1884 5590 2119 5663 gentilis,
2168 5589 2394 5646 salutem
2442 5590 2563 5646 ﬁliae
2607 5607 2717 5647 suae
2762 5607 2791 5644 a
2838 5589 3062 5644 Domino
3091 5600 3147 5641 se
3178 5584 3467 5652 impetrare

1885 5700 2043 5757 posse
2073 5701 2178 5741 non
2208 5684 2503 5751 dubitavit;
2558 5684 2950 5747 constantiam,
2993 5679 3119 5748 quia
3161 5690 3283 5729 cum
3326 5686 3471 5729 esset

1886 5782 2199 5854 repudiata,
2248 5783 2429 5837 tandiu
2471 5783 2524 5837 in
2560 5796 2719 5852 prece
2750 5774 3149 5849 perseveravit,
3190 5783 3471 5841 quousque

1888 5878 2027 5948 quod
2058 5876 2279 5949 petebat
2306 5876 2607 5946 acciperet;
2667 5872 3066 5931 humilitatem,
3117 5867 3241 5937 quia
3306 5879 3433 5919 cunt
