3994 6354
465 363 567 420 251

1092 346 1446 409 HAYMONIS
1484 341 1971 401 HALBERSTAT.
2011 335 2228 395 EPISC.
2270 336 2423 394 OPP.
2462 322 2642 392 PARS
2681 333 2745 390 ll.
2784 362 2854 375 ——
2890 329 3124 389 HOMIL.

3691 321 3809 376 232

468 474 700 535 Domino
728 470 955 529 canibus
978 474 1127 523 esset
1157 472 1509 535 comparata,
1540 461 1659 534 ipsa
1695 461 1761 516 de
1787 474 1846 516 se
1870 455 2052 515 humi-
2081 453 2136 518 Α
2161 455 2242 510 ria
2264 452 2575 519 mortiﬁcet,
2606 450 2909 505 voluntates
2944 445 3193 519 proprias
3233 446 3470 513 frangat,
3506 438 3801 535 jejuniis,

470 571 579 627 lius
606 567 867 632 sentiens,
899 559 1109 619 catellis
1154 572 1214 616 se
1248 555 1567 627 coaequavit.
1617 554 1901 610 Imitemur
1925 565 2056 622 ergo

471 671 529 720 et
560 676 659 717 nos
694 659 834 715 hanc
860 653 1142 711 mulierem
1160 693 1175 718 ,
1215 665 1338 722 quae
1364 650 1540 720 prima
1568 648 1636 704 de
1663 644 1912 720 gentibus
1939 658 2059 701 cre-

479 754 653 812 dendo
704 756 879 805 mater
906 753 1095 803 nostra
1126 745 1183 800 in
1209 742 1315 799 ﬁde
1342 739 1533 799 effecta
1563 748 1669 808 est,
1700 738 1793 810 qui
1821 754 1887 795 ex
1922 752 2056 809 gen-

477 848 673 903 tilitate
701 842 967 898 venimus.
1018 840 1327 898 Habeamus
1362 839 1552 904 ﬁdem,
1597 845 1657 892 ut
1692 851 1861 892 unum
1891 834 2058 889 Deum

477 938 780 1000 credentes,
811 933 1071 1006 quidquid
1097 931 1244 1002 juste
1269 931 1337 987 ab
1365 946 1429 987 eo
1462 929 1718 1001 petimus,
1756 942 1857 983 nos
1885 927 2058 995 impe-

478 1040 624 1086 trare
671 1043 832 1100 posse
882 1026 1198 1093 credamus,
1247 1024 1400 1094 juxta
1449 1022 1866 1094 promissionem
1919 1018 2063 1074 illius

479 1120 705 1178 dicentis
729 1134 745 1173 :
778 1138 797 1171 ‹
827 1118 1000 1173 Amen
1028 1116 1151 1172 dico
1175 1115 1348 1179 vobis,
1383 1113 1646 1185 quidquid
1678 1120 1899 1168 orantes
1921 1111 2064 1182 peti-

480 1214 570 1278 tis,
598 1210 804 1268 credite
829 1211 955 1281 quia
984 1209 1369 1280 accipietis,'et
1396 1206 1489 1263 ﬁet
1515 1207 1670 1263 vobis
1696 1204 1890 1277 (Marc.
1917 1205 2017 1278 xi);
2042 1225 2060 1258 ι

481 1312 537 1360 et
568 1298 803 1359 iterum:
849 1321 868 1353 ι
903 1300 961 1357 Si
998 1300 1297 1357 habueritis
1335 1298 1495 1355 ﬁdem
1538 1299 1679 1355 sicut
1724 1313 1955 1370 granum
1998 1298 2081 1375 si-_

483 1397 661 1466 napis,
675 1396 931 1452 diceretis
957 1395 1087 1451 huic
1109 1394 1316 1451 monti:
1346 1392 1539 1449 Transi
1569 1393 1719 1457 hinc,
1741 1402 1795 1448 et
1816 1392 2075 1447 transiret

486 1485 704 1557 (Matth.
726 1484 889 1558 xvu).
919 1505 939 1538 ι
969 1515 1040 1526 --
1072 1504 1091 1537 ι
1120 1483 1491 1540 Justusenim
1522 1482 1607 1551 (ut
1648 1482 1724 1536 ait
1768 1480 2071 1551 Scriptura)

487 1593 552 1633 ex
587 1577 691 1633 ﬁde
716 1577 870 1643 vivit,
890 1585 945 1633 et
967 1577 1086 1632 sine
1113 1576 1218 1632 ﬁde
1246 1574 1579 1645 impossibile
1608 1580 1693 1629 est
1721 1572 1935 1644 placere
1962 1570 2074 1626 Deo

490 1667 723 1740 (Hahae.
750 1685 811 1735 ιι,
847 1668 1011 1723 Hebr.
1041 1668 1142 1737 xi).
1175 1687 1194 1721 ι
1247 1666 1556 1722 Habeamus
1579 1663 1972 1729 constantiam,
2018 1671 2079 1717 ut

492 1760 538 1817 si
568 1760 747 1816 divina
794 1759 1128 1830 dispensatio
1168 1773 1363 1830 preces
1403 1766 1620 1815 nostras
1667 1755 1873 1811 tardius
1905 1770 2074 1809 exau-

2159 543 2754 618 vigiliis,eleemosynis
2779 549 2836 596 et
2859 538 3197 596 orationibus
3224 535 3458 602 insistat,
3476 542 3559 590 et
3590 532 3807 587 taudin

2160 640 2215 694 in
2264 652 2430 710 prece
2465 642 2798 709 perseveret,
2847 631 3199 703 quoadusque
3249 645 3281 683 a
3337 628 3603 684 Domino
3667 640 3806 681 cum

2160 731 2386 786 muliere
2436 729 2744 785 Chananaea
2790 725 2979 781 audire
3003 729 3326 778 mereatur:
3370 739 3389 772 ε
3434 718 3678 790 Magna
3719 725 3808 771 est

2163 823 2298 880 ﬁdes
2342 830 2455 889 tua,
2494 819 2592 877 ﬁat
2635 818 2734 875 tibi
2783 817 2924 874 sicut
2963 815 3068 871 vis.
3116 833 3135 866 ι
3184 811 3293 868 Sed
3324 810 3460 867 illud
3517 823 3661 864 non
3716 815 3807 862 est

2162 913 2705 985 praetermittendum,
2730 908 2875 981 quod
2938 905 3131 962 mulier
3182 904 3299 959 haec
3345 917 3447 974 pro
3501 900 3646 954 ﬁlia
3714 913 3808 953 ro—

2165 1020 2321 1076 gans,
2343 1003 2534 1074 quinto
2552 1001 2763 1058 decimo
2787 997 3052 1055 miraculo
3068 993 3455 1052 introducitur.
3484 991 3805 1046 Numerus

2166 1094 2310 1149 enim
2340 1093 2442 1148 iste
2467 1089 2825 1148 sacramentis
2850 1087 3108 1145 Ecclesiae
3133 1084 3360 1150 arridet,
3387 1092 3649 1154 propter
3680 1096 3805 1151 my-

2170 1186 2397 1243 sterium
2428 1181 2783 1239 hebdomadis
2825 1187 2883 1236 et
2926 1177 3187 1251 ogdoadis
3223 1194 3236 1231 :
3275 1182 3496 1231 constat
3540 1187 3701 1227 vero
3732 1186 3800 1227 ex

2172 1287 2380 1350 septem
2407 1285 2462 1333 et
2489 1285 2633 1332 octo.
2662 1274 2800 1329 Nam
2827 1281 3022 1344 quarto
3051 1271 3262 1327 decimo
3287 1270 3375 1325 die
3402 1277 3535 1339 post
3591 1282 3802 1339 egres-

2174 1370 2380 1425 sionem
2407 1367 2474 1423 de
2497 1365 2756 1439 IEgypto,
2789 1363 3019 1436 populus
3046 1360 3379 1418 lsraeliticus
3402 1359 3645 1415 Pascha
3678 1356 3803 1427 jus-

2175 1476 2268 1516 sus
2310 1468 2394 1514 est
2429 1458 2729 1514 celebrare.
2759 1454 3081 1524 Quindecim
3120 1452 3334 1509 cantica
3383 1451 3686 1524 graduum
3746 1450 3799 1502 in

2174 1553 2431 1626 psalterio
2478 1551 2738 1621 legimus,
2784 1564 2905 1620 qua:
2956 1555 3083 1603 sunt
3133 1547 3203 1602 ab
3263 1562 3283 1598 t
3335 1544 3421 1599 Ad
3471 1543 3796 1598 Dominum

2176 1666 2302 1707 cum
2327 1648 2614 1705 tribularer
2636 1644 2808 1717 (Psal.
2833 1642 3002 1715 cxtx),
3034 1663 3053 1695 ι
3079 1655 3254 1712 usque
3276 1658 3297 1692 ι
3325 1640 3471 1695 Ecce
3503 1652 3672 1692 nunc
3697 1635 3796 1690 be-

2180 1742 2413 1798 nedicite
2439 1739 2721 1796 Dominum
2747 1736 2920 1810 (Psal.
2950 1732 3204 1804 cxxxm).
3241 1751 3262 1786 ι
3293 1728 3633 1799 Quindecim
3661 1725 3796 1782 anni

492 1852 687 1918 dierit,
720 1817 905 1908 tandiu
935 1866 1127 1922 preces
1162 1817 1417 1923 precibus
1448 1850 1759 1925 jungamus,
1795 1862 2078 1918 quousque
2107 1817 2154 1878 Β
2182 1834 2448 1890 Jezcchia:
2476 1831 2543 1886 ad
2574 1831 2742 1885 vitam
2777 1836 2903 1885 sunt
2925 1824 3187 1925 adjuncti.
3226 1821 3555 1890 Quindecim
3590 1818 3796 1925 diebus

496 1943 599 1999 hoc
647 1943 791 2014 quod
836 1943 1071 2014 petimus
1117 1943 1508 2013 impetremus,
1559 1941 1803 1997 dicentes
1852 1940 1901 1995 ei
1956 1953 2079 1995 cum

494 2032 819 2089 Psalmista:
852 2053 872 2086 ‹
904 2034 1087 2105 Dirige
1116 2048 1203 2089 me
1234 2034 1289 2089 in
1317 2033 1551 2088 veritate
1584 2040 1675 2086 tua
1712 2039 1768 2086 et
1803 2031 1938 2087 doce
1974 2045 2081 2094 me,

496 2127 622 2198 quia
658 2135 717 2181 tu
753 2141 814 2182 es
848 2126 993 2180 Deus
1020 2124 1269 2180 Salvator
1308 2139 1483 2188 meus,
1524 2131 1579 2180 et
1616 2132 1672 2180 te
1706 2124 1936 2178 sustinui
1975 2130 2087 2177 tota

474 2219 585 2275 die
613 2216 788 2289 (Psal.
814 2218 989 2290 xxiv).
1022 2239 1040 2271 ι
1089 2217 1242 2274 Sicut
1269 2218 1413 2273 enim
1439 2216 1828 2287 paterfamilias
1858 2217 2083 2282 dormit,

499 2322 555 2369 et
585 2322 765 2369 tamen
804 2312 852 2367 si
882 2311 1085 2367 nostris
1118 2308 1372 2381 precibus
1407 2310 1678 2365 excitatus
1714 2309 2087 2379 responderit,

501 2402 667 2458 nolite
695 2402 829 2457 mihi
858 2400 1071 2458 molesti
1097 2414 1236 2463 esse,
1263 2402 1376 2474 jam
1409 2401 1607 2456 ostium
1637 2416 1815 2456 meum
1844 2400 2090 2456 clausum

501 2502 607 2560 est,
637 2501 693 2548 et
722 2493 874 2563 pueri
899 2493 1006 2548 mei
1033 2486 1243 2548 mechm
1276 2501 1404 2548 sunt
1431 2493 1486 2548 in
1516 2492 1702 2559 cubili,
1735 2508 1843 2548 non
1871 2508 2091 2563 possum

503 2600 727 2655 surgere
753 2593 811 2641 et
837 2584 968 2641 dare
992 2584 1148 2640 vobis
1176 2582 1330 2655 (Luc.
1354 2584 1433 2657 XI)
1458 2604 1472 2642 :
1514 2585 1560 2640 si
1597 2592 1778 2641 tamen
1814 2584 2092 2640 instantis-

506 2679 643 2735 sime
668 2693 770 2734 nos
795 2677 992 2733 viderit
1019 2685 1283 2747 petentes,
1316 2685 1372 2733 et
1402 2676 1447 2732 si
1476 2691 1584 2733 non
1614 2677 1823 2733 dederit
1861 2690 2092 2749 surgens

504 2787 570 2828 eo
599 2771 742 2842 quod
776 2771 984 2826 amicus
1013 2780 1200 2826 noster
1225 2770 1328 2837 sit,
1372 2778 1596 2842 propter
1623 2770 2090 2842 importunitatem

509 2874 689 2920 tamen
719 2873 923 2937 surget,
954 2874 1010 2921 et
1038 2865 1188 2922 dabit
1216 2865 1375 2922 nobis
1401 2873 1671 2937 quotquot
1701 2867 1966 2923 habemus
1993 2883 2091 2923 ne-

505 2957 791 3014 cessarios.
821 2956 1051 3013 Jubetur
1078 2958 1223 3014 enim
1251 2958 1307 3013 in
1334 2973 1497 3028 prece
1524 2958 1834 3028 persistere,
1865 2960 1958 3029 qui
1980 2959 2095 3015 vult

507 3047 772 3117 accipere,
804 3062 977 3118 usque
1006 3048 1077 3103 ad
1103 3064 1273 3104 cornu
1303 3048 1520 3114 altaris,
1563 3050 1616 3104 id
1653 3060 1766 3116 est,
1812 3066 1985 3121 usque
2025 3051 2095 3107 ad

508 3138 694 3204 ﬁdem,
744 3139 957 3195 dicente
1001 3139 1326 3196 Psalmista:
1372 3162 1389 3193 (
1432 3142 1756 3198 Constituite
1807 3144 1949 3200 diem
2000 3159 2090 3200 so-

510 3228 765 3295 lemnem,
798 3229 854 3284 in
879 3230 1169 3286 condensis
1194 3246 1366 3302 usque
1397 3232 1466 3287 ad
1497 3248 1667 3289 cornu
1697 3232 1887 3290 altaris
1918 3233 2090 3305 (Psal.

519 3318 711 3393 cxvn).
751 3339 770 3372 ι
804 3320 876 3376 Et
911 3322 958 3378 si
986 3321 1055 3377 ad
1102 3322 1504 3393 impetrandum
1544 3325 1686 3395 quod
1741 3326 1975 3397 petimus
2002 3338 2101 3382 nos

512 3413 737 3471 idoneos
789 3429 911 3470 esse
958 3428 1065 3469 non
1116 3414 1427 3483 sentimus,
1458 3415 1822 3486 spiritualium
1868 3415 2102 3472 fratrum

515 3507 795 3565 orationes
843 3506 912 3561 ad
961 3506 1289 3577 adjutorium
1337 3523 1665 3578 quaeramus,
1710 3517 1771 3563 ut
1803 3508 1946 3564 sicut
1998 3508 2103 3564 ista

519 3599 739 3665 mulier,
769 3598 1030 3668 apostolis
1061 3614 1159 3668 pro
1185 3614 1244 3655 se
1271 3599 1777 3666 intervenientibus;
1825 3601 1969 3669 quod
2011 3615 2105 3670 pe-

517 3691 669 3745 tebat
709 3688 1028 3758 promeruit,
1060 3690 1134 3743 ita
1183 3704 1283 3745 nos
1308 3690 1687 3745 communibus
1710 3692 1963 3761 precibus
1991 3708 2106 3748 ma-

517 3779 600 3851 gis
625 3793 787 3848 quam
814 3778 1048 3849 propriis
1067 3787 1122 3834 et
1143 3778 1510 3850 singularibus
1532 3779 1776 3850 adjuvari
1799 3782 2102 3838 credamus.

519 3869 827 3924 Habeamus
867 3870 1249 3937 humilitatem,
1280 3878 1349 3926 ut
1401 3871 1523 3927 aliis
1572 3871 1639 3928 de
1684 3872 1840 3929 nobis
1897 3872 2105 3943 majora

519 3958 978 4026 existimantibus,
1003 3975 1103 4016 nos
1127 3960 1382 4017 minimos
1411 3961 1748 4032 judicemus,
1778 3963 1832 4018 in
1859 3963 2107 4034 exemplo

520 4046 683 4117 hujus
704 4047 949 4104 mulieris
979 4048 1357 4107 Chananitidis
1379 4092 1395 4120 ,
1424 4068 1547 4123 quae
1570 4068 1602 4108 a
1631 4054 1849 4110 domino
1880 4055 2107 4112 canibus

522 4150 859 4210 comparata,
886 4142 1003 4214 ipsa
1033 4158 1092 4199 se
1123 4145 1334 4202 catellis
1361 4147 1725 4219 comparavit.
1756 4147 1910 4206 Hanc
1936 4149 2110 4207 humi-

522 4234 730 4291 litatem
776 4235 1013 4292 habebat
1063 4237 1118 4291 in
1166 4238 1352 4306 corde,
1400 4240 1493 4310 qui
1540 4240 1831 4312 despectus
1878 4243 1946 4299 ab
1988 4242 2109 4299 aliis

523 4325 774 4382 dicebat:
804 4344 824 4377 ι
869 4325 1077 4383 Ludam
1098 4336 1154 4383 et
1178 4328 1338 4385 vilior
1380 4330 1506 4385 ﬁam
1561 4330 1682 4402 plus
1727 4347 1891 4404 quam
1934 4332 2111 4390 factus

523 4434 667 4484 sum,
691 4427 747 4475 et
773 4434 869 4474 ero
895 4419 1118 4475 humilis
1145 4421 1198 4476 in
1238 4422 1412 4479 oculis
1439 4422 1578 4479 meis
1624 4423 1710 4495 (II
1753 4424 1882 4498 Reg.
1933 4426 2033 4498 vt).
2084 4446 2103 4479 ι

2119 3188 2168 3253 C

2182 1928 2381 1985 Paulus
2405 1943 2529 1984 cum
2559 1925 2722 1981 Petro
2762 1940 2825 1981 se
2871 1923 3138 1979 mansisse
3185 1927 3436 1985 testatur,
3485 1915 3795 1973 conferens

2188 2022 2541 2095 Evangelium
2598 2019 2743 2091 quod
2796 2006 3191 2089 praedicaturus
3218 2022 3336 2070 erat
3381 2012 3669 2084 gentibus,
3722 2023 3792 2064 ne

2188 2115 2329 2171 forte
2376 2114 2431 2169 in
2468 2128 2701 2167 vacuum
2743 2118 2992 2166 curreret
3018 2116 3111 2164 aut
3152 2105 3506 2163 cucurrisset.
3563 2102 3790 2173 Septem

2189 2221 2320 2278 ergo
2348 2205 2417 2260 ad
2443 2206 2582 2261 dona
2609 2211 2816 2275 septem
2860 2189 3096 2273 Spiritus
3123 2199 3298 2255 sancti
3326 2197 3628 2268 pertinent,
3663 2204 3788 2250 octo

2191 2299 2260 2353 ad
2286 2297 2758 2354 resurrectionem.
2782 2295 2849 2350 Et
2869 2295 2995 2365 quia
3025 2291 3254 2349 ecclesia
3283 2305 3382 2361 per
3408 2288 3784 2360 septiformem

2193 2393 2424 2465 gratiam
2453 2390 2691 2463 Spiritus
2716 2390 2893 2446 sancti
2921 2388 3223 2444 illuminata
3244 2426 3259 2451 ,
3312 2385 3503 2441 didicit
3540 2397 3781 2440 resurre-

2192 2485 2428 2540 ctionem
2461 2482 2706 2549 credere,
2738 2495 2961 2553 sperare
2973 2489 3030 2535 et
3052 2493 3259 2546 amare,
3288 2486 3443 2533 recte
3472 2478 3643 2549 quinto
3673 2475 3771 2529 de-

2193 2579 2335 2633 cimo
2364 2577 2484 2632 loco
2506 2592 2604 2648 pro
2646 2574 2758 2629 ﬁlia
2810 2583 3068 2645 rogatura
3115 2570 3501 2627 introducitur.
3541 2567 3605 2622 Et
3636 2564 3760 2636 quia

2194 2671 2431 2727 Ecclesia
2463 2669 2577 2725 zelo
2600 2669 2766 2724 divini
2784 2668 2986 2723 amoris
3010 2680 3263 2731 accensa,
3279 2671 3601 2735 praesentem
3611 2659 3773 2715 vitam

2192 2762 2380 2818 didicit
2412 2769 2763 2816 contemnere
2790 2768 2844 2814 et
2872 2769 3135 2814 aeternam
3163 2757 3408 2829 diligere,
3452 2764 3604 2813 recte
3643 2752 3781 2808 Cha.

2193 2869 2382 2912 nausea
2411 2854 2628 2910 dicitur.
2657 2852 2845 2910 Chana
2873 2852 3072 2924 quippe
3102 2851 3250 2929 zelus
3282 2851 3688 2920 interpretatur.

2727 3008 3012 3068 HOMlLlA
3037 3007 3281 3066 XXXVI.

2486 3162 2644 3203 manu
2682 3161 2916 3204 SBCUNDA
2958 3161 3090 3203 rosr
3134 3140 3493 3201 Reminiscere.

2273 3306 2446 3378 (JOAN.
2476 3304 2620 3373 νιιι).
2652 3322 2671 3356 ‹
2706 3303 2766 3359 ln
2791 3302 2886 3359 illo
2914 3311 3177 3373 tempore,
3227 3301 3364 3357 dixit
3408 3299 3564 3355 Jesus
3605 3298 3791 3354 turbis

2208 3418 2227 3451 ‹
2270 3397 2580 3455 Iudaeorum
2604 3415 2618 3452 :
2643 3396 2756 3467 Ego
2774 3397 2934 3463 vado,
2961 3404 3018 3452 et
3036 3396 3290 3466 quaeretis
3304 3409 3411 3461 me,
3436 3415 3455 3446 ι
3484 3404 3539 3450 et
3558 3394 3790 3465 reliqua.

2208 3511 2227 3545 ι
2272 3492 2384 3563 Ego
2414 3492 2573 3557 vado,
2616 3489 2860 3561 i'inquit,
2889 3508 2908 3540 α
2937 3498 2993 3545 et
3016 3489 3270 3560 qumretis
3310 3503 3420 3555 me,
3454 3506 3475 3538 ι
3500 3501 3608 3541 ιιοιι
3648 3485 3793 3542 desi-

2204 3585 2375 3650 derio,
2400 3584 2495 3640 sed
2522 3583 2669 3640 odio.
2686 3582 2821 3639 Nam
2843 3582 3014 3649 illum,
3046 3590 3399 3652 posteaquam
3431 3579 3701 3636 abscessit
3731 3577 3794 3632 ab

2203 3676 2376 3733 oculis
2413 3676 3119 3747 hominum,inquisierunt,
3151 3684 3207 3731 et
3233 3675 3326 3747 qui
3356 3674 3606 3738 oderant,
3624 3682 3682 3728 et
3703 3671 3794 3742 qui

2205 3776 2506 3831 amabant:
2539 3775 2615 3831 illi
2662 3774 3075 3849 persequendo,
3121 3772 3214 3828 isti
3258 3771 3464 3828 habere
3509 3768 3794 3840 cupiendo.

2205 3870 2413 3926 Bonum
2439 3878 2523 3925 est
2544 3870 2781 3925 animam
2810 3868 3018 3924 Christi
3063 3882 3333 3938 quaerere,
3383 3864 3479 3920 sed
3525 3863 3796 3934 quomodo

2206 3977 2328 4017 eam
2365 3960 2618 4032 discipuli
2665 3960 3033 4031 quaesierunt:
3060 3969 3116 4014 ct
3138 3958 3339 4013 malum
3387 3970 3636 4027 quaerere
3681 3954 3795 4008 ani-

2207 4067 2352 4107 mam
2397 4050 2617 4116 Christi,
2642 4051 2736 4106 sed
2777 4050 3050 4121 quomodo
3087 4063 3207 4104 eam
3231 4046 3401 4104 Judaei
3420 4047 3794 4118 quaesierunt:

2209 4145 2306 4212 illi,
2335 4159 2459 4200 eum
2501 4151 2561 4199 ut
2600 4143 2893 4211 haberent;
2936 4144 3049 4210 isti,
3086 4152 3146 4198 ut
3194 4141 3506 4213 perderent.
3561 4140 3800 4209 Denique

2209 4237 2320 4303 isti,
2343 4237 2471 4308 quia
2497 4238 2579 4292 sic
2603 4236 2919 4307 quaerebant
2941 4236 3077 4291 mori
3103 4233 3242 4290 malo
3264 4234 3428 4289 corde
3449 4240 3503 4287 et
3518 4246 3796 4303 perverso,

2211 4327 2355 4398 quod
2393 4328 2596 4384 secutis
2640 4327 2931 4398 adjunxit:
2975 4347 2994 4379 ι
3043 4325 3310 4396 Quaeretis
3355 4325 3480 4382 me?
3538 4344 3559 4377 ι
3617 4324 3687 4379 Et
3731 4339 3799 4378 ne

2211 4422 2417 4495 putetis
2442 4422 2568 4492 quia
2595 4422 2733 4478 bene
2762 4436 2849 4476 me
2879 4420 3155 4492 quaeretis.

524 4508 662 4607 iiinc
685 4512 893 4567 etenim
922 4512 1143 4583 sapiens
1169 4513 1307 4569 dixit
1349 4529 1365 4568 :
1419 4534 1438 4567 ‹
1496 4515 1710 4583 Quanto
1751 4534 1981 4589 magnus
2027 4534 2107 4583 es,
2138 4549 2190 4607 ι)
2293 4538 2310 4568 ι
2348 4516 2403 4570 1η
2428 4525 2656 4585 peccato
2679 4524 2862 4571 vestro
2901 4514 3226 4569 moriemini.
3270 4532 3289 4564 ι
3334 4513 3448 4569 Hoc
3488 4520 3572 4568 est
3602 4510 3799 4568 :Chri-

525 4602 747 4658 humilia
773 4612 826 4659 te
854 4604 911 4659 in
936 4604 1208 4671 omnibus,
1235 4612 1290 4661 et
1314 4620 1498 4661 coram
1530 4606 1643 4664 Deo
1689 4608 1933 4664 invenies
1979 4625 2107 4682 gra-

527 4694 659 4749 tiam
683 4693 851 4765 (Eccl.
875 4696 978 4767 ιιι).
1012 4716 1031 4748 ι
1059 4694 1178 4751 Jam
1206 4698 1458 4768 superius
1483 4713 1582 4769 per
1610 4698 1776 4755 ﬁliam
1804 4700 1962 4771 hujus
1984 4716 2107 4755 mu-

524 4786 709 4853 lieris,
743 4803 1181 4861 unamquamque
1228 4792 1463 4847 animam
1495 4793 1856 4863 peccatricem
1897 4793 2107 4865 signiﬁ-

529 4883 645 4939 cari
685 4881 938 4936 diximus.
987 4882 1242 4949 Quamvis
1277 4900 1378 4941 nec
1414 4884 1594 4939 anima
1637 4886 1755 4941 sine
1792 4900 1976 4951 carne,
2010 4900 2108 4941 nec

529 4988 659 5031 caro
688 4973 805 5029 sine
828 4973 1007 5027 anima
1030 4988 1256 5043 peccare
1302 4976 1494 5046 possit,
1547 4984 1727 5031 tamen
1779 4985 1907 5030 sunt
1960 4990 2108 5045 quae-

531 5067 655 5123 dam
675 5066 806 5122 vitia
830 5081 950 5137 quae
975 5068 1279 5138 specialiter
1303 5070 1372 5125 ad
1407 5085 1650 5131 carnem,
1681 5069 1929 5139 quaedam
1977 5084 2108 5125 vero

533 5156 601 5211 ad
625 5156 859 5212 animam
888 5157 1160 5227 pertinere
1176 5158 1442 5215 videntur.
1467 5159 1696 5214 Furtum
1717 5157 1934 5229 quippe,
1956 5158 2109 5214 adul-

534 5249 760 5313 terium,
813 5249 1192 5316 homicidium,
1235 5250 1543 5316 fornicatio,
1581 5252 1892 5317 chrictatcs,
1941 5253 2107 5308 sacri-

532 5339 751 5408 legium,
773 5348 829 5394 et
853 5340 935 5396 his
961 5341 1157 5396 similia
1179 5342 1248 5396 ad
1274 5357 1493 5396 carnem
1524 5342 1799 5412 pertinent
1832 5360 1844 5397 :
1878 5353 1935 5398 at
1956 5358 2104 5411 vero,

534 5431 756 5500 invidia,
802 5432 903 5498 ira,
946 5432 1218 5504 superbia,
1262 5433 1461 5495 odium,
1520 5449 1733 5500 rancor,
1763 5435 1941 5503 dolus,
1971 5451 2109 5491 vana

532 5523 719 5596 gloria,
749 5523 1044 5591 simulatio,
1075 5533 1131 5579 et
1174 5524 1261 5579 his
1313 5524 1510 5580 similia
1546 5528 1626 5583 ad
1667 5529 1926 5586 animam.
1986 5530 2112 5588 Sive

534 5631 662 5690 ergo
683 5616 1088 5685 animam,sive
1113 5631 1333 5671 carnem
1385 5619 1675 5690 contigerit
1720 5622 1776 5679 in
1824 5623 1909 5679 his
1964 5624 2112 5681 vitiis

535 5707 940 5774 commaculari,
974 5723 1006 5762 a
1034 5706 1231 5762 ﬁnibus
1258 5707 1372 5764 suis
1392 5710 1709 5781 egrediatur
1726 5752 1742 5779 ,
1771 5713 1827 5771 id
1855 5723 1939 5772 est
1970 5733 2109 5788 pra:-

534 5801 697 5857 tcrita
720 5809 942 5872 peccata
970 5800 1276 5859 damnanda
1307 5811 1625 5875 postponat,
1672 5807 1857 5865 carnis
1893 5808 2106 5866 deside-

2216 4621 2359 4662 stum
2386 4606 2529 4661 male
2559 4620 2827 4677 quaerere,
2872 4605 2929 4661 in
2964 4615 3188 4675 peccato
3231 4619 3329 4661 suo
3376 4604 3537 4660 mori.
3569 4602 3628 4660 In
3678 4616 3800 4673 pec-

2216 4712 2341 4760 cato
2372 4716 2471 4757 suo
2514 4702 2766 4770 moritur,
2814 4702 2909 4773 qui
2958 4701 3013 4758 in
3047 4711 3274 4773 peccato
3310 4709 3595 4772 permanet
3632 4714 3801 4767 usque

2216 4794 2284 4849 ad
2323 4802 2576 4848 mortem.
2604 4792 2699 4848 llle
2724 4792 2999 4849 Christum
3028 4808 3136 4848 non
3182 4793 3398 4863 quaerit,
3445 4791 3539 4863 qui
3575 4791 3800 4846 salutem

2216 4886 2412 4941 animae
2441 4901 2552 4941 suae
2592 4902 2690 4957 per
2713 4887 3089 4960 paenitentiam
3138 4902 3246 4942 non
3281 4885 3507 4957 quaerit,
3537 4885 3609 4940 ad
3642 4898 3800 4956 quem

2215 4979 2488 5049 Propheta
2515 4979 2713 5035 clamat
2750 4998 2762 5034 :
2802 4999 2821 5032 ι
2856 4981 3091 5048 Quaerite
3135 4980 3421 5036 Dominum
3473 4980 3604 5035 dum
3656 4980 3802 5036 inve-

2210 5071 2319 5127 niri
2358 5079 2537 5141 potest
2592 5071 2727 5144 (lsa.
2772 5072 2909 5146 ιιι).
2966 5092 2985 5125 ι
3035 5072 3190 5129 Modo
3233 5074 3325 5142 qui
3372 5071 3796 5137 misericordem,

2199 5163 2340 5219 dum
2372 5172 2583 5233 tempus
2620 5165 2786 5222 habet
2826 5179 2936 5221 non
2981 5166 3208 5236 qumrit,
3254 5165 3492 5221 inveniet
3534 5180 3660 5221 eum
3688 5165 3797 5220 ira-

2212 5266 2347 5311 tum.
2380 5254 2581 5311 Iudaeis
2602 5255 2740 5311 dixit
2773 5274 2785 5310 :
2825 5275 2843 5308 ι
2875 5257 2933 5312 In
2961 5265 3185 5328 peccato
3206 5265 3388 5315 vestro
3418 5257 3744 5319 moriemini,
3773 5275 3791 5309 ι

2208 5349 2336 5419 quia
2365 5349 2687 5420 praesciebat
2714 5364 2809 5406 eos
2848 5350 2902 5406 in
2933 5359 3161 5421 peccato
3188 5365 3288 5407 suo
3319 5365 3658 5421 permanere.
3680 5348 3798 5406 Sin-

2216 5442 2389 5514 gulari
2412 5442 2551 5498 dixit
2576 5457 2826 5509 numero,
2858 5444 2915 5498 in
2950 5451 3199 5513 peccato,
3242 5452 3298 5499 et
3329 5442 3544 5513 plurali,
3575 5451 3791 5497 vestro:

2216 5533 2343 5603 quia
2393 5533 2645 5589 omnibus
2685 5533 2812 5601 illis,
2838 5534 2907 5590 ad
2943 5549 3079 5604 quos
3103 5534 3441 5606 loquebatur,
3490 5549 3653 5591 unam
3683 5547 3797 5589 esse

2218 5625 2550 5681 voluntatem
2607 5618 2845 5693 sciebat,
2908 5627 3171 5697 aequalem
3231 5628 3490 5683 malitiam
3543 5624 3797 5697 perdendi

2219 5733 2365 5781 eum,
2396 5718 2488 5788 qui
2530 5718 2742 5775 salvare
2765 5735 2861 5776 eos
2899 5729 3142 5776 venerat.
3173 5719 3292 5775 Alio
3332 5732 3464 5773 vero
3494 5717 3615 5774 loco
3647 5716 3797 5773 disci-

2219 5812 2362 5886 pulis
2386 5812 2521 5869 dixit
2551 5829 2568 5871 :
2596 5832 2615 5867 ι
2657 5814 2775 5881 Quo
2822 5829 2922 5886 ego
2946 5813 3103 5883 vado,
3155 5829 3252 5871 vos
3304 5827 3409 5868 non
3461 5812 3688 5882 potestis
3713 5823 3798 5866 ve-
