3994 6354
138 444 241 499 253

1347 451 1654 510 ΗΟΜΙΙΑΙᾹ]
1696 454 1784 509 DE
1820 453 2167 510 TEMPORE.

3301 474 3409 530 254

136 558 251 613 nire
290 548 479 629 (Joan.
517 555 639 630 xm)
667 577 680 613 :
718 577 736 611 ι
770 575 881 617 non
906 562 1132 620 abstulit
1158 565 1242 621 eis
1269 581 1443 639 spem,
1471 569 1565 625 sed
1586 585 1724 642 praz-
1750 581 1803 639 Α
1829 577 1956 625 runt
1986 586 2001 625 :
2033 588 2053 621 ι
2093 569 2402 627 Moriemini
2433 573 2488 627 in
2520 586 2743 644 peccato
2774 586 2977 638 vestro.
3017 600 3035 633 ι
3076 582 3144 639 Et
3167 585 3259 656 qui
3285 588 3409 658 plus

135 648 268 706 dixit
298 649 644 707 dilationem.
670 651 900 720 Quando
922 656 1065 711 enim
1097 657 1200 715 hoc
1237 660 1515 731 discipulis
1541 662 1723 718 Domi—

135 758 231 797 nus
249 740 601 812 loquebatur,
656 753 782 801 tunc
817 761 925 803 non
952 757 1202 820 poterant
1240 752 1429 808 venire
1475 767 1583 825 quo
1634 754 1722 811 ille

134 831 260 896 ibat,
288 832 390 887 sed
419 842 611 903 postea
642 838 856 893 venturi
875 849 1029 894 erant
1062 859 1075 894 :
1100 840 1191 897 isti
1214 850 1395 900 autem
1420 859 1719 916 nunquam,

132 924 322 994 quibus
352 927 619 1001 praescius
651 928 820 996 dixit,
875 950 894 983 ι
929 932 987 987 ln
1015 943 1240 1004 peccato
1291 946 1474 993 vestro
1522 939 1720 996 morie-

130 1015 275 1071 mini.
313 1036 333 1069 ι
374 1015 479 1073 His
523 1026 702 1075 autem
757 1020 952 1078 auditis
984 1025 1181 1090 verbis,
1227 1028 1498 1098 quomodo
1544 1029 1722 1085 solent

129 1105 363 1161 carnalia
400 1108 733 1180 cogitantes,
769 1120 826 1167 et
854 1115 1150 1170 secundum
1200 1132 1419 1174 carnem
1466 1119 1716 1191 judican-

130 1204 223 1261 tcs,
254 1206 311 1252 et
338 1204 522 1254 totum
548 1200 843 1257 carnaliter
869 1203 1152 1263 audientes
1185 1215 1240 1263 et
1266 1210 1539 1280 sapientes
1568 1211 1720 1269 dixe-

129 1295 250 1342 ΙΊΙΠΙ
275 1306 288 1340 2

195 1395 216 1431 ι
246 1378 513 1453 Nunquid
534 1383 825 1443 interﬁciet
848 1390 1222 1461 semetipsum,
1249 1395 1374 1464 quia
1398 1396 1531 1453 dicit
1555 1415 1568 1452 :
1596 1396 1717 1465 Quo

131 1490 147 1523 ι
176 1484 274 1543 ego
296 1472 465 1541 vado,
502 1490 602 1531 vos
628 1493 736 1533 non
766 1480 994 1548 potestis
1025 1484 1249 1541 venire?
1274 1505 1294 1538 ι
1350 1486 1526 1544 Stulta
1551 1491 1715 1545 verba

123 1571 174 1619 et
195 1566 421 1623 omnino
452 1567 775 1639 insipientia:
798 1572 988 1642 plena;
1011 1576 1142 1645 quid
1160 1577 1307 1633 enim
1334 1595 1442 1636 non
1464 1589 1717 1652 poterant

123 1656 208 1712 illo
227 1658 445 1725 venire,
470 1676 578 1731 quo
604 1662 697 1729 ille
717 1665 1073 1734 perrexisset,
1097 1669 1143 1724 si
1168 1670 1503 1728 interﬁceret
1521 1682 1715 1729 semet-

122 1750 288 1820 ipsum
308 1752 334 1805 ?
361 1751 620 1825 Nunquid
659 1756 762 1827 ipsi
790 1773 900 1814 non
934 1769 1096 1816 erant
1123 1763 1375 1818 morituri
1401 1765 1425 1818 ?
1461 1766 1602 1834 Quid
1630 1775 1715 1823 est

119 1855 265 1911 ergo,
299 1862 318 1895 ι
349 1840 609 1916 Nunquid
637 1846 929 1906 interﬁciet
947 1854 1322 1924 semetipsum,
1352 1875 1371 1907 ι
1399 1857 1526 1928 quia
1554 1859 1709 1927 dixit,

1821 669 2031 734 peccat,
2067 662 2190 734 plus
2210 672 2294 720 est
2324 663 2378 719 in
2406 668 2625 731 mundo,
2655 678 2710 725 et
2730 672 2851 740 plus
2879 681 2963 729 est
2988 674 3314 734 immundus.
3342 682 3410 737 Et

1823 764 2025 826 quanto
2053 772 2112 812 se
2136 756 2259 827 quis
2287 759 2564 814 mundata
2595 772 2841 832 peccato,
2874 775 3024 825 tanto
3052 784 3112 826 se
3141 770 3316 829 elevat
3342 776 3410 831 de

1822 846 2031 927 mundo,
2049 863 2155 903 non
2180 862 2319 905 esse.
2346 848 2538 906 Merito
2566 852 2853 910 audierunt
2903 857 3095 929 Judaei,
3130 881 3150 915 ι
3206 867 3409 923 morie-

1821 936 1955 991 mini
1984 924 2040 991 ιη
2073 939 2309 1008 peccatis
2333 942 2549 1009 vestris,
2584 963 2602 995 ι
2653 945 2778 1014 quia
2822 963 2932 1004 non
2970 951 3172 1010 habere
3213 973 3408 1028 pecca-

1823 1032 1934 1079 tum
1958 1027 2105 1082 nullo
2124 1029 2283 1085 modo
2303 1032 2572 1100 potuistis,
2605 1036 2692 1105 qui
2721 1053 2842 1092 cum
2866 1052 3088 1109 peccato
3114 1027 3229 1103 nati
3249 1052 3405 1107 estis.

1821 1112 1929 1169 Sed
1960 1125 2140 1173 tamen
2177 1119 2221 1175 si
2262 1120 2316 1175 in
2350 1136 2470 1189 me,
2509 1124 2717 1195 inquit,
2743 1128 3120 1202 credideritis,
3159 1142 3410 1207 quamvis

1819 1218 1941 1259 cum
1962 1218 2190 1276 peccato
2213 1211 2431 1281 quidem
2455 1215 2569 1269 nati
2594 1216 2748 1282 estis,
2771 1218 2865 1274 sed
2885 1220 2941 1274 in
2967 1236 3195 1291 peccato
3226 1240 3409 1289 vestro

1816 1297 2066 1354 morituri
2096 1315 2205 1356 non
2239 1303 2389 1359 estis.
2419 1304 2682 1376 Adjunxit
2722 1310 2868 1365 enim
2895 1312 3081 1371 dicens
3108 1334 3120 1370 :
3159 1336 3178 1369 ι
3214 1319 3271 1376 Si
3300 1339 3407 1379 non

1821 1404 1840 1438 ι
1872 1390 2212 1449 credideritis
2238 1395 2362 1464 quia
2394 1410 2493 1469 ego
2539 1414 2693 1467 sum,
2726 1402 3032 1460 moriemini
3084 1407 3138 1461 in
3169 1415 3411 1480 peccatis

1820 1498 1839 1532 ι
1868 1482 2081 1538 vestris.
2119 1503 2139 1536 ι
2172 1483 2315 1557 Ergo
2333 1487 2378 1543 si
2407 1489 2748 1548 credideritis
2779 1496 2906 1565 quia
2954 1512 3056 1567 ego
3098 1514 3252 1569 sum,
3296 1522 3407 1561 non

1815 1573 2120 1628 moriemini
2151 1574 2207 1630 in
2236 1579 2476 1646 peccatis
2503 1583 2718 1638 vestris.
2764 1584 2991 1643 Reddita
3033 1605 3157 1659 spes
3184 1600 3269 1647 est
3311 1595 3407 1650 de-

1813 1664 2178 1733 sperantibus,
2208 1668 2465 1725 excitatio
2492 1670 2636 1727 facta
2667 1682 2753 1729 est
2799 1678 3213 1739 dormientibus.
3264 1683 3403 1742 Cor-

1815 1757 1972 1815 dibus
1997 1759 2409 1832 evigilaverunt,
2444 1765 2571 1823 inde
2595 1769 2815 1839 plurimi
2863 1775 3234 1846 crediderunt,
3264 1782 3408 1837 sicut

1812 1847 2095 1923 Evangelii
2129 1852 2300 1924 ipsius
2325 1861 2714 1929 consequentia
2739 1871 2987 1933 testatur,
3024 1868 3115 1924 ubi
3147 1870 3225 1925 ait
3253 1888 3269 1926 :

123 1952 140 1985 ι
175 1951 281 2005 quo
328 1954 436 2009 ego
482 1940 623 1996 vado
670 1956 767 1998 vos
800 1958 909 2000 non
956 1948 1188 2017 potestis
1242 1949 1447 2017 venire,
1494 1970 1515 2003 ι
1551 1953 1598 2007 si
1640 1952 1708 2009 de
1736 1943 1786 2005 Β
1888 1968 1906 1998 ι
1940 1947 2068 2005 Haec
2091 1950 2183 2006 illo
2218 1951 2495 2023 loquente,
2539 1958 2696 2014 multi
2726 1961 3089 2020 crediderunt.
3126 1986 3145 2019 ι
3192 1968 3253 2024 Ιιι
3298 1970 3405 2030 hoc

118 2037 284 2085 morte
311 2031 555 2089 hominis
580 2033 805 2100 diceret,
839 2037 962 2107 quis
984 2038 1265 2095 hominum
1295 2056 1399 2097 non
1441 2044 1708 2099 moritur?
1809 2054 1941 2113 ergo
1968 2044 2168 2115 populo
2200 2048 2290 2102 cui
2321 2048 2586 2108 Dominus
2636 2052 2982 2127 loquebatur,
3032 2072 3191 2118 erant
3219 2065 3312 2135 qui
3343 2066 3404 2120 in

114 2118 247 2192 Ergo
283 2138 398 2192 quo
426 2140 528 2197 ego
556 2126 713 2192 vado,
742 2127 898 2195 dixit,
926 2144 1034 2185 non
1064 2146 1173 2202 quo
1199 2133 1307 2187 itur
1342 2135 1410 2190 ad
1448 2143 1702 2204 mortem,
1807 2144 2034 2205 peccato
2060 2153 2159 2195 suo
2207 2138 2425 2197 fuerant
2471 2145 2744 2219 morituri,
2785 2159 2944 2206 erant
2985 2154 3152 2210 etiam
3203 2118 3298 2229 (ιιυὶ
3345 2158 3403 2212 ἱιι
3476 2184 3485 2189 ·

113 2212 197 2266 sed
224 2227 339 2283 quo
372 2214 488 2272 ibat
514 2218 630 2287 ipse
653 2228 777 2289 post
822 2229 1074 2278 mortem.
1105 2222 1215 2280 Illis
1242 2225 1425 2297 itaque
1464 2243 1575 2284 non
1617 2228 1704 2284 in-
1808 2226 1985 2298 ipsum
2020 2231 2114 2300 qui
2136 2218 2477 2303 loquebatur,
2506 2212 2737 2295 fuerant
2751 2242 3033 2312 credituri,
3066 2255 3121 2302 et
3159 2212 3403 2305 ab‘omni
3484 2292 3487 2295 ι

114 2302 479 2377 telligentibus
505 2308 633 2375 ista,
663 2304 943 2382 respondit
974 2314 1055 2369 eis
1091 2314 1355 2373 Dominus
1379 2319 1473 2388 qui
1500 2330 1704 2376 terram

112 2398 419 2479 sapiebant.

175 2490 323 2546 «Vos
354 2494 427 2548 de
452 2494 707 2553 deorsum
726 2500 877 2559 estis.
908 2520 927 2553 ι
960 2502 1087 2558 Ideo
1109 2512 1311 2560 terram
1336 2507 1547 2578 sapitis,
1575 2510 1702 2580 quia

116 2580 245 2635 sicut
292 2595 526 2651 serpens
582 2595 785 2643 terram
830 2590 1204 2661 manducatis,
1251 2597 1480 2653 terrenis
1530 2593 1704 2668 pasci-

118 2670 258 2736 mini,
285 2672 527 2727 terrenis
558 2673 925 2745 delectamini,
956 2683 1186 2738 terrenis
1211 2684 1454 2751 inbiatis,
1484 2703 1697 2743 sursum

117 2776 202 2816 cor
235 2776 347 2818 non
402 2763 633 2820 habetis.
667 2786 688 2818 ‹
730 2766 834 2824 Vos
884 2770 950 2825 de
980 2772 1244 2847 deorsum
1290 2763 1444 2843 estis,
1484 2791 1584 2849 ego
1630 2779 1698 2835 de

124 2874 140 2906 ι
172 2858 422 2927 supernis
442 2874 583 2915 sum.
615 2860 728 2918 Vos
764 2864 832 2919 de
866 2867 1069 2922 mundo
1118 2869 1222 2925 hoc
1249 2872 1402 2939 estis,
1441 2889 1539 2944 ego
1584 2891 1694 2932 non

125 2965 141 2997 ι
174 2965 288 3004 sum
317 2950 385 3005 de
408 2952 511 3007 hoc
535 2955 759 3009 mundo.
791 2975 810 3007 ι
845 2954 1126 3022 Quomodo
1155 2977 1284 3034 ergo
1325 2980 1434 3021 non
1477 2976 1597 3022 erat
1627 2969 1695 3024 de

119 3038 215 3096 hoc
241 3043 458 3108 mundo,
485 3059 587 3115 per
610 3061 772 3116 quem
802 3048 975 3105 factus
1004 3060 1088 3108 est
1116 3056 1369 3123 mundus,
1393 3066 1450 3114 et
1478 3075 1693 3132 semper

119 3131 308 3203 ubique
328 3137 443 3192 est?
464 3136 572 3193 Sed
595 3153 786 3195 omnes
806 3141 872 3197 de
897 3142 1119 3210 mundo,
1142 3145 1237 3201 sed
1258 3148 1411 3217 prius
1432 3131 1688 3220 mundus,

119 3237 299 3295 postea
320 3230 496 3287 homo.
522 3231 630 3289 Sed
649 3232 901 3292 Christus
924 3245 1050 3292 ante
1074 3240 1354 3307 mundum,
1379 3252 1507 3299 ante
1532 3243 1692 3301 Chri-

124 3323 263 3371 stum
290 3320 441 3386 nihil,
468 3323 559 3392 qui
584 3343 602 3377 ι
634 3324 689 3380 in
715 3326 984 3398 principio
1010 3338 1127 3384 erat
1148 3304 1406 3400 Verbum,
1427 3344 1482 3390 et
1506 3337 1691 3392 omnia
1719 3304 1765 3368 α

126 3421 221 3476 per
247 3408 417 3479 ipsum
440 3411 582 3469 facta
610 3425 732 3472 sunt
753 3418 938 3490 (Joan.
962 3419 1005 3491 ι)
1040 3438 1053 3474 :
1093 3440 1112 3472 ι
1143 3422 1223 3477 sic
1266 3425 1411 3480 enim
1449 3434 1571 3481 erat
1599 3427 1690 3484 ille

123 3496 190 3552 de
217 3502 476 3569 supernis.
520 3504 593 3560 De
638 3508 833 3578 quibus
880 3511 1182 3582 supernis?
1219 3513 1305 3568 Ab
1344 3513 1464 3585 ipso
1505 3515 1687 3586 Patre,

121 3588 247 3644 nihil
276 3591 365 3648 illo
390 3597 656 3668 superius,
682 3600 811 3670 quia
837 3601 1075 3658 Verbum
1104 3605 1287 3675 genuit
1321 3607 1528 3677 aequale
1562 3608 1687 3677 sibi,

1804 2324 2033 2387 peccato
2076 2320 2361 2379 liberandi.
2414 2325 2618 2382 Tamen
2661 2329 2766 2386 hoc
2819 2334 3086 2390 attendite
3127 2338 3274 2407 quod
3324 2339 3404 2394 ait

1805 2404 2069 2463 Dominus
2098 2408 2385 2467 Christus:
2419 2433 2436 2465 ι
2475 2414 2534 2470 Si
2563 2431 2672 2472 non
2716 2421 3062 2480 credideritis
3112 2404 3240 2495 quia
3300 2443 3402 2500 ego

1805 2511 1947 2563 sum,
1982 2501 2291 2558 moriemini
2333 2504 2389 2558 in
2440 2516 2667 2575 peccato
2706 2519 2911 2568 vestro.
2949 2533 2969 2565 ι
3008 2514 3148 2583 Quid
3194 2526 3300 2585 est,
3331 2521 3402 2593 .si

1804 2604 1914 2646 non
1945 2592 2287 2679 credideritis
2315 2597 2442 2667 quia
2492 2614 2591 2672 ego
2635 2603 2804 2657 sum?
2844 2606 2970 2676 quia
2999 2608 3135 2664 nihil
3167 2592 3399 2681 addidit,

1802 2683 2031 2738 multum
2064 2676 2149 2741 eSt
2177 2688 2323 2757 quod
2352 2692 2772 2748 commendavit.
2800 2695 2970 2765 Dixit,
3021 2716 3123 2770 ego
3150 2717 3289 2769 sum,
3344 2676 3402 2761 et

1800 2787 1909 2827 non
1941 2774 2145 2842 addidit
2175 2777 2325 2847 quid,
2356 2778 2471 2834 sive
2500 2778 2774 2850 Christus,
2804 2786 2920 2843 sive
2940 2787 3110 2846 Filius
3142 2791 3259 2859 Dei,
3281 2795 3397 2852 sive

1797 2866 1890 2923 ille
1918 2883 2082 2938 quem
2110 2873 2389 2941 prophetae
2413 2875 2802 2947 praedixerunt,
2827 2881 2941 2938 sive
2968 2883 3218 2942 Salvator
3240 2904 3399 2944 mun-

1796 2960 1873 3027 di,
1906 2962 2020 3017 sive
2041 2963 2185 3021 aliud
2206 2965 2407 3037 aliquid
2428 2972 2572 3040 quod
2597 2972 2664 3027 de
2685 2987 2751 3029 eo
2773 2974 2830 3029 in
2858 2975 3155 3049 Scripturis
3178 2981 3393 3055 legitur.

1795 3048 2019 3108 Multum
2050 3063 2132 3109 est
2173 3056 2319 3126 quod
2366 3058 2463 3125 ait,
2501 3056 2621 3130 Ego
2662 3077 2808 3132 sum,
2841 3066 2969 3137 quia
2986 3048 3211 3129 dixerat
3232 3048 3400 3130 'Deus

1794 3141 1998 3215 Moysi:
2024 3165 2043 3198 ι
2063 3146 2177 3217 Ego
2198 3163 2319 3204 sum
2339 3151 2433 3221 qui
2456 3166 2597 3207 sum.
2622 3173 2642 3206 ι
2670 3154 2876 3213 Eodem
2888 3161 3051 3216 modo
3064 3161 3300 3221 Verbum
3317 3182 3401 3223 es-

1796 3235 1985 3291 sentiae
2006 3238 2350 3307 sempiterna:
2376 3256 2507 3297 usus
2538 3252 2624 3298 est
2653 3244 2723 3300 ad
2761 3248 3017 3319 papulum
3061 3250 3395 3323 Iudaeorum,

1796 3341 1905 3396 quo
1934 3335 2066 3382 tunc
2093 3329 2162 3383 ad
2204 3328 2427 3401 Moysen
2471 3348 2570 3403 per
2600 3337 2854 3407 angelum
2896 3341 2950 3395 in
2984 3342 3122 3400 rubo
3160 3346 3395 3405 ﬂammae

1796 3421 1956 3490 ignis,
1985 3438 2147 3507 quem
2177 3424 2448 3481 missurus
2490 3436 2613 3483 erat
2651 3429 2720 3484 ad
2762 3430 3100 3488 liberandum
3131 3438 3391 3507 populum

1795 3527 1953 3567 suum
1978 3501 2178 3586 (Exod.
2224 3514 2329 3587 ιιι).
2374 3516 2514 3584 Quid
2558 3527 2643 3574 est
2684 3521 2828 3590 quod
2859 3522 2950 3578 hic
2995 3501 3228 3580 dixit};
3278 3528 3393 3598 Ego

1796 3618 1954 3670 sum,
2012 3621 2031 3655 ι
2077 3603 2207 3671 nisi,
2250 3604 2340 3661 ille
2391 3606 2508 3677 ipse
2539 3609 2631 3679 qui
2681 3620 2809 3666 tunc
2840 3610 2895 3667 in
2940 3614 3135 3686 angelo
3173 3617 3392 3675 mittere

122 3693 432 3743 coaeternum
470 3690 592 3759 sibi,
625 3693 963 3763 unigenitum
991 3695 1115 3763 sibi,
1143 3697 1259 3753 sine
1285 3707 1544 3770 tempore,
1592 3716 1692 3773 per
1794 3692 2015 3765 Moyse"
2074 3709 2291 3751 δθτνυπι
2360 3712 2542 3754 meum
2605 3701 2673 3755 ad
2735 3700 3078 3759 liberandum
3132 3707 3394 3777 Ρορυιυηὶ

122 3782 552 3856 ιιυθωνοοηάθιυθι
580 3793 845 3856 tempora.
876 3786 1001 3844 ldeo
1050 3788 1302 3847 Christus
1345 3802 1470 3849 ante
1501 3809 1690 3852 omnes

1806 3800 1975 3842 meum
2015 3787 2306 3856 destinavi,
2348 3804 2451 3862 ego
2489 3791 2605 3863 ipse
2635 3792 2797 3849 modo
2833 3809 2934 3865 per
2959 3796 3227 3867 meipsum
3270 3800 3396 3856 veni

125 3853 393 3941 creaturas,
448 3885 504 3932 et
550 3853 905 3935 ante—omnia
930 3890 1196 3952 tempora,
1242 3884 1370 3954 quia
1416 3884 1483 3942 de
1526 3886 1689 3944 patre
1793 3877 2138 3971 incarnatus,
2181 3878 2345 3936 homo
2384 3878 2599 3971 Iactus,
2651 3883 2887 3942 liberare
2929 3887 3207 3958 homines,
3256 3907 3401 3971 quos

129 3973 402 4023 comternus
432 3967 584 4025 Patri
614 3972 829 4043 genitus
849 3980 952 4028 est.

1806 3970 1990 4036 :reavi,
2023 3970 2116 4040 qui
2147 3971 2343 4041 perditi
2371 3970 2627 4029 fuerant?
2653 3975 2926 4048 Quidquid
2951 3981 3098 4036 enim
3142 3982 3391 4055 aliquan-

187 4072 202 4103 ι
238 4053 339 4113 Vos
375 4058 444 4114 de
469 4060 574 4116 hoc
600 4063 804 4120 mundo
832 4064 996 4131 estis,
1029 4081 1129 4136 ego
1180 4082 1290 4124 non
1332 4083 1452 4124 sum
1487 4070 1555 4126 de
1583 4071 1687 4127 hoc
1791 4061 1860 4116 do
1892 4062 2089 4117 mutari
2129 4072 2309 4134 potest
2328 4064 2415 4120 vel
2439 4065 2492 4120 in
2524 4066 2740 4134 melius,
2766 4068 2853 4125 vel
2880 4070 2936 4125 in
2969 4053 3393 4146 deterius,vquo-

129 4162 145 4194 ι
172 4151 376 4208 mundo.
422 4152 549 4208 Dixi
584 4168 716 4226 ergo
744 4156 919 4224 vobis,
965 4159 1095 4229 quia
1136 4160 1445 4217 moriemini
1478 4162 1535 4217 in
1562 4178 1688 4233 pec-

1806 4152 2080 4210 lammodo
2123 4168 2192 4210 ex
2219 4171 2285 4212 eo
2329 4156 2475 4227 quod
2503 4157 2609 4213 fuit
2650 4170 2796 4227 ante,
2828 4160 3019 4233 incipit
3061 4164 3206 4221 aliud
3245 4182 3386 4235 esse,

128 4243 296 4297 (catis
322 4245 544 4302 vestris,
583 4264 603 4297 ι
634 4245 901 4319 Exposuit
938 4250 1096 4305 nobis
1140 4251 1271 4322 quid
1318 4252 1545 4326 intelligi
1590 4269 1689 4311 νο-
1787 4246 1873 4303 vel
1898 4246 2059 4303 aliter
2078 4263 2199 4304 esse
2243 4264 2407 4320 quam
2435 4250 2559 4307 fuit.
2609 4253 2771 4312 SOIUS
2813 4248 2944 4312 vero
2982 4257 3127 4315 Deus
3173 4274 3390 4334 semper

121 4324 220 4397 luit,
245 4322 432 4393 vosae
460 4337 566 4394 hoc
591 4339 794 4395 mundo
821 4340 984 4407 estis;
1024 4341 1144 4399 ideo
1166 4343 1367 4415 quippe
1388 4322 1546 4413 dixit,
1574 4344 1686 4402 Vos
1787 4339 1929 4396 idem
1958 4349 2062 4408 est,
2101 4341 2455 4400 immutabilis
2482 4346 2710 4414 veritas,
2764 4348 3141 4417 immutabilis,
3187 4356 3391 4426 sempi-

121 4418 176 4474 de
207 4423 302 4482 hoc
343 4433 551 4488 mundo
580 4432 732 4499 estis,
785 4433 912 4503 quia
961 4445 1280 4504 peccatores
1330 4447 1507 4506 erant,
1557 4440 1684 4511 quia
1788 4439 1995 4500 ternus,
2027 4434 2628 4506 immutabilis-natura,
2667 4439 3026 4499 immutabilis
3050 4446 3382 4514 substantia,

119 4511 266 4586 iniqui
290 4534 462 4590 erant,
494 4526 621 4596 quia
650 4526 899 4582 inﬁdeles
924 4538 1099 4595 erant,
1127 4529 1255 4599 quia
1278 4537 1492 4587 terrena
1512 4533 1683 4603 sapie-
1722 4532 1731 4538 '
1787 4534 1843 4582 et
1867 4527 2129 4597 quidquid
2151 4528 2218 4585 de
2239 4545 2306 4586 eo
2333 4530 2439 4586 dici
2469 4540 2668 4603 potest,
2698 4548 2914 4606 semper
2938 4535 3080 4591 idem
3116 4545 3198 4591 est
3240 4539 3385 4608 quod

116 4603 246 4663 bant.
276 4610 522 4687 Nunquid
546 4617 777 4687 apostoli
820 4627 876 4672 et
907 4619 1079 4674 sancti
1111 4619 1207 4675 Dei
1236 4621 1304 4676 de
1347 4622 1451 4678 hoc
1480 4624 1681 4681 mundo
1707 4665 1762 4703 η
1786 4620 1889 4674 fuit
1917 4631 1974 4677 et
1993 4623 2117 4678 erit.
2154 4622 2386 4703 Prorsus
2415 4625 2552 4681 nihil
2582 4624 2726 4681 aliud
2773 4603 2966 4682 melius
3006 4626 3286 4684 videretur
3328 4630 3384 4685 in

118 4714 207 4756 non
226 4717 369 4764 erant
388 4710 415 4764 ?
440 4702 611 4766 Erant
639 4711 929 4781 siquidem,
961 4713 1088 4783 quia
1110 4712 1176 4769 de
1194 4713 1368 4770 Adam
1388 4716 1502 4771 nati
1529 4727 1677 4786 sunt,
1704 4702 1761 4726 υ
1785 4709 1927 4778 1000,
1957 4714 2013 4768 in
2042 4713 2147 4770 hoc
2172 4716 2340 4772 verbo
2370 4716 2513 4785 (11³οά
2544 4716 2623 4769 ait
2644 4716 2906 4771 Dominus
2932 4734 2943 4769 ⁵
2993 4736 3012 4768 ⁸
3049 4717 3163 4790 Εεο
3186 4736 3329 4786 sum,
3361 4743 3379 4775 ’

119 4795 195 4848 sed
240 4797 344 4869 ipsa
395 4802 615 4860 Veritas
659 4805 726 4861 de
784 4805 864 4862 eis
912 4807 990 4862 ait
1039 4824 1051 4861 :
1086 4828 1104 4859 ‹
1153 4806 1264 4877 Ego
1299 4808 1433 4883 elegi
1470 4826 1565 4868 vos
1611 4813 1677 4868 de
1781 4803 2037 4876 nisi,ego
2059 4806 2360 4872 sumDeus,
2387 4805 2693 4861 moriemini
2719 4806 2773 4861 in
2796 4815 3023 4878 peccato
3043 4820 3245 4868 vestro.
3276 4812 3383 4871 Sed

117 4891 499 4967 ιηιιηειομοαη,
556 4900 673 4969 κγ),
711 4917 729 4949 ,
786 4900 863 4955 id-
888 4910 997 4968 est,
1047 4905 1114 4957 de
1145 4903 1353 4958 carnali
1388 4921 1677 4962 conversa-
1780 4895 1855 4951 illi
1886 4911 2102 4967 semper
2128 4906 2345 4954 terrena
2374 4899 2668 4971 sapientes,
2718 4909 2774 4956 et
2818 4916 3034 4973 semper
3076 4906 3375 4962 secundum

118 4976 259 5049 tione,
305 5002 426 5057 qua;
476 4990 662 5046 mundi
692 4990 1016 5051 nominejn
1061 4993 1167 5048 hoc
1210 4993 1329 5051 loco
1379 4995 1674 5068 signiﬁcari
1780 5005 2001 5047 carnem
2034 4990 2314 5048 audientes
2340 5000 2394 5048 et
2422 4992 2834 5063 reSpondentes,
2865 4994 2994 5065 quid
3034 4996 3085 5071 ei
3125 4998 3380 5054 dixerunt
3419 5012 3431 5027 ·

116 5066 314 5131 videtur.
344 5079 487 5147 Quia
515 5095 648 5151 ergo
673 5091 834 5137 erant
881 5083 949 5138 de
978 5084 1202 5150 mundo,
1250 5084 1378 5142 facti
1409 5066 1535 5143 sunt
1565 5105 1671 5145 non
1778 5083 2083 5139 audiamus.

117 5156 171 5212 de
192 5170 393 5238 mundo,
452 5172 545 5227 sed
596 5174 872 5243 pertinere
919 5186 1207 5246 cmperunt
1249 5177 1317 5232 ad
1372 5194 1528 5246 eum,
1575 5196 1674 5251 per
1857 5197 1874 5228 ί
1913 5175 1993 5231 Τιι
2018 5176 2140 5248 quis
2167 5177 2263 5233 es?
2300 5197 2318 5230 ι
2347 5175 2464 5234 Νοιι
2493 5178 2640 5234 enim
2668 5195 2793 5236 cum
2823 5180 3031 5250 dixisti,
3063 5184 3169 5240 nisi
3200 5188 3378 5244 credi-

117 5264 250 5318 qlrlem
284 5259 457 5321 factus
503 5275 588 5323 est
634 5266 888 5324 mundus.
935 5268 1029 5324 Isti
1079 5278 1261 5327 autem
1293 5282 1674 5347 remanserunt
1780 5269 1970 5326 deritis
1998 5271 2128 5341 quia
2154 5285 2253 5343 ego
2284 5287 2424 5339 sum,
2460 5272 2715 5330 addidisti
2756 5275 2880 5346 quis
2915 5291 3086 5334 esses.
3115 5277 3249 5346 Quis
3294 5297 3375 5347 es,

116 5356 214 5401 esse
236 5349 286 5406 in
310 5358 531 5425 mundo,
558 5359 756 5430 quibus
800 5360 1005 5417 dictum
1053 5372 1140 5418 est
1167 5382 1180 5418 :
1209 5381 1229 5416 ι
1276 5346 1584 5420 Moriemini
1616 5365 1670 5420 in
1779 5370 1838 5417 ut
1862 5364 2180 5420 credamus?
2205 5363 2272 5419 Et
2294 5363 2381 5420 ille
2406 5382 2419 5419 :
2451 5383 2471 5418 ι
2501 5363 2913 5443 Principium.»
2941 5368 3081 5425 Ecce
3121 5371 3265 5441 quod
3291 5382 3376 5427 est

117 5446 323 5502 peccatis
344 5446 571 5507 vestris.
609 5472 629 5505 ι
677 5452 848 5510 Nemo
873 5453 1043 5520 dicat,
1085 5457 1151 5512 de
1182 5458 1284 5513 hoc
1323 5456 1526 5515 mundo
1562 5474 1668 5515 non
1778 5456 2138 5527 principium,
2186 5457 2384 5512 mutari
2431 5474 2538 5514 non
2578 5468 2788 5529 potest,
2844 5460 3169 5532 principium
3213 5463 3267 5516 in
3315 5479 3377 5520 se

117 5539 232 5585 δυω-
270 5536 520 5613 Quisquis
544 5557 626 5613 es,
659 5559 694 5601 ο
738 5545 939 5611 homo,"
974 5546 1043 5601 de
1083 5546 1188 5602 hoc
1234 5549 1437 5605 mundo
1465 5565 1545 5616 es,
1577 5552 1670 5608 sed
1777 5559 1964 5606 manet
1990 5558 2046 5606 et
2066 5538 2288 5606 irinovat
2307 5552 2512 5607 omnia.
2543 5551 2876 5625 Principium
2900 5553 3221 5610 cui-dictum
3248 5562 3369 5610 est:

1783 5660 1802 5693 ι
1846 5641 1927 5698 Τιι
1952 5651 2129 5699 autem
2155 5643 2298 5700 idem
2324 5644 2440 5715 ipse
2462 5660 2542 5712 es,
2575 5652 2630 5700 et
2659 5644 2788 5700 anni
2836 5645 2913 5700 tui
2957 5660 3065 5700 non
3116 5643 3374 5700 deﬁcient

1778 5734 1952 5807 (Paul.
1980 5734 2076 5806 οι).
2109 5754 2127 5787 ι
2160 5752 2179 5785 ι
2207 5734 2565 5807 Principium,
2590 5736 2686 5803 ait,
2714 5737 2807 5807 qui
2838 5745 2894 5791 et
2912 5735 3106 5805 loquor
3133 5735 3309 5792 vobis.
3346 5758 3365 5791 ι

119 5806 352 5868 mundus:
391 5818 437 5873 si
466 5829 647 5878 autem
673 5837 782 5878 non
813 5821 1049 5878 delectat
1073 5830 1129 5879 te
1160 5822 1252 5878 hic
1277 5825 1530 5893 mundus,
1555 5824 1671 5896 jam
1778 5828 2110 5901 Respondit,
2156 5829 2482 5902 principium
2510 5845 2598 5886 me
2625 5806 2748 5887 esse
2779 5829 3004 5895 credite,
3048 5836 3103 5888 et
3142 5830 3370 5899 addidit,

119 5896 166 5945 ιη
185 5899 284 5957 eris
308 5911 565 5979 mundus,
596 5924 651 5971 et
699 5931 806 5971 non
862 5915 1051 5973 audies
1089 5917 1236 5975 quod
1264 5918 1435 5977 Judaei
1485 5922 1673 5977 audie-
1778 5922 1869 5993 qui
1888 5896 1962 5976 et
1986 5896 2179 5991 loquor
2202 5923 2379 5989 vobis,
2408 5922 2460 5977 id
2484 5931 2566 5977 cst
2605 5923 2731 5992 quia
2761 5920 2986 5977 humilis
3024 5931 3247 5993 propter
3276 5939 3371 5981 vos

552 6005 805 6069 Parnm.
872 6007 1157 6071 CXVIII.
1775 6083 1777 6085 ι
2891 6015 2931 6078 8

118 5621 243 5678 venit
262 5629 323 5685 ad
350 5639 405 5689 te
428 5634 519 5705 qui
546 5633 679 5691 fecit
702 5636 984 5701 mundum,
1015 5645 1073 5692 et
1111 5635 1368 5695 liberabit
1397 5648 1449 5695 te
1476 5639 1543 5696 de
1570 5641 1673 5698 hoc

117 5717 306 5775 IIltmdo.
337 5722 395 5781 Si
419 5726 659 5784 delectat
677 5739 730 5786 te
758 5729 1012 5797 mundus,
1049 5742 1265 5802 semper
1294 5732 1375 5787 vis
1415 5746 1539 5789 esse
1566 5733 1672 5790 im-
