3994 6354
615 441 721 498 255

1233 434 1585 493 HAYMONIS
1627 426 2100 489 HALBERSTAT.
2144 424 2353 481 EPISC.
2392 416 2543 480 OPP.
2584 414 2762 480 PARS
2799 422 2862 479 ll.
2907 453 2978 464 —
3017 420 3250 479 HOMIL.

617 557 809 621 factus,
838 553 905 609 ad
932 552 1031 607 ista
1054 551 1219 605 verba
1262 549 1533 606 descendi.
1565 547 1699 602 Nam
1744 546 1792 601 si
1836 544 2179 615 principium,
2209 537 2446 606 APater
2471 553 2657 593 verax.
2694 538 2851 594 Sicut
2875 552 2905 592 a
2934 536 3093 593 Patre
3134 537 3324 602 Filius,
3364 538 3439 592 ita
3487 553 3521 593 a
3570 541 3765 595 veraci
3791 556 3876 598 νει

613 646 773 703 sicuti
791 652 891 710 est,
922 642 993 697 ita
1020 649 1264 697 maneret
1283 640 1425 711 apud
1444 638 1684 704 Patrem,
1712 645 1894 693 etnon
1921 634 2191 704 acciperet
2294 630 2444 686 ritas.
2471 630 2634 687 Pater
2674 645 2839 686 verax
2881 639 2989 697 est,
3021 630 3117 685 sed
3160 644 3266 684 non
3311 634 3342 685 a
3385 629 3669 686 veritate:
3719 630 3876 690 Filius

615 736 840 794 formam
870 734 1031 801 servi,
1078 743 1133 791 et
1161 733 1323 789 homo
1350 731 1661 801 loqueretur
1688 727 2016 792 hominibus,
2049 740 2186 795 (ιιιοσ

610 831 767 887 modo
790 829 841 885 ei
891 827 1193 892 crederent,
1244 839 1369 880 cum
1397 824 1609 878 inﬁma
1650 820 1810 876 corda
1855 815 2186 887 intelligibile

609 922 828 976 verbum
859 919 977 975 sine
996 932 1147 984 voce,
1173 914 1268 972 sed
1290 913 1565 970 sensibilia
1594 912 1776 967 videre
1800 925 1905 966 non
1926 906 2185 980 possent?

605 1013 764 1082 Ergo,
797 1010 993 1080 inquit,
1033 1006 1236 1064 credite
1280 1021 1367 1060 me
1411 1019 1531 1060 esse
1575 1001 1918 1075 principium,
1970 999 2095 1070 quia
2125 1005 2186 1053 ut

605 1102 841 1159 credatis
869 1116 977 1156 non
1007 1099 1179 1155 solum
1208 1113 1348 1163 sum,
1375 1097 1469 1152 sed
1496 1103 1551 1151 et
1574 1094 1769 1165 loquor
1796 1093 1971 1149 vobis.
1990 1091 2181 1153 .Verba

605 1193 818 1249 Domini
846 1191 1020 1247 nostri
1047 1188 1174 1245 Jesu
1202 1187 1423 1253 Christi,
1455 1202 1575 1257 qua:
1596 1186 1785 1240 habuit
1812 1198 1933 1239 cum
1960 1180 2176 1246 Iudaeis,

604 1288 676 1340 ita
712 1285 991 1340 moderant
1019 1280 1284 1352 loquelam
1323 1294 1495 1345 suam,
1528 1286 1585 1332 ut
1612 1277 1738 1332 caeci
1773 1291 1879 1331 non
1908 1275 2176 1342 viderent,

600 1385 656 1432 et
682 1375 867 1432 ﬁdeles
886 1373 1072 1431 oculos
1107 1372 1398 1443 aperirent.
1435 1389 1451 1421 ‹
1498 1368 1757 1423 Dicebant
1787 1381 1916 1438 ergo
1961 1364 2129 1422 Judaei
2162 1378 2177 1418 :

602 1465 681 1521 'l‘u
711 1468 833 1537 quis
853 1480 912 1520 es
935 1465 958 1518 ‘i
980 1463 1045 1519 Et
1066 1462 1142 1517 ait
1165 1477 1179 1515 :
1208 1459 1538 1529 Principium
1566 1457 1655 1528 qui
1679 1465 1735 1512 et
1754 1456 1944 1526 loquor
1966 1455 2136 1510 vobis.
2154 1474 2172 1506 ι

601 1560 779 1627 Quare
822 1574 882 1613 se
934 1556 1065 1612 dicit
1112 1554 1373 1610 Dominus
1419 1550 1577 1607 Jesus
1624 1549 1992 1621 principium?
2041 1549 2177 1617 Quia

599 1653 781 1707 omnia
806 1668 900 1723 per
921 1652 1093 1721 ipsum
1125 1647 1266 1702 facta
1308 1654 1451 1702 sunt.
1503 1645 1620 1715 ipse
1650 1645 1793 1700 enim
1820 1653 1904 1698 est
1952 1643 2047 1698 Dei
2090 1655 2177 1696 sa-

596 1741 820 1811 pientia,
859 1741 998 1796 sicut
1018 1739 1304 1794 Psalmista
1331 1736 1463 1792 dicit
1492 1754 1503 1788 :
1545 1754 1562 1786 ι
1594 1732 1785 1790 Omnia
1819 1734 1872 1788 in
1910 1732 2173 1804 sapientia

599 1833 769 1889 fecisti
796 1831 968 1905 (Psal.
1014 1830 1166 1902 cvn).
1211 1849 1230 1882 ι
1281 1827 1342 1884 Si
1386 1828 1551 1900 igitur
1595 1827 1776 1882 omnia
1822 1827 1876 1882 in
1907 1825 2171 1894 sapientia

2289 726 2511 792 veritas,
2540 724 2631 780 sed
2663 738 2692 779 a
2712 724 2873 779 Patre
2899 723 3025 794 quia
3040 723 3209 779 Filius
3227 736 3259 777 a
3278 722 3461 790 Patre,
3488 738 3605 779 non
3629 738 3665 778 a
3681 725 3869 794 seipse,

2288 824 2344 871 et
2364 817 2484 873 ideo
2498 816 2572 871 ait
2593 816 2698 872 alio
2712 815 2831 872 loco
2851 834 2864 870 :
2883 818 2911 868 ἐ
2941 814 2987 869 Α
3010 815 3215 886 melpso
3232 828 3341 870 non
3362 816 3486 871 veni
3508 814 3713 888 (Iona.
3730 818 3866 889 ωλι

2286 909 2340 965 id
2381 918 2484 974 est,
2512 926 2542 964 a
2570 909 2776 980 meipso
2809 920 2918 963 non
2967 920 3107 963 sum.
3151 906 3313 962 Pater
3337 907 3529 978 utique
3563 922 3743 963 verax
3779 919 3867 975 est,

2285 1020 2393 1061 non
2428 1020 2459 1060 a
2506 1005 2875 1077 participando
2912 1003 3144 1067 veritati,
3196 1002 3291 1058 sed
3321 1004 3644 1072 generando
3685 1004 3870 1058 verita-

2284 1105 2417 1152 tem.
2435 1096 2571 1164 Quia
2596 1095 2754 1152 Pater
2774 1096 2960 1168 genuit
2978 1094 3196 1161 Filium,
3223 1095 3313 1166 qui
3331 1096 3398 1150 de
3423 1096 3543 1166 ipso
3564 1096 3693 1151 ait:
3724 1113 3747 1147 ι
3772 1096 3868 1166 ligo

2283 1206 2409 1246 sum
2443 1190 2530 1245 via
2582 1199 2640 1246 et
2686 1190 2887 1245 veritas
2936 1197 2990 1244 et
3037 1188 3166 1244 vita.
3211 1207 3229 1239 ι
3257 1186 3392 1244 Cum
3421 1196 3607 1244 autem
3655 1188 3866 1245 dixisset

2284 1283 2542 1339 Dominus
2567 1283 2744 1350 Jesus,
2779 1304 2798 1334 ι
2827 1298 2992 1338 verax
3022 1291 3105 1337 est
3144 1283 3235 1353 qui
3276 1297 3364 1338 me
3400 1282 3577 1349 misit,
3607 1302 3628 1335 ›
3665 1283 3865 1340 nonin-

2284 1375 2604 1431 tellexerunt
2640 1375 2713 1431 illi
2754 1374 2900 1446 quod
2936 1374 3002 1429 de
3030 1372 3193 1428 Patre
3226 1372 3305 1429 eis
3342 1372 3577 1429 dicebat.
3632 1372 3860 1430 Necdum

2280 1466 2425 1520 enim
2456 1466 2762 1521 habuerunt
2786 1463 2972 1519 oculos
2998 1463 3181 1520 cordis
3212 1468 3453 1534 apertos,
3479 1462 3862 1536 utinamque

2277 1565 2499 1626 possent
2519 1556 2877 1628 aequalitatem
2920 1555 3130 1610 veracis
3158 1562 3213 1610 et
3243 1554 3504 1611 veritatis.

2354 1668 2373 1701 ι
2406 1650 2630 1706 Dicebat
2658 1665 2786 1721 ergo
2815 1649 2929 1704 eis:
2970 1647 3102 1704 Cum
3134 1647 3507 1703 exaltaveritis
3541 1647 3749 1703 Filium
3779 1649 3857 1704 ho-

2283 1758 2302 1792 c
2337 1730 2519 1808 minis,
2550 1751 2677 1797 tunc
2701 1740 3040 1811 cognoscetis
3060 1740 3185 1810 quia
3212 1753 3313 1811 ego
3338 1738 3484 1805 sum,
3511 1748 3572 1794 et
3602 1753 3634 1793 a
3666 1741 3855 1811 meipto

2283 1850 2301 1884 ‹
2334 1832 2474 1890 facio
2494 1832 2650 1899 nihil,
2673 1832 2767 1888 sed
2787 1833 2928 1888 sicut
2949 1831 3129 1887 docuit
3153 1846 3238 1886 me
3258 1829 3439 1896 Pater,
3466 1830 3585 1886 hac
3608 1829 3813 1901 loquor.
3833 1849 3848 1882 ι

599 1923 729 1978 fecit
757 1903 917 1987 Deus,
958 1922 1011 1977 id
1038 1932 1141 1987 est,
1174 1921 1229 1975 in
1265 1919 1401 1974 Filio
1429 1932 1526 1973 suo
1548 1926 1817 1973 coaeterno
1843 1916 1944 1971 sibi
1968 1923 2022 1971 et
2044 1931 2175 1971 con-
2202 1903 2250 1968 Β
2278 1924 2417 1994 Quid
2439 1934 2523 1981 εει
2549 1924 2697 1981 Ι]οοῖ
2723 1923 2869 1979 Nibit
2896 1925 3040 1979 enim
3074 1923 3218 1978 aliud
3244 1923 3463 1978 videtur
3490 1923 3738 1988 dixisse,
3768 1924 3855 1978 nisi

597 2012 961 2079 substantiali,
988 2011 1157 2067 Filius
1186 2012 1373 2080 utique
1418 2010 1658 2064 omnium
1690 2008 2016 2079 principium
2066 2017 2169 2063 est.

594 2100 845 2173 Nunquid
889 2110 945 2157 et
992 2102 1151 2156 Pater
1196 2104 1374 2171 potest
1413 2100 1516 2155 dici
1564 2098 1933 2171 principium?
1979 2097 2174 2169 Utique

595 2205 741 2251 recte
784 2194 979 2250 dicitur
1012 2202 1065 2247 et
1111 2192 1272 2246 Pater
1311 2191 1657 2263 principium,
1698 2204 1806 2245 non
1849 2199 2028 2244 tamen
2068 2190 2174 2245 duo

592 2278 874 2360 principia,
900 2287 1038 2342 sicut
1064 2284 1224 2340 Pater
1253 2284 1415 2349 Deus,
1445 2292 1501 2338 ει
1523 2283 1691 2338 Filius
1736 2283 1893 2346 Deus,
1940 2296 2045 2337 non
2088 2291 2171 2337 ta-

590 2390 711 2433 men
743 2378 848 2432 duo
876 2376 1161 2447 principia,
1190 2375 1283 2431 sed
1313 2390 1476 2429 unum
1510 2374 1836 2445 principium
1863 2371 2170 2428 faciendum

589 2479 689 2526 est.
725 2470 866 2541 Ergo
911 2478 966 2525 et
1007 2468 1241 2541 Spiritus
1283 2476 1504 2524 sanctus
1546 2468 1866 2538 principium
1910 2477 2012 2533 est,
2061 2483 2169 2523 non

591 2574 770 2619 tamen
820 2564 921 2618 tria
967 2563 1266 2634 principia,
1316 2561 1478 2616 Pater
1518 2569 1575 2616 et
1620 2560 1789 2616 Filius
1831 2568 1885 2615 et
1934 2559 2168 2630 Spiritus

590 2666 832 2722 sanctus,
875 2657 967 2712 sed
996 2672 1159 2711 unum
1200 2655 1524 2727 principium
1566 2672 1579 2707 :
1628 2653 1769 2709 sicut
1803 2652 1962 2708 Pater
1998 2652 2166 2719 Deus,

588 2746 756 2805 Filius
776 2748 936 2814 Deus,
965 2748 1198 2820 Spiritus
1238 2758 1459 2804 sanctus
1484 2747 1648 2812 Deus,
1685 2761 1792 2800 non
1829 2753 2006 2800 tamen
2055 2755 2167 2800 tres

587 2842 680 2909 dii,
709 2843 802 2898 sed
834 2858 973 2898 unus
1003 2842 1145 2897 Deus
1175 2856 1189 2895 :
1223 2842 1362 2897 sicut
1405 2841 1568 2896 Pater
1602 2840 1965 2909 omnipotens,
1995 2837 2166 2894 Filius

583 2936 944 3005 omnipotens,
966 2933 1199 3005 Spiritus
1224 2943 1442 2990 sanctus
1464 2933 1823 3003 omnipotens,
1849 2948 1957 2987 non
1985 2940 2165 2988 tamen

587 3016 1161 3096 tres'omniputentes,
1210 3025 1303 3079 sed
1345 3038 1483 3078 unus
1519 3023 1882 3093 omnipotens.
1923 3021 1978 3078 ld
2017 3022 2163 3077 enim

583 3120 725 3189 quod
760 3119 920 3177 Pater
947 3120 1013 3173 ad
1040 3134 1096 3175 se
1126 3127 1227 3182 est,
1262 3117 1402 3173 Deus
1428 3126 1546 3173 est:
1577 3116 1719 3186 quod
1751 3116 1817 3173 ad
1840 3115 2033 3170 Filium
2055 3122 2157 3182 est,

2277 2034 2370 2075 eos
2391 2028 2513 2090 post
2537 2018 2845 2090 passionem
2866 2031 3017 2072 suam
3044 2016 3357 2087 cognituros
3383 2013 3515 2085 quid
3542 2023 3714 2070 esset.
3739 2013 3853 2069 Pro—

2277 2111 2366 2166 cul
2396 2110 2558 2165 dubio
2584 2124 2714 2181 ergo
2740 2109 2960 2164 videbat
2994 2108 3069 2163 ibi
3108 2107 3352 2177 aliquos,
3403 2119 3542 2176 quos
3582 2105 3702 2176 ipse
3743 2122 3851 2161 cum

2276 2203 2487 2259 caeteris
2522 2202 2725 2257 sanctis
2754 2202 2865 2256 suis
2897 2208 3022 2255 ante
3047 2198 3230 2254 mundi
3260 2197 3703 2254 constitutionem
3728 2212 3850 2269 pra-

2275 2293 2492 2350 sciendo
2521 2292 2776 2365 elegerat,
2807 2300 2931 2363 post
2956 2292 3263 2362 passionem
3294 2304 3447 2345 suam
3479 2304 3607 2346 esse
3628 2290 3842 2347 creditu-

2276 2400 2386 2440 ros.
2418 2385 2523 2454 lpsi
2552 2393 2679 2440 sunt
2710 2382 2805 2450 illi,
2835 2399 2971 2455 quos
2996 2383 3211 2439 assidue
3230 2383 3695 2447 commendamus,
3715 2390 3767 2438 et
3784 2382 3845 2435 ad

2274 2476 2629 2531 imitationem
2669 2489 2791 2529 cum
2834 2487 3030 2545 magna
3060 2474 3446 2529 exhortatione
3480 2473 3836 2543 proponimus.

2273 2568 2439 2624 Misso
2472 2576 2652 2623 autem
2686 2567 2891 2638 Spiritu
2927 2575 3119 2623 sancto
3151 2576 3274 2638 post
3306 2568 3522 2624 Domini
3543 2566 3830 2636 passionem

2271 2666 2326 2715 et
2368 2658 2825 2714 resurrectionem
2866 2665 2922 2713 et
2967 2659 3379 2724 ascensionem,
3434 2658 3553 2712 cum
3583 2653 3827 2709 miracula

2272 2752 2465 2809 ﬁerent
2485 2753 2540 2807 in
2563 2752 2676 2823 ejus
2708 2751 2939 2817 nomine,
2964 2765 3126 2821 quem
3149 2760 3411 2823 tanquam
3438 2755 3699 2807 mortuam
3721 2762 3837 2816 per-

2270 2855 2560 2916 sequentes
2615 2844 2782 2901 Judaii
2838 2852 3314 2915 contempserunt,
3376 2841 3683 2912 coll-puncti
3720 2845 3843 2894 sunt

2270 2938 2453 2993 corde.
2485 2937 2552 2992 Et
2577 2952 2737 3008 quem
2773 2937 3060 2993 saevientes
3095 2936 3440 3003 occiderunt,
3468 2944 3524 2990 et
3551 2934 3705 3005 cujus
3728 2947 3845 2988 san-

2269 3031 2487 3103 guinem
2516 3031 2785 3087 saeviendo
2819 3030 3109 3096 fuderunt,
3161 3030 3429 3086 credendo
3464 3028 3724 3083 biberunt
3762 3023 3847 3079 illa

2269 3125 2372 3178 tria
2396 3123 2583 3190 millia,
2617 3130 2670 3179 et
2696 3123 2784 3178 illa
2812 3125 3057 3195 quinque
3078 3122 3244 3177 millia
3265 3121 3593 3185 indecorum,
3621 3134 3766 3189 quos
3783 3116 3848 3171 ibi

580 3209 741 3267 Pater
764 3221 866 3267 est.
893 3210 1045 3279 Quod
1074 3208 1243 3264 Filius
1265 3209 1332 3263 ad
1374 3209 1610 3279 seipsum
1636 3215 1739 3274 est,
1776 3209 1917 3264 Deus
1944 3216 2028 3264 est
2062 3229 2073 3262 :
2106 3216 2163 3264 et
2201 3277 2236 3284 _
2266 3214 2501 3280 videbar,
2537 3215 2751 3284 quando
2773 3215 3021 3269 dicebat:
3055 3232 3082 3266 ιι
3108 3213 3241 3270 Cum
3263 3211 3624 3267 exalaverius
3651 3209 3849 3266 Filium

581 3305 722 3376 quod
751 3306 817 3360 ad
851 3277 1066 3359 Patrem
1089 3309 1190 3368 est,
1227 3300 1394 3356 Filius
1424 3277 1508 3357 est
1533 3320 1545 3356 :
1576 3309 1631 3356 et
1660 3300 1894 3374 Spiritus
1941 3309 2163 3358 sanctus
2190 3277 2236 3341 θ
2269 3277 2518 3370 hominis,
2554 3277 2682 3363 tunc
2710 3307 3051 3378 cognoscetis
3074 3306 3198 3377 quia
3226 3320 3324 3377 ego
3352 3318 3487 3359 sum.
3518 3322 3538 3354 ι
3563 3300 3847 3371 Tanquam

580 3397 723 3466 quod
751 3396 819 3452 ad
841 3411 899 3452 se
940 3403 1047 3461 est,
1081 3393 1223 3449 Deus
1250 3403 1371 3450 est:
1404 3394 1547 3463 quod
1594 3393 1812 3449 Patrem
1857 3401 1913 3450 et
1940 3392 2158 3461 Filium,

582 3480 817 3562 Spiritus
836 3497 1055 3545 sanctus
1080 3499 1184 3556 est,
1207 3490 1334 3560 quia
1363 3487 1540 3544 Patris
1569 3497 1626 3544 et
1650 3488 1771 3543 Filii
1798 3488 2031 3558 Spiritus
2056 3496 2158 3554 est,

580 3597 647 3637 ex
671 3581 832 3637 Patre
849 3591 904 3637 et
931 3580 1066 3636 Filio
1096 3582 1414 3653 procedens,
1444 3581 1602 3635 unius
1630 3581 1975 3647 substantiae,
2004 3588 2159 3651 pote-

582 3674 739 3730 statis
761 3684 815 3727 et
846 3672 1145 3742 majestatis
1171 3690 1292 3728 cum
1324 3673 1487 3729 Patre
1512 3682 1567 3727 et
1594 3673 1751 3728 Filio.

657 3781 675 3813 ι
710 3762 895 3829 Multa,
915 3763 1110 3835 inquit,
1133 3764 1307 3819 habeo
1336 3764 1402 3818 de
1426 3762 1577 3818 vobis
1602 3761 1748 3831 loqui
1772 3770 1826 3817 et
1846 3763 2109 3833 judicare.
2133 3782 2153 3815 ι

580 3859 636 3912 In
664 3855 769 3913 alio
790 3855 908 3912 loco
928 3870 1058 3912 vero
1086 3856 1222 3912 dixit
1252 3874 1264 3910 :
1304 3874 1322 3906 ‹
1360 3855 1471 3926 Ego
1493 3869 1599 3909 non
1621 3852 1806 3922 judico
1830 3869 2157 3924 quemquam

582 3949 763 4019 (Joan.
798 3948 937 4022 Vill),
974 3968 994 4001 ι
1043 3957 1366 4021 praesentem
1410 3949 1460 4003 ei
1505 3947 1793 4003 ostendens
1842 3949 2156 4015 adventum,

581 4057 687 4113 quo
734 4042 881 4097 venit
918 4041 1150 4108 salvare,
1191 4056 1298 4097 non
1339 4038 1621 4109 judicare,
1669 4039 1793 4109 quia
1838 4048 2060 4095 venerat
2098 4045 2158 4094 ut

580 4132 815 4189 salvaret
858 4131 1138 4199 mundum,
1167 4147 1274 4188 non
1305 4140 1365 4187 ut
1402 4132 1672 4202 judicaret
1699 4131 1973 4185 mundum.
2004 4130 2158 4198 Quod

580 4231 762 4279 autem
796 4239 938 4280 nunc
967 4224 1121 4289 dicit,
1153 4241 1172 4275 ι
1209 4223 1376 4277 multa
1414 4223 1584 4278 habeo
1612 4223 1676 4277 de
1713 4222 1863 4277 vobis
1911 4222 2054 4294 loqui
2103 4231 2158 4277 et

572 4315 836 4387 judicare,
870 4337 888 4369 ι
909 4315 1174 4387 judicium
1194 4314 1435 4370 futurum
1457 4314 1609 4369 dicit.
1640 4313 1763 4369 Ideo
1787 4315 1934 4370 enim
1962 4330 2155 4370 ascen-

578 4407 676 4474 dit,
709 4414 767 4462 ut
791 4407 973 4462 veniat
1004 4406 1250 4476 judicare
1278 4406 1427 4461 vivos
1472 4412 1527 4459 et
1556 4413 1817 4460 mortuos.
1864 4404 2034 4460 Nemo
2068 4405 2156 4476 ju-

579 4499 714 4554 stius
756 4497 1057 4569 judicabit,
1114 4512 1273 4567 quam
1330 4496 1421 4566 qui
1472 4495 1669 4565 injuste
1719 4496 1991 4568 judicatus
2046 4504 2150 4552 est.

579 4588 742 4643 Multa
770 4589 962 4653 habeo,
998 4589 1195 4659 inquit,
1226 4587 1369 4658 loqui
1400 4598 1455 4642 et
1483 4586 1729 4656 judicare
1752 4588 1818 4643 de
1845 4589 2016 4653 vobis,
2060 4588 2154 4645 sed

577 4677 669 4746 qui
695 4693 779 4732 me
804 4679 971 4744 misit,
996 4693 1160 4733 verax
1189 4686 1291 4733 est.
1320 4677 1505 4733 Videte
1528 4678 1978 4749 quemadmodum
2005 4677 2152 4734 Patri

579 4769 667 4823 det
692 4768 943 4839 gloriam,
985 4770 1207 4839 aequalis
1234 4769 1422 4847 _Filius
1451 4768 1621 4825 Patri.
1653 4770 1971 4841 Exemplum
2007 4772 2151 4826 enim

576 4859 824 4928 praebens
845 4861 999 4915 nobis
1028 4861 1253 4932 gloriam
1294 4864 1423 4918 dare
1454 4862 1581 4926 Deo,
1632 4862 1856 4934 gloriam
1884 4861 1977 4919 Dei
2008 4878 2151 4935 qua!-

579 4968 719 5018 rere,
751 4968 856 5007 non
881 4965 1139 5009 nostram.
1168 4954 1331 5023 Quasi
1359 4958 1563 5013 diceret
1588 4976 1600 5010 :
1630 4957 1674 5013 Ο
1698 4957 1856 5012 homo
1881 4957 2073 5023 ﬁdelis,
2104 4958 2151 5013 si

576 5058 675 5113 ego
720 5041 887 5100 Filius
939 5046 1135 5113 Patris,
1189 5049 1409 5117 aequalis
1454 5048 1625 5112 Patri,
1677 5047 2153 5105 consubstantialis

577 5135 744 5203 Patri,
791 5146 1087 5195 coaeternus
1128 5138 1293 5204 Patri,
1346 5142 1413 5194 do
1449 5141 1671 5211 gloriam
1701 5139 1749 5193 ei
1790 5156 1818 5193 a
1866 5154 1973 5208 quo
2007 5154 2148 5207 sum,

575 5228 841 5299 quomodo
870 5239 923 5284 tu
955 5232 1220 5303 superbus
1246 5247 1303 5285 es
1333 5231 1471 5300 apud
1501 5244 1624 5283 eum
1652 5226 1804 5296 cujus
1831 5244 1895 5283 es
1917 5231 2152 5286 servus?

576 5319 757 5386 Multa,
787 5321 982 5391 inquit,
1012 5322 1183 5376 habeo
1213 5320 1280 5374 de
1307 5318 1459 5373 vobis
1482 5317 1627 5386 loqui
1660 5326 1711 5373 et
1748 5317 2016 5386 judicare,
2054 5322 2149 5377 sed

572 5418 658 5486 qui
688 5432 773 5472 me
807 5418 972 5482 misit,
996 5431 1159 5470 verax
1198 5421 1297 5467 est.
1326 5411 1603 5481 Tanquam
1638 5414 1840 5468 diceret
1866 5432 1876 5467 :
1912 5413 2037 5470 Ideo
2058 5430 2149 5471 ve

575 5524 690 5562 rum
740 5508 882 5574 dico,
933 5506 1057 5576 quia
1100 5503 1267 5558 Filius
1314 5503 1523 5559 veracis
1556 5506 1756 5559 veritas
1806 5519 1943 5562 sum.
1990 5506 2150 5563 Pater

574 5616 737 5656 verax
762 5611 865 5665 est,
896 5597 1067 5652 Filius
1092 5596 1306 5650 veritas.
1350 5596 1438 5650 Ait
1466 5597 1609 5652 enim
1652 5599 1994 5668 apertissime
2035 5599 2149 5670 ipse

574 5692 871 5747 Dominus:
912 5705 930 5737 ε
966 5685 1077 5755 Ego
1103 5702 1219 5741 sum
1260 5688 1342 5742 via
1390 5696 1442 5744 et
1485 5690 1687 5745 veritas
1734 5698 1788 5744 et
1816 5690 1921 5745 vita
1964 5689 2141 5761 (Joan.

573 5782 704 5851 xiv).
747 5798 764 5828 ι
799 5778 939 5848 Ergo
974 5777 1019 5831 si
1057 5776 1222 5833 Filius
1244 5781 1467 5845 veritas,
1496 5780 1657 5836 Pater
1679 5783 1828 5851 quid,
1871 5782 1974 5837 nisi
2004 5783 2147 5852 quod

573 5874 647 5925 ait
671 5871 887 5926 veritas.
921 5870 1020 5939 Qui
1049 5888 1131 5927 mc
1173 5873 1335 5941 misit,
1366 5890 1527 5929 verax
1558 5876 1676 5929 cst?
1718 5874 1886 5930 Filius
1926 5877 2142 5943 veritas,

2267 3399 2502 3454 diceret:
2541 3398 2743 3455 Diii‘ero
2784 3399 3147 3470 cognitionem
3187 3404 3456 3459 vestram
3499 3400 3560 3447 nt
3596 3391 3847 3462 impleam

2267 3489 2570 3560 passionem
2602 3505 2802 3556 meam,
2840 3489 3032 3545 ordino
3057 3494 3244 3543 vestro
3269 3484 3578 3558 cogaocetis
3606 3483 3703 3553 qui
3727 3484 3844 3540 sim.

2264 3578 2380 3634 Non
2420 3581 2544 3650 quia
2585 3596 2773 3636 omnes
2810 3588 2938 3636 tunc
2984 3588 3142 3636 erant
3185 3578 3483 3643 credituri,
3522 3591 3587 3631 ex
3629 3576 3716 3631 his
3764 3576 3847 3646 qui

2265 3670 2571 3737 audiebant,
2596 3672 2651 3727 id
2675 3681 2777 3738 est,
2795 3680 2917 3742 post
2946 3671 3159 3727 Domini
3184 3670 3514 3741 passionem.
3538 3667 3669 3723 Nam
3692 3668 3847 3739 pando

2263 3771 2389 3817 ante
2428 3762 2559 3817 dicit
2590 3782 2600 3816 :
2649 3762 2772 3818 Haec
2803 3778 2868 3818 eo
2897 3763 3183 3833 loquente,
3224 3761 3380 3817 multi
3420 3760 3771 3817 crediderunt
3796 3760 3845 3812 in

2263 3870 2415 3921 eum,
2462 3863 2518 3911 et
2551 3858 2789 3913 nondum
2823 3865 3009 3912 tamen
3031 3855 3307 3911 exaltatus
3330 3863 3451 3910 erat
3474 3854 3641 3909 Filius
3670 3851 3846 3909 homi-

2261 3947 2365 4003 nis.
2398 3946 2802 4003 Exaltationem
2839 3949 3039 4019 quippe
3062 3948 3199 4003 dicit
3222 3947 3515 4018 passionis,
3546 3959 3650 4001 non
3679 3944 3845 4024 glori-

2261 4035 2572 4092 ﬁcationis:
2604 4038 2812 4100 crucis.
2854 4053 2964 4093 non
2997 4037 3141 4094 caeli.
3175 4037 3317 4092 Nam.
3335 4036 3411 4092 ibi
3433 4036 3706 4093 exaltant:
3736 4044 3844 4099 est,

2260 4129 2475 4199 quando
2510 4129 2766 4200 pependit
2800 4130 2855 4183 in
2886 4128 3066 4201 ligno,
3097 4130 3191 4185 sed
3228 4129 3318 4183 illa
3348 4127 3636 4190 enimio,
3671 4126 3846 4182 humi-

2260 4218 2410 4274 liatio
2430 4218 2549 4274 fuit.
2575 4219 2726 4276 Tunc
2751 4223 2897 4276 enim
2919 4219 3101 4276 factus
3120 4228 3209 4275 est
3226 4220 3491 4276 obedienc
3504 4218 3657 4275 Patri
3675 4234 3844 4289 usque

2260 4311 2337 4366 adi
2355 4318 2608 4378 mortem,
2635 4322 2863 4369 mortem
2894 4321 3076 4369 autem
3107 4313 3303 4368 crucis;
3331 4312 3673 4383 Quapropter
3696 4312 3847 4366 exal-

2258 4401 2393 4456 tavit
2427 4402 2575 4458 illum
2609 4403 2752 4458 Deus
2802 4402 3058 4475 (Philipp.
3105 4403 3188 4478 ιι),
3232 4412 3340 4459 etc.
3381 4402 3567 4461 Altera
3590 4402 3844 4457 exaltatio

2257 4489 2393 4559 fuit,
2444 4494 2660 4562 quando
2709 4493 2951 4549 elevatus
2996 4502 3078 4550 est
3120 4493 3173 4548 in
3215 4507 3420 4557 cruce;
3460 4492 3663 4556 altera,
3716 4491 3841 4545 dum

2258 4588 2503 4643 ascendit
2532 4588 2588 4642 in
2619 4588 2838 4642 caelum.
2866 4586 2959 4641 illa
2990 4585 3405 4650 humiliationis,
3438 4585 3540 4640 ista
3566 4582 3841 4654 gloriﬁca-

2259 4678 2440 4734 tionis.
2492 4678 2762 4734 Exaltatio
2794 4694 2925 4735 vero
2957 4678 3137 4734 crucis
3175 4676 3467 4747 oportebat
3499 4674 3711 4744 impleri
3747 4689 3841 4744 per

2259 4783 2446 4824 eorum
2474 4784 2667 4826 manus
2686 4810 2701 4837 ,
2732 4770 2823 4840 qui
2854 4778 3041 4840 postea
3079 4769 3296 4827 hiemat
3321 4767 3614 4832 credituri,
3646 4766 3841 4837 quibus

2258 4862 2424 4917 dicit:
2455 4879 2475 4913 ι
2503 4862 2638 4918 Cum
2658 4863 3024 4920 exaltaveritis
3046 4862 3240 4919 Filium
3266 4861 3520 4926 hominis,
3550 4880 3571 4912 ι
3598 4860 3839 4917 addidit:

2263 4971 2282 5003 ι
2313 4963 2440 5009 tunc
2465 4956 2803 5026 cognoscetis
2821 4958 2951 5026 quia
2972 4970 3072 5027 ego
3101 4970 3240 5012 sum.
3268 4973 3287 5008 ι
3308 4953 3449 5022 Quid
3468 4960 3557 5010 est
3573 4968 3674 5023 ego
3695 4968 3838 5019 sum,

2259 5046 2361 5101 nisi
2391 5047 2550 5103 unius
2593 5048 2908 5105 substantia
2944 5064 3065 5103 cum
3111 5047 3318 5104 Patne?
3345 5047 3486 5103 sicut
3524 5046 3589 5101 ad
3620 5044 3839 5117 Moysen

2256 5140 2502 5211 superius
2533 5141 2767 5196 diximus
2806 5142 3010 5196 dictum
3041 5155 3202 5197 esse:
3237 5158 3265 5193 ι»
3291 5140 3401 5212 Ego
3441 5156 3562 5196 sum
3596 5140 3691 5210 qui
3721 5152 3840 5195 sum

2255 5233 2450 5306 (Exod.
2502 5234 2607 5305 lli).
2656 5254 2674 5287 ι
2722 5232 2899 5290 Verbo
2945 5233 3286 5292 subslantiaii
3337 5234 3508 5288 utitur
3556 5233 3625 5289 de
3661 5232 3840 5301 seipse

2254 5326 2532 5393 Dominus,
2572 5334 2632 5381 ut
2656 5327 2985 5399 intelligatur
3010 5334 3273 5384 aeternam
3295 5342 3415 5383 esse
3444 5324 3838 5389 substantiam,

2249 5428 2309 5474 et
2332 5436 2495 5474 unam
2525 5434 2644 5475 esse
2669 5422 3028 5478 substantiam
3051 5421 3228 5477 Patris
3256 5430 3311 5475 et
3350 5419 3495 5475 Filii.
3539 5418 3748 5475 Tamen
3774 5432 3842 5473 ne

2252 5509 2368 5579 ipse
2406 5509 2795 5582 intelligeretur
2817 5511 2998 5578 Pater,
3046 5514 3301 5569 continuo
3329 5511 3577 5581 adjunxit
3604 5530 3618 5566 :
3657 5532 3675 5562 ι
3706 5510 3777 5566 Ει
3809 5524 3841 5564 ι

2255 5602 2460 5672 meipso
2490 5601 2628 5658 facio
2656 5602 2806 5669 nihil,
2847 5622 2866 5655 ι
2899 5604 2961 5660 id
2980 5613 3063 5659 est
3097 5620 3128 5660 a
3155 5604 3359 5674 meipso
3390 5618 3493 5659 non
3521 5618 3663 5661 stum.
3687 5598 3843 5669 Quod

2256 5703 2433 5747 autem
2454 5694 2678 5759 addidit,
2707 5713 2726 5746 ι
2755 5696 2899 5751 sicut
2913 5696 3094 5752 docuit
3121 5711 3207 5752 me
3234 5694 3409 5761 Pater,
3437 5695 3559 5753 haec
3580 5693 3793 5763 loquor.
3816 5709 3835 5743 ³

2255 5799 2445 5841 sensus
2473 5785 2771 5842 altissimus
2796 5796 2899 5843 est.
2943 5787 3051 5842 Cor
3074 5789 3227 5844 enim.
3250 5785 3618 5847 mandandum
3642 5793 3751 5846 est.
3784 5787 3843 5839 ut

2256 5874 2585 5947 intelligatur
2607 5876 2751 5947 quod
2788 5878 2903 5943 ait,
2947 5897 2966 5930 ‹
3003 5878 3145 5934 sicut
3182 5877 3366 5933 docuit
3405 5889 3493 5929 me
3531 5872 3719 5938 Patet.
3762 5872 3842 5933 Sic

2234 5972 2280 6003 κ
