3994 6354
142 508 248 569 237
1367 506 1669 568 llOMiLUE
1715 512 1719 566 l

1838 502 2184 565 TEMPORE.
3310 504 3414 563 258

142 626 358 699 loquor.
400 647 418 680 ι
452 626 567 682 Non
594 628 736 683 enim
769 628 842 683 ita
875 626 1280 697 intelligendum
1309 635 1422 691 est,
1448 624 1600 696 quasi
1629 622 1726 680 ho—
1757 626 1803 693 Α
1864 598 1885 611 ’
1908 640 1926 672 ι
1963 619 2031 674 Et
2078 618 2349 689 respondit
2388 636 2399 672 :
2428 610 2522 683 En,
2556 616 2795 673 Domine.
2836 641 2852 670 ι
2885 618 2975 673 Ait
3002 632 3142 673 etum
3176 635 3187 670 :
3224 635 3243 668 ι
3282 617 3416 684 Quia

141 737 228 776 mo
273 728 435 792 pater
474 721 678 776 homini
722 720 831 776 [ilio
865 720 1196 791 loqueretur,
1244 721 1335 774 sed
1385 714 1732 776 excellentius
1837 720 2171 783 quaecunque
2197 709 2513 780 prmeeperit
2550 711 2702 766 nobis
2742 712 3027 776 Dominus,
3071 708 3328 767 faciemus
3362 718 3420 766 et

140 822 190 868 ct
213 814 508 869 sacratius.
541 814 709 869 Aliter
746 830 875 870 vero
906 815 1308 886 intelligendum
1349 822 1431 870 est
1470 813 1612 884 quod
1660 811 1735 867 ait
1835 804 2148 860 obedientes
2171 798 2219 859 ei
2243 802 2658 873 erimusth‘xod.
2690 805 2858 877 xxiv).
2884 824 3004 857 ι-ι
3040 804 3106 859 Et
3126 820 3235 859 non
3262 802 3413 861 ivit.»

141 903 488 976 Evangelista
514 904 695 977 (Joan.
713 906 752 978 ι)
773 924 784 960 :
808 927 824 958 ι
854 906 909 961 ιιι
933 906 1195 979 principio
1220 906 1606 972 eratVerbum,
1634 925 1651 957 ι
1680 917 1718 959 et

1837 896 1967 963 Quia
2000 904 2193 959 cuncta
2216 906 2332 965 qua:
2361 895 2573 950 stabilia
2597 909 2716 951 esse
2743 896 3007 966 promisit.
3035 897 3290 952 mentitus
3309 903 3414 954 est.

139 995 295 1050 aliter
315 996 747 1068 intelligendum,
771 978 1035 1054 «Verbum
1059 1014 1184 1054 caro
1200 998 1396 1053 factum
1427 997 1716 1053 est.»Alitei

1911 1007 1929 1038 ι
1962 987 2091 1055 Quis
2112 1003 2180 1042 ex
2208 988 2416 1075 duobus
2446 984 2571 1042 fecit
2595 984 2918 1041 voluntatem
2948 978 3159 1043 Patris?
3186 986 3380 1044 Dicunt
3403 1005 3415 1042 :

140 1093 201 1148 de
240 1092 539 1148 υίνίηίιειε
562 1090 797 1157 Clu-isti,
837 1093 889 1147 ίη
923 1109 1028 1163 qua
1055 1093 1278 1163 aqualis
1315 1100 1395 1147 ρει
1431 1092 1539 1146 ι)εο
1561 1090 1726 1157 patri,
1843 1099 1860 1131 ι
1894 1081 2127 1136 Primus.
2160 1102 2177 1133 ι
2206 1080 2313 1135 Sua
2338 1081 2603 1136 sententia
2631 1080 3057 1135 condemnantur
3080 1077 3270 1135 Judzei.
3293 1078 3415 1136 Pri-

139 1180 293 1237 aliter
320 1182 392 1239 de
407 1183 888 1253 humauitateejus,
910 1184 960 1237 in
978 1200 1080 1253 qua
1106 1183 1398 1238 consimilis
1423 1191 1528 1246 est,
1552 1181 1724 1243 nobis,
1839 1188 1957 1227 mlIS
1983 1173 2184 1228 etenim
2215 1172 2356 1227 Illius
2376 1214 2390 1237 ,
2428 1172 2481 1226 id
2510 1181 2593 1227 est
2625 1171 2842 1243 gentilis
2865 1172 3092 1242 pepulus
3111 1212 3126 1237 ,
3168 1172 3418 1227 volunta-

137 1273 489 1343 cogitandum
503 1283 606 1329 est.
626 1273 739 1329 Non
757 1292 865 1330 uno
881 1278 1039 1331 modo
1054 1273 1456 1346 intelligendqu
1480 1284 1562 1329 cst
1589 1289 1714 1343 (ιιιο(

1841 1272 1942 1318 tem
1968 1264 2146 1319 Patris
2176 1263 2334 1328 fecit,
2368 1264 2460 1334 qui
2490 1264 2723 1335 primum
2755 1262 2969 1334 quidem
3009 1263 3243 1330 erravit,
3269 1272 3418 1336 post-

139 1365 212 1420 ait
239 1366 537 1422 Dominus:
563 1387 580 1418 ‹
604 1367 713 1438 Ego
727 1368 953 1424 etPater
976 1384 1139 1422 unum
1160 1383 1344 1422 sumus
1371 1365 1549 1434 (Joan.
1579 1366 1633 1437 χ)
1661 1384 1671 1419 :
1707 1386 1716 1417 ι

1844 1355 2052 1409 modum
2099 1370 2193 1424 per
2224 1356 2600 1425 paenitentiam
2631 1355 2981 1425 semetipsum
3009 1354 3264 1409 correxit.
3296 1355 3421 1423 Qui-

138 1471 187 1514 et
212 1460 344 1515 illud
375 1460 522 1529 quod
551 1460 687 1515 dixit
704 1479 747 1515 ει
771 1460 930 1517 Pater
962 1460 1133 1528 major
1155 1475 1238 1513 me
1252 1457 1526 1529 est(Joan.
1548 1454 1679 1527 xiv).
1706 1476 1724 1507 ι
1834 1446 1955 1501 dum
1980 1456 2157 1502 autem
2185 1447 2610 1517 interpretantur
2635 1446 2775 1501 hanc
2797 1445 3106 1517 parabolam
3135 1460 3240 1503 non
3261 1460 3423 1518 super

138 1551 277 1622 Ergo
293 1566 405 1606 non
424 1550 778 1621 corporaliter
793 1551 1051 1622 cogitate,
1068 1549 1225 1604 Pater
1241 1548 1450 1604 locutus
1466 1558 1546 1604 est
1571 1546 1726 1614 Filio,
1834 1540 1966 1594 tinos
1992 1538 2215 1610 populos
2232 1581 2245 1603 ,
2290 1540 2383 1594 sed
2407 1554 2570 1610 super
2600 1538 2779 1609 iustos
2802 1546 2857 1595 et
2885 1547 3216 1611 peccatores.
3243 1536 3424 1595 Publi-

138 1645 256 1714 quia
288 1644 709 1716 incorporaliter
732 1643 889 1701 Pater
910 1647 1094 1715 genuit
1113 1643 1329 1698 Filium.
1354 1641 1464 1698 Nec
1485 1642 1629 1697 enim
1652 1638 1730 1695 sic
1832 1632 1952 1686 cani
1996 1632 2138 1688 enim
2178 1642 2232 1689 et
2272 1642 2611 1705 peccatoreS,
2656 1634 2747 1706 qui
2776 1635 3008 1707 primum
3045 1635 3298 1690 mandata
3327 1634 3421 1691 Dei

138 1738 341 1803 docuit,
366 1737 524 1809 quasi
561 1737 835 1794 indoctum
860 1738 1125 1810 genuerit,
1151 1738 1245 1793 sed
1270 1738 1371 1792 hoc
1389 1744 1472 1793 est
1490 1751 1611 1791 eum
1637 1736 1715 1789 do.

1846 1734 2169 1793 respuerunt,
2201 1733 2411 1796 postea,
2442 1726 2776 1797 praedicante
2799 1726 3025 1792 Joanne,
3050 1740 3173 1783 eum
3196 1739 3423 1797 accepe-

136 1826 501 1898 cuissc,quod
523 1836 606 1882 est
624 1827 884 1882 scientem
909 1826 1179 1898 genuisse.
1206 1825 1274 1880 Et
1299 1826 1402 1880 hoc
1423 1836 1526 1891 est,
1549 1818 1729 1879 docuit
1833 1824 1992 1882 runt,
2043 1824 2095 1873 et
2142 1818 2408 1889 baptismo
2458 1819 2602 1875 illius
2643 1826 2770 1875 Sunt
2813 1816 3076 1877 mundati.
3124 1814 3195 1874 At
3233 1827 3422 1875 contra

138 1933 220 1973 me
254 1917 445 1984 Pater,
476 1919 617 1991 quod
639 1910 901 1975 scientem
928 1935 1013 1975 me
1039 1918 1223 1991 genuit
1246 1910 1428 1974 Pater.
1476 1916 1533 1972 Si
1560 1912 1724 1983 enim,
1782 1990 1791 1991 7
1836 1910 2026 1966 scriba:
2052 1916 2106 1966 et
2147 1908 2439 1978 Pharisaei,
2466 1912 2558 1984 qui
2588 1913 2654 1968 de
2680 1911 2815 1968 falsa
2831 1912 3041 1984 iustitia
3070 1912 3171 1969 sibi
3198 1911 3415 1983 applau-

136 2013 278 2080 quod
314 2012 477 2082 pauci
504 1990 842 2083 intelligunt,
871 1990 1098 2083 simplex
1130 2021 1213 2068 est
1242 2020 1434 2066 natura
1461 2009 1725 2077 veritatis,
1758 1990 1806 2052 Β
1836 2003 2063 2070 debat“:
2106 2003 2231 2059 dum
2260 2005 2586 2076 baplismunl
2617 2004 2841 2063 Joannis
2862 2007 3142 2078 ΡθΓοίΡθΓθ
3168 2007 3423 2078 despexe“

136 2101 236 2154 hoc
277 2111 365 2157 est
404 2096 543 2159 Filio
583 2117 704 2158 esse
744 2102 887 2174 quod
929 2119 1107 2159 nosse.
1154 2096 1235 2158 Ab
1279 2102 1370 2159 illo
1408 2108 1535 2176 ergo
1564 2101 1731 2158 habet
1836 2105 1992 2160 runt,
2041 2094 2413 2151 inobedientes
2441 2096 2743 2153 divinorum
2770 2104 3161 2168 praeceptorum
3190 2097 3415 2152 exstiteo

135 2188 275 2260 quod
307 2193 553 2260 noverit,
594 2210 622 2247 a
660 2209 765 2264 quo
791 2194 987 2261 habet,
1031 2202 1089 2249 ut
1126 2195 1235 2260 sit,
1268 2206 1373 2248 non
1400 2203 1459 2248 ut
1481 2194 1633 2262 prius
1660 2191 1730 2247 ab
1834 2198 1979 2246 runt.
1999 2190 2151 2248 Unde
2168 2202 2224 2248 et
2247 2192 2508 2249 Dominus
2530 2193 2581 2248 in
2605 2193 2951 2251 conclusione
2974 2194 3129 2250 istius
3151 2182 3421 2265 parabolae

135 2284 224 2339 illo
244 2295 430 2353 esset,
461 2295 649 2358 postea
681 2280 866 2343 abillo
896 2295 1110 2354 nosset,
1153 2288 1247 2342 sed
1276 2268 1730 2358 quemadmodum
1834 2284 2109 2354 subiunxit
2136 2305 2149 2338 ;

134 2372 207 2429 illi
243 2377 521 2448 gignendo
553 2376 722 2445 dedit,
752 2388 813 2434 ut
840 2388 1042 2436 nosset.
1075 2378 1209 2445 Quia
1246 2378 1523 2450 simplicis,
1558 2387 1616 2433 ut
1646 2372 1729 2433 di-
1912 2396 1927 2427 ι
1966 2375 2100 2444 Quia
2132 2376 2401 2448 publicani
2451 2388 2506 2433 et
2544 2379 2859 2435 meretrices
2884 2376 3191 2449 praecedent
3224 2388 3323 2432 vos
3365 2376 3418 2431 in

135 2476 284 2521 ctum
314 2477 421 2534 est,
447 2478 655 2525 naturae
683 2471 931 2526 veritatis
957 2478 1041 2526 est
1068 2482 1207 2536 esse,
1236 2478 1291 2525 et
1316 2482 1478 2525 nosse
1501 2480 1607 2525 non
1651 2476 1734 2524 eSt
1839 2489 1855 2519 ι
1894 2485 2059 2540 regno
2088 2469 2205 2525 Dei.
2241 2490 2257 2522 ι
2292 2469 2535 2542 Regnum
2568 2469 2657 2525 Dei
2686 2488 2975 2543 possumus
3005 2470 3305 2543 intelligere
3330 2486 3416 2526 sa-

136 2557 281 2614 aliud
325 2569 492 2630 atque
533 2560 712 2628 aliud,
759 2560 853 2617 sed
900 2562 1003 2618 hoc
1042 2562 1242 2633 ipsum.
1284 2558 1431 2617 Dixit
1463 2576 1590 2634 ergo
1629 2561 1733 2617 ista
1833 2576 1982 2615 cram
2007 2559 2545 2632 Scripturam,juxta
2576 2563 2720 2632 quod
2747 2562 2876 2617 alibi
2902 2562 3032 2620 dicit
3058 2582 3068 2617 :
3094 2562 3421 2618 «Auferetur

140 2650 359 2718 ludatis,
390 2660 446 2707 et
470 2653 678 2707 addidit
704 2671 716 2706 :
1832 2666 1860 2704 a
1886 2651 2039 2729 vobis
2071 2667 2295 2723 regnum
2326 2652 2443 2719 Dei,
2472 2662 2527 2708 et
2555 2654 2774 2709 dabitur
2792 2654 2937 2725 genti
2964 2653 3181 2710 facienti
3213 2653 3419 2710 fructus

212 2761 231 2793 ο
268 2743 339 2798 Et
366 2743 460 2813 qui
491 2756 578 2798 me
607 2744 772 2808 misit,
810 2750 1023 2799 mecum
1052 2753 1153 2801 est.
1188 2764 1207 2799 ι
1237 2744 1357 2801 lam
1388 2746 1490 2801 hoc
1522 2754 1576 2801 et
1604 2754 1731 2802 ante
1830 2736 1947 2808 ejus
1971 2736 2188 2810 (Matth.
2219 2742 2355 2812 ut).
2387 2760 2404 2793 ι
2440 2738 2522 2796 Ad
2548 2741 2649 2798 hoc
2683 2758 2908 2815 regnum
2942 2743 3033 2799 Dei
3063 2742 3335 2815 publicani
3364 2753 3419 2799 et

143 2834 478 2903 dixerat,sed
501 2850 615 2892 rem
633 2852 883 2907 magnam
902 2837 1119 2893 assidue
1143 2845 1555 2904 commemorat,
1582 2838 1729 2892 misit
1830 2831 2165 2898 meretrices,
2198 2831 2251 2886 id
2283 2840 2365 2887 cst
2393 2831 2640 2903 gentiles,
2677 2844 3073 2903 praecesserunt
3099 2833 3331 2892 Judaeos.

145 2942 244 2993 me,
261 2937 317 2984 et
345 2938 553 2985 mecum
583 2937 684 2985 est.
718 2927 773 2984 Si
798 2944 928 3001 ergo
951 2938 1130 2985 tecum
1159 2937 1261 2996 est,
1291 2945 1325 2985 ο
1346 2929 1595 2996 Domine,
1618 2942 1724 2984 non
2318 2948 2603 3019 HOMILIA
2643 2963 2927 3024 χχχνιιι,

143 3038 277 3078 unus
305 3023 374 3079 ab
399 3024 504 3080 alio
532 3024 727 3080 missus
750 3032 852 3089 est,
878 3025 1153 3079 sedambo
1180 3024 1424 3080 venistis.
1454 3024 1521 3079 Et
1544 3032 1723 3079 tamen
2130 3090 2141 3093 7
2264 3090 2269 3093 7
2364 3092 2369 3093 7
2510 3091 2517 3093 _
2570 3092 2575 3093 7
2672 3092 2679 3093 7
2740 3077 2776 3093 η
2867 3080 2878 3093 ,
2916 3023 2936 3093 “,

147 3132 262 3171 cum
293 3120 448 3173 ambo
474 3118 675 3174 similes
703 3117 831 3184 sint,
862 3134 999 3174 unus
1029 3120 1225 3174 missus
1249 3128 1350 3181 est,
1378 3118 1517 3173 alter
1538 3118 1720 3173 misit:
2128 3090 2283 3133 "mu
2320 3091 2533 3184 Qum”
2565 3092 2697 3134 "is?
2730 3077 3097 3135 Reminwme'

147 3212 392 3279 quoniam
436 3213 618 3267 missiio
661 3220 746 3267 est
775 3212 1075 3267 incarnatio
1094 3253 1107 3277 ,
1136 3211 1249 3281 ipsa
1281 3210 1581 3265 incarnatio
1602 3206 1721 3263 Filii

1898 3186 2146 3259 (Mn-ru.
2180 3188 2296 3259 xx.)
2334 3202 2351 3237 ι
2382 3187 2438 3242 1η
2474 3182 2565 3241 illo
2597 3195 2873 3258 tempore.
2925 3188 3222 3247 ascendens
3260 3191 3415 3249 Jesus

152 3276 353 3353 {anmm
376 3308 477 3365 es"
505 3315 607 3356 non
629 3309 684 3355 et
708 3300 905 3356 Patris.
938 3276 1289 3369 uisumque
1313 3298 1476 3354 pan”.
1500 3297 1717 3364 Filium,
1761 3364 1792 3369 _
1832 3296 1851 3328 ι
1887 3276 2339 3350 Hierosolymam,
2358 3279 2650 3369 assumpsit
2670 3277 2953 3334 duodecim
2976 3280 3270 3352 discipulos
3291 3298 3415 3337 suos

155 3388 245 3441 sed
277 3402 381 3443 non
403 3364 621 3446 recessit
652 3406 679 3445 a
710 3391 866 3446 Filio.
903 3392 1063 3460 Ergo,
1097 3364 1300 3461 inquit,
1331 3409 1348 3440 ι
1384 3391 1474 3459 qui
1506 3402 1590 3444 me
1617 3389 1720 3443 mi-
1750 3364 1794 3426 C
1833 3392 1849 3423 ι
1888 3379 2130 3435 secreto,
2175 3379 2229 3425 et
2267 3371 2341 3424 ait
2377 3368 2519 3424 illis:
2554 3369 2691 3425 Ecce
2729 3371 3071 3427 ascendimus
3106 3370 3415 3445 Hierosoly-

158 3480 252 3545 εει,
284 3492 387 3536 non
425 3484 631 3554 reliquit
657 3500 742 3541 me
770 3485 963 3539 solutn.
998 3504 1017 3537 ι
1058 3484 1223 3556 Cujus
1249 3486 1571 3539 auctoritate
1609 3492 1725 3537 tan-
1834 3461 2621 3556 {malnv’eu‘en‘lu‘ljcrcbm
2639 3460 3416 3556 Dominuslaln_superi"spas-

152 3584 309 3644 quam
332 3584 550 3647 paterna
580 3579 888 3635 incantatus
920 3594 1039 3634 sum
1060 3621 1072 3643 ,
1106 3593 1316 3635 mecum
1345 3586 1457 3644 BSt,
1498 3590 1603 3633 non
1640 3592 1725 3633 me

1835 3554 2034 3609 sionem
2058 3567 2212 3608 suam
2236 3553 2580 3623 praedixerat,
2610 3561 2663 3607 et
2690 3560 2898 3625 tempus
2927 3564 2980 3610 et
3011 3554 3186 3610 locum
3217 3562 3271 3611 et
3296 3556 3412 3611 md-

152 3645 443 3738 dereliquit.
469 3670 646 3737 Quare
672 3686 758 3726 me
785 3684 890 3727 non
914 3670 1242 3741 dereliquit?
1269 3689 1286 3722 σ
1320 3672 1455 3739 Quia
1484 3686 1585 3740 ego
1606 3685 1726 3741 quae
1829 3647 1957 3701 dum
1981 3646 2147 3741 78¢“?
2177 3660 2287 3741 5}“‘3
2311 3645 2761 3741 Ρίιεεὶοξιῖεκρυίά
2793 3662 2922 3719 ergo
2950 3656 3036 3741 es}
3057 3648 3197 3720 quoa
3220 3650 3414 3707 iterum

157 3775 174 3809 ι
205 3735 392 3830 placita
426 3735 553 3819 sunt
581 3763 653 3829 ei,
685 3762 826 3818 facio
855 3735 1145 3833 semperi:
1187 3762 1303 3832 Ipsa
1331 3735 1414 3818 est
1441 3735 1723 3833 aequalitas

1838 3736 2062 3809 repetit?
2106 3735 2211 3792 Sed
2237 3736 2364 3808 quia
2404 3738 2572 3793 umlta
2604 3737 2965 3796 interlocutus
2995 3739 3201 3809 fuerat,
3239 3754 3296 3798 et
3322 3752 3415 3813 po-

154 3828 375 3921 εεξηρεη
404 3864 508 3908 non
534 3856 768 3925 quodam
792 3854 947 3909 mmo
971 3828 1027 3908 δι
1053 3828 1330 3925 demo—ep"
1362 3854 1455 3909 sed
1484 3828 1602 3908 sine
1624 3850 1720 3907 ίηι,
1831 3840 1969 3887 terat
1990 3831 2247 3887 memoria
2270 3828 2383 3925 sua)
2406 3831 2671 3902 passionis
2693 3848 2721 3886 a
2740 3830 3413 3907 mentibusdiscipulorum

159 3944 237 4012 ﬁo,
266 3948 382 4003 sine
417 3948 521 4004 “ne
590 3944 683 4004 Dei
709 3948 856 4005 enim
884 3948 1159 4020 generatio
1188 3922 1293 4003 "0—"
1324 3947 1488 4003 habe,
1512 3946 1723 4002 milium
1829 3940 2048 4020 suorum
2076 3925 2237 3989 elabi,
2268 3922 2386 3979 ideo
2409 3925 2604 3995 repetit
2630 3927 2824 4020 saapius
2852 3926 3269 4020 deﬂcontumelia
3295 3945 3416 4000 pas-

160 4040 419 4111 lemporis,
452 4041 578 4112 quia
598 4055 696 4113 per
723 4015 960 4113 genitam
991 4040 1130 4095 facta
1160 4048 1288 4097 sum
1317 4050 1579 4110 tempora.
1828 4015 1996 4113 sionis
2043 4030 2182 4081 suae,
2214 4022 2270 4069 ut
2307 4024 2361 4113 et
2398 4025 2612 4113 pararet
2643 4018 2853 4113 animas
2892 4018 3106 4075 illorum
3139 4022 3205 4077 ad
3240 4029 3415 4078 tenta-

1831 4110 2073 4175 tionem,
2126 4118 2186 4163 ut
2220 4110 2499 4164 venientes
2538 4110 2997 4183 Hierosolymam,
3041 4122 3190 4170 tanto
3236 4117 3415 4174 minus

642 4194 925 4251 HOMlLlA
958 4193 1225 4251 XXXVII.
1830 4206 2185 4267 terrerentur,
2223 4212 2423 4274 quanto
2462 4204 2653 4274 saapius
2683 4204 2734 4260 id
2765 4220 2795 4261 a
2836 4206 3063 4264 Domino
3096 4208 3412 4280 praedictum

1759 4296 1765 4303 ’
1829 4310 1950 4352 esse
1970 4295 2359 4353 meminissent.

1908 4407 1926 4440 ι
1973 4386 2041 4443 Et
2085 4388 2316 4445 accessit
2371 4386 2437 4443 ad
2487 4400 2608 4445 eum
2656 4399 2831 4446 mater
2881 4390 3114 4448 ﬁliorum
3166 4390 3411 4451 Zebedaei

220 4479 465 4549 (tit-nn.
489 4483 627 4554 χχι.)
659 4500 676 4532 ι
710 4483 764 4537 In
789 4481 881 4536 illo
909 4490 1178 4552 tempore,
1207 4481 1345 4536 dixit
1372 4480 1528 4537 Jesus
1557 4482 1727 4540 turbis
1835 4497 1854 4529 ι
1890 4494 2011 4534 cum
2039 4477 2161 4534 ﬁliis
2188 4479 2300 4535 suis
2321 4520 2335 4545 ,
2368 4480 2600 4537 adorans
2632 4493 2685 4537 et
2714 4486 2904 4551 petens
2933 4483 3135 4554 aliquid
3166 4486 3234 4539 ab
3266 4500 3350 4540 eo.
3386 4505 3404 4536 ι

176 4590 187 4618 ι
218 4568 507 4627 ludar-orum
535 4572 842 4643 parabolam
880 4573 1019 4627 hanc
1048 4590 1060 4626 :
1096 4571 1265 4626 Homo
1296 4566 1509 4642 quidam
1542 4560 1728 4628 habuit
1830 4568 2001 4625 Mater
2041 4570 2271 4626 ﬁliorum
2301 4570 2544 4629 Zebedaei
2570 4616 2584 4639 ,
2624 4563 2916 4629 matertera
2946 4574 3048 4628 fuit
3075 4574 3407 4643 Salvatoris,

177 4683 189 4711 ι
219 4665 333 4721 duos
352 4666 510 4733 ﬁlios,
539 4688 555 4719 ι
585 4674 639 4721 et
664 4668 889 4737 reliqua.
911 4660 1080 4720 Homo
1104 4665 1203 4719 iste
1230 4663 1613 4734 paterfamilias
1633 4660 1723 4735 qui
1755 4722 1796 4738 ﬁ
1830 4674 2004 4721 mater
2028 4665 2273 4721 videlicet
2302 4665 2487 4721 Jacobi
2510 4675 2565 4722 et
2591 4664 2835 4722 Joannis.
2874 4664 3008 4729 Quid
3033 4675 3211 4721 autem
3241 4669 3410 4738 perti-

164 4755 278 4812 tiuos
316 4760 454 4815 tilios
504 4759 696 4833 legitur
728 4759 1011 4823 habuisse,
1056 4758 1393 4827 omnipotens
1431 4757 1569 4813 Deus
1604 4768 1718 4823 est,
1753 4722 1802 4785 D
1828 4758 1945 4813 nuit
1983 4760 2048 4813 ad
2078 4759 2216 4812 hanc
2257 4759 2566 4822 mulierem,
2609 4766 2665 4811 ut
2690 4774 2811 4811 cum
2839 4758 3084 4813 audierat
3108 4776 3138 4814 a
3180 4756 3409 4817 Domino

163 4850 525 4913 paterfamilias
561 4860 613 4906 et
661 4851 906 4906 conditor
936 4851 1161 4903 duorum
1194 4850 1531 4921 populorum.
1566 4847 1720 4905 Prior
1826 4848 2206 4905 contumeliam
2234 4856 2287 4904 et
2322 4863 2535 4919 pmnam
2564 4848 2849 4919 passionis,
2892 4850 2958 4907 ab
2986 4848 3073 4905 illo
3102 4851 3326 4922 gloriam
3355 4864 3409 4910 et

167 4938 304 5009 titius,
330 4940 547 5016 gentilis
590 4952 670 4998 est
702 4942 951 5014 populus,
997 4941 1087 5009 qui
1122 4939 1175 4993 in
1208 4937 1319 4995 Noe
1352 4949 1404 4995 et
1435 4940 1559 4995 tiliis
1598 4934 1719 5013 ejus
1824 4940 2136 5014 dignitatem
2164 4949 2369 5011 peteret
2404 4942 2526 4996 [iliis
2563 4941 2710 4996 suis?
2740 4934 2877 4997 Nihil
2903 4944 3046 4998 enim
3083 4946 3405 5015 pnedixerat

434 4343 588 4383 rsum
628 4345 828 4386 τειιτιΔ
869 4345 999 4385 pos'r
1038 4326 1406 4384 Reminiscere.

165 5038 415 5091 exordium
467 5037 724 5107 sumpsit,
776 5036 865 5106 qui
905 5035 1052 5105 prior
1097 5033 1310 5100 dicitur,
1344 5042 1603 5104 quantum
1652 5034 1718 5088 ad
1825 5035 1889 5089 de
1915 5032 2084 5103 gloria
2111 5033 2285 5105 regni,
2328 5034 2419 5088 sed
2449 5031 2784 5089 solummodo
2810 5033 2875 5089 de
2905 5036 3169 5107 Supplicio
3196 5039 3405 5108 passio-

165 5124 511 5195 antiquitatcm
542 5128 774 5197 pertinet
805 5145 816 5179 :
852 5126 937 5179 cui
968 5124 1113 5179 dedit
1134 5122 1391 5179 Dominus
1420 5142 1518 5196 per
1546 5118 1716 5198 legem
1825 5126 1927 5181 nis.
1956 5122 2061 5181 Sed
2090 5124 2315 5181 forsitan
2339 5125 2560 5180 incitata
2586 5133 2669 5179 est
2694 5124 2759 5180 ad
2780 5126 3063 5195 petendam
3089 5128 3401 5199 dignitatem

164 5218 434 5273 naturalem
464 5227 818 5290 prreceptum,
864 5227 920 5271 ut
947 5225 1265 5287 operaretur
1294 5216 1716 5283 vineamsuam,
1823 5218 1946 5274 tiliis
1993 5219 2103 5274 suis
2132 5259 2147 5284 ,
2204 5217 2345 5287 quod
2394 5214 2733 5271 intellexerat
2776 5222 3077 5273 sermonem
3142 5216 3395 5285 Domini,

164 5300 321 5375 dicens
353 5306 503 5380 (τοὺ.
532 5309 606 5377 Iv)
636 5327 647 5362 :
687 5328 704 5359 ι
734 5308 885 5375 Quod
922 5306 1016 5361 tibi
1062 5321 1167 5361 non
1197 5307 1278 5360 vis
1320 5304 1437 5360 ﬁeri
1458 5346 1471 5367 ,
1524 5304 1610 5359 alii
1652 5321 1719 5361 ne
1823 5320 1981 5381 quem
2006 5310 2163 5375 dixit,
2191 5309 2333 5379 quod
2359 5318 2479 5379 post
2506 5309 2663 5363 tertia
2691 5310 2777 5363 die
2807 5319 3205 5365 resurrecturus
3236 5322 3398 5365 esset.

164 5390 351 5457 ieceris.
384 5422 403 5455 ι
439 5400 522 5467 Ει,
558 5420 575 5452 ι
594 5400 782 5457 Omnia
808 5417 925 5470 quae
955 5399 1112 5454 vultis
1138 5410 1196 5454 ut
1222 5398 1421 5454 faciant
1442 5398 1593 5453 vobis
1618 5398 1716 5453 ho-
1820 5402 2210 5459 Putabatenim
2232 5402 2409 5473 juxta,
2436 5400 2738 5456 Judaeorum
2769 5401 3021 5468 fabulam,
3046 5404 3188 5473 quod
3217 5402 3398 5457 Domi-

164 5489 343 5561 mines,
385 5503 439 5550 et
470 5510 565 5549 vos
602 5492 761 5549 facite
794 5492 897 5547 illis
927 5486 1140 5563 (Matth.
1166 5493 1283 5563 vn).
1321 5511 1338 5542 ι
1380 5490 1473 5545 ille
1502 5490 1715 5560 quidem
1823 5508 1923 5549 nus
1954 5504 2074 5565 post
2106 5493 2556 5549 resurrectionem
2587 5508 2738 5547 suam
2764 5508 2857 5564 per
2888 5490 3029 5548 mille
3060 5508 3229 5548 annos
3256 5500 3400 5546 esset

165 5584 367 5648 primum
406 5589 457 5643 in
498 5589 654 5643 vinea
690 5582 900 5643 Domini
932 5577 1178 5641 laborare
1222 5587 1573 5656 contempsit,
1621 5586 1713 5643 sed
1824 5595 2145 5659 regnaturus
2182 5588 2233 5641 in
2278 5593 2416 5641 terra
2454 5586 2831 5657 corporaliter,
2862 5596 2916 5642 et
2947 5587 3261 5657 dignitatem
3293 5592 3399 5636 ter-

165 5677 475 5735 postmodum
530 5679 583 5733 in
639 5681 867 5735 adventu
919 5668 1129 5734 Domini
1197 5678 1511 5747 pmnitentia
1568 5693 1714 5733 com—
1825 5693 2007 5733 renam
2035 5679 2146 5732 suis
2169 5677 2353 5733 electis
2378 5684 2524 5732 esset
2552 5677 2955 5733 distributurus.
2992 5678 3115 5732 Hice
3140 5694 3267 5748 ergo
3290 5675 3395 5731 fer-

166 5756 349 5834 motus,
400 5769 466 5825 ad
502 5784 665 5843 Opera
700 5769 887 5840 judicii
919 5784 1213 5825 conversus
1258 5776 1357 5825 est.
1410 5764 1557 5823 Alter
1588 5785 1713 5825 vero
1825 5786 1949 5826 vore
1971 5771 2215 5826 muliebri
2248 5770 2466 5827 incitata
2500 5771 2563 5825 ad
2594 5770 2875 5827 Dominum
2908 5771 3153 5835 accessit,
3186 5780 3243 5825 ut
3274 5779 3395 5841 post

167 5848 283 5911 ﬁlius
306 5856 558 5917 Iudaicus
598 5862 822 5934 populus
852 5858 1079 5925 fuit,cui
1108 5852 1363 5914 Dominus
1388 5860 1521 5916 dans
1542 5860 1711 5932 legem
1824 5862 2275 5918 resurrectionem
2333 5880 2482 5917 suam
2532 5863 2684 5917 daret
2736 5863 2859 5917 [iliis
2907 5861 3019 5918 suis
3073 5871 3393 5931 potestatem

168 5960 246 6011 Per
268 5952 496 6027 Moysen,
524 5959 735 6028 operari
768 5958 1019 6029 prmcepil
1049 5958 1097 6011 in
1130 5958 1339 6011 vineam
1372 5974 1543 6013 suam.
1823 5954 2062 6021 sedendi,
2090 5972 2251 6010 unum
2276 5973 2303 6010 a
2334 5957 2555 6020 dextris,
2580 5966 2629 6008 et
2659 5957 2881 6011 alterum
2912 5973 2940 6012 a
2978 5956 3225 6011 sinistris.
