3994 6354
575 455 682 512 259

1215 447 1563 504 HAYMONIS
1591 446 2070 503 HALBERSTAT.
2111 444 2324 501 EPISC.
2367 442 2516 499 OPP.
2558 441 2737 499 PARS
2772 441 2834 496 ll.
2877 471 2946 481 —
2985 440 3215 496 HOMIL.

3762 439 3868 492 2w

654 589 672 621 ι
712 564 1059 638 Respondeas
1100 570 1279 616 autem
1325 560 1510 626 Jesus,
1545 560 1720 614 dixit:
1753 558 1984 615 Nescitis
2023 557 2152 628 quid
2179 562 2230 620 Α
2256 557 2483 612 ticorum
2531 556 2767 610 dicitur:
2805 573 2823 606 ‹
2861 553 3016 608 Laeva
3049 551 3164 621 ejus
3209 553 3309 608 sub
3360 553 3538 622 capite
3592 564 3776 612 meo,
3817 563 3865 605 et

582 686 600 714 ι
637 663 853 736 petatis.
888 679 908 712 ι
957 658 1126 712 Mater
1171 657 1387 727 quidem
1439 656 1701 724 petierat,
1749 655 1846 710 sed
1896 654 2157 709 Dominus

575 754 865 825 discipulos
905 750 1233 820 increpavit,
1281 748 1408 818 quia
1442 747 1705 802 intellexit
1735 762 1834 816 per
1860 744 2157 817 potentiam

576 864 684 904 sum
704 845 1011 902 Divinitatis
1038 843 1380 914 petitionem,
1408 856 1570 911 quam
1596 848 1772 895 mater
1806 839 1853 894 ei
1880 837 2156 904 attulerat,

574 957 638 996 ex
690 937 942 994 suasione
984 935 1220 990 ﬁliorum
1263 932 1627 987 descendisse.
1680 930 1748 984 Et
1775 930 1908 984 nihil
1959 929 2155 983 mirum

569 1043 675 1096 est,
702 1032 746 1088 si
769 1029 1032 1089 Dominus
1053 1027 1140 1083 his
1159 1027 1365 1082 duobus
1395 1023 1670 1094 discipulis
1695 1023 1858 1086 dicat,
1887 1043 1903 1072 ι
1930 1020 2158 1076 Nescitis

569 1123 697 1194 quid
744 1122 976 1192 petatis,
1009 1141 1026 1171 ι
1056 1135 1180 1175 cum
1229 1120 1296 1173 de
1342 1117 1502 1172 Petro
1543 1115 1784 1187 apostolo
1830 1114 2158 1185 evangelista

570 1216 717 1270 dicat
762 1214 890 1285 quia
918 1213 1196 1268 nesciebat
1225 1211 1355 1280 quid
1385 1210 1603 1264 diceret.
1647 1229 1664 1259 ι
1710 1208 1941 1263 Potestis
1971 1208 2156 1261 bibere

573 1328 591 1359 ‹
630 1306 857 1363 calicem
887 1321 1046 1376 quem
1076 1321 1174 1376 ego
1207 1304 1475 1359 bibiturus
1497 1303 1653 1357 sum?
1677 1323 1694 1354 ι
1716 1302 1912 1356 Culicis
1942 1301 2157 1355 nomine

571 1409 627 1455 et
654 1398 906 1469 baptismi
931 1437 947 1462 ,
970 1397 1109 1451 sicut
1133 1395 1271 1449 alius
1301 1393 1628 1465 evangelista
1650 1393 1821 1463 ponit,
1852 1393 2157 1462 passionem

569 1493 833 1563 designat.
872 1489 1024 1546 Unde
1060 1502 1158 1559 per
1187 1485 1528 1542 Psalmistam
1566 1485 1763 1539 dicitur
1791 1481 1963 1554 (Psal.
1989 1480 2153 1552 cxv):

573 1605 591 1633 ι
623 1583 762 1651 Quid
786 1582 1079 1637 retribuam
1105 1580 1334 1634 Domino
1364 1594 1462 1648 pro
1491 1577 1742 1632 omnibus
1767 1591 1884 1644 qua:
1907 1573 2158 1628 retribuit

570 1674 702 1729 mihi
722 1675 744 1728 ?
767 1672 1002 1728 Calicem
1027 1669 1282 1726 salutaris
1305 1668 1587 1738 accipiam.
1610 1686 1628 1718 ›
1653 1665 1721 1720 Et
1741 1680 1862 1720 mox
1882 1663 2159 1733 subjunxit

566 1766 696 1836 quid
722 1773 867 1820 esset
887 1763 1027 1819 calix
1057 1761 1334 1826 salutaris,
1359 1760 1547 1814 dicens
1571 1777 1582 1812 :
1615 1779 1632 1809 (
1661 1757 1908 1812 Pretiosa
1938 1757 1992 1810 in
2027 1770 2156 1810 con-

2262 646 2480 702 dextera
2505 645 2648 702 illius
2675 644 3066 716 amplexabitur
3092 660 3178 698 me
3207 642 3382 715 (Cant.
3421 646 3506 714 ιι).
3547 664 3565 694 ι
3589 669 3683 682 -
3707 660 3732 696 ‹
3763 641 3864 698 Sed

2244 738 2452 807 quibus
2476 747 2723 808 paratum
2752 745 2836 792 est
2859 752 2889 790 a
2912 735 3075 791 Patre
3099 750 3236 790 meo.
3277 755 3295 789 ι
3329 736 3652 791 Humilibus
3679 735 3863 792 videli-

2259 837 2346 884 cet
2378 839 2435 884 et
2463 829 2710 894 mitibus,
2753 827 3092 882 audientibus
3119 842 3204 882 me
3231 826 3500 881 dicentem
3535 843 3549 880 :
3589 845 3612 876 ι
3652 826 3860 881 Discite

2259 935 2290 973 a
2317 936 2424 986 me,
2457 921 2584 990 quia
2611 919 2757 973 mitis
2784 934 2902 974 sum
2925 926 2979 972 et
3005 917 3223 972 humilis
3247 917 3410 973 corde
3437 917 3673 988 (Matth.
3711 919 3811 989 ιι).
3839 940 3854 970 ι

2335 1032 2352 1062 ι
2385 1011 2455 1066 Ει
2488 1012 2766 1067 audientes
2798 1011 2984 1066 decem
3008 1051 3024 1076 ,
3059 1010 3322 1082 indignati
3369 1021 3497 1066 sunt
3539 1011 3612 1066 de
3651 1013 3859 1068 duobus

2266 1125 2284 1158 «ι
2321 1104 2603 1161 fratribus.
2631 1125 2649 1156 ι
2669 1105 2736 1159 Ει
2757 1104 2832 1158 illi
2855 1104 3146 1160 carnaliter
3159 1107 3450 1175 petierunt,
3468 1116 3526 1162 et
3545 1107 3642 1161 isti
3668 1123 3852 1162 cama-

2260 1196 2382 1251 liter
2428 1196 2690 1266 indignati
2719 1204 2864 1251 sunt.
2910 1195 2978 1249 Et
3005 1205 3185 1251 tamen
3227 1197 3455 1268 apostoli
3497 1213 3610 1252 non
3665 1210 3853 1254 contra

2260 1297 2489 1344 matrem
2512 1289 2882 1360 indignantur,
2900 1304 3018 1358 qua:
3047 1288 3277 1344 filiorum
3303 1291 3625 1360 petitionem
3655 1293 3849 1356 attulit,

2259 1383 2352 1437 sed
2379 1391 2567 1437 contra
2599 1381 2905 1450 filioszquia
2935 1381 3314 1436 intellexerunt
3340 1383 3496 1438 istam
3528 1385 3850 1453 petitionem

2259 1489 2328 1530 ex
2353 1473 2630 1529 voluntate
2681 1473 2914 1528 filiorum
2960 1474 3310 1544 processisse.
3359 1473 3627 1531 Dominus
3678 1488 3849 1534 autem

2261 1570 2408 1625 mitis
2437 1579 2492 1625 et
2529 1569 2766 1632 humilis,
2795 1584 2894 1623 nec
2925 1579 3151 1626 matrem
3186 1571 3362 1643 arguit
3386 1573 3736 1642 cupiditatis,
3761 1589 3848 1628 nec

2261 1663 2531 1733 apostolos
2557 1662 2736 1733 arguit
2758 1662 2973 1717 invidiae
3003 1672 3058 1718 et
3079 1663 3263 1719 livoris
3283 1705 3299 1730 ,
3328 1664 3423 1721 sed
3454 1665 3714 1735 utrisque
3736 1681 3849 1736 pro~

2257 1755 2409 1824 ponit
2435 1754 2741 1825 exemplum
2763 1753 3107 1821 humilitatis,
3135 1755 3320 1811 dicens
3348 1755 3498 1810 illum
3529 1757 3724 1825 potius
3747 1772 3846 1810 ma-

567 1865 755 1927 spectu
769 1855 982 1910 Domini
999 1869 1145 1908 mors
1158 1861 1470 1907 sanctorum
1490 1850 1628 1920 ejus.
1656 1869 1674 1902 ι
1693 1849 1968 1919 Baptismo
1991 1847 2155 1901 etiam
2252 1849 2428 1920 jorem
2439 1847 2628 1902 essein
2645 1862 2808 1918 regno
2823 1847 3429 1918 ccelorum,'quicunque
3452 1863 3512 1904 se
3536 1847 3842 1904 inferiorem

565 1949 885 2019 plerumque
912 1945 1094 2018 passio
1132 1945 1472 2015 designatur,
1505 1943 1645 1998 sicut
1682 1941 1941 1997 Dominus
1985 1939 2152 1995 dicit:
2185 1929 2232 1988 Β
2259 1943 2552 2015 praebuerit
2573 1944 2851 2012 obsequio.

569 2062 587 2094 ι
621 2043 952 2113 Baptismate
981 2041 1156 2097 habeo
1184 2038 1447 2110 baptizari
1467 2037 1618 2108 (Luc.
1641 2037 1764 2107 xu),
1788 2057 1806 2088 ι
1833 2035 1907 2100 id,
1937 2043 2020 2089 est
2037 2049 2157 2104 pas-

564 2135 774 2191 sionem
797 2134 972 2190 habeo
995 2133 1285 2189 sustinere.
1316 2131 1620 2200 lnterrogat
1643 2145 1773 2200 ergo
1796 2129 2076 2193 Dominus,
2110 2127 2154 2181 si

562 2236 786 2299 possent
806 2225 1034 2282 calicem
1060 2224 1271 2289 bibere,
1297 2236 1458 2292 quem
1487 2223 1602 2291 ipse
1629 2220 1898 2276 bibiturus
1921 2228 2067 2281 erat,
2100 2217 2154 2272 id

564 2327 672 2385 est,
699 2318 746 2373 si
773 2317 1022 2374 eamdem
1063 2315 1374 2386 passionem
1401 2321 1623 2386 possent
1657 2310 1815 2377 ferre,
1849 2326 2012 2382 quam
2039 2311 2155 2382 ipse

560 2427 823 2482 passurus
843 2420 960 2466 erat
982 2425 1082 2480 pro
1107 2409 1230 2465 illis.
1257 2408 1314 2464 In
1337 2409 1532 2479 quibus
1558 2407 1738 2463 verbis
1766 2416 1950 2477 aperte
1971 2415 2155 2461 osten-

561 2504 660 2570 dit,
689 2505 816 2574 quia
844 2504 994 2574 prius
1019 2503 1318 2559 sustinetur
1347 2501 1690 2573 supplicium,
1719 2516 1783 2557 ac
1804 2498 1999 2554 deinde
2026 2512 2151 2568 per—

562 2597 779 2652 venitur
807 2596 877 2650 ad
899 2609 1144 2664 regnum.

641 2704 661 2737 c
697 2685 934 2742 Calicem
963 2680 1178 2755 quidem
1205 2701 1387 2741 meum
1417 2686 1637 2751 bibetis,
1671 2703 1690 2736 ι
1727 2685 1780 2740 id
1808 2691 1911 2748 est,
1939 2683 2151 2752 passio-

565 2792 690 2832 nem
716 2793 892 2833 meam
923 2777 1281 2832 sustinebitis.
1315 2777 1470 2844 Quod
1505 2775 1857 2847 quterendum
1883 2783 1984 2840 est,
2016 2789 2152 2844 quo-

567 2871 726 2926 modo
764 2870 1115 2941 intelligatur.
1143 2871 1220 2925 De
1245 2869 1449 2926 Jacobo
1477 2885 1610 2925 vero
1629 2870 1774 2940 quod
1806 2870 1920 2939 ipse
1941 2868 2153 2924 Domini

563 2962 790 3018 calicem
818 2961 1049 3027 biberit,
1089 2961 1234 3016 nulla
1261 2961 1524 3016 dubitatio
1548 2969 1660 3024 est,
1696 2961 1821 3029 quia
1849 2961 1915 3015 ab
1945 2959 2156 3014 Herode

563 3053 742 3123 capite
783 3061 1065 3108 truncatus
1093 3061 1194 3108 est.
1244 3053 1320 3107 De
1363 3051 1572 3107 Joanne
1607 3067 1736 3107 vero
1766 3052 1986 3106 dubium
2027 3058 2150 3115 est,

565 3160 688 3200 cum
716 3144 832 3214 ipse
852 3159 949 3215 per
975 3144 1222 3214 martyrii
1247 3158 1464 3214 poenam
1495 3143 1666 3198 vitam
1692 3144 1832 3198 hanc
1867 3158 1974 3197 non
1999 3141 2152 3196 ﬁnie-

561 3229 654 3290 rit.
701 3235 808 3292 Sed
836 3236 953 3306 ipse
987 3235 1113 3291 licet
1149 3250 1246 3304 per
1280 3234 1599 3290 effusionem
1628 3234 1905 3305 sanguinis
1940 3234 2006 3288 de
2046 3232 2151 3287 hoc

561 3329 757 3384 saeculo
784 3344 894 3384 non
924 3328 1222 3393 transierit,
1255 3335 1435 3382 tamen
1463 3326 1688 3382 calicem
1718 3325 1832 3394 ipse
1852 3323 2150 3380 Salvatoris
2177 3295 2223 3358 Ο

556 3421 713 3476 bibit.
743 3419 881 3489 Quia
918 3421 1033 3490 ipse
1070 3436 1102 3474 a
1132 3420 1442 3475 Domitiano
1468 3418 1790 3490 impiissimo
1822 3418 2150 3487 imperatore

554 3513 611 3568 in
655 3511 917 3568 ferventis
941 3512 1048 3568 olei
1091 3511 1291 3567 dolium
1331 3512 1564 3576 missus,
1611 3519 1667 3565 et
1711 3525 1979 3565 venenum
2023 3518 2151 3564 ante

554 3602 857 3673 principem
882 3602 1041 3666 bibit,
1068 3610 1124 3656 et
1149 3602 1349 3656 illaesus
1390 3601 1709 3671 permansit,
1743 3616 1952 3656 necnon
1983 3601 2148 3655 etiam

559 3709 686 3750 cum
705 3694 929 3763 reliquis
950 3693 1210 3764 apostolis
1237 3693 1538 3763 ﬂagellatus
1565 3693 1779 3763 legitur.
1807 3691 1876 3747 Et
1901 3692 2028 3747 licet
2051 3707 2148 3761 per

557 3799 778 3856 poenam
798 3793 853 3839 et
879 3784 1199 3840 effusionem
1226 3785 1502 3856 sanguinis
1520 3785 1686 3840 vitam
1712 3800 1819 3840 non
1849 3785 2144 3850 transierit,

561 3886 741 3932 tamen
764 3869 990 3932 calicem
1011 3877 1279 3946 passionis
1301 3877 1459 3943 bibit,
1481 3878 1607 3948 quia
1639 3878 1854 3932 animus
1875 3886 1930 3932 et
1958 3877 2147 3932 volun-

556 3977 641 4024 tas
669 3967 812 4023 illius
843 3969 910 4024 ad
939 3968 1246 4039 passionem
1285 3968 1658 4039 perferendam
1687 3983 1900 4039 semper
1924 3976 2146 4038 paratus

555 4058 677 4115 fuit.

632 4168 654 4201 ι
693 4149 894 4207 Sedere
921 4161 1102 4206 autem
1138 4154 1204 4208 ad
1236 4154 1511 4209 dexteram
1554 4169 1730 4210 meam
1774 4155 1888 4209 sive
1914 4155 1982 4210 ad
2009 4155 2144 4209 sini-

560 4260 579 4292 ι
613 4248 802 4308 stram,
825 4257 934 4297 non
959 4251 1043 4298 est
1067 4259 1248 4299 meum
1269 4245 1400 4300 dare
1420 4246 1596 4301 vobis.
1631 4265 1648 4299 ι
1682 4245 2142 4301 Considerandum
2211 4281 2220 4290 ο

554 4331 701 4402 quod
734 4332 884 4399 dicit,
916 4352 935 4385 ι
973 4350 1080 4390 non
1110 4345 1194 4391 est
1221 4351 1401 4391 meum
1441 4337 1570 4391 dare
1605 4337 1777 4391 vobis.
1817 4357 1836 4389 ι
1871 4337 2036 4393 Vobis
2065 4338 2144 4392 vi-

552 4421 748 4478 delicet
774 4425 1020 4494 superbis
1047 4434 1103 4480 et
1141 4427 1352 4496 cupidis
1397 4442 1549 4482 vana:
1576 4427 1778 4498 gloriae.
1813 4427 1880 4481 Et
1914 4437 1998 4484 est
2019 4444 2142 4483 sen-

549 4531 642 4571 sus
674 4535 687 4570 :
729 4516 980 4589 Regnum
1017 4518 1111 4574 Dei
1143 4535 1248 4575 non
1293 4530 1375 4575 est
1419 4521 1628 4585 dantis,
1661 4523 1754 4577 sed
1801 4523 2136 4592 accipientis.

549 4605 670 4662 Non
696 4609 843 4664 enim
884 4619 1114 4680 possunt
1139 4611 1384 4681 accipere
1419 4628 1642 4683 regnum
1670 4611 1766 4667 Dei
1793 4612 1927 4668 tales
1953 4614 2137 4683 quales

545 4711 644 4751 vos
679 4699 834 4765 estis,
880 4700 976 4756 sed
1021 4701 1207 4771 quales
1260 4718 1356 4758 vos
1403 4718 1523 4759 esse
1565 4703 1792 4759 debetis.
1835 4725 1853 4756 ι
1904 4704 2020 4760 Non
2056 4718 2140 4763 est

549 4799 733 4840 meum
757 4787 888 4843 dare
920 4789 1092 4858 vobis,
1127 4811 1146 4844 ι
1172 4791 1225 4847 id
1253 4802 1338 4847 est
1381 4793 1626 4864 superbis
1653 4803 1707 4849 et
1744 4795 1918 4851 elatis.
1953 4795 2141 4852 Estote

2287 2111 2290 2114 ,
2336 2077 2354 2109 ε
2380 2057 2542 2112 Scitis
2564 2057 2690 2126 quia
2718 2057 2989 2127 principes
3009 2057 3246 2127 gentium
3271 2057 3625 2112 dominantur
3645 2073 3838 2114 eorum.

2264 2169 2282 2201 ι
2319 2158 2374 2204 ει
2414 2149 2506 2219 qui
2559 2149 2796 2219 majores
2838 2157 2979 2210 sunt,
3028 2155 3347 2228 potestatem
3395 2157 3662 2205 exercent
3712 2152 3841 2205 inter

2265 2261 2283 2294 ι
2315 2242 2455 2298 illos.
2506 2261 2526 2294 ι
2561 2241 2818 2312 Proponit
2856 2241 3114 2296 Dominus
3140 2240 3444 2310 exemplum
3476 2243 3543 2296 de
3577 2245 3838 2315 gentibus,

2257 2348 2486 2404 quarum
2513 2333 2788 2404 principes
2815 2339 3072 2388 exercent
3098 2340 3422 2402 potestatem
3467 2334 3613 2389 inter
3639 2351 3746 2391 eos.
3777 2335 3834 2389 Et

2257 2423 2349 2479 illo
2377 2424 2674 2494 proposito,
2705 2423 3020 2494 subiunxit:
3349 2448 3358 2463 -
3487 2447 3494 2454 -

2335 2557 2352 2588 ι
2388 2535 2506 2592 Non
2531 2537 2604 2592 ita
2624 2538 2729 2594 erit
2757 2538 2898 2594 inter
2921 2553 3039 2605 vos,
3066 2557 3085 2590 ι
3105 2538 3159 2594 id
3183 2547 3286 2605 est,
3316 2555 3426 2596 non
3449 2540 3828 2596 similiter-con-

2258 2627 2489 2682 tendetis
2510 2627 2575 2682 de
2598 2626 2904 2698 principatu
2930 2637 2985 2684 et
3011 2628 3201 2696 gloria,
3232 2630 3374 2686 sicut
3404 2642 3598 2702 gentes.

2335 2738 2352 2770 ‹
2385 2719 2530 2776 Sicut
2575 2736 2681 2776 non
2721 2723 2868 2777 venit
2899 2721 3068 2777 Filius
3103 2724 3336 2780 hominis
3376 2727 3704 2791 ministrari,
3732 2727 3823 2781 sed

2264 2832 2280 2862 ‹
2324 2811 2653 2866 ministrare.
2694 2833 2711 2864 ι
2744 2813 2856 2868 Hoc
2883 2823 2982 2878 cst,
3018 2831 3123 2869 non
3150 2815 3308 2870 venit
3327 2816 3500 2873 Filius
3527 2819 3755 2874 hominis
3778 2828 3832 2871 ut

2258 2903 2311 2958 in
2340 2902 2444 2958 hoc
2464 2904 2664 2958 mundo
2694 2906 2930 2961 honores
2958 2914 3014 2960 et
3035 2906 3326 2978 dignitates
3356 2920 3649 2980 quaereret,
3671 2913 3762 2967 sed
3783 2921 3836 2964 ut

2257 2996 2371 3065 ipse
2398 2996 2576 3066 potius
2605 2997 2725 3052 aliis
2752 2999 3104 3054 ministraret.
3151 3000 3410 3070 Proponit
3454 3003 3720 3059 Dominus
3759 3021 3838 3058 se-

2257 3087 2544 3157 metipsum
2574 3087 2629 3142 in
2652 3088 2958 3158 exemplum
2983 3091 3320 3146 humilitatis.
3349 3093 3485 3159 Quid
3509 3095 3840 3149 ministravit

2257 3179 2516 3234 Dominus
2539 3180 2794 3250 apostolis
2824 3181 2978 3237 suis?
3007 3181 3220 3238 Victum
3252 3193 3302 3240 et
3327 3183 3718 3240 vestimentum
3750 3228 3766 3252 ,
3797 3198 3840 3239 ct

2255 3279 2451 3325 etetera
2481 3274 2786 3328 necessaria
2824 3275 3086 3343 corporis,
3127 3284 3182 3330 et
3215 3277 3649 3346 praedicationem
3685 3281 3842 3336 verlii

2257 3363 2454 3430 divini,
2500 3373 2554 3419 et
2591 3366 2659 3420 ad
2701 3365 2948 3422 ultimum
2996 3368 3051 3422 in
3074 3378 3282 3424 tantum
3310 3385 3371 3425 se
3411 3369 3758 3440 humiliavit,
3791 3384 3845 3427 ut

2255 3468 2473 3509 crucem
2500 3464 2557 3510 et
2591 3455 2896 3524 passionem
2934 3471 3034 3526 pro
3073 3457 3154 3512 eis
3198 3458 3433 3525 subiret,
3459 3461 3561 3515 hoc
3583 3461 3760 3516 etiam
3795 3472 3843 3517 et

2253 3547 2410 3602 nobis
2438 3547 2782 3603 ministravit.
2810 3548 2964 3605 Unde
2991 3558 3046 3606 et
3081 3549 3341 3608 Dominus
3367 3553 3498 3608 dicit
3522 3570 3535 3606 :
3565 3573 3583 3604 ‹
3615 3552 3683 3608 Ει
3714 3555 3844 3609 dare

2258 3659 2275 3691 ‹
2314 3641 2553 3696 animam
2595 3657 2748 3697 suam
2799 3643 3222 3717 redemptionem
3274 3661 3374 3716 pro
3422 3646 3625 3702 multis.
3671 3667 3688 3698 ›
3725 3646 3838 3702 Non

2252 3733 2388 3788 dixit
2433 3751 2533 3806 pro
2575 3738 2863 3805 omnibus,
2914 3739 3007 3794 sed
3045 3752 3143 3811 pro
3189 3742 3395 3809 multis,
3425 3743 3551 3814 quia
3590 3743 3840 3800 videlicet

2252 3826 2513 3883 Dominus
2540 3844 2639 3899 pro
2667 3831 2814 3884 omni
2841 3845 3036 3902 genere
3059 3833 3296 3889 humano
3321 3834 3449 3890 licet
3474 3851 3692 3891 crucem
3714 3838 3839 3892 sub-

2251 3917 2391 3984 iret,
2435 3920 2521 3976 his
2569 3921 2829 3977 duntaxat
2874 3924 2994 3994 ejus
3039 3926 3220 3995 passio
3256 3926 3492 3996 profuit,
3525 3929 3618 3998 qui
3646 3928 3835 3984 eodem

2250 4011 2442 4080 spiritu
2473 4015 2645 4069 renati
2688 4023 2814 4071 sunt
2841 4017 2908 4070 ad
2936 4017 3101 4072 vitam
3123 4060 3136 4085 ,
3177 4035 3285 4090 quo
3316 4021 3406 4076 ille
3434 4031 3734 4094 conceptus
3761 4032 3836 4079 cs!

2250 4103 2302 4157 in
2324 4112 2479 4160 utero
2505 4107 2716 4163 matris.

2762 4267 3044 4325 HOMILIA
3084 4270 3325 4327 XXXIX.

2543 4393 2699 4433 mm
2748 4395 2947 4443 QUINTA
2985 4397 3116 4438 POST
3157 4382 3524 4438 Remim'scere.

2318 4513 2491 4585 (Joxn.
2525 4515 2604 4589 v.)
2634 4537 2651 4569 ι
2683 4515 2742 4571 In
2767 4517 2858 4572 illo
2890 4527 3152 4590 tempore,
3179 4519 3316 4574 dixit
3339 4517 3498 4575 Jesus
3531 4519 3701 4574 turbis
3744 4518 3833 4574 Ju-

2249 4625 2268 4657 ι
2304 4607 2540 4662 daeorum
2579 4626 2592 4662 :
2632 4609 2748 4664 Non
2790 4626 3010 4681 possum
3045 4627 3144 4682 ego
3168 4627 3196 4668 a
3226 4612 3433 4682 meipso
3463 4611 3645 4666 facere
3677 4613 3834 4680 quid-

2249 4718 2266 4750 ι
2305 4713 2487 4768 quam,
2507 4701 2598 4755 sed
2624 4701 2763 4756 sicut
2784 4703 2967 4768 audio,
2987 4703 3190 4774 judico.
3216 4724 3234 4756 ι
3256 4703 3508 4759 Fortasse
3532 4704 3654 4759 ideo
3677 4704 3834 4766 dixit,

2249 4806 2267 4838 ι
2297 4803 2405 4843 non
2431 4804 2648 4859 possum
2696 4806 2728 4845 a
2771 4793 2976 4863 meipso
3022 4792 3202 4849 facere
3249 4794 3577 4865 quidquam,
3619 4815 3638 4847 ›
3679 4795 3834 4864 quasi

548 4892 678 4949 ergo
703 4893 802 4935 vos
821 4882 1055 4951 primum
1077 4885 1327 4952 humiles,
1361 4898 1416 4942 ei
1444 4889 1521 4943 sic
1541 4888 1618 4943 .ad
1649 4889 1964 4960 dignitatem
1986 4891 2138 4961 regni
2238 4879 2482 4944 dixisset,
2506 4897 2536 4934 a
2559 4883 2762 4954 meipso
2785 4899 2890 4939 non
2911 4901 3050 4951 sum,
3078 4885 3169 4941 sed
3193 4901 3222 4940 a
3243 4884 3422 4942 Patre.
3446 4885 3614 4942 Pater
3634 4887 3782 4941 enim
3806 4903 3833 4940 a

547 4973 896 5040 pervenietis.
927 4975 1236 5048 Praeparate
1265 4995 1360 5036 vos
1386 4983 1520 5037 tales
1544 5024 1558 5048 ,
1592 4992 1651 5036 ut
1686 4985 1803 5039 sitis
1829 4985 1938 5054 apti
1975 5001 2138 5056 regno

546 5062 829 5119 caelorum.
864 5064 1062 5123 Volunt
1089 5080 1267 5126 autem
1297 5071 1513 5142 quidam
1545 5073 1796 5128 doctores
1819 5090 2134 5131 concessum

543 5171 665 5213 esse
693 5159 778 5215 his
808 5160 1088 5232 discipulis
1117 5165 1261 5233 quod
1289 5167 1588 5233 petierant,
1638 5177 1698 5219 ut
1741 5183 1880 5221 unus
1925 5167 2136 5222 sederet

542 5251 610 5306 ad
639 5251 920 5310 dexteram
963 5257 1208 5320 Domini,
1257 5267 1311 5313 et
1357 5259 1494 5313 alter
1541 5260 1701 5314 etiam
1733 5262 1798 5316 ad
1836 5261 2129 5316 sinistram.

541 5343 676 5398 Cum
721 5347 868 5401 enim
910 5347 1141 5403 Jacobus
1172 5363 1269 5418 per
1302 5348 1713 5406 decollationem
1755 5352 1997 5422 martyrii
2021 5366 2133 5406 coe-

540 5432 696 5490 lestia
742 5453 907 5509 regna
948 5440 1274 5509 penetravit,
1311 5441 1466 5509 quasi
1511 5443 1578 5497 ad
1609 5444 1885 5499 dexteram
1918 5445 2128 5500 Domini

540 5526 698 5581 sedit.
729 5527 866 5594 Quia
891 5527 1127 5583 Joannes
1153 5530 1487 5602 evangelista
1525 5548 1621 5603 per
1657 5534 1884 5589 multum
1920 5545 2130 5604 tempus

539 5616 681 5671 ultra
710 5626 935 5673 caeteros
962 5620 1232 5689 apostolos
1267 5623 1334 5678 ad
1376 5639 1548 5680 annos
1581 5625 1838 5695 plurimos
1865 5627 2127 5697 perdam-

539 5708 637 5771 vit,
675 5707 830 5776 quasi
878 5708 945 5761 ad
992 5709 1268 5768 sinistram
1318 5714 1461 5770 illius
1507 5716 1664 5771 sedit.
1711 5716 1815 5773 Per
1851 5719 2126 5775 sinis’tram

541 5800 687 5854 enim
731 5816 970 5870 praesens
998 5803 1105 5859 vita
1135 5805 1467 5880 designatur,
1496 5827 1594 5882 per
1627 5811 1901 5867 dexteram
1944 5823 2124 5867 autem

541 5891 780 5949 cmlestis
807 5893 1082 5954 beatitudo
1110 5902 1462 5973 signiﬁcatur,
1497 5907 1633 5961 sicut
1666 5906 1716 5960 in
1741 5905 1976 5962 Canticis
1998 5924 2125 5960 can-

2241 4974 2387 5030 nullo
2411 4975 2515 5030 alio
2539 4986 2643 5043 est,
2676 4977 2845 5034 Filius
2874 4989 3053 5064 autem
3097 4995 3127 5034 a
3165 4979 3326 5036 Patre
3366 4989 3468 5047 est,
3513 4991 3570 5035 et
3600 4981 3829 5051 reliqua.

2247 5085 2265 5116 ι
2303 5065 2426 5122 Ideo
2454 5066 2766 5133 dixit,sicut
2795 5071 2974 5136 audio,
2991 5071 3228 5142 judico,»
3248 5072 3375 5142 quia
3395 5087 3561 5126 unum
3587 5088 3725 5143 opus
3752 5082 3836 5126 est

2245 5158 2420 5215 Patris
2460 5168 2515 5216 et
2539 5159 2660 5216 Filii
2686 5170 2742 5217 et
2771 5161 3003 5232 Spiritus
3033 5167 3227 5221 sancti.
3259 5165 3411 5220 Sicut
3433 5166 3587 5220 audit
3600 5165 3830 5235 judicat.

2240 5252 2694 5310 Audietvidelicet
2712 5271 2809 5324 per
2830 5257 3093 5313 unitatem
3111 5259 3430 5315 substantiae
3443 5268 3501 5314 et
3520 5258 3832 5329 proprieta-

2243 5354 2348 5399 tem
2371 5345 2629 5400 scientiae.
2659 5344 2774 5402 Non
2791 5347 3000 5418 judicat
3017 5365 3047 5403 a
3075 5351 3389 5420 semetipso,
3414 5349 3541 5418 quia
3563 5363 3672 5404 non
3695 5356 3778 5402 est
3806 5364 3834 5401 a

2241 5437 2549 5506 semetipso.
2584 5436 2740 5492 l’ater
2766 5440 2963 5511 quippe
2997 5440 3143 5496 solus
3165 5442 3232 5496 de
3262 5441 3366 5496 alio
3394 5456 3501 5495 non
3529 5450 3633 5505 est,
3665 5439 3835 5494 Filius

2239 5527 2272 5583 'a
2302 5528 2461 5583 Patre
2490 5530 2702 5599 genitus
2723 5541 2826 5598 est,
2857 5541 2916 5586 ut
2945 5533 3198 5588 diximus.
3229 5533 3312 5588 Ab
3342 5533 3460 5602 ipso
3479 5533 3625 5586 enim
3650 5532 3833 5585 audiet

2240 5621 2426 5688 Filius,
2461 5638 2490 5677 a
2518 5638 2628 5692 quo
2653 5625 2866 5696 genitus
2898 5635 3002 5692 est,
3039 5612 3165 5696 quia
3207 5641 3311 5680 non
3341 5636 3421 5681 est.
3452 5641 3481 5678 a
3507 5627 3709 5694 seipse,
3738 5625 3833 5677 sed

2241 5716 2309 5770 ab
2331 5715 2436 5771 alio
2456 5733 2484 5770 a
2512 5732 2620 5786 quo
2643 5719 2855 5789 genitus
2884 5730 2985 5775 est.
3017 5719 3057 5774 Α
3091 5737 3198 5790 quo
3235 5721 3310 5775 illi
3338 5729 3419 5776 est
3450 5716 3830 5788 intelligentia,

2239 5808 2307 5862 ab
2351 5808 2443 5862 illo
2480 5809 2664 5878 utique
2700 5821 2754 5865 et
2787 5812 3033 5868 scientia.
3077 5813 3160 5868 Ab
3195 5813 3285 5869 illo
3321 5813 3487 5883 igitur
3525 5808 3829 5871 audientia,

2238 5917 2358 5971 qua:
2385 5901 2520 5955 nihil
2540 5912 2625 5956 est
2645 5901 2787 5956 aliud
2816 5921 2976 5974 quam
3001 5906 3246 5961 scientia.
3274 5904 3460 5961 Potest
3487 5916 3708 5973 quoque
3730 5902 3831 5955 hoc
