3994 6354
191 442 287 497 241

1388 433 1692 492 HOMILUE
1733 434 1821 492 DE
1860 435 2133 493 TEMI’Olt
2142 438 2201 492 Ε.

3346 438 3452 495 242

191 558 365 627 ipsum
384 552 528 622 quod
558 552 711 617 dixit,
747 568 767 604 ‹
792 552 933 608 sicut
958 552 1137 618 audio,
1160 552 1360 623 judico,
1387 569 1406 602 ›
1429 550 1493 605 de
1516 549 1769 605 humani-
1796 556 1852 616 Α
1874 550 2142 607 dientibus
2170 550 2342 606 tribus
2364 551 2642 621 discipulis
2669 552 2735 607 de
2757 551 2891 607 Filio
2915 567 3028 606 suo.
3060 571 3076 603 ‹
3101 553 3169 607 Ει
3191 553 3305 608 scio
3323 552 3450 622 quia

192 647 317 701 tatis
364 650 557 699 natura
598 642 857 714 intelligi,
899 659 1062 715 quam
1104 643 1200 699 Dei
1244 642 1412 700 Filius
1456 658 1524 699 ex
1562 644 1768 714 virgine

192 736 439 808 sumpsit.
460 735 597 793 Cum
630 747 882 807 ageretur
909 739 974 794 de
1010 738 1404 794 resurrectione
1443 737 1767 803 animarum,

192 846 297 886 non
322 827 539 885 dicebat
571 828 759 893 audio,
792 829 888 885 sed
916 829 1084 884 video.
1113 848 1132 880 ι
1165 828 1319 886 Sicut
1346 830 1537 894 audio,
1562 823 1766 899 judico,

195 938 217 975 ε
247 928 302 976 et
314 918 578 989 judicium
606 932 784 975 meum
804 918 1009 988 justum
1032 930 1132 976 est.
1165 941 1184 973 ι
1215 920 1369 977 Unde
1404 929 1487 978 est
1508 919 1771 989 judicium

194 1010 463 1068 hominis?
503 1010 641 1078 Quia
682 1011 962 1081 sequitur:
996 1030 1016 1064 c
1062 1010 1179 1068 Non
1208 1026 1392 1082 quaaro
1438 1011 1771 1067 voluntatem

196 1123 214 1156 σ
249 1119 464 1169 meam,
507 1104 599 1160 sed
639 1104 974 1161 voluntatem
1011 1106 1130 1177 ejus
1167 1107 1260 1176 qui
1294 1106 1441 1162 misit
1480 1121 1586 1161 me.
1621 1126 1640 1158 ι
1666 1106 1774 1161 Ista

191 1193 379 1249 missio
418 1192 719 1248 incarnatio
744 1204 830 1249 est
856 1193 1087 1262 Christi,
1119 1210 1240 1265 quae
1268 1195 1337 1250 ad
1378 1196 1481 1251 hoc
1500 1195 1642 1251 facta
1668 1203 1772 1262 est,
1810 1206 1815 1211 '

188 1296 247 1342 ut
271 1295 499 1356 paterna
519 1286 769 1341 voluntas
788 1286 843 1341 in
866 1286 1039 1342 salute
1060 1287 1281 1343 humani
1301 1289 1514 1359 generis
1531 1303 1628 1359 per
1651 1303 1774 1345 eum

98 1417 105 1423 .
187 1370 522 1433 efﬁceretur.
551 1374 779 1432 Videtur
804 1377 951 1433 enim
991 1378 1046 1433 in
1070 1377 1174 1433 hoc
1200 1378 1349 1445 loco,
1385 1394 1452 1434 ex
1478 1378 1565 1435 his
1597 1378 1776 1434 verbis

189 1468 494 1524 Salvatoris
520 1468 715 1534 nostri,
740 1468 878 1524 velle
898 1484 1022 1524 eum
1050 1469 1323 1525 insinuare
1352 1469 1506 1525 nobis
1527 1470 1662 1525 duas
1682 1484 1777 1525 na-

189 1569 343 1615 turas
377 1559 435 1615 in
476 1573 533 1615 se
561 1573 713 1627 esse,
742 1568 799 1614 et
821 1574 1005 1615 veram
1047 1560 1250 1616 habere
1277 1560 1545 1625 animam,
1580 1560 1634 1615 in
1672 1575 1776 1631 qua

185 1652 302 1708 sola
327 1651 581 1707 voluntas
605 1661 708 1708 est.
733 1651 863 1719 Quae
882 1652 1024 1708 enim
1053 1661 1201 1708 tanta
1224 1650 1606 1720 conjunctione
1633 1668 1780 1708 com-

1875 661 1895 694 ε
1927 642 2293 697 testimonium
2321 643 2438 714 ejus
2466 657 2651 697 verum
2676 651 2777 698 est.
2813 663 2832 695 ι
2865 640 3035 699 Omne
3058 659 3268 710 verum,
3302 659 3333 698 a
3358 658 3452 699 ve-

1872 734 2030 788 ritate
2052 749 2237 789 verum
2267 742 2369 790 est.
2401 734 2545 790 Deus
2573 735 2715 789 enim
2740 735 2943 791 veritas
2967 744 3067 791 est.
3097 735 3166 790 Et
3192 736 3454 807 quidquid

1871 840 2058 879 verum
2086 831 2188 891 est,
2221 840 2253 879 a
2282 825 2407 880 Deo'
2420 839 2608 879 verum
2629 815 2754 880 est:
2781 810 3057 894 atque-hic
3085 824 3454 881 testimonium

1874 902 2009 979 dixit
2029 916 2157 986 quid
2186 917 2275 971 sit.
2309 934 2327 967 ‹
2365 904 2561 987 Opera,
2590 915 2970 987 (inquit),quaa
2994 930 3096 986 ego
3121 901 3281 983 facio,
3300 918 3455 973 testi-

1880 1024 1899 1057 ‹
1934 1007 2173 1062 monium
2196 1006 2481 1076 perhibent
2508 1007 2573 1061 de
2601 1022 2705 1061 me.
2742 1026 2761 1058 υ
2789 1004 2992 1061 Deinde
3023 1007 3303 1078 adjunxit:
3340 1027 3359 1059 ι
3389 1008 3458 1063 Ει

1879 1116 1898 1149 ι
1936 1096 2302 1152 testimonium
2330 1098 2579 1167 perhibet
2601 1097 2668 1151 de
2694 1112 2800 1161 me,
2825 1095 2916 1166 qui
2945 1096 3093 1150 misit
3117 1111 3204 1152 me
3227 1096 3409 1151 Pater.
3434 1117 3452 1146 ι

1874 1187 1993 1258 Ipsa
2016 1202 2134 1257 quae
2167 1203 2329 1258 opera
2362 1187 2507 1254 fecit,
2539 1206 2567 1243 a
2599 1188 2758 1245 Patre
2786 1205 2846 1246 se
2871 1191 3147 1261 accepisse
3173 1189 3324 1245 dicit.
3357 1191 3459 1244 Te-

1876 1286 2188 1341 stimonium
2236 1302 2364 1356 ergo
2400 1287 2688 1357 perhibent
2714 1301 2897 1357 opera,
2930 1268 3293 1342 testimonium
3332 1299 3457 1354 per-

1875 1376 2027 1433 hibet
2054 1377 2234 1443 Pater,
2268 1379 2358 1447 qui
2390 1378 2537 1434 misit
2559 1393 2702 1433 eum.
2734 1377 3015 1434 Perhibuit
3039 1376 3275 1432 Joannes
3302 1375 3458 1431 testi-

1877 1471 2116 1525 monium
2136 1471 2201 1526 de
2229 1470 2465 1538 Christo,
2490 1481 2740 1541 tanquam
2762 1471 3003 1538 lucerna,
3034 1486 3141 1527 non
3168 1471 3235 1526 ad
3257 1486 3455 1526 sanan-

1879 1562 1976 1617 dos
1994 1564 2220 1627 amicos,
2244 1563 2337 1618 sed
2358 1564 2425 1619 ad
2451 1562 2856 1619 confundendos
2883 1564 3152 1619 inimicos.
3167 1560 3286 1618 Jam
3310 1563 3454 1619 enim

1881 1666 2037 1713 antea
2062 1658 2375 1727 prtedictum
2411 1666 2530 1713 erat
2563 1674 2593 1713 a
2620 1673 2846 1728 persona
2871 1656 3085 1714 Patris:
3111 1675 3129 1728 ᾳ
3161 1656 3357 1712 Paravi
3378 1656 3459 1711 lu-

185 1743 350 1799 mista
373 1751 459 1799 est
482 1742 782 1808 Divinitati,
814 1750 873 1815 ut
897 1751 1008 1799 tota
1042 1743 1289 1798 voluntas
1316 1743 1368 1796 in
1396 1758 1458 1797 ea
1484 1742 1774 1813 spiritualis

1880 1769 2097 1811 cernam
2137 1752 2352 1809 Christo
2381 1768 2522 1807 meo.
2552 1751 2804 1806 Inimicos
2848 1751 2963 1820 ejus
3016 1750 3234 1805 induam
3271 1746 3459 1803 confu-
3506 1812 3515 1821 ι

186 1831 306 1901 fuit,
341 1835 436 1890 sed
466 1842 646 1890 tamen
675 1850 783 1889 non
813 1834 1098 1901 animalis,
1131 1835 1186 1889 id
1226 1842 1312 1890 est
1343 1835 1599 1891 carnalis.
1644 1833 1779 1890 Nam

184 1933 586 1995 consequenter
609 1924 888 1996 subjunxit
915 1942 928 1979 :

259 2036 279 2067 ι
332 2015 393 2072 Si
427 2031 526 2088 ego
558 2017 922 2073 testimonium
965 2017 1222 2089 perhibeo
1254 2018 1322 2073 de
1359 2018 1585 2090 meipso,
1622 2020 1774 2075 testi-

187 2126 206 2160 σ
236 2108 482 2163 monium
513 2123 693 2165 meum
715 2125 823 2165 non
854 2118 938 2165 est
957 2125 1164 2166 verum.
1194 2130 1211 2162 ι
1237 2110 1374 2167 Nam
1401 2112 1544 2168 sicut
1572 2114 1627 2169 in
1647 2129 1775 2169 con-

180 2199 537 2270 sequentibus
555 2201 759 2277 dixit:
793 2201 853 2256 Si
876 2200 1116 2272 glorifico
1144 2206 1429 2273 meipsum,
1459 2203 1630 2275 gloria
1654 2220 1773 2261 mea

180 2293 321 2348 nihil
347 2301 435 2348 est
464 2312 478 2348 :
507 2295 601 2350 sed
631 2295 723 2365 qui
758 2295 910 2350 misit
932 2311 1020 2351 me
1050 2295 1229 2364 Pater,
1258 2297 1372 2367 ipse
1396 2312 1484 2353 me
1506 2298 1774 2370 glorificat

178 2383 377 2454 (Joan.
404 2385 548 2454 vni).
580 2404 599 2439 ι
637 2385 745 2441 Sed
767 2386 858 2442 hic
879 2386 1083 2442 dictum
1105 2396 1227 2443 est:
1266 2407 1286 2441 ‹
1316 2388 1375 2445 Si
1405 2403 1506 2459 ego
1531 2390 1773 2445 testimo-

177 2474 338 2528 nium
367 2476 627 2544 perhiheo
655 2476 722 2531 de
760 2477 998 2546 meipso,
1032 2479 1398 2535 testimonium
1445 2496 1625 2536 meum
1667 2497 1772 2537 non

178 2576 266 2623 est
296 2584 488 2625 verum
530 2556 793 2644 (1ὺὶι1.).ἰ
824 2574 891 2629 Ει
916 2575 1074 2645 paulo
1109 2584 1232 2644 post
1261 2593 1273 2629 :
1310 2593 1329 2626 ι
1365 2573 1468 2642 Qui
1503 2590 1591 2630 me
1625 2575 1774 2630 misit

180 2660 364 2729 Pater,
396 2662 513 2733 ipse
555 2665 923 2720 testimonium
962 2667 1212 2737 perhibet
1242 2668 1320 2735 (de
1366 2682 1452 2722 me
1496 2666 1706 2739 (Ibid.).
1746 2688 1764 2719 ι

181 2754 336 2812 Nunc
365 2756 506 2812 inse
531 2765 780 2811 naturam
817 2759 1050 2813 hominis
1087 2760 1493 2824 demonstrans,
1532 2775 1675 2815 nunc
1714 2761 1767 2814 in

182 2848 277 2903 Dei
306 2846 593 2917 majestate
620 2849 883 2917 aequalem
914 2863 973 2903 se
994 2836 1263 2919 significat
1283 2850 1453 2915 Patri,
1478 2865 1624 2905 nunc
1650 2850 1769 2904 uni-

186 2947 348 2994 tatem
373 2939 473 2994 sibi
499 2938 807 2995 Divinitatis
827 2956 950 2995 cum
982 2941 1094 2998 Deo
1118 2940 1278 2998 Patre
1297 2942 1595 3006 vindicans,
1622 2959 1765 3005 nunc

185 3031 529 3104 fragilitatem
556 3031 807 3087 humana:
830 3034 1009 3089 carnis
1043 3034 1355 3095 ostendens,
1388 3051 1533 3091 nunc
1557 3036 1764 3091 doctri—

187 3139 309 3178 nam
349 3139 498 3179 suam
548 3138 608 3179 se
652 3139 760 3179 non
804 3125 984 3182 dicere
1028 3142 1212 3195 suam,
1260 3143 1403 3184 nunc
1429 3128 1762 3186 voluntatem

186 3230 340 3269 suam
364 3230 422 3271 se
452 3231 555 3270 non
589 3230 834 3286 quaerere
858 3258 873 3282 ,
905 3234 1045 3273 nunc
1078 3206 1441 3274 testimonium
1470 3235 1627 3275 suum
1667 3234 1762 3276 ve-

1804 1911 1853 1972 B

1882 1848 2054 1913 sione,
2084 1861 2245 1917 super
2269 1846 2443 1917 ipsum
2471 1854 2649 1900 autem
2670 1842 2933 1899 efflorebit
2953 1841 3312 1898 sanctificatio
3337 1854 3458 1895 mea

1882 1937 2053 2009 (Psal.
2083 1936 2285 2008 cxxxr).
2320 1956 2337 1988 ι
2368 1935 2499 1991 Esto
2533 1944 2787 2005 tanquam
2834 1935 2887 1989 in
2931 1941 3089 1989 nocte
3124 1932 3353 2002 positus,
3379 1939 3460 1985 at-

1878 2030 2094 2085 tendisti
2137 2030 2192 2084 in
2246 2028 2525 2087 lucernam
2571 2036 2626 2082 et
2672 2026 2902 2081 miratus
2943 2039 3003 2080 es
3047 2022 3356 2088 lucernam,
3405 2029 3461 2075 et

1875 2121 2156 2179 exsultasti
2202 2122 2270 2177 ad
2305 2121 2483 2178 lucem
2531 2120 2783 2175 lucernae.
2833 2116 2940 2173 Sed
2984 2115 3133 2172 illam
3179 2114 3459 2170 lucernam

1876 2213 2007 2269 dicit
2030 2228 2150 2269 esse
2176 2213 2367 2279 solem,
2400 2213 2455 2267 in
2482 2227 2589 2282 quo
2612 2210 2886 2267 exsultare
2919 2209 3139 2264 debeas.
3174 2205 3242 2261 Et
3266 2219 3458 2276 quam-

1874 2307 1957 2361 vis
1985 2307 2175 2361 ardeat
2203 2306 2258 2360 in
2287 2314 2465 2370 nocte,
2497 2304 2636 2360 diem
2681 2313 2734 2359 te
2780 2301 2934 2372 jubet
2972 2308 3307 2370 exspectare.
3339 2296 3458 2351 Non

1875 2412 2004 2467 ergo
2026 2397 2151 2467 quia
2177 2395 2320 2450 illius
2346 2394 2582 2450 hominis
2610 2392 2978 2448 testimonium
3015 2405 3123 2445 non
3153 2395 3273 2444 erat
3298 2385 3453 2457 opus.

1875 2489 2011 2545 Nam
2040 2496 2101 2544 ut
2129 2489 2256 2560 quid
2296 2488 2622 2553 mitteretur,
2653 2487 2697 2542 si
2731 2501 2839 2541 non
2880 2490 2998 2539 erat
3042 2481 3211 2553 opus?
3253 2479 3359 2535 Sed
3389 2496 3459 2534 ne

1875 2584 1929 2638 in
1956 2583 2178 2638 lucerna
2203 2589 2420 2637 maneat
2443 2582 2622 2645 homo,
2660 2587 2716 2635 et
2741 2578 2923 2633 lumen
2943 2575 3176 2630 lucernae
3205 2573 3306 2628 sibi
3337 2570 3453 2627 suf-

1874 2678 2036 2732 ficere
2062 2676 2373 2741 arbitretur,
2417 2674 2537 2729 ideo
2566 2687 2665 2728 nec
2696 2670 2957 2726 Dominus
2986 2668 3261 2722 lucernam
3307 2664 3452 2719 illam

1871 2765 2196 2836 superﬂuam
2221 2765 2352 2821 dicit
2377 2763 2573 2827 fuisse,
2602 2777 2703 2817 nec
2744 2770 2927 2815 tamen
2968 2758 3098 2814 dicit
3141 2758 3193 2812 in
3234 2757 3453 2812 lucerna

1869 2858 2066 2913 debere
2093 2870 2392 2911 remanere.
2442 2851 2774 2910 Scrutamini
2820 2850 3027 2920 inquit,
3075 2847 3449 2919 Scripturam,

1869 2950 1924 3003 in
1948 2963 2053 3019 qua
2082 2963 2177 3004 vos
2202 2946 2403 3018 putatis
2430 2945 2596 3000 vitam
2623 2951 2882 2999 aeternam
2906 2941 3130 2997 habere.
3153 2939 3269 3010 Ipsa
3297 2938 3449 2994 testi-

1869 3040 2108 3095 monium
2129 3039 2378 3109 perhibet
2406 3040 2471 3093 de
2495 3051 2602 3103 me,
2633 3042 2687 3090 et
2706 3050 2813 3090 non
2842 3033 3007 3088 vultis
3032 3032 3221 3088 venire
3247 3031 3315 3086 ad
3340 3044 3447 3093 me,

1866 3139 1927 3185 ut
1953 3131 2118 3195 vitam
2148 3128 2412 3184 habeatis.
2444 3127 2585 3195 Quid
2617 3141 2714 3181 vos
2748 3125 2951 3196 putatis
2982 3124 3183 3178 habere
3212 3122 3265 3176 in
3296 3121 3447 3176 Scri-

1866 3230 2024 3291 ptura
2046 3222 2212 3274 vitam
2244 3220 2540 3275 aeternam?
2570 3219 2747 3288 Ipsum
2774 3218 3122 3287 interrogate,
3147 3214 3233 3269 cui
3262 3213 3449 3285 perhi-

190 3314 311 3358 rutn
336 3320 441 3360 non
460 3321 601 3373 esse,
623 3321 767 3361 nunc
799 3315 990 3363 verum
1016 3324 1136 3365 esse
1162 3310 1489 3381 signiﬁcans.
1518 3310 1653 3366 Nam
1677 3312 1766 3368 hic
1792 3292 1839 3357 (ἶ
1871 3315 1963 3370 bet
1996 3315 2361 3369 testimonium
2382 3354 2397 3378 ,
2424 3321 2479 3368 et
2516 3310 2800 3380 intelligite
2829 3325 2948 3380 qute
2980 3309 3049 3363 sit
3086 3308 3196 3362 vita
3225 3314 3445 3360 aeterna.

195 3395 273 3450 ait
300 3411 316 3450 :
352 3414 370 3449 ι
402 3396 460 3453 Si
479 3413 575 3470 ego
595 3398 960 3456 testimonium
981 3401 1241 3471 perhibeo
1270 3402 1338 3458 de
1360 3403 1585 3473 meipso,
1616 3405 1765 3460 testi-

197 3488 432 3545 monium
457 3506 630 3547 meum
658 3508 766 3549 non
795 3501 881 3550 est
907 3508 1113 3550 verum.
1149 3513 1167 3547 ι
1201 3494 1269 3549 Et
1295 3494 1454 3565 paulo
1480 3502 1628 3564 post:
1649 3495 1766 3551 Etsi

191 3593 291 3651 ego
327 3583 683 3640 testimonium
728 3586 987 3656 perhibeo
1024 3586 1092 3642 de
1134 3601 1243 3653 me,
1273 3601 1459 3643 verum
1498 3597 1580 3644 est
1618 3590 1769 3645 testi-

189 3672 423 3728 monium
451 3689 650 3731 meum.
679 3675 960 3744 Quomodo
984 3692 1114 3750 ergo
1141 3692 1250 3733 non
1277 3687 1362 3734 est
1387 3694 1575 3734 verum
1611 3682 1766 3736 testi—

188 3765 424 3822 monium
463 3770 615 3840 ejus,
664 3771 763 3825 nisi
816 3772 1109 3827 secundum
1150 3770 1496 3844 fragilitatem
1543 3772 1769 3830 carnis?

188 3856 318 3914 Nam
338 3868 395 3917 et
424 3861 554 3918 illud
579 3864 721 3934 quod
748 3864 885 3920 dixit
910 3883 923 3920 :
963 3882 982 3917 ί
1017 3863 1135 3920 Νοιι
1164 3865 1288 3920 veni
1318 3863 1498 3920 facere
1521 3865 1768 3922 volunta-

189 3960 290 4007 tem
335 3968 514 4010 meam
561 3954 743 4027 (Joan.
780 3957 876 4029 vi).
907 3977 926 4009 ι
958 3957 1046 4024 Et,
1068 3956 1240 4014 Filius
1262 3973 1294 4013 a
1325 3972 1384 4014 se
1416 3959 1550 4014 nihil
1594 3969 1773 4030 potest

191 4040 397 4111 facere,
444 4053 500 4100 et
538 4045 641 4100 alia
690 4046 857 4103 multa
902 4047 1245 4117 huiusmodi,
1278 4063 1398 4119 quae
1435 4050 1617 4104 omnia
1661 4066 1770 4107 non

192 4132 465 4192 infirmant
491 4138 687 4193 Filium
721 4153 899 4210 neque
928 4140 1241 4210 decipiunt,
1281 4155 1384 4196 nec
1410 4156 1441 4196 a
1470 4140 1634 4197 Patre
1662 4142 1772 4199 dis-

186 4224 430 4300 jungunt.
463 4228 521 4284 Si
552 4230 766 4300 quidem
793 4240 850 4286 et
880 4230 994 4286 haec
1015 4231 1136 4286 ideo
1164 4239 1290 4287 sunt
1310 4232 1487 4303 posita
1506 4272 1522 4297 ,
1551 4241 1613 4288 ut
1642 4249 1770 4289 vera

194 4318 300 4387 ejus
325 4319 571 4377 reluceat
598 4322 924 4389 humanitas,
956 4323 1097 4379 sicut
1117 4339 1184 4379 ex
1207 4323 1293 4379 his
1317 4338 1332 4378 :
1361 4344 1379 4376 ι
1397 4325 1511 4395 Ego
1534 4325 1586 4380 in
1610 4325 1771 4381 Patre

192 4421 242 4467 et
282 4414 444 4470 Pater
486 4416 542 4471 in
578 4430 665 4471 me
692 4415 873 4488 (Joan.
906 4418 1038 4487 xiv).
1076 4436 1094 4469 ι
1139 4417 1204 4472 Et
1234 4417 1473 4473 iterum:
1513 4438 1531 4469 ι
1570 4418 1682 4489 Ego
1716 4428 1771 4474 et

195 4503 344 4561 Pater
368 4523 537 4563 unum
567 4523 754 4564 sumus
778 4508 959 4580 (Joan.
992 4509 1068 4582 x).
1113 4530 1131 4563 ι
1164 4510 1268 4565 Et:
1300 4529 1318 4561 ι
1354 4510 1455 4577 Qui
1484 4526 1569 4566 me
1591 4512 1767 4578 videt,

197 4594 332 4651 videt
364 4604 422 4652 et
445 4595 664 4655 Patrem
695 4598 877 4671 (Joan.
910 4601 1046 4671 xiv).
1076 4620 1095 4652 ›
1117 4600 1184 4654 Et
1211 4615 1225 4653 :
1250 4618 1269 4652 ε
1293 4597 1446 4656 Sicut
1469 4599 1631 4656 Pater
1654 4617 1774 4658 sus-

196 4686 318 4743 citat
340 4698 586 4746 mortuos
611 4699 667 4746 et
702 4666 961 4756 vivificat,
986 4666 1058 4746 ita
1084 4700 1139 4748 et
1160 4691 1331 4748 Filius
1353 4708 1488 4763 quos
1504 4694 1616 4749 vult
1636 4695 1771 4749 vivi-
1801 4666 1850 4726 D

197 4778 329 4847 fleat,
365 4801 387 4834 ι
422 4797 548 4839 vera
570 4785 690 4857 ejus
705 4785 967 4841 Divinitas
994 4787 1341 4857 approbatur.
1367 4786 1500 4856 Quia
1525 4790 1773 4846 voluntas

195 4874 361 4935 Patris
390 4887 445 4934 et
464 4878 611 4945 Filii,
635 4896 742 4936 una
768 4882 1035 4952 operatio,
1060 4897 1168 4936 una
1195 4882 1426 4953 denique
1458 4885 1652 4955 gratia,
1682 4900 1774 4941 ea-

198 4969 421 5043 demque
447 4972 763 5045 gubernatio
793 4982 894 5030 est.
930 4973 1037 5047 sed
1063 4975 1323 5044 magister
1350 4977 1587 5047 gentium
1619 4977 1776 5033 docet

197 5059 314 5129 ista,
330 5042 612 5122 scribens:
638 5084 657 5118 ι
678 5064 864 5123 Gratia
884 5042 1037 5123 vobis
1057 5042 1227 5137 etpax
1240 5082 1271 5122 a
1293 5042 1775 5139 DeoPatrefnostro

198 5164 248 5209 et
275 5158 503 5215 Domino
522 5158 651 5217 Jesu
676 5159 894 5216 Christo
918 5158 969 5232 (1
997 5158 1120 5215 Cor.
1153 5159 1216 5232 ι).
1239 5179 1258 5212 ι

269 5270 287 5303 ι
320 5253 473 5309 Alius
501 5263 584 5311 est
611 5255 703 5325 qui
747 5255 1112 5311 testimonium
1143 5255 1391 5325 perhibet
1423 5256 1489 5311 de
1514 5271 1634 5321 me.
1667 5276 1684 5307 ι
1718 5255 1776 5312 1η

201 5348 548 5417 sequentibus
572 5347 813 5405 ostendit
857 5347 981 5418 quis
1008 5348 1079 5403 sit
1107 5346 1197 5403 ille
1236 5347 1375 5404 alius
1415 5348 1508 5419 qui
1536 5347 1778 5403 testimo-

202 5442 341 5497 nium
371 5442 619 5515 perhibet
648 5443 716 5499 de
744 5458 821 5506 se,
852 5442 942 5497 ubi
973 5442 1049 5497 ait
1079 5459 1092 5496 :
1132 5460 1152 5493 ι
1184 5440 1287 5509 Qui
1316 5442 1465 5497 misit
1488 5456 1574 5495 me
1595 5439 1774 5507 Pater,

204 5533 311 5602 ipse
341 5533 710 5589 testimonium
730 5531 975 5604 perhibet
999 5532 1063 5585 de
1083 5526 1171 5585 m‘e
1195 5530 1375 5598 (Joan.
1401 5530 1541 5600 vni).
1569 5550 1586 5582 ι
1609 5531 1779 5586 'l'esti-

203 5627 438 5681 monium
464 5625 643 5682 Patris
660 5632 746 5682 est
768 5625 834 5680 de
855 5623 990 5679 Filio
1012 5624 1067 5678 in
1088 5622 1379 5692 baptismo,
1402 5623 1492 5677 ubi
1513 5638 1616 5677 vox
1639 5622 1779 5680 facta

205 5725 285 5773 est
310 5718 376 5773 de
402 5717 541 5773 cmlo
570 5736 583 5774 :
616 5736 635 5769 ‹
668 5716 768 5772 Hic
797 5725 880 5773 est
907 5715 1076 5771 Filius
1107 5729 1260 5769 meus
1287 5714 1513 5771 dilectus
1535 5755 1550 5780 ,
1581 5715 1639 5771 in
1674 5731 1780 5788 quo

206 5810 334 5866 mihi
379 5811 517 5868 bene
543 5810 841 5882 complacui
866 5808 1075 5880 (Matth.
1109 5805 1263 5879 xvn).
1298 5827 1317 5860 ι
1344 5806 1531 5864 Simile
1568 5824 1783 5880 quoque

210 5901 571 5958 testimonium
613 5902 669 5957 in
714 5908 897 5956 monte
927 5906 1114 5954 sancto
1152 5898 1423 5969 perhibuit
1459 5898 1639 5966 Pater,
1681 5917 1780 5956 au-

1870 3406 1938 3461 Et
1962 3407 2087 3476 quia
2116 3413 2333 3475 propter
2366 3403 2584 3474 Moysen
2620 3402 2941 3458 videbantur
2976 3398 3261 3470 repudiare
3296 3396 3453 3452 Chri-

1872 3509 2035 3564 stum,
2070 3506 2326 3567 tanquam
2357 3495 2423 3550 de
2459 3494 2563 3548 alia
2590 3494 2830 3548 lucerna.
2872 3488 3073 3545 Omnes
3104 3487 3249 3543 enim
3277 3485 3450 3540 homi-

1874 3604 1969 3645 nes
1991 3588 2241 3653 lucernte,
2261 3587 2386 3657 quia
2411 3595 2466 3641 et
2500 3583 2711 3640 incendi
2743 3588 2971 3654 possunt
2993 3589 3047 3636 et
3069 3577 3355 3648 exstingui.
3387 3575 3454 3631 Et

1871 3683 2104 3738 lucernae
2134 3680 2353 3751 quidem
2379 3693 2503 3734 cum
2545 3675 2760 3747 sapiunt
2802 3675 3011 3737 lucent,
3037 3678 3093 3726 et
3121 3670 3314 3743 spiritu
3349 3667 3451 3723 fer-

1872 3783 2020 3839 vent,
2034 3773 2167 3829 Nam
2190 3782 2244 3828 et
2259 3773 2306 3828 si
2328 3772 2610 3836 ardebant,
2626 3769 3044 3847 exstincttesunt
3058 3774 3111 3822 et
3117 3764 3230 3834 jam
3243 3773 3451 3834 putent.

1873 3867 2290 3923 Pertnanserunt
2318 3864 2463 3919 enim
2494 3862 2637 3918 servi
2666 3860 2761 3915 Dei
2788 3860 3021 3915 lucernae
3058 3858 3212 3913 bona:
3244 3870 3311 3911 ex
3335 3854 3455 3911 oleo

1875 3957 2260 4013 misericordia:
2315 3955 2494 4019 illius,
2546 3970 2653 4009 non
2711 3969 2777 4008 ex
2824 3951 3028 4006 viribus
3078 3951 3190 4033 suis
3231 3967 3245 4003 :
3281 3947 3454 4019 gratia

1874 4051 2072 4121 quippe
2093 4048 2208 4113 Dei,
2236 4047 2469 4118 gratuita
2496 4046 2605 4113 illa,
2637 4044 2814 4101 oleum
2842 4044 3182 4099 lucernarum
3208 4050 3311 4097 est.
3329 4039 3481 4096 Plus'

1875 4141 2019 4197 enim
2044 4139 2150 4195 illis
2174 4139 2423 4196 omnibus
2452 4136 2716 4204 laboravi,
2749 4136 2825 4192 ait
2848 4136 3093 4207 quaedam
3124 4135 3364 4190 lucerna.
3391 4133 3458 4187 Et

1875 4252 1943 4293 ne
1965 4234 2168 4290 viribus
2194 4234 2303 4289 suis
2333 4233 2523 4288 ardere
2558 4231 2851 4297 videretur,
2881 4230 3123 4300 adjunxit
3150 4248 3162 4283 :
3203 4228 3320 4283 Non
3357 4242 3457 4297 ego

1874 4337 2075 4392 autem,
2098 4328 2190 4383 sed
2222 4327 2395 4398 gratia
2423 4325 2518 4382 Dei
2546 4342 2776 4382 mecum.
2811 4324 2999 4382 Omnis
3035 4325 3298 4395 propheta
3331 4333 3458 4376 ante

1876 4418 2087 4474 Domini
2120 4416 2408 4473 adventum
2444 4417 2665 4473 lucerna
2708 4426 2825 4482 est,
2871 4418 2938 4473 de
2969 4432 3074 4490 quo
3101 4416 3232 4473 dicit
3265 4417 3458 4471 Petrus

1876 4514 2150 4584 apostolus
2173 4511 2419 4585 (Il‘Petr.
2448 4510 2509 4578 ι).
2538 4510 2845 4568 Habeamus
2873 4511 3159 4566 certiorem
3181 4506 3457 4577 propheti-

1876 4624 1997 4662 cum
2023 4621 2327 4663 sermonem
2348 4648 2362 4672 ,
2396 4606 2481 4662 cui
2512 4606 2648 4662 bene
2670 4606 2848 4661 facitis
2867 4645 2881 4669 ,
2911 4603 3249 4658 intendentes
3271 4616 3457 4671 quem-

1876 4700 2164 4757 admodum
2211 4700 2446 4755 lucernze
2497 4699 2678 4753 lucent
2713 4698 2767 4750 in
2802 4696 3033 4751 obscuro
3093 4693 3246 4760 loco,
3286 4695 3457 4749 donec

1875 4793 1991 4847 dies
2018 4791 2284 4855 lucescat,
2325 4799 2378 4845 et
2406 4788 2598 4845 lucifer
2633 4788 2843 4843 oriatur
2871 4788 2925 4841 in
2957 4786 3211 4843 cordibus
3241 4788 3452 4843 vestris.

1876 4882 2119 4938 Lucerna
2151 4883 2333 4952 itaque
2360 4882 2623 4951 propheta
2646 4886 2748 4945 est,
2784 4889 2841 4935 et
2860 4879 3039 4935 omnis
3064 4881 3343 4951 prophetia
3378 4890 3461 4935 est

1878 4990 1985 5030 una
2018 4989 2213 5046 magna
2244 4974 2483 5029 lucerna.
2516 4971 2654 5041 Quid
2689 4971 2957 5043 apostoli?
2985 4988 3163 5029 nonne
3187 4973 3462 5029 lucernae?

1878 5069 2052 5125 Etiam
2096 5067 2197 5137 ipsi
2246 5067 2479 5123 lucernae
2516 5066 2692 5138 plane.
2723 5065 2882 5123 Solus
2921 5068 3064 5123 enim
3109 5068 3199 5125 ille
3239 5084 3345 5125 non
3378 5068 3463 5125 lu-
3512 5096 3515 5099 λ

1879 5175 2061 5217 cerua.
2100 5159 2214 5215 Non
2242 5159 2386 5215 enim
2413 5158 2728 5213 accenditur
2760 5168 2814 5214 et
2839 5159 3218 5230 exstinguitur,
3253 5160 3348 5217 sed
3376 5167 3463 5217 est

1884 5274 1903 5307 ‹
1924 5255 2014 5310 lux
2035 5269 2179 5316 vera,
2200 5267 2318 5323 quae
2338 5251 2600 5306 illuminat
2618 5266 2831 5306 omnem
2854 5252 3128 5308 hominem
3154 5252 3458 5308 venientem

1881 5347 1934 5401 in
1955 5346 2098 5400 hunc
2118 5343 2375 5398 mundum
2398 5340 2579 5414 (Joan.
2608 5340 2670 5413 ι).
2696 5361 2714 5394 ι
2737 5342 2812 5398 De
2834 5342 3039 5399 Joanne
3065 5343 3319 5398 dicituru
3342 5342 3460 5397 Non

1882 5445 2002 5492 erat
2047 5435 2135 5490 ille
2174 5434 2354 5488 lumen
2379 5474 2393 5499 ,
2450 5433 2544 5488 sed
2574 5442 2634 5488 ut
2663 5434 3031 5490 testimonium
3059 5435 3368 5505 perhiberet
3395 5433 3461 5487 de

1882 5527 2084 5582 lumine
2106 5522 2316 5595 (lbid.).
2344 5544 2361 5576 ι
2394 5522 2469 5578 De
2492 5522 2709 5579 Christo
2731 5532 2943 5580 autem:
2978 5542 2996 5574 ι
3021 5523 3163 5583 Erat
3188 5524 3279 5577 lux
3314 5536 3459 5587 vera,

1882 5634 2002 5690 quae
2039 5616 2304 5671 illuminat
2338 5631 2553 5672 omnem
2581 5616 2853 5680 hominem
2884 5616 3189 5672 venientem
3229 5614 3283 5667 iu
3319 5613 3463 5669 hunc

1884 5709 2160 5787 mundum.
2185 5728 2203 5761 ›
2224 5708 2363 5777 Quid
2375 5718 2461 5766 est
2478 5710 2623 5781 quod
2644 5709 2709 5765 de
2726 5708 2983 5780 apostolis
3002 5708 3117 5777 ipsa
3130 5706 3342 5761 Veritas
3356 5706 3430 5762 ait
3448 5726 3459 5760 :

1890 5829 1907 5860 ι
1927 5808 2176 5863 Vosestis
2195 5808 2288 5863 lux
2300 5808 2507 5873 mundi,
2533 5827 2550 5859 ι
2568 5806 2699 5863 etde
2711 5805 2919 5863 Joanne
2934 5803 3263 5875 evangelista
3283 5822 3296 5859 :
3319 5803 3462 5860 «Non

1884 5908 2001 5954 erat
2015 5899 2101 5955 ille
2118 5899 2334 5955 lumen?
2355 5921 2378 5954 ›
2392 5897 2502 5956 Nec
2518 5897 2752 5956 Joannes
2762 5910 2861 5966 per
2881 5907 2941 5952 se
2960 5903 3078 5951 erat
3100 5895 3345 5963 lucerna,
3364 5908 3466 5952 nec
