3994 6354
478 340 594 453 ’με
1102 381 1458 440 HAYMONIS
1502 381 1988 441 IIALBERSTAT.
2032 382 2247 455 EPISC.
2290 381 2438 443 ore.
2478 382 2660 438 psus
2697 382 2758 437 ιι.
2803 413 2873 424 -
2904 370 3136 440 ιιοιιιι.
3695 386 3815 447 ut

490 506 718 579 apostoli
751 520 851 576 per
889 519 946 560 se
986 503 1181 565 lumen,
1216 501 1309 556 sed
1341 515 1372 557 a
1412 499 1616 555 lumine
1643 499 1861 556 Christo
1888 499 1974 555 ille
2002 500 2081 556 lu-
2186 499 2308 559 bam
2336 500 2389 554 in
2419 498 2677 554 mundum
2707 510 2767 554 ut
2792 500 3186 570 gloriliearetur
3208 516 3404 556 nomen
3430 502 3651 565 l'atris.
3697 524 3721 559 ‹
3754 502 3815 571 Si

490 614 681 663 cerua,
713 605 768 653 et
800 592 1188 651 illiilluminati
1211 632 1226 658 ,
1260 592 1355 661 qui
1385 600 1470 648 est
1493 591 1573 649 sol
1599 606 1783 659 verus,
1812 592 1995 648 oriens
2026 593 2078 649 in
2192 611 2209 643 ι
2242 591 2380 647 alius
2426 591 2636 649 venerit
2678 592 2730 649 in
2778 592 2997 647 nomine
3045 608 3160 657 suo,
3219 592 3364 649 illum
3414 595 3757 671 accipietis.
3789 617 3810 650 ι

490 689 653 744 corde
679 685 1031 745 credentium.
2184 682 2314 751 Quis
2349 692 2433 739 est
2458 683 2548 753 qui
2585 683 2734 740 venit
2771 683 2825 755 in
2861 684 3078 747 nomine
3117 700 3237 748 suo,
3284 685 3384 743 nisi
3423 685 3512 743 ille
3541 687 3657 761 qui
3692 688 3817 761 glo-

565 801 582 832 ι
622 781 731 851 Ego
776 788 957 833 autem
1001 776 1175 833 habeo
1218 776 1589 832 testimonium
1631 775 1808 847 majus
1851 776 2076 833 Joanne.
2183 775 2318 831 riam
2348 774 2620 846 propriam
2646 776 2861 847 quierit,
2888 783 2941 831 et
2972 791 3081 835 non
3108 776 3249 832 alius
3274 776 3368 847 qui
3399 778 3549 853 misit
3593 778 3814 841 illum?

495 894 512 926 ι
540 873 715 943 Opera
746 871 893 927 enim
930 885 1051 940 qua).
1088 868 1235 925 dedit
1276 870 1409 927 mihi
1447 869 1628 935 Pater,
1675 879 1735 925 ut
1778 870 2074 941 perﬁciam,
2182 868 2315 937 Quis
2340 875 2422 925 est
2446 883 2605 938 quem
2635 868 2909 939 accepturi
2936 880 3093 923 erant
3119 867 3323 943 Judaei,
3366 869 3473 927 nisi
3499 870 3813 943 Antichri-

493 984 510 1015 ι
542 965 659 1035 ipsa
684 978 849 1034 opera
880 978 1001 1032 quae
1030 978 1131 1033 ego
1158 960 1332 1030 facio,
1384 963 1755 1027 testimonium
1795 964 2079 1034 perhibent
2183 967 2323 1015 slum
2355 959 2447 1033 qui
2478 967 2737 1035 venturus
2777 970 2862 1031 t3$l
2899 960 3123 1031 gloriam
3170 978 3415 1035 quaerere
3456 966 3810 1039 propriam?

491 1076 509 1109 ‹
541 1058 606 1113 de
634 1071 737 1120 me,
767 1056 892 1125 quia
914 1055 1077 1111 Pater
1101 1071 1188 1111 me
1216 1056 1380 1110 misit.
1408 1055 1474 1110 Et
1493 1056 1585 1125 qui
1609 1056 1756 1111 misit
1786 1071 1871 1111 me
1896 1056 2077 1122 Pater,
2182 1058 2249 1119 Et
2275 1060 2377 1125 hoc
2402 1058 2507 1123 erit
2535 1058 2641 1115 illis
2666 1074 2825 1129 poena
2862 1060 3093 1132 peccati,
3139 1062 3265 1131 quia
3306 1062 3613 1125 noluerunt
3653 1066 3808 1121 veri-

489 1168 506 1201 ‹
537 1149 651 1218 ipse
674 1147 1043 1203 testimonium
1062 1147 1337 1216 perhibuit
1366 1147 1431 1201 de
1454 1162 1558 1202 me.
1593 1168 1611 1199 ι
1642 1146 1902 1218 Superius
1921 1149 2076 1215 dixit,
2140 1175 2154 1187 -
2183 1151 2279 1205 tati
2306 1150 2549 1217 credere,
2577 1159 2632 1206 et
2658 1154 2879 1215 credent
2909 1155 3207 1217 mendacio.

488 1260 506 1291 ι
536 1239 904 1296 testimonium
937 1254 1040 1294 non
1073 1238 1282 1308 accipio
1310 1246 1379 1292 an
1410 1239 1648 1304 homine,
1682 1259 1699 1290 ι
1736 1239 1827 1293 hic
1856 1255 2079 1305 causam
2259 1260 2277 1293 ι
2311 1241 2591 1309 Quomodo
2626 1245 2853 1313 potestis
2886 1260 2982 1301 vos
3011 1247 3269 1313 credere,
3312 1247 3407 1318 qui
3446 1247 3700 1319 gloriam
3732 1250 3803 1307 ab

479 1329 639 1393 dixit,
669 1345 841 1400 quare
871 1330 939 1383 ab
968 1329 1186 1385 homine
1215 1329 1584 1385 testimonium
1620 1346 1733 1386 non
1757 1331 2075 1403 accepisset,
2186 1351 2205 1386 ι
2238 1332 2473 1401 invicem
2491 1335 2758 1406 accipitis,
2787 1344 2842 1393 et
2867 1335 3094 1407 gloriam
3122 1353 3243 1408 qua:
3262 1347 3347 1401 est
3371 1339 3488 1399 solo
3512 1340 3656 1406 Deo.
3689 1357 3802 1399 non

480 1423 607 1494 quia
635 1422 798 1477 habet
827 1421 1192 1487 testimonium
1224 1419 1434 1487 Patris,
1476 1430 1530 1476 et
1568 1437 1794 1493 operum
1835 1424 2078 1481 testimo-
2186 1443 2203 1477 ι
2240 1425 2522 1495 quaeritis?
2560 1445 2578 1478 ι
2630 1425 3093 1493 Considerandum
3146 1430 3405 1489 intentius
3453 1442 3681 1501 quanta
3729 1434 3801 1491 sit

480 1517 665 1579 nium,
706 1514 801 1570 sed
835 1514 998 1569 habet
1034 1513 1209 1584 majus
1244 1529 1406 1583 quam
1444 1522 1569 1569 sunt
1607 1513 1904 1569 hominum.
1938 1514 2078 1587 Ergo
2173 1518 2449 1587 jactautim
2473 1529 2529 1575 et
2552 1521 2804 1581 humanae
2830 1522 3007 1583 laudis
3030 1523 3252 1583 ambitio
3278 1525 3504 1590 malum,
3539 1541 3653 1595 pro
3682 1543 3796 1597 quo

483 1606 597 1660 luec
626 1604 840 1669 missio,
883 1604 1184 1673 incarnatio
1216 1611 1299 1659 est
1328 1603 1532 1659 Christi
1560 1623 1571 1657 :
1614 1605 1919 1661 iucarnatio
1948 1620 2076 1661 vero
2180 1610 2295 1680 ipsa
2325 1609 2538 1669 Veritas
2567 1613 2668 1677 ait,
2712 1612 2936 1675 credere
2962 1630 3071 1673 non
3104 1630 3263 1684 posse
3300 1616 3602 1685 quosdam,
3640 1620 3797 1688 quod

480 1696 714 1762 Christi,
761 1696 1059 1766 redemptio
1103 1704 1185 1751 est
1225 1703 1409 1751 nostra
1438 1714 1450 1749 :
1482 1695 1785 1767 redemptio
1814 1708 1941 1753 vero
1974 1712 2073 1752 no-
2178 1701 2453 1761 saecularis
2478 1702 2661 1772 gloriae
2685 1704 2864 1775 cupidi
2896 1714 3072 1760 erant.
3102 1704 3241 1772 Quid
3266 1715 3351 1767 est
3374 1706 3640 1771 humanae
3674 1707 3795 1767 lar.-

481 1798 618 1857 stra,
654 1799 738 1844 est
765 1789 819 1843 in
849 1789 959 1858 ipsa
991 1788 1253 1855 Veritate,
1285 1804 1409 1859 quae
1430 1788 1504 1844 ait
1531 1808 1544 1844 :
1576 1808 1595 1841 ι
1622 1789 1732 1867 Ego
1760 1789 1881 1846 veni
1907 1798 1966 1844 ut
1995 1790 2072 1844 vi-
2178 1793 2262 1848 dis
2282 1793 2569 1862 cupiditas,
2607 1794 2712 1857 nisi
2738 1810 2989 1865 supernae
3015 1797 3211 1853 mentis
3240 1796 3440 1861 elatio?
3470 1797 3600 1857 Vult
3629 1801 3705 1855 de
3734 1817 3792 1857 se

481 1890 589 1935 tam
628 1880 897 1945 habeant,
937 1888 992 1936 et
1026 1880 1390 1936 abundantius
1426 1881 1661 1936 habeant
1700 1881 1891 1954 (.loan.
1930 1880 2017 1951 ιι).
2050 1901 2069 1935 ι
2104 1895 2152 1955 Β
2180 1884 2461 1950 aestimari,
2502 1887 2645 1955 quod
2675 1887 2727 1940 in
2756 1902 2814 1942 se
2842 1888 3046 1943 habere
3074 1905 3181 1949 non
3208 1891 3410 1949 studet.
3445 1891 3609 1950 Alter
3646 1895 3788 1951 inte.

480 1969 769 2041 Su-bjunxit
796 1986 924 2026 vero
956 1970 1082 2035 huic
1118 1971 1427 2027 testimonio
1456 1971 1655 2036 Patris,
1682 1971 1746 2027 de
1772 1972 1888 2042 ipso
1916 1971 2074 2029 Patre
2180 1977 2313 2043 rius,
2341 1977 2480 2032 alter
2501 1976 2648 2035 foras
2668 1979 2837 2037 videri
2868 1980 3162 2049 desiderat.
3189 1981 3483 2041 Humilitas
3507 2001 3644 2043 vero
3672 1988 3787 2059 glo-

476 2061 622 2133 quod
666 2059 857 2127 Judzei,
910 2062 993 2131 vel
1051 2063 1222 2133 magis
1266 2078 1456 2119 omnes
1505 2062 1747 2119 inﬁdeles
1788 2063 2072 2119 excaecatis
2176 2069 2312 2125 riam
2342 2069 2589 2139 quaerita
2612 2070 2727 2131 solo
2758 2071 2890 2137 Deo,
2922 2072 3175 2143 superbia
3196 2073 3266 2128 ab
3288 2075 3623 2135 hostilibus.
3652 2078 3786 2135 Inde

478 2152 749 2208 mentibus
775 2154 1056 2209 veritatem
1081 2153 1389 2210 Divinitatis
1417 2169 1522 2210 non
1553 2164 1776 2226 possunt
1804 2157 2068 2227 accipere,
2172 2162 2409 2220 Joannes
2451 2163 2692 2234 Baptista
2737 2165 2807 2223 ab
2845 2166 2963 2234 ipsa
3002 2164 3244 2225 Veritate
3285 2176 3397 2225 tam
3437 2170 3782 2241 excellenter

479 2249 666 2311 dicens
691 2264 705 2303 :
1929 2246 1939 2260 ’
2174 2258 2428 2314 laudatus
2449 2267 2553 2325 est,
2576 2266 2636 2317 ut
2660 2273 2769 2315 non
2797 2267 2943 2315 esset
2968 2259 3177 2317 arundo
3200 2269 3363 2325 vento
3392 2262 3621 2333 agitata,
3646 2265 3777 2335 quia

554 2358 572 2390 ι
604 2338 789 2409 Neque
809 2339 953 2394 enim
979 2356 1167 2405 vocem
1198 2339 1315 2409 ejus
1344 2339 1573 2396 audistis
1607 2357 1868 2411 unquam,
1898 2357 2072 2413 neque
2174 2368 2279 2405 non
2315 2352 2564 2413 humanae
2594 2350 2789 2416 laudis,
2828 2365 2930 2407 nec
2962 2349 3167 2411 odiosa:
3193 2351 3610 2421 vituperationis
3637 2369 3773 2410 aura

480 2448 499 2482 ι
533 2430 768 2501 speciem
805 2430 920 2500 ejus
949 2432 1185 2497 vidistis,
1221 2440 1275 2487 et
1304 2432 1527 2488 verbum
1556 2433 1673 2503 ejus
1715 2448 1818 2488 non
1860 2434 2071 2491 habetis
2173 2442 2333 2499 ﬂante
2375 2442 2626 2505 ﬂexibilis
2664 2440 2786 2508 (uit,
2830 2443 2950 2503 ideo
2978 2442 3207 2514 gloriam
3244 2459 3352 2501 non
3384 2446 3632 2514 quaesivit
3662 2447 3769 2502 hu-

481 2538 500 2572 ι
533 2520 587 2575 in
622 2520 774 2576 vobis
814 2537 1058 2577 manens.
1099 2543 1116 2574 ι
1170 2523 1306 2577 Dicit
1345 2522 1674 2594 Apostolus:
1715 2544 1732 2577 ‹
1771 2522 1886 2580 Νοιι
1926 2525 2067 2581 enim
2173 2547 2408 2601 manam,

477 2612 755 2667 auditores
777 2612 909 2685 legis
928 2611 1207 2680 justiﬁcati
1235 2622 1382 2679 sunt,
1411 2615 1505 2670 sed
1532 2614 1767 2669 factores
1796 2616 1949 2670 verbi
1978 2614 2071 2671 Dei
2246 2645 2264 2677 ε
2293 2624 2467 2691 Nolite
2514 2632 2707 2694 putare
2728 2625 2858 2696 quia
2879 2639 2979 2695 ego
3000 2633 3360 2691 accusaturus
3379 2627 3489 2689 sint
3502 2642 3591 2691 res,
3608 2627 3749 2697 apud

477 2703 786 2776 (Ῑωηι.ιι),ι
806 2705 857 2759 id
871 2705 1155 2772 est,Filius
1176 2706 1272 2763 Dei
1296 2723 1401 2763 non
1425 2714 1609 2765 manet
1633 2707 1686 2762 in
1713 2707 1925 2763 illorum
1952 2724 2069 2762 cor-
2179 2736 2203 2773 ι
2229 2718 2468 2785 Patrem.
2510 2719 2607 2775 Est
2642 2719 2734 2789 qui
2767 2727 2990 2775 accusat
3012 2734 3115 2776 vos
3141 2718 3381 2792 Moyses,
3431 2722 3487 2777 in
3526 2735 3626 2790 quo
3658 2736 3755 2777 vos

479 2798 654 2861 dibus,
704 2798 829 2868 quia
873 2815 978 2855 non
1027 2810 1249 2855 servant
1287 2816 1408 2872 quae
1448 2802 1695 2857 audiunt.
1748 2800 1901 2868 Quod
1942 2817 2069 2859 vero
2177 2831 2196 2863 ι
2230 2811 2467 2877 maxime
2495 2812 2746 2882 speratis.
2779 2832 2799 2877 ι
2832 2812 2957 2875 ideo
2982 2827 3088 2868 non
3115 2827 3334 2878 accuso,
3359 2814 3493 2884 quia
3516 2830 3616 2877 non
3640 2814 3765 2870 veni

477 2890 556 2944 ait
582 2908 594 2944 :
635 2908 653 2940 ι
688 2904 862 2962 neque
892 2906 1079 2946 vocem
1113 2891 1228 2960 ejus
1258 2893 1507 2958 audistis,
1535 2908 1709 2965 neque
1732 2893 1969 2963 speciem
2001 2894 2070 2948 vi-
2170 2904 2450 2969 damnare,
2484 2906 2580 2969 sed
2604 2904 2835 2961 salvare.
2868 2904 3079 2976 Moyses
3104 2919 3237 2962 vero
3262 2915 3499 2971 accusat,
3532 2907 3657 2977 quia
3684 2907 3770 2969 in:-

477 2981 654 3047 distis,
687 3000 705 3032 ι
741 2982 792 3035 in
824 2982 926 3037 hoc
969 2983 1203 3039 ostendit
1243 2984 1605 3039 substantiam
1633 2984 1942 3041 Divinitatis
1984 2985 2066 3040 in-
2171 2998 2377 3063 credat;
2402 3000 2534 3061 es“;
2564 3000 2683 3056 voci
2713 2999 2878 3056 iuius,
2922 3017 2939 3050 (
2971 2998 3049 3055 De
3077 3014 3164 3055 me
3191 2998 3283 3057 me
3307 3000 3546 3070 scripsit,
3577 3019 3596 3052 ι
3634 3002 3769 3063 qua:

477 3075 1020 3143 eomprehensibilem
1051 3085 1107 3131 et
1136 3077 1482 3145 invisibilem,
1514 3088 1570 3134 et
1594 3095 1782 3135 vocem
1812 3079 1928 3150 ejus
1961 3097 2067 3136 non
2170 3090 2250 3145 ait
2288 3088 2467 3161 (Deut,
2506 3088 2672 3162 vni):
2704 3090 3032 3161 Pr0phetam
3077 3090 3232 3155 vobis
3267 3090 3550 3147 suscitabit
3584 3092 3777 3147 Domi-

475 3164 786 3220 carnalibus
832 3167 1021 3223 audire
1068 3168 1306 3237 potuisse
1354 3170 1606 3236 auribus,
1659 3171 1753 3227 sed
1802 3173 2067 3247 spirituali
2170 3197 2271 3237 nus
2297 3181 2438 3247 Dens
2466 3182 2532 3237 de
2565 3180 2826 3238 fratribus
2856 3183 3088 3248 vestris,
3141 3191 3384 3254 tanquam
3429 3198 3550 3247 me,
3583 3184 3781 3251 ipsum

478 3255 833 3329 intelligentia
870 3274 966 3328 per
996 3257 1229 3330 gratiam
1273 3261 1442 3313 sancti
1489 3260 1724 3331 Spiritus
1769 3262 2067 3337 intelligere
2095 3276 2140 3339 ρ
2172 3273 2419 3337 audietis,
2453 3274 2591 3343 Quid
2622 3289 2759 3341 vero.
2781 3284 3043 3347 sequatur
3068 3277 3333 3335 attendite
3362 3297 3376 3332 ;
3408 3276 3542 3342 Erit,
3580 3279 3785 3335 muni.

476 3350 564 3406 vel
605 3366 812 3419 amare,
853 3352 1148 3409 secundum
1195 3353 1337 3422 quod
1385 3354 1675 3424 unicuique
1719 3357 1900 3413 datum
1941 3358 2064 3414 erit.
2173 3368 2354 3423 anima
2410 3384 2532 3439 qua;
2560 3385 2666 3427 ηοη
2698 3370 2965 3431 audierit
2991 3372 3269 3443 propheta,
3293 3371 3399 3437 tm,
3429 3372 3779 3430 εχιει-ιηῑιιι-

477 3441 809 3507 Sct'utamiui
852 3443 1185 3515 Scriplul‘as.
1226 3446 1350 3515 quia
1377 3462 1474 3502 vos
1511 3450 1713 3519 putatis
1737 3449 1790 3506 in
1818 3451 1949 3530 ipsis
1983 3450 2066 3505 vi-
2171 3460 2318 3516 bitur
2342 3462 2407 3516 de
2434 3462 2631 3533 populo
2656 3462 2770 3521 Dei.
2808 3462 2865 3521 Si
2895 3441 3074 3521 autiam
3106 3465 3250 3522 illius
3282 3465 3481 3523 litteris
3504 3481 3611 3522 non
3640 3481 3776 3521 cre-

479 3546 587 3592 tam
616 3546 873 3593 teternam
894 3537 1112 3593 habere.
1138 3538 1208 3603 Et
1236 3560 1255 3591 ι
1276 3539 1381 3597 illae
1403 3550 1530 3599 sunt
1551 3558 1670 3611 qua:
1696 3543 2056 3599 testimonium

2197 3551 2319 3617 litis,
2350 3554 2620 3622 quomodo
2647 3555 2783 3611 meis
2808 3555 2988 3613 verbis
3011 3556 3289 3615 credetis!
3323 3556 3597 3626 Quidquid
3615 3558 3774 3613 enim

473 3619 765 3701 perhibent
791 3630 990 3696 de'me,
1034 3639 1091 3699 et
1127 3644 1235 3697 non
1271 3632 1429 3689 vultis
1455 3634 1641 3690 venire
1671 3635 1739 3690 ad
1762 3651 1871 3700 me,
1902 3644 1962 3695 ut
1989 3636 2066 3690 vi-
2171 3640 2253 3696 lex
2291 3651 2345 3709 et
2368 3619 2663 3713 prophetae
2701 3645 3078 3716 scripserunt,
3128 3661 3225 3716 per
3268 3619 3449 3707 omnia
3481 3619 3775 3704 Christum

477 3733 591 3777 tam
634 3724 896 3779 habeatis.
935 3744 954 3776 ι
1000 3743 1018 3775 ι
1050 3723 1168 3779 Non
1211 3726 1373 3781 vultis
1414 3727 1617 3794 venire,
1650 3748 1666 3779 ι
1715 3729 1766 3783 id
1811 3736 1914 3794 est,
1961 3744 2073 3795 non
2170 3744 2458 3788 venturqu
2488 3750 2610 3795 esse
2638 3734 3013 3806 designabant.
3065 3735 3124 3791 Si
3160 3738 3302 3791 enim
3342 3737 3510 3794 Judaei
3542 3737 3643 3809 legi
3678 3737 3774 3795 vel

477 3817 641 3872 vultis
666 3818 910 3885 credere,
963 3819 1091 3889 quia
1139 3820 1257 3877 sine
1306 3820 1409 3876 ﬁde
1458 3821 1789 3892 impossibile
1828 3832 1915 3879 est
1958 3823 2069 3879 Deo
2170 3825 2445 3895 prophetis
2471 3827 2850 3893 credidissent,
2880 3828 3064 3899 utique
3089 3836 3146 3893 et
3168 3826 3405 3887 Christo.

473 3910 1196 4018 placerezyenir-e’postrum.
1215 3914 1281 3969 ad
1308 3913 1604 3982 Christum,
1632 3916 1683 3970 id
1713 3918 2067 4018 esti-credere
2190 3984 2193 3987 _
2735 3961 3017 4018 ΗθΜιιιΑ
3055 3962 3147 4017 XL

473 4017 662 4058 verum
696 4002 845 4058 illu’m
880 4004 1073 4060 Filium
1104 4004 1223 4072 Dei,
1247 4015 1301 4062 ct
1322 4022 1506 4062 veram
1535 4024 1633 4064 nos
1661 4022 1757 4078 per
1787 4008 1935 4073 illum
1964 4009 2064 4064 ha-
2736 3994 3017 4018 """"“"‘
3059 3994 3169 4078 "LM

474 4093 608 4148 bere
637 4093 885 4149 salutem.
923 4094 1112 4152 Omnis
1154 4096 1293 4149 enim
1343 4095 1623 4167 Scriptura
1662 4074 1853 4154 sancta
1905 4100 2051 4159 testi-

1905 4100 2064 4159 ιεδιί-
2478 4092 2634 4131 rsum
2677 4092 2852 4133 sexu
2893 4094 3026 4135 rosr
3074 4074 3451 4155 Remim'scere.

476 4185 717 4239 monium
747 4188 1021 4256 perhibuit
1048 4186 1282 4253 Christo,
1311 4188 1425 4244 sive
1450 4204 1547 4258 per
1577 4189 1798 4260 ﬁguras,
1831 4191 1945 4247 sive
1968 4207 2066 4260 per
2240 4186 2480 4258 (illum.
2509 4186 2647 4257 χχι.)
2693 4206 2710 4238 ‹
2742 4186 2796 4242 1η
2825 4188 2915 4244 illo
2945 4198 3207 4260 tempore,
3240 4188 3378 4244 dixit
3405 4186 3563 4245 Jesus
3598 4187 3775 4247 disci-

476 4279 787 4350 prophetas,
834 4280 946 4337 sive
986 4296 1082 4350 per
1119 4280 1431 4349 angelorum
1469 4281 1787 4335 ministeria.
1831 4283 1970 4354 Ergo
2012 4292 2065 4337 et
2173 4299 2189 4329 ι
2218 4277 2359 4349 pulis
2397 4278 2526 4341 suis.
2568 4288 2623 4335 et
2652 4278 2826 4335 turbis
2868 4279 3177 4335 Iudaeorum
3217 4280 3527 4351 parabolam
3570 4282 3767 4339 hanc:

480 4372 691 4444 Moyses
728 4372 1088 4428 testimonium
1106 4374 1380 4443 perhibuit
1400 4373 1888 4439 Christo,.loannes
1917 4377 2065 4431 testi-
2173 4391 2191 4421 ι
2225 4371 2393 4428 Homo
2418 4373 2639 4442 quidam
2669 4380 2787 4426 erat
2817 4372 3229 4442 paterfamilias,
3258 4374 3351 4443 qui
3378 4373 3643 4443 plantavit
3676 4376 3771 4430 vi».

473 4466 713 4519 motuum
739 4464 1257 4536 perliibuithristo,
1276 4467 1526 4521 etcmteri
1557 4467 1831 4539 propheta:
1860 4476 1916 4522 et
1938 4483 2065 4537 apo—
2173 4486 2189 4517 ι
2221 4480 2399 4531 neam,
2428 4475 2481 4519 et
2498 4464 2723 4533 reliqua.
2750 4485 2767 4516 ι
2791 4463 2994 4520 Scriba:
3016 4473 3071 4521 et
3097 4464 3379 4530 Pharisaei,
3397 4467 3489 4537 qui
3511 4466 3771 4537 superius

472 4558 594 4612 stoli
622 4559 1016 4628 perhibuerunt
1044 4559 1411 4613 testimonium
1440 4558 1675 4615 Christo.
1697 4560 1791 4617 llis
1813 4560 2064 4617 omnibus
2166 4558 2395 4625 Domino
2419 4558 2670 4621 dixerant
2690 4576 2707 4621 εγ
2732 4558 2788 4611 lu
2816 4572 2921 4627 qua
2934 4565 3199 4628 potestate
3218 4558 3333 4617 haec
3351 4556 3770 4623 facis?aud.innt

472 4652 796 4707 testimoniis
833 4654 1084 4723 proponit
1132 4669 1356 4724 operum
1389 4669 1631 4720 suorum,
1662 4656 1786 4726 quia
1819 4671 1914 4727 per
1944 4655 2065 4713 illos
2087 4666 2145 4727 Ι)
2167 4666 2265 4723 per
2283 4651 2525 4709 occultas
2547 4650 2852 4722 parabolas,
2876 4650 3017 4719 quod
3045 4665 3141 4721 per
3173 4660 3420 4720 apertum
3454 4667 3766 4715 sermonem

476 4761 579 4797 nun
616 4744 717 4797 nisi
755 4743 896 4799 Deus
926 4747 1200 4816 perhibuit
1230 4747 1597 4802 testimonium
1629 4747 1763 4802 Filio
1794 4763 1910 4804 suo.
2168 4759 2274 4800 non
2320 4742 2667 4819 merebantur
2707 4742 2914 4798 audire.
2964 4742 3319 4815 Omnipotens
3365 4746 3566 4813 etenim
3621 4745 3771 4801 Deus

553 4861 569 4890 ι
599 4838 911 4895 Claritatem
941 4840 1008 4895 ab
1045 4840 1353 4897 hominibus
1384 4858 1488 4898 non
1535 4844 1756 4913 recipio,
1794 4862 1811 4894 ο
1860 4843 1915 4900 id
1952 4852 2053 4910 est,
2169 4836 2352 4902 Ρηῑθτ,
2397 4835 2645 4895 condno"
2679 4844 2737 4891 ει
2773 4837 3104 4907 ευὺθνηειιοτ
3157 4835 3485 4897 familiarum
3532 4855 3769 4905 suam”!

476 4933 691 4985 laudem
723 4932 1014 4987 humanam
1042 4948 1148 4986 non
1177 4949 1381 5002 quaero,
1407 4934 1531 5004 quia
1566 4954 1583 4986 ‹
1615 4949 1718 4987 non
1758 4934 1877 4989 veni
1905 4934 2059 4988 mini—
2170 4938 2270 4985 est.
2297 4929 2465 4984 Vinea
2490 4927 2655 4994 illius,
2684 4929 2875 4984 domus
2901 4928 3195 4985 Israelitica
3219 4940 3320 4985 est.
3346 4930 3459 4993 Hoc
3490 4933 3641 4987 enim
3664 4948 3766 4988 no-

475 5023 664 5087 strari,
695 5023 789 5079 sed
818 5022 1128 5079 ministrare
1157 5024 1369 5097 (Matt/1.
1401 5026 1514 5096 xx),
1548 5045 1563 5075 ι
1587 5025 1637 5079 id
1665 5033 1769 5088 est,
1800 5039 1904 5077 non
1936 5024 2060 5079 veni
2171 5021 2316 5075 mine
2352 5019 2486 5075 solet
2526 5018 2783 5092 appellari
2821 5020 3013 5077 eadem
3056 5035 3188 5090 gens
3231 5022 3283 5077 in
3327 5038 3485 5097 sacro
3522 5024 3761 5093 eloquio,

476 5124 536 5168 ut
563 5115 823 5169 honorem
852 5116 919 5168 ab
947 5115 1257 5172 hominibus
1285 5117 1585 5187 acciperem
1615 5115 1925 5179 carnalem,
1967 5105 2062 5171 Sed
2172 5113 2310 5167 sicut
2353 5112 2519 5168 Isaias
2558 5112 2686 5167 dicit
2724 5109 2875 5184 (Cap.
2903 5113 3018 5184 tv):
3064 5134 3081 5166 ι
3116 5114 3356 5177 Cantabo
3398 5115 3598 5185 dilecto
3638 5134 3771 5185 meo,

478 5214 538 5258 ut
565 5205 826 5261 honorem
861 5206 1170 5265 hominibus
1197 5211 1381 5265 darem
1413 5208 1767 5279 spiritualem.
2166 5204 2446 5281 cantich
2466 5204 2725 5281 patruelis
2750 5204 2857 5259 mei
2882 5205 3053 5269 vineae
3084 5223 3212 5265 suae.
3249 5228 3266 5258 ι
3308 5208 3470 5265 Vinea
3502 5208 3643 5266 facta
3676 5221 3761 5267 est

553 5314 573 5346 ι
605 5295 713 5351 Sed
737 5300 961 5370 cognovi
993 5315 1108 5365 vos,
1140 5300 1266 5369 quia
1300 5275 1643 5355 dileciionem
1685 5296 1779 5351 Dei
1822 5311 1927 5351 non
1959 5296 2058 5351 ha-
2167 5298 2298 5352 mihi
2332 5298 2385 5352 in
2408 5275 2533 5355 loco
2562 5275 2735 5367 uberi,
2775 5306 2905 5365 etc.,
2932 5315 3212 5370 usquequo
3244 5302 3381 5373 dixit
3408 5320 3422 5355 :
3452 5301 3623 5360 Vinea
3656 5306 3761 5362 Dn-

483 5407 503 5441 ι
532 5388 673 5446 betis
699 5391 749 5444 in
778 5392 951 5449 vobis.
983 5413 1001 5445 ι
1051 5393 1174 5448 Ideo
1224 5392 1569 5447 dilectionem
1599 5388 1693 5445 Dei
1725 5405 1829 5446 non
1858 5390 2057 5447 habue-
2168 5392 2299 5445 mini
2339 5389 2586 5458 sabaotb,
2628 5391 2819 5447 domus
2857 5392 3025 5457 lsrael
3059 5404 3161 5451 est.
3200 5393 3266 5449 Et
3305 5392 3590 5452 Psalmista
3637 5401 3755 5453 ait:

481 5489 625 5546 runt,
656 5482 782 5553 quia
813 5500 917 5540 non
949 5485 1297 5540 crediderunt
1335 5483 1393 5539 in
1429 5496 1573 5544 eum,
1607 5482 1733 5550 quia
1773 5497 1879 5537 non
1916 5484 2066 5538 venit
2170 5504 2187 5535 ‹
2222 5483 2443 5539 Vineam
2486 5485 2551 5541 de
2588 5482 2823 5555 Egypto
2866 5487 3195 5549 transtulisti
3246 5484 3429 5557 (Psal.
3477 5492 3699 5563 LXXIX).
3734 5514 3752 5543 ι

479 5569 661 5627 facere
688 5572 1020 5633 voluntatem
1048 5589 1231 5637 suam,
1285 5572 1378 5629 sed
1429 5572 1759 5629 voluntatem
1808 5572 1923 5643 ejus
1968 5575 2059 5645 qui
2168 5576 2521 5655 Omnipotens
2545 5593 2674 5649 ergo
2703 5577 2843 5637 Deus
2871 5579 3083 5643 vineam
3110 5580 3390 5651 plantavit,
3418 5582 3543 5653 quia
3570 5584 3762 5654 cjecti.

476 5664 625 5741 misit
649 5666 818 5721 illum.
850 5666 975 5723 Ideo
1000 5663 1311 5733 subiunxit:
2168 5670 2233 5733 de
2263 5677 2403 5735 terra
2438 5669 2815 5740 promissionis
2844 5671 3240 5735 habitatoribus
3269 5674 3384 5733 suis
3409 5674 3759 5741 Chauanmis,

554 5776 573 5808 ι
605 5756 717 5831 Ego
744 5758 863 5812 veni
890 5758 947 5815 in
975 5755 1192 5810 nomine
1213 5755 1388 5813 Patris
1415 5757 1541 5822 mei,
1564 5766 1748 5814 etnon
1774 5757 2060 5829 accepistis
2168 5761 2220 5816 in
2251 5761 2497 5819 eamdem
2534 5772 2747 5833 gent-em
2782 5762 3133 5835 lsraeliticam
3169 5765 3471 5822 collocavit.
3517 5786 3536 5818 ι
3571 5767 3641 5825 Et
3667 5784 3757 5825 se-

483 5866 503 5903 ι
536 5864 642 5914 me,
675 5868 693 5903 ι
716 5848 773 5901 id
795 5858 898 5915 est,
928 5860 1043 5925 nou
1066 5847 1372 5925 credidistis
1404 5849 1463 5919 in
1489 5865 1591 5916 me,
1623 5849 1713 5921 qui
1740 5847 1861 5905 ideo
1886 5850 2062 5906 venie~
2173 5873 2189 5903 ‹
2221 5866 2343 5933 pem
2374 5851 2731 5927 circumdedit
2754 5854 2824 5923 ei,
2858 5874 2878 5909 ι
2916 5855 2970 5911 id
3006 5865 3090 5923 est
3125 5874 3315 5929 muros
3334 5859 3553 5933 urbium
3582 5869 3643 5931 et
3663 5876 3759 5935 eu:
