3994 6354
133 384 242 449 246

1357 389 1662 449 HOMILLE
1702 390 1789 448 DE
1825 388 2167 449 TEMPORE.

3285 399 3393 458 Ξιθ

134 500 365 554 suntiam
396 501 728 573 angelorum.
768 523 784 555 ι
816 502 880 559 Et
906 501 1041 558 fodit
1064 503 1116 559 in
1143 518 1207 561 ea
1240 503 1493 560 torcular.
1527 525 1546 557 ι
1582 504 1712 559 Tor—
1740 510 1787 570 Α
1892 522 1909 555 ι
1942 503 2006 558 Ει
2034 503 2427 573 apprehensum
2454 520 2612 574 eum,
2654 507 2928 576 ejeccrnut
2961 521 3116 567 extra
3145 512 3389 581 vineam,

132 591 284 646 cular
338 592 608 664 signiﬁcat
645 593 834 650 altare.
872 594 1135 663 Quoniam
1181 596 1322 651 sicut
1361 596 1413 651 in
1453 596 1709 652 torculari

131 698 248 741 uva:
276 684 672 755 exprimuntur,
705 686 779 741 ita
809 687 944 743 etin
972 686 1127 743 altari
1163 687 1380 759 sanguis
1410 688 1708 745 hostiarum

130 780 184 828 et
222 772 569 829 victimarum
607 773 995 837 effundebatur.
1038 776 1134 847 Vel
1169 794 1266 851 per
1305 778 1560 847 torcular,
1589 795 1710 851 pas—

130 862 335 918 sionem
364 874 671 920 sauctorum
698 868 1083 938 prophetarum
1105 867 1365 937 debemus
1389 869 1709 941 intelligere,

129 969 232 1023 quo
257 955 479 1010 nomine
508 955 643 1011 solet
667 958 848 1028 passio
874 968 1183 1014 sanctorum
1222 959 1513 1031 designari.
1558 959 1710 1016 Unde

128 1046 388 1115 quosdam
413 1046 649 1118 psalmos
680 1064 777 1120 pro
805 1050 1162 1107 torcularibus
1190 1051 1496 1108 invenimus
1526 1051 1708 1121 praeti-

129 1139 350 1207 tulatos,
388 1139 441 1196 in
470 1140 663 1213 quibus
687 1152 994 1200 sanctorum
1024 1146 1205 1215 passio
1230 1154 1706 1202 commemoratur.

132 1252 149 1283 ι
179 1232 244 1287 Et
291 1232 582 1289 aediﬁcavit
627 1236 836 1291 turrim.
871 1256 887 1288 ι
936 1235 1173 1303 Turrim,
1227 1237 1280 1293 id
1328 1246 1412 1294 est
1457 1238 1708 1309 templum

126 1326 248 1380 illqu
279 1327 749 1398 augustissimum,
794 1331 936 1401 quod
973 1332 1235 1391 Dominus
1266 1333 1318 1388 in
1350 1333 1525 1389 medio
1558 1330 1713 1387 Jeru-

125 1415 287 1471 Salcm
322 1416 633 1486 aedificavit,
682 1420 916 1491 primum
960 1439 1057 1495 per
1102 1423 1477 1490 Salomonem,
1521 1424 1713 1480 deinde

124 1509 398 1576 reparavit
427 1524 524 1580 per
551 1510 777 1568 Esdram
802 1521 857 1568 et
886 1512 1227 1581 Neliemiam,
1269 1524 1324 1570 et
1359 1516 1425 1570 ad
1464 1514 1710 1570 ultimum

123 1611 215 1665 per
240 1596 442 1653 Judam
476 1609 531 1655 et
559 1600 757 1658 fratres
788 1601 922 1672 ejus.
965 1624 983 1656 ι
1010 1605 1078 1661 Et
1108 1605 1307 1661 locavit
1343 1621 1462 1662 eam
1504 1606 1711 1677 agrico-

123 1685 215 1753 lis,
246 1708 266 1741 ι
304 1688 365 1745 id
393 1698 477 1746 est
498 1694 898 1751 commendavit
923 1711 1042 1751 eam
1086 1697 1280 1753 scribis
1312 1705 1367 1753 et
1398 1697 1706 1765 Pharisaais,

121 1787 177 1832 ut
215 1779 458 1838 fructum
502 1783 767 1841 bonorum
810 1802 1032 1858 operum
1073 1805 1141 1844 ex
1186 1788 1303 1861 lege
1344 1796 1704 1861 reportarent.

1814 612 1832 645 ι
1868 602 1919 649 et
1942 593 2275 660 occiderunt,
2311 613 2329 647 ›
2354 595 2482 664 quia
2513 597 2770 655 Dominus
2791 606 2945 654 extra
2966 609 3177 670 portam
3201 602 3392 674 passus

1807 696 1909 743 est.
1944 686 2039 742 Vel
2067 697 2220 743 extra
2245 689 2456 743 vineam
2481 689 2756 760 eiecerunt
2778 692 2952 761 illum,
2976 702 3032 751 et
3053 696 3388 766 occiderunt,

1808 777 1912 833 hoc
1940 786 2024 833 est
2038 778 2293 849 primum,
2317 794 2348 833 a
2370 780 2623 836 cordibus
2647 782 2761 838 suis
2782 783 3055 852 ejecerunt
3080 803 3178 859 per
3197 789 3391 847 inﬁde‘

1809 870 2039 936 litatem,
2077 880 2131 927 et
2158 873 2498 942 postmodum
2531 873 2681 929 illum
2709 876 3041 935 occiderunt.

1889 979 1906 1009 σ
1948 960 2080 1021 Cum
2115 976 2247 1034 ergo
2283 966 2491 1019 venerit
2526 964 2776 1020 dominus
2812 967 3018 1034 vineae,
3057 969 3186 1040 quid
3228 971 3394 1030 faciet

1817 1071 1836 1105 ι
1875 1054 2127 1126 agricolis
2171 1054 2314 1110 illis?
2376 1078 2394 1109 ι
2441 1056 2743 1131 interrogat
2799 1059 3057 1119 Dominus
3095 1066 3301 1124 scribas
3338 1076 3394 1125 et

1809 1142 2133 1213 Pharisaeos,
2173 1147 2304 1218 quid
2323 1145 2567 1204 facturus
2580 1148 2665 1205 .sit
2685 1150 3074 1222 paterfamilias
3099 1155 3395 1216 adveniens

1810 1233 1918 1290 illis
1944 1237 2214 1307 agricolis,
2246 1254 2353 1295 non
2383 1248 2442 1295 ut
2468 1240 2679 1310 ignoret
2715 1242 2845 1313 quid
2869 1242 3114 1307 facturus
3152 1249 3256 1315 sit,
3300 1251 3395 1321 sed

1810 1338 1869 1382 ut
1898 1328 2014 1398 ipse
2042 1344 2112 1386 ex
2142 1345 2237 1385 sua
2268 1332 2620 1403 responsione
2650 1349 2745 1389 eos
2777 1335 3085 1393 convincat.
3119 1338 3227 1394 Sua
3250 1343 3395 1397 enim

1809 1423 2077 1477 sententia
2105 1425 2339 1479 convicti
2368 1435 2529 1493 sunt,
2558 1429 2704 1498 quod
2741 1428 2951 1486 scilicet
2982 1442 3205 1503 propter
3242 1450 3394 1491 suam

1810 1515 2194 1588 negligentiam
2229 1519 2421 1574 notitia
2451 1518 2858 1591 Scripturarum
2892 1523 2961 1579 ad
3001 1525 3233 1595 gentiles
3255 1536 3400 1583 esset

1810 1606 2216 1665 transferenda.

1887 1719 1903 1751 c
1938 1699 2101 1754 Aiunt
2124 1700 2198 1759 illi
2231 1719 2243 1755 :
2291 1701 2457 1758 Malos
2500 1704 2638 1761 male
2674 1708 2883 1776 perdet,
2918 1716 2975 1763 et
3004 1709 3218 1765 vineam
3243 1726 3399 1767 suam

1816 1808 1835 1841 ι
1884 1790 2082 1845 locabit
2108 1791 2229 1846 aliis
2249 1793 2517 1863 agricolis,
2549 1815 2566 1847 ›
2601 1796 2654 1850 id
2680 1806 2781 1863 est,
2811 1798 3061 1869 notitiam
3090 1800 3398 1871 Scriptura—

126 1891 145 1926 ς
176 1873 509 1949 Elpei-egre
550 1877 826 1949 profectus
864 1889 966 1937 est,
999 1902 1019 1935 ι
1066 1881 1180 1937 Non
1224 1884 1524 1939 mutatione
1564 1883 1707 1940 loco-
1738 1874 1782 1934 Β
1811 1896 1928 1936 rum
1957 1882 2228 1952 gentibus,
2277 1884 2367 1953 qui
2426 1886 2650 1941 reddant
2696 1888 2744 1943 ei
2800 1887 3037 1945 fructum
3070 1893 3401 1964 temporibus

121 1982 261 2035 rum,
293 1969 426 2041 quia
456 1971 599 2028 Deus
626 1973 827 2044 ubique
855 1983 957 2041 est,
992 1984 1047 2031 et
1071 1992 1335 2047 nusquam
1362 1978 1543 2044 abest,
1580 1978 1707 2047 quia

119 2060 260 2118 sicut
287 2077 393 2135 per
427 2063 720 2122 Jeremiam
764 2067 898 2124 dicit
930 2069 1067 2142 (cap.
1111 2071 1308 2144 xxui):
1344 2071 1487 2128 Deus
1514 2086 1709 2143 appro-

117 2156 394 2227 pinquans
415 2166 534 2227 est,
572 2168 625 2215 et
654 2176 760 2215 non
794 2161 860 2217 de
888 2161 1081 2235 longe:
1111 2164 1203 2219 sed
1245 2163 1444 2220 abiisse
1488 2163 1704 2230 dicitur,

118 2249 242 2319 quia
275 2250 582 2309 cultoribus
604 2253 775 2309 vineae
795 2255 1051 2324 operandi
1075 2254 1357 2310 arbitrium
1389 2271 1499 2311 suae
1523 2254 1711 2312 volun-

119 2343 242 2398 tatis
274 2342 520 2413 reliquit.

187 2452 206 2485 ‹
237 2433 385 2489 Cum
406 2445 600 2492 autem
639 2445 852 2509 tempus
894 2437 1165 2493 fructuum
1205 2439 1709 2516 appmpinquasset,

127 2548 142 2579 ι
169 2527 332 2583 misit
362 2544 551 2587 servos
574 2546 701 2586 suos
730 2533 797 2586 ad
823 2530 1109 2602 agricolas,
1155 2540 1215 2586 ut
1256 2532 1565 2602 acciperent
1603 2532 1713 2587 fru-

126 2638 144 2671 ι
174 2629 298 2676 ctus
325 2619 464 2691 ejus.
497 2641 516 2672 ι
558 2614 795 2692 Tempus
834 2622 1137 2689 fructuum,
1176 2629 1387 2694 tempus
1427 2632 1509 2679 est
1547 2624 1713 2679 bono-

123 2726 237 2765 rum
263 2725 491 2780 operum
516 2706 934 2767 reddendorum.
961 2712 1102 2768 Misit
1125 2728 1312 2770 servos
1334 2730 1462 2770 suos
1486 2716 1552 2770 ad
1574 2717 1714 2788 agri-

126 2800 289 2867 colas,
319 2800 500 2856 Aaron
530 2802 781 2858 videlicet
807 2811 864 2858 et
889 2802 1122 2875 Moysen.

197 2912 215 2943 ι
244 2891 315 2947 Et
342 2891 611 2964 agricolae,
640 2894 993 2964 apprehensis
1019 2898 1192 2951 servis
1216 2895 1351 2964 ejus,
1368 2896 1531 2952 alium
1571 2899 1711 2954 ceci-

134 3005 151 3037 ι
178 2985 391 3042 derunt.
427 3005 447 3038 ι
485 2984 811 3042 Ceciderunt
839 2986 1036 3042 etenim
1065 2986 1284 3060 Moysen
1323 2998 1379 3045 et
1414 2989 1613 3056 Aaron,
1652 2990 1713 3044 li-

131 3088 216 3135 cet
242 3095 353 3135 non
382 3080 718 3145 verberibus,
768 3079 862 3135 sed
907 3088 1087 3137 tamen
1139 3080 1382 3137 moribus
1419 3090 1473 3137 et
1506 3082 1734 3144 verbis,

1810 1974 1952 2039 suis,
1999 1974 2051 2028 id
2083 1982 2187 2041 est,
2218 1976 2306 2045 qui
2341 1974 2572 2031 fructum
2620 1978 2884 2035 bonorum
2915 1996 3137 2053 operum
3184 1985 3239 2040 in
3288 1987 3403 2042 suis

1809 2065 2146 2136 temporibus
2176 2068 2417 2123 reddant.

1889 2173 1909 2207 ε
1946 2156 2086 2213 Dicit
2119 2156 2225 2217 illis
2252 2157 2448 2217 Jesus:
2485 2160 2768 2232 Nunquam
2813 2162 3021 2236 legistis
3062 2166 3117 2221 in
3150 2165 3398 2238 Scriptu-

1816 2268 1835 2301 (
1878 2250 1998 2305 ris:
2049 2250 2307 2322 Lapidem
2354 2268 2513 2322 quem
2572 2255 3001 2325 improbaverunt
3048 2259 3400 2327 aediﬁcantes,

1818 2357 1836 2390 ι
1882 2338 1971 2393 hic
2002 2338 2179 2397 factus
2226 2343 2391 2396 estin
2441 2354 2605 2413 caput
2657 2348 2882 2417 anguli?
2910 2368 2929 2401 ι
2965 2348 3113 2417 Quos
3155 2353 3402 2422 superius

1812 2428 2103 2499 appellavit
2146 2431 2411 2501 agricolas
2438 2441 2493 2487 et
2518 2434 2801 2502 vinitores,
2835 2437 2936 2493 bos
2966 2440 3126 2499 modo
3169 2442 3404 2511 appellat

1812 2522 2164 2590 aediﬁcantes,
2221 2525 2428 2582 scribas
2476 2526 2726 2583 videlicet
2786 2538 2842 2585 et
2894 2529 3217 2589 Phariszeos.
3284 2533 3401 2590 Non

1812 2616 1956 2685 quod
1981 2616 2312 2673 aedificantes
2346 2628 2549 2686 essent,
2592 2621 2688 2675 sed
2712 2626 2835 2690 quia
2858 2623 3113 2694 populum
3144 2627 3405 2698 exemplis

1810 2714 1867 2761 et
1920 2708 2165 2762 doctrina
2201 2708 2493 2770 aediﬁcare
2524 2711 2861 2767 debuissent.
2916 2732 2938 2767 ι
2972 2714 3230 2785 Lapidem
3276 2726 3405 2774 tunc

1809 2797 2257 2866 reprobaverunt,
2295 2819 2313 2849 ι
2348 2799 2507 2855 idest
2526 2800 2831 2869 Christum,
2862 2806 3078 2873 quando
3105 2807 3397 2865 dixerunt:

1817 2903 1835 2935 ι
1871 2883 2131 2940 Nolumus
2158 2887 2303 2942 hunc
2345 2902 2571 2959 regnare
2599 2905 2762 2961 super
2785 2908 2886 2950 nos
2915 2893 3067 2966 (Luc.
3098 2897 3250 2968 xxx);
3296 2917 3314 2950 ι
3348 2907 3404 2953 et

1810 2974 1953 3031 hunc
1994 2977 2270 3034 nescimus
2304 2980 2444 3035 unde
2475 2980 2563 3036 sit.
2617 2981 2725 3039 Sed
2766 2983 2902 3056 lapis
2949 3006 2967 3037 ι
3007 2986 3185 3043 factus
3229 2999 3312 3044 est
3346 2990 3400 3044 in

1810 3080 1973 3143 caput
1990 3074 2192 3144 anguli.
2216 3094 2234 3126 ι
2267 3075 2509 3147 Angulus
2539 3078 2674 3134 duos
2695 3079 2930 3150 parietes
2959 3084 3150 3149 nectit,
3176 3092 3229 3139 et
3251 3084 3406 3140 Chri-

132 3171 263 3227 Nam
288 3174 448 3229 etiam
476 3188 569 3230 eos
595 3172 837 3244 lapidare
863 3174 1170 3230 voluerunt.
1206 3168 1275 3229 Et
1310 3174 1364 3229 in
1391 3172 1607 3230 Psalmo
1636 3174 1710 3231 le-

1826 3174 1932 3219 stus
1957 3164 2135 3223 factus
2163 3176 2246 3222 est
2279 3168 2335 3223 in
2364 3178 2527 3239 caput
2547 3172 2746 3242 anguli,
2795 3175 2887 3242 qui
2913 3174 3049 3230 duos
3085 3176 3310 3247 populos
3336 3189 3405 3231 ex

135 3264 351 3332 gimus:
387 3284 404 3317 ι
434 3265 500 3320 Et
522 3274 748 3322 vexatus
783 3275 866 3322 est
907 3265 1118 3338 Moyses
1161 3276 1381 3338 propter
1419 3281 1538 3333 eos,
1580 3270 1707 3339 quia

1826 3256 2025 3314 iiverso
2050 3260 2328 3317 venientes
2352 3264 2630 3334 conjunxit
2659 3265 2713 3318 in
2740 3267 3051 3337 semetipso,
3081 3245 3286 3324 faciens
3308 3284 3404 3339 pa-

139 3355 592 3413 exacerbavcrunt
629 3356 880 3428 spiritum
920 3357 1039 3428 ejus
1074 3356 1247 3429 (Paul.
1286 3358 1395 3430 cv).
1428 3376 1447 3409 ι
1488 3357 1709 3414 Cecide-

144 3453 274 3500 runt
296 3449 491 3503 etenim
515 3448 677 3505 David
699 3451 917 3520 quando
936 3451 1191 3507 dixerunt
1216 3469 1228 3505 :
1269 3471 1288 3503 ι
1313 3449 1430 3506 Non
1455 3459 1537 3507 est
1556 3452 1713 3508 nobis

138 3552 269 3607 pars
297 3537 351 3593 in
377 3538 562 3607 David,
593 3556 767 3613 neque
799 3542 1090 3599 haereditas
1113 3543 1168 3598 in
1199 3542 1308 3599 ﬁlio
1335 3543 1436 3599 lsai
1464 3542 1561 3615 (ΙΙ
1582 3543 1709 3616 Reg.

138 3632 254 3703 xx).
284 3650 306 3684 ι
349 3632 497 3690 Alios
539 3634 704 3691 etiam
744 3637 1040 3708 prophetas
1075 3636 1339 3706 quosdam
1375 3637 1709 3703 occiderunt,

141 3725 395 3794 quosdam
422 3742 553 3784 vero
580 3728 970 3799 lapidaverunt.

208 3833 228 3869 ι
268 3815 469 3872 lterum
519 3819 667 3874 misit
713 3818 847 3877 alios
894 3834 1083 3876 servos
1128 3819 1309 3891 plures
1350 3819 1641 3890 prioribus.
1688 3837 1707 3873 ο

143 3906 288 3964 Servi
313 3910 406 3980 qui
447 3910 686 3967 secundo
715 3910 1032 3978 mittuntur,
1071 3912 1297 3967 chorum
1331 3911 1712 3982 prophetarum

145 4004 460 4075 signiﬁcant.
482 4024 500 4057 ι
521 4004 588 4059 Et
604 4004 850 4061 fecerunt
875 4005 985 4061 illis
1003 4005 1275 4071 similiter,
1298 4025 1316 4056 ι
1346 4005 1398 4061 id
1419 4014 1525 4072 est,
1553 4019 1715 4074 quos-

146 4096 255 4152 dam
284 4098 689 4169 iapidaverunt,
731 4100 877 4156 sicut
917 4098 1128 4155 Naboth
1158 4118 1170 4153 :
1205 4098 1466 4170 quosdam
1503 4099 1715 4154 cecide-

144 4198 278 4255 runt,
300 4191 441 4246 sicut
465 4190 682 4256 isaiam,
710 4200 959 4257 secantes
984 4207 1106 4246 cum
1128 4206 1282 4248 serra
1312 4190 1488 4261 lignea
1516 4208 1528 4243 :
1559 4204 1717 4260 quos-

148 4279 256 4336 dam
281 4284 727 4349 verberaverunt,
758 4284 901 4339 sicut
929 4280 1240 4339 Jeremiam.

214 4398 231 4429 ι
257 4378 563 4438 Novissime
590 4389 771 4436 autem
802 4379 950 4437 misit
984 4379 1050 4434 ad
1088 4392 1181 4434 eos
1216 4376 1383 4433 ﬁlium
1420 4390 1598 4440 suum,
1638 4374 1716 4429 di-

154 4487 170 4521 c
198 4484 355 4526 cens:
384 4470 727 4529 Verebantur
755 4472 987 4529 forsitan
1021 4471 1190 4527 ﬁlium
1215 4484 1414 4525 meum.
1449 4489 1467 4521 ι
1500 4467 1718 4522 Dubita«

152 4560 249 4615 tive
269 4560 501 4633 loquitur
526 4562 807 4627 Dominus,
852 4578 961 4619 non
998 4569 1060 4617 ut
1100 4562 1217 4632 ipse
1246 4559 1446 4632 aliquid
1474 4558 1716 4624 dubitet,

152 4650 322 4722 inquo
343 4669 558 4711 suma
592 4654 821 4711 scientia
842 4662 944 4718 est,
994 4653 1088 4711 sed
1127 4652 1387 4708 Dominus
1426 4650 1719 4709 dubitative

152 4744 397 4816 loquitur,
434 4760 558 4803 cum
586 4758 771 4804 nostra
799 4747 1090 4803 inﬁdelitas
1121 4747 1434 4816 increpatur
1462 4764 1474 4800 :

219 4854 236 4889 ι
261 4837 529 4913 Agricolas
553 4846 735 4897 autem
765 4838 1011 4894 videntes
1040 4838 1241 4905 ﬁlium,
1288 4837 1539 4893 dixerunt
1579 4837 1723 4893 intra

160 4943 256 4987 «se
280 4946 294 4986 :
321 4930 427 4988 llic
452 4939 536 4987 est
558 4925 751 4988 haeres.
786 4932 1007 4995 Venite,
1044 4931 1358 4988 occidamus
1396 4946 1539 4986 eum.
1572 4951 1592 4984 ι
1640 4930 1719 4984 Ex

155 5018 393 5080 hoeloeo
415 5024 574 5079 datur
601 5023 861 5094 intelligi,
907 5022 1051 5093 quod
1092 5020 1264 5078 Iudaei
1308 5037 1415 5078 non
1452 5036 1548 5091 per
1574 5022 1722 5092 igno-

156 5111 417 5177 rantiam,
464 5112 563 5169 sed
606 5128 705 5183 per
762 5112 1020 5168 invidiam
1061 5110 1338 5169 Christum
1387 5111 1719 5168 occiderunt.

156 5200 369 5269 Quando
391 5206 535 5262 enim
566 5205 856 5262 dixerunt:
892 5223 910 5256 ι
939 5204 1111 5261 Totus
1154 5203 1386 5259 mundus
1437 5210 1561 5272 post
1598 5216 1721 5257 eum

157 5294 483 5367 abiitann.
512 5297 636 5369 xu),
669 5315 689 5347 ι
730 5294 1097 5367 intelligebant
1133 5310 1259 5351 eum
1289 5293 1441 5349 illum
1478 5304 1618 5356 esse,
1658 5291 1724 5348 de

157 5402 257 5457 quo
275 5402 373 5459 per
394 5389 715 5459 prophetam
746 5388 944 5444 dicitur
973 5407 986 5442 :
1025 5406 1043 5441 ε
1069 5386 1297 5444 Postilla
1316 5401 1346 5440 a
1375 5400 1481 5450 me,
1509 5394 1564 5439 et
1587 5383 1726 5439 dabo

158 5478 244 5534 tibi
267 5490 457 5553 gentes
480 5481 853 5537 hmreditatem
887 5488 1037 5536 tuam
1062 5477 1236 5551 (Pasti.
1270 5480 1369 5550 x1).
1401 5499 1420 5530 ι
1458 5476 1728 5532 Putabant

160 5583 277 5642 ergo
314 5572 481 5643 quod,
523 5571 951 5638 illo'iutorfecto,
997 5571 1367 5627 baneditatem
1401 5568 1523 5639 ejus
1556 5570 1623 5625 ad
1669 5584 1755 5636 se_

161 5666 447 5722 tramferre
470 5675 712 5736 possent,
744 5668 846 5722 hoc
874 5674 958 5722 est
981 5666 1282 5721 doctrinam
1308 5666 1425 5737 ejus
1460 5666 1526 5721 de
1556 5663 1728 5720 cordi-

162 5755 515 5832 busgentium
542 5760 774 5826 auferre,
807 5769 862 5817 et
882 5760 1153 5831 justitiam
1177 5773 1347 5825 suam,
1381 5774 1500 5831 qua
1521 5773 1587 5815 ex
1612 5759 1730 5829 lege

162 5860 285 5919 erat,
310 5852 564 5911 cordibus
583 5868 772 5911 eorum
800 5854 1057 5911 inserere.

1816 3364 1932 3405 cem
1966 3351 2052 3406 bis
2075 3351 2167 3420 qui
2196 3367 2365 3422 prope
2395 3363 2550 3409 erant
2570 3396 2584 3420 ,
2617 3365 2672 3411 et
2700 3357 2787 3413 bis
2811 3359 2903 3427 qui
2947 3358 3122 3429 longe.
3165 3378 3182 3410 ι
3220 3360 3266 3414 Α
3294 3360 3405 3416 Do-

1822 3460 1839 3493 ι
1888 3443 2033 3498 mino
2057 3442 2259 3499 factum
2291 3453 2376 3500 est
2400 3446 2564 3501 istud.
2597 3467 2615 3499 ι
2652 3447 2765 3503 Hoc
2790 3458 2970 3503 autem
3003 3464 3033 3503 a
3065 3449 3291 3507 Domino
3324 3461 3405 3507 to~

1816 3544 1928 3591 tum
1959 3536 2160 3593 factum
2191 3546 2291 3593 est.
2342 3537 2413 3594 Ut
2441 3539 2700 3598 enimille
2742 3540 2879 3611 lapis
2911 3540 3117 3597 unitate
3146 3557 3245 3597 sua
3271 3543 3410 3599 duos

1814 3631 2051 3701 parietes
2079 3630 2447 3703 conjungeret,
2475 3633 2576 3689 hoc
2594 3642 2700 3700 est,
2727 3642 2788 3689 ut
2811 3634 2949 3690 duos
2966 3634 3192 3705 populos
3221 3635 3276 3692 in
3297 3650 3405 3692 una

1816 3727 2056 3783 Ecclesia
2077 3728 2448 3799 conjungeret,
2465 3744 2570 3784 non
2595 3729 2648 3784 id
2679 3730 3033 3784 humanarum
3060 3730 3253 3785 virium
3282 3729 3406 3798 fuit,

1816 3821 1910 3876 sed
1930 3820 2125 3876 divinas
2148 3822 2384 3877 virtutis.
2436 3822 2506 3877 Et
2533 3831 2615 3879 est
2643 3838 2835 3879 sensus
2860 3841 2872 3875 :
2906 3822 3185 3890 Quomodo
3217 3823 3404 3896 imple-

1813 3912 1962 3967 bitur
1984 3910 2283 3967 Psalmista:
2311 3913 2611 3984 prophetia,
2642 3914 2743 3969 nisi
2780 3930 2866 3970 me
2894 3915 3161 3984 respuatis
3198 3923 3256 3970 et
3274 3929 3402 3970 cru-

1816 4005 2085 4077 citigatis?
2117 4023 2137 4057 ι
2170 4006 2236 4060 Et
2270 4016 2354 4062 est
2385 4008 2631 4063 mirabile
2682 4009 2736 4061 in
2770 4010 2940 4063 oculis
2967 4010 3187 4065 nostris.
3225 4029 3243 4061 ι
3286 4008 3402 4067 Hoc

1816 4095 1961 4150 enim
1991 4096 2237 4152 mirabile
2279 4105 2381 4163 est,
2415 4106 2474 4152 ut
2516 4099 2583 4153 de
2621 4099 2827 4154 duobus
2855 4099 3064 4170 populis
3106 4099 3411 4156 efﬁceretur
3442 4098 3453 4103 “

1816 4203 1924 4242 una
1956 4187 2220 4245 Ecclesia.
2260 4189 2385 4245 Ideo
2415 4190 2536 4246 dico
2561 4192 2732 4256 vobis,
2762 4192 2889 4263 quia
2912 4194 3026 4248 haec
3057 4195 3310 4265 parabola
3342 4195 3409 4251 ad

1818 4296 1915 4337 vos
1941 4284 2181 4352 pertinet
2204 4309 2211 4337 ;

1896 4394 1915 4427 ‹
1954 4375 2081 4431 Dico
2112 4375 2286 4441 vobis,
2316 4377 2441 4445 quia
2470 4376 2747 4435 auferetur
2774 4395 2803 4434 a
2851 4381 3003 4436 vobis
3034 4395 3256 4453 regnum
3290 4384 3406 4448 Dei,

1826 4484 1844 4516 ι
1890 4475 1943 4519 et
1970 4465 2186 4521 dabitur
2210 4467 2352 4538 genti
2391 4467 2606 4524 facienti
2660 4468 2869 4526 fructus
2915 4469 3050 4539 ejus.
3091 4491 3111 4523 ι
3164 4473 3407 4541 Regnum

1822 4556 1915 4617 Dei
1946 4599 1959 4621 ,
2004 4558 2281 4614 scientiam
2336 4559 2639 4615 divinarum
2696 4559 3103 4630 Seripturarum
3156 4560 3406 4629 appellat.

1827 4669 1845 4701 ‹
1876 4648 2167 4705 Auferetur
2213 4667 2244 4705 a
2285 4652 2437 4708 vobis
2479 4668 2703 4722 regnum
2750 4652 2869 4717 Dei,
2903 4673 2919 4703 ›
2976 4652 3027 4705 id
3072 4661 3157 4707 est
3185 4652 3408 4707 scientia

1825 4740 2247 4812 Scripturarum,
2284 4752 2337 4797 et
2359 4744 2657 4799 remanebit
2696 4743 2847 4798 vobis
2897 4742 3007 4797 sola
3052 4742 3279 4798 ariditas
3326 4743 3410 4797 lit-

1826 4840 1971 4887 terae.
2013 4851 2033 4883 ι
2064 4832 2133 4886 Et
2153 4832 2367 4887 dabitur
2389 4831 2558 4903 genti,
2593 4851 2610 4882 ι
2640 4832 2694 4886 id
2725 4840 2806 4886 est
2839 4831 3027 4903 gentili
3068 4831 3287 4904 populo,
3333 4833 3413 4888 fa-

1824 4924 1987 4979 cienti
2018 4921 2226 4977 fructus
2258 4924 2396 4993 ejus,
2444 4922 2694 4977 videlicet
2716 4938 2880 4994 opera
2910 4922 3069 4980 illius.

1903 5033 1919 5064 ι
1951 5013 2018 5067 Et
2046 5013 2137 5083 qui
2185 5014 2442 5069 ceciderit
2472 5028 2633 5083 super
2682 5014 2913 5085 lapidem
2958 5017 3140 5083 istum,
3173 5015 3407 5072 confrin-

1836 5124 1854 5156 ι
1892 5115 2066 5177 getur.
2110 5127 2127 5159 ι
2161 5106 2317 5160 Aliud
2347 5114 2433 5162 est
2459 5120 2622 5175 super
2665 5106 2896 5178 lapidem
2928 5109 3143 5169 cadere.
3177 5118 3234 5166 et
3266 5110 3412 5166 aliud

1831 5199 1930 5254 sub
1965 5198 2159 5268 lapide.
2207 5196 2381 5269 Super
2418 5197 2648 5268 lapidem
2679 5199 2844 5265 cadit,
2868 5198 2924 5254 id
2946 5209 3031 5255 est
3066 5215 3229 5271 super
3257 5200 3415 5256 Chri-

1831 5298 1993 5352 stum,
2039 5289 2132 5360 qui
2162 5288 2432 5360 peccando
2457 5287 2605 5343 illum
2628 5288 2851 5346 oﬁ‘endit
2876 5332 2890 5354 ,
2934 5304 3083 5361 spem
3116 5300 3295 5346 tamen
3326 5306 3418 5346 ve-

1831 5382 1934 5438 nia:
1996 5396 2092 5454 per
2143 5382 2512 5452 paenitentiam
2562 5381 2829 5438 habendo.
2892 5382 3210 5454 Quicumpe
3271 5381 3415 5437 enim

1832 5476 2109 5532 Christum
2135 5476 2414 5547 negaverit
2430 5516 2446 5541 ,
2490 5492 2654 5547 super
2682 5476 2833 5531 illum
2853 5477 2995 5532 cadit
3013 5519 3027 5542 ,
3056 5477 3158 5532 hoc
3189 5484 3273 5531 est
3298 5475 3416 5529 ani-

1835 5571 2137 5626 madversio
2162 5570 2343 5625 divina
2375 5583 2538 5641 super
2571 5585 2692 5625 eum
2727 5571 2905 5637 irruit,
2942 5580 2999 5626 et
3030 5570 3244 5640 penitus
3288 5581 3416 5622 con-

1836 5673 1974 5719 teret
1997 5679 2143 5730 eum,
2186 5673 2245 5718 ut
2273 5679 2378 5720 non
2411 5672 2688 5719 remaneat
2715 5679 2781 5719 ex
2808 5680 2873 5720 eo
2911 5673 3069 5727 testa,
3107 5660 3246 5715 unde
3277 5674 3417 5730 aqua

1837 5758 2039 5814 hauriri
2075 5758 2262 5828 possit.
2291 5756 2478 5813 Potest
2512 5766 2567 5812 et
2594 5757 2750 5811 aliter
2775 5752 3019 5826 intelligi.
3073 5754 3128 5807 In
3165 5751 3418 5823 praesenti

1836 5856 2152 5922 peccatores
2174 5865 2337 5923 super
2381 5849 2613 5925 lapidem
2638 5850 2855 5909 cadunt,
2889 5848 2980 5921 qui
3008 5844 3420 5917 confringuntur
