3994 6354
253 388 365 443 949

1466 391 1769 447 ΗΟΜΙΙΑΙᾹΞ
1810 392 1896 448 DE
1932 392 2279 448 TEMPORE.

3402 394 3511 450 250

256 499 456 557 merito
484 508 842 571 comparatur,
873 498 1024 568 cujus
1050 515 1230 555 sermo
1252 501 1515 558 facundia:
1542 503 1728 574 plausu
1749 520 1838 560 so-
1862 509 1913 569 Α
1940 520 2046 560 non
2066 506 2343 559 minimam
2366 521 2484 561 esse
2507 507 2812 562 distantiam
2839 524 2852 560 :
2883 519 3096 561 servum
3117 503 3368 559 videlicet
3390 518 3511 561 esse

257 608 450 655 norus,
479 591 573 645 sed
611 591 805 645 virtute
826 591 1070 646 utilitatis
1097 602 1181 647 est
1203 608 1418 649 vacuus.

337 703 358 736 ι
396 683 623 754 Surgam
651 691 705 738 et
742 683 829 738 ibo
862 683 927 737 ad
949 693 1153 752 patrem
1179 699 1380 751 meum,
1431 695 1486 742 et
1513 687 1686 742 dicam
1717 688 1791 743 illi
1821 707 1833 742 :

262 795 285 828 ‹
332 776 512 840 Pater,
545 775 760 846 peccavi
792 776 846 830 in
869 775 1068 831 caelum
1094 784 1148 830 et
1170 792 1354 831 coram
1382 786 1451 833 te.
1489 799 1507 830 ι
1536 779 1708 846 Quam
1731 781 1836 834 mi-

256 871 590 927 sericordem
618 872 871 942 piumque
919 881 1144 944 noverat
1167 879 1394 943 patrem,
1420 871 1510 940 qui
1537 870 1774 926 offensus
1807 885 1837 924 a

255 959 394 1026 filio,
425 961 594 1032 patris
617 976 721 1016 non
745 962 1060 1032 dedignatur
1084 963 1268 1016 audire
1295 961 1645 1016 vocabulum?
1673 979 1691 1010 ‹
1715 960 1841 1015 Sur-

254 1065 383 1119 gam
413 1069 432 1104 ›
453 1066 600 1121 ergo,
631 1051 820 1120 inquit,
847 1053 970 1121 quia
993 1067 1077 1106 me
1093 1052 1275 1122 jacere
1296 1052 1542 1122 cognovi,
1567 1069 1585 1103 ι
1615 1052 1791 1117 etibo,
1812 1071 1830 1103 ι

253 1143 384 1210 quia
419 1143 572 1212 longe
604 1143 841 1197 recessi:
880 1161 898 1193 ε
931 1144 996 1198 ad
1026 1153 1233 1214 patrem
1268 1159 1470 1208 meum,
1505 1162 1523 1194 ι
1571 1146 1698 1215 quia
1739 1145 1839 1200 sub

252 1233 500 1304 principe
524 1248 810 1302 porcorum
827 1233 1117 1288 miserabili
1145 1243 1382 1305 egestate
1408 1236 1638 1292 tabesco.
1669 1255 1686 1285 ι
1714 1234 1840 1291 Pec-

251 1328 374 1381 cavi
409 1348 425 1377 ι
473 1336 648 1380 autem
685 1345 702 1379 ‹
742 1327 794 1382 iu
826 1327 1022 1382 caelum
1056 1343 1238 1384 coram
1274 1349 1292 1381 ›
1327 1329 1603 1400 spiritibus
1631 1329 1835 1399 angeli-

250 1421 335 1474 cis
373 1421 684 1490 sanctisque
714 1421 1035 1486 animabus,
1081 1422 1135 1475 in
1184 1422 1378 1491 quibus
1432 1421 1698 1491 signiﬁcat
1748 1438 1838 1478 se-

249 1510 376 1564 dem
408 1527 526 1566 esse
553 1512 666 1565 Dei.
726 1530 744 1562 ι
780 1511 974 1567 Coram
1006 1532 1024 1562 ι
1064 1527 1213 1574 vero,
1264 1513 1315 1566 iu
1343 1513 1458 1582 ipso
1497 1513 1838 1568 conscientia:

250 1604 525 1659 Interioris
571 1603 850 1670 conclavi,
898 1620 1002 1675 qua
1034 1604 1128 1660 Dei
1158 1604 1322 1659 solius
1367 1603 1506 1660 oculi
1550 1614 1837 1676 penetrare

251 1695 526 1750 valebant.

330 1807 346 1837 ι
385 1786 557 1840 Etiam
587 1802 692 1841 non
747 1802 867 1842 sum
902 1787 1096 1858 dignus
1143 1787 1321 1843 vocari
1366 1787 1506 1842 filius
1555 1795 1696 1852 tuus,
1750 1787 1835 1841 fac

1939 613 2061 654 eum
2082 639 2097 664 ,
2126 598 2218 669 qui
2248 598 2421 653 adhuc
2449 607 2593 652 metu
2623 599 2880 669 gehennze
2915 598 3027 653 sive
3055 597 3400 668 praesentium
3437 597 3512 652 le-

1939 707 2063 762 gum
2085 732 2100 756 ,
2140 705 2200 745 se
2230 705 2260 744 a
2285 690 2429 745 vitiis
2465 698 2731 760 temperat
2769 709 2782 744 :
2815 689 3206 745 mercenarium
3227 728 3242 753 ,
3282 686 3376 758 qui
3419 703 3513 758 spe

1939 792 2103 856 atq-ue
2141 785 2408 841 desiderio
2437 784 2586 854 regni
2617 784 2876 838 cmlorum
2904 801 2919 848 ;
2953 784 3156 849 filium,
3195 782 3288 852 qui
3319 778 3512 837 affectu

1937 875 2062 930 boni
2095 875 2261 945 ipsius
2284 883 2444 944 atque
2467 889 2652 929 amore
2674 875 2952 927 virtutum.
2989 873 3046 927 In
3075 888 3302 943 quarum
3338 872 3511 927 virtu-

1941 974 2050 1022 tum
2079 968 2237 1022 trium
2264 966 2746 1030 consummatione,
2775 965 2963 1020 beatus
2989 964 3275 1035 Apostolus
3299 977 3512 1018 omnem

1938 1066 2125 1122 salutis
2148 1083 2412 1123 summam
2438 1067 2762 1124 concludens
2788 1084 2801 1120 :
2833 1084 2851 1117 ι
2875 1064 3051 1132 Nunc,
3072 1065 3269 1136 inquit,
3295 1067 3516 1120 manent

1939 1158 2090 1223 ﬁdes,
2122 1175 2267 1230 spes,
2297 1161 2563 1225 charitas;
2598 1159 2701 1214 tria
2727 1159 2874 1223 hate;
2907 1159 3082 1228 major
3107 1166 3285 1213 autem
3322 1157 3514 1212 horum

1936 1259 2020 1305 est
2063 1249 2300 1306 charitas
2325 1250 2376 1322 (Ι
2410 1249 2531 1305 Cor.
2575 1251 2734 1321 xm);
2772 1269 2790 1301 )
2823 1249 2954 1304 ﬁdes
2982 1264 3212 1318 namque
3234 1257 3358 1318 est,
3397 1261 3516 1317 quae

1939 1339 2101 1393 futuri
2139 1338 2329 1408 judicii
2370 1355 2434 1395 ac
2462 1340 2844 1411 suppliciorum
2875 1347 3022 1394 metu
3043 1379 3058 1405 ,
3089 1338 3340 1393 vitiorum
3386 1335 3515 1391 facit

1937 1431 2185 1501 contagia
2214 1431 2500 1487 declinare.
2540 1431 2698 1502 Spes,
2735 1447 2874 1502 quae,
2905 1437 3145 1486 mentem
3170 1437 3410 1484 nostram
3450 1427 3516 1482 de

1937 1521 2290 1590 praesentibus
2325 1538 2558 1579 evocans
2577 1565 2592 1588 ,
2629 1525 2913 1578 universas
2944 1521 3188 1592 corporis
3216 1519 3516 1589 voluptates

1936 1611 2237 1667 caelestium
2259 1615 2603 1683 praemiorum
2626 1613 3026 1684 exspectatione
3049 1610 3366 1667 contemnit.
3384 1607 3516 1662 Cha-

1936 1702 2070 1758 ritas
2089 1744 2103 1768 ,
2133 1719 2251 1773 quae
2293 1719 2390 1759 nos
2427 1704 2494 1758 ad
2532 1719 2773 1760 amorem
2802 1703 3032 1768 Christi,
3061 1702 3128 1756 ad
3159 1698 3515 1770 spiritualium

1935 1792 2193 1847 virtutum
2241 1795 2472 1849 fructum
2514 1796 2712 1851 mentis
2738 1797 2985 1849 ardorem
3018 1791 3329 1856 succedens,
3356 1789 3514 1860 quid-

251 1896 269 1928 ι
307 1893 393 1931 me
421 1876 561 1932 sicut
584 1893 748 1931 unum
772 1877 838 1932 de
859 1879 1208 1933 mercenariis
1238 1877 1365 1932 tuis.
1405 1898 1424 1930 ›
1474 1878 1555 1932 Ad
1588 1877 1679 1932 ﬁlii
1707 1877 1831 1948 qui-
1859 1885 1906 1944 Β
1933 1883 2060 1953 quid
2107 1885 2214 1939 illis
2249 1886 2606 1940 contrarium.
2629 1896 2739 1950 est,
2779 1894 2889 1941 ιοιο
2919 1884 3046 1938 facit
3077 1883 3200 1938 odio
3239 1880 3511 1936 detestari.

243 1969 369 2023 dem
415 1969 685 2036 affectum,
724 1970 814 2039 qui
842 1971 1024 2025 omnia
1069 1986 1189 2041 quae
1216 1970 1386 2040 patris
1412 1980 1558 2036 sunt,
1591 1985 1686 2024 sua
1711 1984 1831 2025 esse

244 2077 354 2116 non
383 2062 626 2133 ambigit,
659 2077 718 2117 se
749 2062 991 2132 aspirare
1038 2075 1375 2133 nequaquam
1404 2063 1701 2133 praesumit,
1737 2062 1831 2117 sed

244 2155 567 2210 mercenarii
598 2163 818 2220 statum,
839 2154 952 2223 jam
987 2169 1084 2224 pro
1115 2156 1362 2210 mercede
1388 2155 1708 2220 serviturus,
1741 2155 1831 2209 de-

241 2245 468 2299 siderat.
517 2227 814 2299 verumne
864 2247 1005 2300 hunc
1048 2246 1288 2314 quidem,
1335 2246 1433 2299 nisi
1481 2256 1702 2315 paterna
1745 2245 1829 2299 di-

238 2338 522 2408 gnatione,
562 2351 620 2392 se
650 2337 844 2392 mereri
901 2351 1058 2405 posse
1106 2345 1354 2390 testatur.
1387 2335 1487 2391 Ubi
1537 2345 1660 2390 sunt
1703 2351 1832 2406 ergo

242 2427 640 2497 Pelagianism,
670 2429 758 2496 qui
789 2442 885 2480 sua
917 2427 1172 2480 servitute
1216 2425 1412 2479 salvari
1459 2439 1614 2493 posse
1661 2424 1831 2478 conﬁ~

241 2524 404 2583 dunt,
429 2531 616 2575 contra
645 2520 1042 2590 apertissimam
1065 2520 1386 2574 sententiam
1407 2534 1526 2587 qua:
1549 2518 1642 2583 ait,
1666 2535 1683 2568 ι
1705 2515 1832 2572 Sine

241 2624 334 2664 me
360 2609 495 2670 nihil
522 2611 746 2677 potestis
772 2609 987 2664 facere?
1017 2628 1036 2661 ι
1075 2609 1251 2678 (Joan.
1287 2609 1402 2678 xv.)

325 2719 342 2751 ‹
379 2700 444 2754 Ει
481 2715 736 2770 surgens,
759 2701 908 2754 venit
932 2699 999 2753 ad
1035 2707 1244 2768 patrem
1271 2715 1444 2753 suum.
1477 2718 1496 2750 ι
1534 2698 1730 2753 Venire
1763 2699 1830 2752 ad

241 2801 476 2862 patrem,
505 2799 589 2845 est
597 2792 672 2865 λη
702 2791 943 2845 Ecclesia
977 2790 1230 2845 constitui
1257 2806 1353 2858 per
1379 2789 1537 2844 ﬁdem
1556 2831 1570 2854 ,
1596 2790 1686 2844 ubi
1716 2789 1828 2858 jam

243 2887 416 2956 possit
450 2899 568 2940 esse
597 2891 941 2955 peccatorum
972 2883 1207 2952 legitima
1236 2890 1292 2938 et
1319 2881 1592 2937 fructuosa
1619 2882 1828 2938 confes-

244 2979 350 3032 sio.
388 2996 405 3028 ‹
443 2975 578 3031 Cum
607 2975 782 3030 adhuc
807 2981 985 3028 autem
1015 2973 1170 3044 longe
1200 2982 1362 3037 esset,
1403 2993 1422 3025 ι
1459 2981 1512 3028 et
1539 2982 1825 3043 antequam

244 3068 572 3140 intelligeret
598 3067 785 3130 Deum,
815 3066 908 3120 sed
937 3073 1117 3120 tamen
1143 3080 1264 3118 cum
1284 3065 1394 3134 jam
1431 3065 1517 3134 pie
1542 3074 1822 3134 quaereret,

249 3181 269 3211 ι
313 3161 444 3215 vidit
471 3160 618 3214 illum
645 3167 800 3228 pater
826 3157 1011 3226 ipsius.
1037 3147 1063 3207 ἰ
1097 3157 1292 3226 lmpios
1321 3156 1464 3211 enim
1489 3165 1544 3210 et
1569 3157 1826 3226 superbos

1941 1975 2090 2030 Unde
2115 1978 2371 2047 prodigus
2399 1977 2521 2041 iste,
2555 1987 2842 2047 postquam
2875 1976 2927 2030 in
2961 1975 3307 2044 semetipsum
3337 1984 3516 2026 rever-

1933 2079 2045 2130 sus,
2064 2066 2192 2121 dira:
2214 2066 2372 2122 famis
2387 2067 2646 2138 supplicia
2668 2066 3012 2129 formidabat,
3033 2063 3177 2118 velut
3197 2062 3307 2130 jam
3329 2075 3515 2116 servus

1933 2159 2187 2227 effectus,
2216 2163 2380 2217 etiam
2423 2161 2740 2218 mercenarii
2778 2169 2979 2216 statum
3021 2159 3086 2213 de
3116 2155 3363 2212 mercede
3401 2154 3514 2223 jam

1933 2252 2212 2320 cogitans,
2264 2253 2594 2322 concupiscit
2639 2271 2651 2306 :
2702 2253 2796 2307 sed
2841 2265 2964 2305 eum
3005 2257 3161 2318 pater
3201 2258 3513 2307 accurrens,

1935 2356 2041 2394 non
2070 2353 2356 2398 contentus
2384 2345 2589 2398 minora
2635 2343 2932 2398 concedere
2952 2381 2966 2405 ,
3010 2340 3290 2407 utriusque
3318 2335 3518 2405 gradus

1933 2431 2053 2486 sine
2095 2433 2350 2488 dilatione
2378 2445 2714 2494 transcursu,
2747 2433 2989 2502 pristinae
3018 2430 3249 2484 ﬁliorutn
3276 2423 3516 2480 restituit

1934 2521 2181 2592 dignitati
2211 2541 2222 2576 :
2253 2538 2350 2578 nec
2379 2524 2444 2578 de
2471 2524 2717 2578 mercede
2747 2522 3112 2585 conductoris,
3138 2519 3232 2576 sed
3256 2518 3323 2574 de
3347 2517 3515 2573 hatre-

1934 2612 2100 2667 ditate
2130 2614 2256 2669 fecit
2290 2615 2526 2684 cogitare
2552 2616 2810 2685 parentis.

2009 2723 2026 2754 ι
2059 2703 2204 2758 Dixit
2227 2712 2407 2758 autem
2437 2713 2590 2773 pater
2619 2705 2686 2758 ad
2714 2718 2900 2758 servos
2929 2717 3056 2758 suos
3082 2716 3097 2755 :
3123 2701 3242 2756 Cito
3275 2699 3513 2770 proferte

1936 2795 2157 2850 «stolam
2180 2795 2429 2864 primam,
2445 2803 2500 2849 et
2520 2795 2724 2850 induite
2745 2794 2913 2849 illum.
2928 2814 2946 2847 ι
2967 2794 3116 2849 Stola
3135 2795 3308 2865 prima
3323 2803 3405 2848 est
3423 2807 3513 2846 vc-

1930 2888 2030 2943 stis
2045 2888 2557 2957 innocentite,quam
2575 2889 2733 2943 homo
2745 2889 2996 2944 conditus
3017 2888 3240 2958 accepit,
3259 2887 3352 2942 sed
3372 2886 3512 2941 male

1926 2995 2214 3052 persuasus
2242 2981 2456 3046 amisit,
2482 2981 2699 3052 quando
2728 2990 2850 3049 post
2877 2980 3086 3050 culpam
3114 2979 3512 3051 praevaricatio-

1927 3071 2012 3125 nis
2035 3071 2284 3142 cognovit
2311 3086 2369 3125 se
2391 3085 2510 3126 esse
2531 3066 2756 3137 nudum;
2784 3071 3061 3151 gloriaque
3088 3069 3510 3124 immortalitatis

1926 3162 2168 3232 perdita,
2200 3161 2517 3231 pelliceum,
2557 3163 2659 3218 hoc
2687 3170 2770 3218 est
2816 3162 3041 3217 mortale
3085 3162 3315 3230 sumpsit
3357 3160 3512 3214 indu-

243 3254 626 3310 convenienter
651 3267 758 3306 non
787 3251 969 3305 videre
995 3249 1222 3314 dicitur,
1261 3258 1514 3318 tanquam
1544 3257 1669 3302 ante
1696 3264 1825 3303 ocu-
1852 3236 1897 3299 C
1928 3261 2189 3315 mentum.
2240 3250 2394 3307 Servi
2431 3252 2523 3320 qui
2558 3267 2676 3307 eam
2714 3252 3024 3321 proferunt,
3056 3248 3510 3306 reconciliationis

249 3347 338 3399 los
366 3345 480 3414 ejus
505 3358 609 3398 non
647 3343 865 3398 habere.
901 3341 1041 3396 Ante
1073 3339 1260 3395 oculos
1287 3339 1429 3393 enim
1457 3339 1666 3401 haberi,
1697 3352 1824 3402 non,

254 3438 362 3491 nisi
406 3436 495 3505 qui
540 3435 859 3506 diliguntur,
906 3433 1011 3487 dici
1058 3431 1250 3486 solent.
1297 3450 1314 3481 ε
1348 3430 1412 3484 Et
1459 3429 1826 3484 misericordia

254 3550 274 3579 ε
312 3537 488 3583 motus
512 3536 613 3593 est,
637 3535 688 3581 et
715 3540 1004 3582 accurrens
1030 3523 1223 3580 cecidit
1253 3537 1418 3591 super
1437 3520 1631 3576 collum
1656 3519 1821 3589 ejus.»

244 3619 366 3673 Non
405 3619 546 3673 enim
583 3617 742 3672 Pater
780 3615 1110 3687 unigenitum
1154 3612 1348 3666 Filium
1381 3625 1536 3666 suum
1566 3608 1821 3673 deseruit,

240 3713 300 3766 in
331 3727 438 3781 quo
468 3725 638 3780 usque
666 3709 733 3764 ad
763 3716 1002 3764 nostram
1035 3705 1377 3777 longinquam
1401 3704 1561 3759 etiam
1593 3702 1826 3773 peregri-

235 3803 516 3858 nationem
544 3801 785 3855 cucurrit
808 3808 970 3870 atque
999 3797 1293 3872 descendit,
1323 3796 1450 3867 quia
1484 3814 1501 3846 ε
1539 3795 1680 3850 Deus
1707 3805 1826 3850 erat

235 3895 296 3948 in
325 3892 576 3958 Christo,
607 3892 865 3946 mundum
902 3890 1257 3945 reconcilians
1291 3888 1391 3943 sibi
1429 3886 1516 3958 (II
1541 3886 1662 3940 Cor.
1690 3887 1764 3957 v).
1799 3905 1818 3938 ›

233 3985 309 4040 Et
354 3985 467 4055 ipse
496 3984 753 4039 Dominus
793 3982 909 4037 ait:
948 3999 966 4032 ε
995 3980 1155 4034 Pater
1200 3979 1253 4034 in
1297 3993 1382 4033 me
1413 3993 1666 4044 manens,
1710 3979 1824 4047 ipse

237 4075 376 4130 facit
402 4090 565 4144 Opera
597 4073 776 4145 (Joan.
810 4073 942 4142 xlv).
978 4092 996 4124 ι
1028 4071 1167 4138 Quid
1196 4079 1280 4125 est
1306 4078 1485 4124 autem
1517 4068 1710 4122 cadere
1735 4083 1822 4123 su-

233 4185 339 4239 per
369 4169 566 4224 colltnn
592 4167 738 4235 ejus,
781 4167 882 4222 nisi
929 4165 1189 4220 inclinare
1228 4172 1282 4219 et
1316 4162 1600 4218 humiliare
1628 4163 1682 4217 in
1709 4178 1821 4217 am-

235 4259 457 4330 plexum
486 4260 603 4330 ejus
632 4259 911 4314 brachium
944 4257 1133 4310 suum?
1179 4255 1248 4310 Et
1291 4254 1571 4311 brachium
1608 4253 1819 4308 Domini

233 4350 330 4403 cui
371 4349 665 4404 revelatum
707 4348 829 4404 est?
859 4347 1013 4414 Quod
1037 4354 1119 4402 est
1144 4345 1329 4415 utique
1354 4345 1610 4400 Dominus
1635 4351 1821 4399 noster

230 4442 395 4496 Jesus
424 4441 690 4496 Christus.
724 4459 743 4491 ι
777 4440 846 4496 Ει
885 4438 1160 4495 osculatus
1191 4445 1276 4493 est
1311 4452 1455 4492 eum.
1490 4456 1510 4489 ι
1543 4435 1818 4492 Consolari

236 4534 408 4587 verbo
433 4533 619 4604 gratiae
662 4532 757 4587 Dei
787 4532 855 4586 ad
893 4545 1044 4601 spem
1076 4529 1416 4599 indulgentia:
1452 4538 1815 4599 peccatorum,

239 4626 349 4679 hoc
371 4635 474 4690 est,
497 4633 620 4696 post
637 4625 792 4695 longa
816 4624 1009 4678 itinera
1031 4629 1359 4678 remeantem
1388 4635 1418 4674 a
1445 4628 1598 4690 patre
1621 4621 1818 4677 mereri

230 4719 484 4774 osculum
513 4718 811 4774 charitatis.

317 4833 335 4866 ι
369 4815 621 4884 Dixitque
663 4815 712 4868 ei
759 4813 898 4868 filius
927 4832 940 4867 :
970 4813 1148 4877 Pater,
1179 4813 1396 4883 peccavi
1439 4812 1493 4868 in
1529 4812 1722 4868 omium
1763 4822 1818 4868 et

235 4927 254 4958 c
294 4921 483 4962 coram
512 4915 584 4970 te,
611 4906 722 4976 jam
756 4921 859 4959 non
885 4919 1003 4960 sum
1031 4905 1224 4974 dignus
1248 4903 1429 4958 vocari
1455 4903 1595 4958 filius
1622 4912 1762 4959 tuus.
1792 4923 1810 4956 ι

226 4999 433 5070 incipit
463 4996 576 5066 jam
598 5005 822 5068 peccata
854 4995 1179 5051 constitutus
1205 4995 1257 5049 in
1285 4993 1524 5050 Ecclesia
1545 4993 1815 5059 conﬁteri,

227 5109 336 5147 nec
366 5092 496 5147 dicit
523 5091 706 5147 omnia
752 5106 872 5160 qua)
908 5090 1175 5146 dicturum
1220 5103 1279 5144 se
1307 5103 1428 5144 esse
1458 5089 1813 5159 promiserat,

225 5183 328 5238 sed
362 5196 532 5252 usque
568 5175 642 5236 ad”
678 5181 807 5236 illud
838 5199 850 5235 :
891 5198 909 5231 ε
939 5180 1053 5234 Non
1084 5195 1201 5235 sum
1228 5179 1420 5250 dignus
1457 5179 1636 5234 vocari
1673 5177 1817 5234 filius

225 5285 381 5330 tuus.
417 5294 435 5327 ι
469 5273 584 5330 Hoc
606 5275 750 5329 enim
780 5272 895 5327 vult
921 5271 1038 5328 fieri
1071 5287 1169 5342 per
1190 5271 1447 5342 gratiam,
1482 5269 1624 5339 quod
1653 5284 1711 5324 se
1736 5269 1816 5324 in-

225 5367 456 5437 dignutn
497 5382 616 5423 esse
652 5381 750 5436 per
778 5367 969 5420 merita
1006 5365 1223 5421 fatetur.
1269 5363 1384 5420 Non
1417 5363 1640 5430 addidit,
1672 5363 1814 5433 quod

224 5458 380 5512 nulla
417 5458 764 5512 meditatione
803 5457 1052 5511 dixerat:
1087 5475 1105 5507 ‹
1137 5453 1245 5510 Fac
1268 5471 1355 5510 me
1389 5455 1529 5510 sicut
1556 5469 1722 5508 unum
1748 5454 1814 5509 de

225 5549 586 5606 mercenariis
633 5549 756 5603 tuis.
791 5568 809 5600 ι
855 5545 990 5602 Cum
1029 5547 1171 5601 enim
1215 5561 1407 5616 panem
1447 5561 1552 5600 non
1593 5543 1816 5600 haberet

224 5641 320 5696 vel
366 5641 728 5696 mercenarius
767 5653 890 5695 esse
919 5638 1193 5708 cupiebat,
1236 5639 1378 5706 quod
1407 5646 1527 5706 post
1571 5637 1812 5693 osculum

224 5732 409 5805 patris
465 5731 896 5802 generossissimi
973 5731 1084 5801 jam
1143 5729 1481 5798 dedignatur.
1551 5730 1816 5785 lntellexit

230 5838 475 5892 namque
519 5823 661 5878 inter
689 5807 855 5877 ﬁliutn
881 5862 895 5888 ,
935 5832 990 5877 et
1019 5821 1441 5880 mercenarium.
1477 5831 1532 5878 et
1575 5823 1814 5893 servum,

1928 3347 2312 3418 praedicatores
2351 3354 2494 3418 sunt.
2524 3345 2810 3401 Proferunt
2852 3346 2996 3399 enim
3023 3344 3212 3399 stolam
3251 3344 3506 3413 primam,

1927 3417 2144 3509 quando
2174 3417 2810 3505 mortales.terrenosque
2845 3436 3090 3489 homines
3117 3435 3189 3488 ita
3215 3431 3507 3489 sublimau-

1927 3531 2023 3586 dos
2067 3537 2404 3592 asseverant,
2442 3537 2503 3582 nt
2542 3543 2650 3582 non
2675 3527 2846 3592 solum
2873 3527 3019 3580 cives
3048 3523 3382 3595 angelorum,
3414 3523 3509 3578 sed

1927 3621 2172 3676 haeredes
2209 3620 2334 3685 Dei,
2363 3629 2417 3674 et
2445 3618 2756 3674 cohmredes
2794 3617 2902 3672 sint
2936 3615 3136 3671 Christi
3165 3613 3350 3668 futuri.
3387 3632 3405 3664 ι
3438 3613 3508 3668 Et

1934 3732 1952 3765 ι
1987 3711 2110 3768 date
2137 3711 2392 3766 annulum
2425 3712 2477 3766 in
2501 3726 2663 3765 manu
2694 3708 2832 3778 ejus,
2858 3717 2914 3764 et
2939 3707 3305 3763 calceamenta
3333 3704 3386 3758 in
3413 3718 3506 3774 pe.

1933 3824 1952 3858 ι
1983 3805 2097 3861 des.
2129 3825 2146 3856 ›
2181 3803 2426 3858 Annnlus
2466 3812 2550 3860 est
2587 3802 2670 3858 vel
2717 3801 2943 3856 sincerze
2982 3799 3108 3854 fidei
3147 3796 3502 3866 signaculum,

1925 3914 2030 3969 qua
2075 3905 2268 3952 cuncta
2311 3896 2576 3967 promissa
2621 3895 2676 3950 in
2702 3894 3034 3950 credentium
3063 3891 3314 3948 cordibus
3356 3896 3503 3944 certa

1925 3989 2280 4060 impressione
2302 3987 2702 4060 signantur,vel
2726 3987 3032 4055 nuptiarum
3054 3984 3246 4053 pignus
3268 3982 3500 4046 illarum,

1923 4082 2120 4151 quibus
2145 4079 2386 4136 Ecclesia
2417 4087 2722 4150 sponsatur.
2751 4076 2819 4132 Et
2843 4077 2982 4131 bene
3010 4073 3238 4128 annulus
3262 4073 3317 4127 in
3342 4085 3502 4126 manu

1923 4175 2103 4239 datur,
2128 4182 2188 4227 ut
2219 4189 2314 4243 per
2337 4187 2500 4242 opera
2531 4171 2664 4226 ﬁdes
2690 4169 2971 4234 clarescat,
3000 4176 3052 4222 et
3080 4181 3180 4237 per
3203 4165 3360 4220 ﬁdem
3382 4178 3504 4233 ope-

1924 4283 1984 4323 ra
2010 4267 2312 4322 firmentur.
2338 4265 2714 4322 Calceamenta
2745 4270 2924 4319 autem
2965 4261 3022 4316 in
3057 4261 3240 4331 pedes,
3271 4256 3501 4314 officium

1920 4357 2323 4430 evangelizandi
2367 4357 2676 4422 denuntiat,
2715 4363 2775 4410 ut
2820 4367 3012 4410 cursus
3057 4351 3251 4406 mentis
3291 4349 3357 4404 ad
3393 4362 3502 4402 οων

1922 4450 2076 4506 lestia
2125 4450 2369 4514 tendens,
2409 4465 2440 4504 a
2482 4457 2818 4503 terrenarum
2847 4445 3165 4515 contagione
3197 4455 3378 4495 rerum
3420 4440 3500 4492 in-

1921 4541 2116 4596 violata
2167 4549 2412 4596 servetur
2459 4549 2515 4595 et
2569 4541 2803 4604 munda,
2861 4536 3210 4607 priorumque
3261 4528 3500 4582 munitus

1922 4635 2210 4705 exemplis,
2242 4650 2404 4704 super
2433 4642 2710 4703 serpentes
2738 4639 2794 4686 et
2829 4628 3140 4697 scorpiones
3174 4637 3395 4678 securus
3424 4621 3497 4674 in-

1921 4727 2093 4782 cedat.
2122 4725 2308 4782 Manus
2342 4726 2504 4796 igitur
2525 4733 2579 4778 et
2606 4722 2769 4792 pedes
2789 4760 2803 4783 ,
2830 4719 2882 4773 id
2909 4727 2992 4771 est
3033 4730 3168 4784 opus
3191 4722 3454 4767 ornantur
3484 4730 3494 4764 :

1921 4831 2132 4880 manus,
2165 4823 2225 4868 ut
2253 4822 2400 4869 recte
2430 4814 2704 4876 vivamus;
2737 4809 2921 4879 pedes,
2953 4816 3013 4861 ut
3039 4805 3107 4860 ad
3139 4812 3339 4860 aeterna
3364 4818 3497 4874 gau-

1918 4905 2007 4960 dia
2027 4901 2400 4975 properemus.
2431 4924 2448 4956 ‹
2474 4902 2591 4957 Non
2620 4902 2763 4958 enim
2792 4900 3050 4954 habemus
3075 4897 3164 4952 hic
3191 4902 3496 4950 manentem

1919 4999 2216 5063 civitatem,
2244 4997 2338 5052 sed
2369 4997 2605 5052 futuram
2637 4993 2958 5065 inquirimus
2993 4989 3178 5062 (Hebr.
3207 4990 3348 5059 xm).
3384 5007 3401 5038 ›

1997 5109 2016 5143 ι
2049 5090 2115 5146 Et
2141 5083 2389 5146 adducite
2417 5088 2640 5143 vitulum
2668 5087 2968 5158 saginatum
2997 5093 3050 5139 et
3079 5082 3325 5138 occidite.
3360 5101 3377 5132 ι
3408 5078 3497 5132 Vi-

1922 5185 2064 5240 tulus
2105 5183 2408 5254 saginatus,
2445 5182 2559 5250 ipse
2590 5181 2729 5252 idem
2760 5178 3016 5233 Dominus
3044 5181 3156 5238 est,
3184 5171 3278 5228 sed
3306 5185 3495 5225 secun-

1919 5278 2045 5332 dum
2080 5289 2320 5331 carnem.
2367 5273 2434 5327 Et
2473 5272 2607 5326 bene
2651 5272 2958 5341 saginatus,
2986 5265 3111 5336 quia
3140 5279 3266 5319 caro
3308 5262 3422 5332 ejus
3463 5275 3493 5312 a

1920 5371 2027 5425 Deo
2053 5366 2312 5438 spirituali
2346 5374 2429 5420 est
2455 5364 2654 5435 optima
2675 5363 2874 5416 virtute
2894 5357 3105 5423 diffusa,
3128 5366 3186 5410 ut
3209 5370 3308 5424 pro
3332 5352 3495 5406 totius

1918 5459 2100 5516 mundi
2127 5457 2300 5513 salute
2331 5455 2578 5522 sufficiat,
2603 5455 2654 5509 in
2679 5455 2898 5508 odorem
2927 5448 3226 5512 suavitatis,
3253 5445 3492 5498 nidorem

1917 5551 2166 5607 videlicet
2187 5548 2572 5605 immolationis
2592 5545 2659 5601 ad
2688 5545 2854 5600 Deum
2877 5543 3113 5605 mittere,
3128 5547 3183 5595 et
3207 5551 3303 5608 pro
3324 5533 3492 5587 omni-

1917 5645 2017 5700 bus
2047 5658 2293 5699 exorare.
2343 5641 2622 5697 Adducere
2660 5648 2839 5693 autem
2877 5635 3100 5690 vitulum
3137 5641 3191 5685 et
3225 5627 3486 5683 Occidere.

1915 5745 2000 5789 est
2028 5734 2320 5803 [medicare
2348 5731 2652 5796 Christum,
2686 5741 2742 5784 et
2767 5739 2996 5783 mortem
3039 5722 3155 5790 ejus
3197 5719 3489 5774 insinuare.

1919 5825 2072 5881 Tunc
2097 5825 2297 5880 etenim
2325 5824 2518 5894 cuique
2547 5833 2788 5879 nostrum
2816 5818 2969 5890 quasi
2995 5828 3186 5870 recens
3211 5811 3488 5875 occiditur,
