3994 6354
481 350 581 421 251

1100 340 1452 401 HAYMONIS
1490 341 1970 398 HALBERSTAT.
2012 342 2223 401 EPISC.
2267 344 2419 403 OPP.
2461 346 2640 403 PARS
2677 348 2743 404 ll.
2774 380 2843 390 —
2875 350 3111 407 HOMIL.

3681 358 3818 416 ω

482 477 606 518 cum
628 462 801 518 credit
827 460 1082 517 occisum.
1113 458 1259 513 Tunc
1291 472 1419 513 caro
1444 456 1558 527 ejus
1588 458 1911 524 comeditur,
1938 472 2057 513 cum
2087 468 2136 542 Α
2169 477 2187 510 ι
2223 462 2523 532 saginatum
2547 504 2561 524 .
2601 465 2728 533 quia
2765 466 2972 522 salvum
3004 468 3149 523 illum
3185 473 3405 542 recepit.
3439 493 3461 526 ι
3489 475 3552 530 In
3580 484 3814 532 extre-

482 554 599 625 ejus
625 553 888 624 passionis
917 557 1310 609 sacramentum
1334 557 1388 605 et
1417 564 1511 605 ore
1534 548 1599 604 ad
1628 550 2060 605 emundationem
2096 536 2119 559 ’“

481 647 799 718 percipitur,
826 653 879 700 et
907 642 1067 701 corde
1107 642 1172 696 ad
1204 641 1560 697 imitationem
1598 643 1884 713 cogitatur.

562 754 580 786 ι
615 736 679 791 Et
724 733 1105 791 manducemus
1148 740 1203 786 et
1253 731 1563 801 epulemur,
1611 733 1735 803 quia
1786 731 1875 789 hic
1924 731 2064 789 ﬁlius

488 847 509 880 ι
541 842 693 884 meus
718 831 961 897 mortuus
998 822 1201 890 fuerat,
1234 832 1289 879 et
1329 823 1525 879 revixit
1554 841 1566 878 :
1600 824 1869 895 perierat,
1899 833 1954 879 et
1983 825 2064 879 in-

488 937 507 973 t
542 927 730 975 ventus
756 926 856 973 est.
890 936 908 968 ι
945 915 1059 971 Non
1092 915 1237 971 solus
1266 916 1427 982 ﬁlius,
1455 917 1547 986 qui
1574 917 1772 972 revixit
1798 925 1853 972 et
1878 917 2066 972 inven-

484 1020 567 1067 tus
590 1018 692 1075 est,
718 1024 907 1069 verum
938 1017 1094 1079 pater
1114 1016 1168 1061 et
1195 1008 1336 1063 servi
1369 1008 1509 1073 illius
1532 1010 1859 1065 sacrosancti
1888 1011 2062 1079 vituli,

486 1103 576 1179 qui
620 1109 840 1175 propter
880 1100 1048 1158 ﬁlium
1078 1100 1289 1155 occisus
1318 1110 1469 1179 erat,
1499 1116 1662 1155 carne
1707 1100 1892 1157 refecti
1937 1118 2067 1179 epu-

482 1177 659 1248 lantur
687 1210 700 1248 :
735 1191 826 1265 qui
862 1190 1033 1266 patris
1074 1190 1258 1256 cibus,
1290 1177 1436 1246 salus
1461 1200 1546 1247 est
1573 1203 1789 1256 nostra;
1819 1201 1876 1247 et
1898 1177 2066 1262 patris

482 1285 765 1361 gaudium,
801 1292 1107 1351 nostrorum
1150 1289 1233 1337 est
1279 1281 1525 1337 remissio
1570 1292 1936 1353 peccatorum,
1967 1299 2066 1340 nec

484 1386 693 1433 tantum
717 1375 915 1445 Patris,
945 1373 1037 1435 sed
1064 1373 1182 1429 Filii
1208 1383 1259 1428 et
1286 1373 1518 1444 Spiritus
1545 1376 1741 1430 sancti.
1768 1374 1903 1441 Quia
1928 1375 2069 1431 sicut

483 1486 589 1547 una
613 1471 665 1527 in
692 1468 984 1533 Divinitate
1013 1466 1261 1537 voluntas
1291 1474 1341 1522 et
1377 1468 1641 1538 operatio,
1674 1468 1746 1521 ita
1776 1478 1831 1523 et
1857 1483 1959 1523 una
1985 1476 2068 1523 est

484 1563 772 1645 delectatio
799 1569 998 1619 sanctae
1026 1569 1079 1630 et
1109 1559 1394 1619 individuze
1420 1558 1721 1616 Trinitatis.
1758 1558 1905 1616 Unde
1937 1559 2065 1615 bea—

484 1665 571 1715 tus
611 1655 882 1717 Abraham
923 1651 1078 1726 (Gen.
1109 1652 1207 1726 ιιι)
1256 1660 1364 1708 tres
1405 1651 1622 1721 angelos
1660 1651 1903 1721 hospites
1931 1650 2069 1706 reci-

485 1732 668 1822 piens,
701 1748 923 1805 vitulum
970 1748 1319 1805 tenerrimam
1371 1754 1427 1803 et
1475 1747 1738 1816 Optimum
1786 1746 2064 1814 occidisse,

485 1811 705 1913 ejusque
733 1856 854 1897 cum
886 1840 1048 1906 lacte,
1078 1855 1232 1911 pane,
1265 1850 1321 1894 et
1350 1811 1542 1912 butyro
1570 1838 1838 1910 epulando
1871 1811 2069 1910 legitur
2098 1827 2145 1891 B

486 1932 764 1995 obtulisse,
795 1934 920 2004 quia
946 1932 1038 2003 qui
1066 1933 1283 1988 beatam
1311 1930 1632 2003 Trinitatem
1657 1938 1819 1988 rectm
1832 1931 2070 1987 devotio-

485 2024 569 2079 nis
595 2022 784 2081 oﬁiciis
817 2023 1057 2091 reﬁcere,
1090 2024 1142 2079 id
1167 2033 1253 2083 est
1286 2022 1564 2080 laetiﬁcare
1597 2023 1901 2089 desiderat,
1926 2037 2071 2078 mor-

486 2121 591 2169 tem
616 2129 831 2185 quoque
861 2113 1019 2169 debet
1062 2114 1324 2187 unigeniti
1346 2113 1468 2170 Filii
1496 2112 1593 2169 Dei
1638 2114 1690 2169 in
1734 2128 1924 2179 carne,
1951 2127 2069 2183 quae

485 2212 569 2261 est
589 2220 693 2261 una
711 2246 725 2271 ,
762 2205 815 2260 in
841 2206 1136 2276 eademque
1167 2204 1449 2261 Trinitatis
1472 2221 1701 2276 persona
1730 2206 1833 2277 piae
1856 2204 2070 2263 confes-

488 2295 657 2351 sionis
687 2296 1000 2352 sinceritate
1027 2295 1324 2353 celebrare.
1353 2296 1419 2352 Et
1447 2298 1743 2355 notandum
1769 2298 1913 2367 quod
1942 2306 2069 2361 ante

485 2389 623 2446 stola
660 2389 869 2460 prima,
898 2398 1020 2447 ante
1063 2390 1319 2456 annulus,
1362 2399 1488 2445 ante
1523 2390 1890 2447 calceamenta
1932 2405 2069 2460 pra:-

488 2490 719 2549 Stantur,
758 2491 813 2538 et
839 2482 916 2547 sic
955 2482 1149 2539 deinde
1190 2481 1389 2539 vitulus
1435 2482 1765 2538 immolatur.
1796 2481 1931 2549 Quia
1963 2480 2069 2535 nisi

486 2574 713 2643 quisque
754 2588 901 2642 spem
946 2573 1368 2631 immortalitatis
1417 2575 1673 2641 induerit,
1722 2573 1826 2629 nisi
1871 2570 2070 2627 annulo

489 2662 608 2717 ﬁdei
637 2678 801 2739 opera
829 2646 1227 2737 praemunierit,
1261 2664 1362 2721 nisi
1391 2663 1567 2733 ipsam
1592 2662 1752 2719 ﬁdem
1785 2661 1872 2731 pie
1897 2658 2069 2719 conﬁ-

491 2755 648 2811 tendo
673 2755 1060 2825 praedicaverit,
1095 2771 1200 2813 non
1227 2764 1400 2828 potest
1432 2754 1785 2813 sacramentis
1809 2753 2071 2808 interesse

490 2847 816 2905 caelestibus.
846 2866 864 2901 ι
884 2849 951 2905 Et
975 2858 1255 2920 coeperunt
1279 2847 1505 2921 epulari.
1532 2867 1549 2900 ι
1578 2845 1697 2900 Istae
1716 2843 1887 2917 epulae
1907 2851 2070 2912 atque

490 2936 809 3007 festivitates
849 2955 993 2995 nunc
1040 2940 1378 2999 celebrantur
1424 2953 1522 3010 per
1566 2936 1751 2992 orbem
1801 2944 2067 3001 terrarum

489 3029 729 3109 Ecclesia
759 3031 979 3089 dilatata
1020 3041 1184 3103 atque
1218 3030 1431 3087 diffusa.
1461 3027 1673 3084 Vitulus
1701 3028 1845 3083 enim
1891 3027 1979 3082 ille
2016 3026 2070 3079 in

2166 553 2267 607 mis
2309 555 2455 609 enim
2502 564 2660 612 terra:
2704 556 2803 614 fuit
2851 559 3018 616 frater
3060 570 3213 630 tuus,
3266 566 3360 620 sed
3405 567 3532 622 inde
3588 569 3816 639 major

2166 646 2474 713 exsultatio,
2507 651 2762 718 cantatio,
2792 652 3025 709 Domino
3054 657 3322 712 canticum
3352 674 3554 714 novum
3578 700 3597 726 ,
3654 661 3809 730 (mia

2166 735 2281 791 laus
2325 738 2441 809 ejus
2487 740 2555 794 ab
2601 743 2859 801 extremis
2896 753 3080 803 teme.
3130 746 3199 802 Et
3228 758 3456 818 propter
3491 764 3636 804 eum
3696 750 3809 820 qui

2165 826 2360 885 absens
2384 837 2522 896 erat,
2551 832 2760 889 occisus
2785 844 2865 890 est
2894 835 2983 891 ille
3004 837 3092 892 cui
3118 837 3321 894 dictum
3348 849 3434 895 est
3461 859 3477 895 :
3515 860 3535 893 ι
3566 841 3655 897 Et
3690 841 3811 897 ho-

2166 918 2465 978 locaustum
2489 932 2634 980 tuum
2665 927 2862 998 pingue
2884 927 2979 984 ﬁat
3001 927 3174 1000 (Psal.
3202 934 3340 1001 xix).
3368 953 3386 985 ι

2242 1074 2260 1105 ‹
2297 1055 2609 1129 Indignatus
2632 1067 2718 1114 est
2755 1068 2931 1115 autem
2951 1101 2965 1124 ,
2993 1068 3048 1116 et
3072 1061 3286 1117 nolebat
3311 1063 3565 1120 introire.
3596 1063 3806 1120 Pater

2175 1167 2193 1200 α
2220 1147 2350 1221 ergo
2375 1152 2515 1208 illius
2541 1168 2790 1223 egressus
2824 1156 2988 1226 coepit
3020 1172 3212 1227 rogare
3251 1158 3418 1212 illum.
3453 1179 3472 1211 ι
3508 1159 3802 1229 indigna-

2170 1251 2258 1297 tur
2278 1245 2437 1299 etiam
2464 1261 2624 1313 nunc,
2648 1256 2703 1303 et
2725 1247 2901 1305 adhuc
2926 1264 3032 1305 non
3055 1250 3169 1305 vult
3196 1251 3443 1307 introire.
3471 1251 3614 1307 Cum
3644 1266 3802 1324 ergo

2167 1336 2442 1405 plenitudo
2479 1340 2716 1411 gentium
2764 1342 3067 1408 intraverit,
3111 1345 3419 1416 egredietur
3451 1356 3800 1417 opportuno

2170 1436 2412 1501 tempore
2459 1442 2615 1503 pater
2643 1432 2790 1501 ejus,
2835 1442 2895 1489 ut
2935 1436 3097 1490 etiam
3138 1437 3315 1491 omnis
3358 1436 3529 1493 lsrael
3580 1438 3797 1493 salvus

2170 1520 2280 1575 ﬁat.
2324 1521 2402 1576 Ex
2430 1513 2585 1594 cujﬁs
2616 1533 2770 1596 parte
2801 1527 3013 1583 caecitas
3039 1527 3178 1584 facta
3203 1539 3304 1595 est,
3332 1530 3479 1584 velut
3514 1532 3793 1587 absentia

2172 1610 2223 1665 in
2258 1627 2419 1685 agro,
2450 1615 2619 1669 donec
2651 1615 2923 1686 plenitudo
2962 1617 3056 1672 ﬁlii
3084 1619 3338 1684 minoris,
3374 1620 3536 1687 longe
3564 1621 3622 1675 in
3660 1621 3793 1676 ido-

2170 1702 2385 1759 lolatria
2415 1707 2652 1777 gentium
2685 1709 2995 1773 constituti,
3024 1718 3079 1765 ct
3108 1711 3218 1781 jam
3249 1712 3314 1767 ad
3357 1722 3570 1783 patrem
3606 1714 3793 1768 redu-

2209 1797 2279 1862 ti,
2323 1798 2389 1851 ad
2421 1798 2847 1855 manducandum
2892 1801 3114 1857 vitulum
3160 1803 3406 1859 intraret.
3452 1803 3572 1859 Erit
3619 1807 3787 1861 enim

2173 1887 2492 1956 quandoque
2553 1898 2738 1959 aperta
2795 1891 3003 1946 vocatio
3055 1890 3362 1949 Judaeorum
3419 1895 3473 1949 in
3530 1895 3783 1951 salutem

2171 1976 2483 2050 Evangelii,
2526 1994 2687 2049 quam
2733 1981 3076 2038 manifestam
3121 1984 3457 2041 vocationem
3502 1993 3780 2057 tanquam

2172 2085 2445 2142 egressum
2488 2073 2655 2143 patris
2705 2074 3089 2150 appellatpad
3146 2078 3445 2148 rogandum
3496 2079 3776 2150 majorem

2172 2160 2361 2217 ﬁlium.

2247 2314 2264 2344 ι
2298 2294 2369 2350 At
2410 2292 2501 2351 ille
2544 2299 2905 2367 respondens,
2951 2297 3088 2363 dixit
3126 2300 3268 2369 patri
3313 2315 3459 2357 suo:
3499 2300 3641 2358 Ecce
3684 2312 3773 2358 tot

2178 2403 2195 2435 ι
2229 2385 2386 2441 annis
2433 2386 2611 2441 servio
2650 2386 2783 2453 tibi,
2832 2396 2887 2444 et
2933 2403 3209 2458 nunquam
3248 2391 3560 2448 mandatum
3606 2400 3765 2449 tuum

2178 2495 2195 2529 ι
2230 2478 2520 2547 praeterivi.
2554 2497 2572 2529 ι
2612 2477 2883 2546 Quatritur
2925 2481 3196 2551 quomodo
3226 2480 3315 2536 ille
3351 2482 3575 2553 populus
3613 2500 3759 2539 nun-

2172 2582 2333 2637 quam
2360 2569 2674 2623 mandatum
2703 2569 2797 2624 Dei
2828 2571 3154 2640 praeteriisse
3186 2571 3420 2627 dicatur.
3455 2574 3549 2628 Sed
3579 2571 3746 2627 facile

2172 2659 2262 2721 ille
2291 2661 2562 2726 occurrit,
2601 2677 2779 2733 neque
2805 2664 2873 2718 de
2905 2664 3055 2719 omni
3097 2665 3353 2720 mandato
3385 2665 3575 2721 dictum
3598 2679 3741 2728 esse,

2173 2754 2268 2809 sed
2315 2755 2382 2823 de
2424 2770 2532 2811 uno
2576 2756 2810 2810 maxime
2838 2757 3167 2822 necessario,
3199 2758 3324 2827 quia
3357 2758 3556 2813 nullum
3583 2757 3757 2817 alium

2124 2870 2137 2919 ;
2173 2844 2341 2900 Deum
2364 2845 2544 2901 colere
2567 2844 2754 2915 jussus
2775 2856 2879 2901 est.
2912 2846 3098 2918 Neque
3124 2848 3225 2903 iste
3252 2849 3395 2905 ﬁlius
3420 2852 3472 2903 in
3501 2848 3761 2903 omnibus

2172 2937 2502 3004 lsraeliticis,
2533 2939 2627 2995 sed
2655 2939 2709 2995 in
2746 2940 2830 3001 bis
2865 2940 3181 3012 intelligitur
3211 2942 3409 2999 habere
3442 2957 3765 3012 personam,

2174 3025 2267 3096 qui
2292 3042 2567 3097 nunquam
2588 3027 2656 3084 ab
2678 3043 2786 3084 uno
2807 3028 2917 3086 Deo
2936 3030 3005 3095 ad
3025 3030 3315 3091 simulacra
3334 3032 3575 3091 conversi
3599 3043 3765 3089 sunt.

490 3135 715 3191 corpore
744 3131 799 3189 et
826 3122 1086 3193 sanguine
1118 3119 1398 3179 Dominico
1433 3129 1488 3175 et
1526 3116 1753 3173 olfertur
1794 3116 1978 3182 Patri,
2019 3128 2073 3173 et
2115 3194 2128 3196 _
2176 3118 2433 3187 Quamvis
2477 3121 2621 3176 enim
2664 3130 2920 3193 tanquam
2964 3124 3016 3178 in
3060 3139 3190 3196 agro
3222 3125 3419 3194 positus
3459 3125 3563 3179 iste
3606 3124 3774 3181 ﬁlius

488 3215 661 3287 pascit
688 3222 855 3289 totam
879 3216 1116 3272 domum.

566 3325 586 3358 ι
619 3306 753 3365 Erat
780 3315 958 3363 autem
987 3305 1131 3363 ﬁlius
1160 3302 1342 3375 senior
1364 3303 1422 3367 in
1446 3317 1595 3375 agro.
1619 3322 1638 3356 ι
1672 3300 1839 3375 Filius
1864 3302 2068 3368 senior,

487 3397 715 3475 populus
742 3397 907 3469 Israel
950 3405 1071 3461 est,
1099 3395 1191 3466 qui
1221 3395 1467 3469 quamvis
1495 3394 1550 3455 in
1591 3393 1937 3475 longinquam
1985 3409 2068 3451 re-

488 3490 701 3569 gionem
726 3504 831 3563 non
862 3488 1091 3553 abierit,
1138 3501 1243 3545 non
1288 3495 1470 3542 tamen
1497 3485 1662 3551 domi,
1701 3484 1798 3540 sed
1836 3484 1893 3539 in
1939 3499 2069 3556 agro

490 3583 691 3655 dicitur
721 3597 841 3655 esse
882 3581 1214 3637 immoratus.
1252 3577 1389 3646 Quia
1432 3576 1660 3649 populus
1709 3576 1851 3647 idem
1893 3588 2073 3646 neque

492 3686 664 3745 usque
692 3671 759 3727 ad
806 3670 1025 3729 colenda
1073 3668 1210 3727 idola
1253 3668 1565 3723 Creatorem
1595 3664 1855 3729 deseruit,
1896 3677 2070 3733 neque

490 3762 623 3837 legis
657 3778 820 3833 quam
866 3769 1149 3837 acceperat
1193 3759 1449 3815 interiora
1479 3756 1822 3831 penetravit:
1852 3753 1947 3811 sed
1984 3754 2073 3810 lit-

494 3862 621 3911 terae
651 3852 824 3929 solum
872 3851 1114 3923 custodia
1154 3859 1470 3918 contentus,
1513 3849 1782 3905 exteriora
1814 3848 1985 3920 magis
2016 3856 2073 3904 et

495 3957 708 4003 terrena
732 3947 944 4019 operari
972 3946 1130 4004 simul
1154 3954 1207 4002 et
1235 3959 1453 4017 sperare
1475 3944 1699 4010 solebat,
1726 3943 1950 4000 audiens
1973 3958 2072 4015 per

494 4037 821 4117 Prophetam
869 4054 887 4090 ι
927 4056 945 4088 ‹
983 4035 1042 4095 Si
1076 4035 1356 4093 volueritis
1392 4046 1447 4091 et
1490 4034 1770 4091 audieritis
1794 4048 1901 4101 me,
1930 4034 2069 4090 bona

492 4135 651 4183 terra?
677 4126 968 4184 comedetis
1005 4125 1140 4198 (Ira.
1168 4127 1229 4198 ι).
1267 4144 1385 4179 t—t
1416 4125 1483 4181 Et
1510 4142 1631 4182 cum
1661 4126 1893 4192 veniret,
1907 4134 1962 4180 et
1977 4141 2071 4197 ap-

494 4237 512 4269 ι
545 4217 932 4297 propinquaret
957 4216 1174 4284 domui,
1215 4217 1418 4272 audivit
1447 4217 1824 4289 symphoniam
1854 4225 1910 4273 et
1945 4216 2072 4273 cho-

496 4329 514 4362 ι
550 4324 688 4366 rum.
714 4329 732 4362 ι
759 4307 1164 4387 Appropinquat
1186 4310 1325 4367 ﬁlius
1342 4310 1547 4376 domui,
1565 4326 1685 4365 cum
1708 4311 1938 4383 populus
1960 4310 2068 4380 ille,

489 4402 547 4479 in
573 4402 979 4475 quibuscunque
1016 4403 1327 4461 lsraeliticis
1361 4403 1882 4461 considerationibus
1922 4404 2068 4473 (nam

487 4492 638 4549 multi
666 4492 796 4550 tales
825 4494 1028 4551 inventi
1054 4502 1178 4551 sunt
1209 4495 1263 4549 in
1293 4495 1403 4558 eis.
1437 4502 1493 4549 et
1521 4509 1661 4563 saepe
1696 4494 2066 4566 inveniuntur)

487 4586 669 4643 labore
702 4587 885 4644 servili
913 4588 1094 4660 operis
1122 4581 1454 4657 improbata,
1488 4601 1554 4642 ex
1579 4562 1784 4643 eisdem
1823 4562 2064 4658 Scripta;
2093 4562 2145 4622 Ῑ)

487 4679 562 4733 ris
598 4678 851 4735 Ecclesiae
892 4679 1197 4736 libertatem
1237 4678 1561 4735 considerat.
1609 4679 1774 4735 Audit
1817 4679 2069 4750 sympho-

488 4768 634 4822 niam
656 4777 711 4823 et
738 4770 982 4835 chorum,
1020 4769 1227 4825 scilicet
1263 4769 1455 4851 spiritu
1481 4770 1668 4841 plenos
1694 4771 1918 4827 vocibus
1940 4786 2068 4829 con-

489 4861 637 4917 sonis
688 4860 1034 4937 Evangelinm
1088 4846 1417 4931 praedicare.
1452 4846 1661 4933 Quibus
1723 4865 1927 4921 dictum
1990 4872 2074 4923 est

489 4954 538 5027 (Ι
573 4953 695 5009 Cor.
724 4954 763 5025 ι)
794 4971 808 5008 :
847 4972 864 5005 ι
895 4952 1131 5011 Obsecro
1159 4970 1277 5022 vos,
1300 4956 1514 5023 fratres,
1546 4966 1605 5013 ut
1631 4958 1863 5029 idipsum
1883 4957 2072 5012 dicatis

488 5062 706 5113 omnes,
737 5055 791 5102 et
816 5046 1153 5125 concorditer
1193 5053 1627 5108 ceriversantium
1670 5052 1739 5107 sit
1786 5053 1966 5106 anima
2011 5060 2067 5106 et

488 5154 583 5194 cor
608 5154 772 5193 unum
806 5139 857 5194 in
888 5139 1072 5197 laudes
1097 5141 1246 5198 Dei.»

565 5252 581 5284 ‹
624 5231 689 5287 Et
709 5234 922 5289 vocavit
954 5251 1115 5291 unum
1153 5237 1218 5293 de
1246 5237 1449 5303 servis,
1479 5246 1535 5292 et
1564 5234 1913 5302 interrogavit
1948 5250 2066 5306 qua:

491 5326 601 5380 haec
627 5334 828 5383 essent.
862 5347 881 5379 ι
918 5325 1089 5384 Vocat
1117 5345 1283 5383 unum
1313 5330 1378 5384 de
1408 5328 1577 5383 servis
1596 5367 1609 5393 ,
1651 5341 1771 5382 cum
1797 5328 1962 5382 sumit
1999 5328 2069 5382 ad

488 5419 768 5492 legendum
798 5421 1039 5493 aliquem
1077 5422 1494 5493 prophetarum,
1524 5428 1580 5474 et
1619 5420 1670 5473 in
1719 5435 1782 5474 eo
1825 5436 2069 5491 quaerens

488 5511 880 5581 quodammodo
909 5514 1232 5584 interrogat,
1266 5510 1407 5574 unde
1442 5512 1543 5566 ista
1583 5510 1720 5568 festa
1748 5513 1801 5566 in
1828 5512 2067 5571 Ecclesia

488 5604 850 5674 celebrantur,
876 5608 931 5663 in
960 5607 1155 5677 quibus
1190 5618 1248 5661 se
1277 5618 1397 5659 esse
1425 5620 1533 5673 non
1560 5605 1722 5660 videt.
1762 5605 2068 5678 Respondet

486 5697 538 5752 ei
568 5712 757 5754 servus
783 5698 958 5768 patris
984 5696 1247 5766 prOpIieta
1278 5712 1291 5749 :

565 5811 586 5845 ι.
618 5788 809 5853 Frater
848 5796 975 5847 tuus
1004 5785 1167 5851 venit,
1197 5793 1250 5841 et
1272 5785 1472 5843 occidit
1509 5797 1662 5856 pater
1689 5795 1812 5842 tuus
1842 5786 2067 5842 vitulum

2097 3194 2142 3257 (ἶ
2174 3220 2390 3269 terrena
2417 3213 2778 3280 desideraret,
2818 3217 2885 3272 ab
2914 3232 3020 3272 uno
3057 3194 3235 3281 tamen
3266 3217 3372 3273 Deo
3408 3217 3507 3272 ista
3532 3217 3776 3273 deside-

2170 3302 2330 3358 rabat
2348 3302 2506 3359 bona.
2530 3304 2685 3372 Quod
2708 3307 2868 3363 etiam
2898 3307 3067 3377 patris
3092 3308 3261 3378 ipsius
3282 3306 3581 3367 testimonio
3598 3321 3775 3367 com-

2168 3391 2448 3463 probatur,
2472 3409 2594 3450 cum
2620 3396 2753 3451 dicit
2779 3413 2792 3450 :
2831 3414 2850 3448 ‹
2882 3396 2959 3453 Tu
2992 3412 3201 3465 mecum
3226 3413 3287 3453 es
3310 3411 3537 3468 semper.
3575 3416 3593 3449 ι
3631 3396 3771 3454 Non

2169 3487 2315 3561 enim
2350 3488 2503 3556 quasi
2549 3489 2895 3547 mentientem
2928 3492 3229 3563 redarguit,
3268 3491 3362 3546 sed
3396 3506 3764 3563 perseveran-
3837 3499 3858 3516 ‘

2171 3577 2307 3643 tiam
2330 3577 2446 3648 ejus
2476 3580 2800 3651 approbans,
2832 3583 2897 3639 ad
2926 3582 3309 3651 perfectionem
3336 3583 3560 3654 potioris
3588 3591 3771 3653 atque

2128 3732 2129 3737 η
2163 3664 2502 3737 iucundioris
2534 3671 2909 3729 cxsnltationis
2948 3673 3156 3731 invitat.
3194 3693 3214 3727 ι
3243 3674 3313 3730 Et
3350 3689 3622 3745 nunquam
3651 3674 3765 3729 de-

2172 3759 2299 3823 disti
2331 3761 2462 3817 mihi
2492 3763 2702 3823 hmdum
2722 3805 2737 3832 ,
2770 3775 2828 3819 ut
2870 3781 2993 3821 cum
3034 3767 3223 3822 amicis
3260 3768 3396 3823 meis
3429 3766 3702 3839 epularer.
3737 3788 3761 3822 ι

2170 3848 2431 3907 Peccator
2455 3853 2697 3923 profecto
2730 3845 2869 3911 haedi
2893 3856 3110 3915 nomine
3135 3856 3424 3926 signiﬁcari
3464 3856 3617 3921 solet,
3654 3858 3767 3914 sed

2172 3940 2316 3996 absit
2361 3950 2420 3996 ut
2454 3942 2842 4019 Antichristum
2893 3945 3208 4016 intelligam.
3256 3946 3555 4003 Absurdum
3603 3947 3769 4009 enim

2172 4042 2276 4100 est,
2306 4051 2427 4090 eum
2458 4036 2545 4090 cui
2574 4035 2770 4095 dicitur
2796 4055 2811 4091 :
2843 4056 2861 4091 ‹
2895 4039 2977 4093 Tu
3000 4054 3205 4095 mecum
3234 4055 3294 4095 es
3341 4054 3568 4108 semper,
3601 4058 3620 4091 ι
3652 4039 3769 4097 hoc

2172 4146 2201 4185 a
2236 4139 2388 4201 patre
2433 4140 2686 4201 optasse,
2733 4141 2793 4190 ut
2822 4133 3209 4191 Antichristum
3252 4135 3530 4199 crederet,
3577 4149 3766 4205 neque

2171 4222 2391 4277 omnino
2426 4222 2483 4277 in
2508 4221 2586 4279 eis
2610 4221 2949 4291 latinorum,
2986 4226 3077 4295 qui
3114 4227 3451 4282 Antichristo
3494 4226 3766 4281 credituri

2173 4319 2326 4378 sunt,
2360 4313 2525 4373 istum
2550 4312 2748 4377 Filium
2772 4314 2855 4377 fas
2882 4325 2962 4372 est
2993 4317 3240 4389 intelligi.
3270 4317 3546 4384 Quomodo
3570 4326 3767 4373 autem

2172 4404 2482 4474 epularetur
2523 4422 2591 4462 ex
2636 4406 2728 4463 illo
2777 4408 2960 4474 haedo,
3002 4409 3047 4463 si
3080 4413 3192 4478 ipse
3238 4418 3320 4467 est
3363 4408 3761 4475 Antichristms,

2172 4499 2267 4569 qui
2299 4515 2405 4557 non
2441 4499 2492 4557 ei
2520 4501 2929 4557 crederet?Aut
2954 4502 2999 4558 si
3028 4504 3132 4563 hoc
3166 4513 3250 4558 est
3287 4503 3489 4573 eptilari
3515 4518 3579 4559 es
3614 4503 3765 4561 haedi

2170 4589 2469 4656 occisione,
2499 4590 2641 4660 quod
2665 4600 2750 4647 est
2781 4593 2848 4649 de
2876 4591 3195 4655 Antichristi
3229 4593 3523 4662 perditione
3554 4592 3761 4658 laetari,

2172 4685 2441 4767 quomodo
2470 4684 2598 4739 dicit
2633 4684 2835 4752 Filius,
2862 4702 3019 4756 quem
3058 4688 3251 4757 recipit
3294 4696 3466 4758 pater,
3504 4688 3606 4743 hoc
3650 4688 3763 4743 sibi

2172 4791 2277 4831 non
2318 4774 2484 4831 fuisse
2510 4791 2825 4837 concessum
2847 4820 2860 4843 ,
2898 4794 3020 4833 cum
3045 4794 3233 4833 omnes
3257 4778 3352 4833 ﬁlii
3382 4780 3479 4839 Dei
3512 4779 3579 4835 de
3607 4779 3759 4835 illius

2175 4867 2475 4924 adversarii
2506 4867 2854 4924 damnatione
2884 4869 3113 4929 laetaturi
3144 4870 3302 4929 sunt?
3332 4869 3595 4935 Nimirum
3620 4885 3759 4942 ergo

2173 4962 2355 5034 ipsum,
2379 4960 2665 5019 Dominum
2707 4963 2808 5019 sibi
2851 4971 3102 5034 negatum
3146 4962 3212 5017 ad
3259 4962 3582 5032 epulandum
3624 4978 3760 5019 cou-

2173 5050 2439 5120 queritur,
2464 5051 2588 5105 dum
2614 5066 2735 5107 eum
2760 5060 3102 5122 peccatorum
3126 5059 3295 5120 putat.
3319 5050 3454 5106 Cum
3475 5051 3621 5107 enim
3646 5052 3761 5105 ine-

2173 5143 2272 5199 dus
2314 5142 2391 5197 illi
2429 5144 2572 5214 genti
2618 5142 2876 5198 Dominus
2907 5143 3220 5207 videbatur,
3252 5143 3311 5197 id
3347 5152 3432 5199 est
3463 5158 3586 5199 cum
3626 5159 3755 5198 eum

2173 5233 2395 5289 Sabbati
2425 5233 2745 5303 violatorem
2764 5242 2821 5303 et
2854 5233 3254 5302 profanatorem
3285 5231 3417 5305 legis
3449 5232 3749 5297 existimat,

2166 5324 2451 5395 jucundari
2500 5323 2672 5394 epulis
2718 5321 2833 5392 ejus
2879 5339 2984 5378 non
3032 5323 3245 5378 meruit.
3297 5323 3366 5381 Ut
3415 5323 3555 5392 quod
3608 5325 3685 5377 ait
3730 5340 3742 5375 :

2179 5438 2195 5465 α
2237 5414 2521 5485 Nunquam
2571 5414 2765 5469 dedisti
2812 5413 2942 5468 mihi
2988 5414 3237 5479 haedum,
3286 5424 3345 5468 ut
3388 5429 3511 5467 cum
3560 5414 3750 5468 amicis

2170 5510 2307 5565 meis
2336 5508 2601 5580 epularer,
2633 5526 2651 5559 ›
2688 5507 2793 5562 tale
2821 5509 2892 5562 sit
2921 5523 2985 5563 ac
3019 5508 3063 5563 si
3096 5507 3317 5573 diceret,
3342 5522 3465 5562 eum
3491 5507 3584 5577 qui
3617 5507 3745 5561 mihi

2170 5603 2354 5659 lnedus
2375 5603 2688 5667 videbatur,
2721 5617 3005 5671 nunquam
3037 5600 3165 5657 mihi
3199 5602 3264 5659 ad
3300 5600 3623 5670 epulandum
3660 5603 3747 5654 σεο

2169 5694 2294 5750 disti
2342 5712 2353 5746 :
2402 5709 2468 5748 eo
2518 5694 2633 5763 ipso
2680 5693 2811 5748 mihi
2859 5694 3006 5748 illum
3054 5694 3227 5764 ipsum
3279 5710 3382 5748 non
3421 5693 3727 5749 concedens

2166 5786 2309 5857 quod
2336 5783 2466 5845 mihi
2496 5784 2678 5839 lendus
2699 5784 2998 5840 videbatur.
3024 5783 3177 5851 Quod
3201 5786 3342 5839 enim
3369 5784 3499 5839 dicit
3572 5802 3589 5834 ι
3610 5784 3743 5839 Cum
