3994 6354
145 388 261 453 255

150 598 221 655 be
248 594 584 667 intelligitur,
614 604 707 653 aut
749 611 813 650 ex
855 610 1084 666 persona
1128 595 1308 666 populi
1344 589 1730 665 Hierosolymi-

42 671 63 682 ⁸
151 688 269 745 tani
299 702 425 755 cunt
454 687 662 747 caeteris
688 687 896 758 pupulis
919 686 1245 747 Iudaeorum.

230 798 251 837 ι
298 778 403 839 Sed
426 787 708 850 posz
748 779 887 841 (ilius
914 787 1036 835 tuus
1070 780 1159 835 hic
1184 778 1277 849 qui
1298 776 1575 839 devoravit
1614 775 1736 831 sub-

158 888 177 921 ι
214 870 475 929 stantiam
503 884 658 935 suam
714 885 838 933 cum
874 868 1271 934 meretricibus,
1303 868 1467 931 venit,
1492 864 1739 929 occidisti

162 981 183 1019 ι
226 962 303 1017 illi
324 962 550 1029 vitulum
578 963 903 1032 saginatum.
937 982 957 1013 ι
990 1032 999 1037 ι

228 1053 540 1121 meretrices
574 1063 702 1111 sunt
722 1053 1003 1126 gentilium
1024 1051 1455 1125 superstitiones,
1478 1064 1599 1105 cum
1625 1048 1739 1119 qui-

150 1148 256 1207 bus
285 1148 642 1227 substantiam
678 1148 963 1218 dissipare,
992 1155 1096 1213 est,
1125 1146 1313 1219 relicto
1341 1160 1446 1203 uno
1470 1143 1738 1203 connubio

152 1240 269 1296 veri
298 1239 416 1307 Dei,
447 1256 571 1307 etim
599 1240 755 1297 turba
803 1240 1105 1301 daemonum
1152 1239 1446 1310 cupiditate
1494 1234 1741 1307 turpissi-

153 1348 246 1387 ma
279 1332 556 1397 fornicari.

231 1443 249 1474 ι
296 1424 368 1477 At
392 1423 505 1493 ipse
539 1421 676 1479 dixit
701 1421 775 1477 illi
802 1440 814 1476 :
848 1421 972 1489 Fili,
1003 1430 1056 1478 tu
1085 1437 1299 1493 semper
1325 1436 1383 1477 es
1414 1433 1655 1483 mecum,
1686 1425 1741 1479 et

153 1536 173 1569 ι
225 1517 410 1575 omnia
435 1532 554 1577 mea
584 1526 672 1573 tua
703 1526 847 1573 sunt.
882 1516 1096 1586 Epulari
1125 1526 1304 1572 autem
1334 1524 1389 1571 et
1416 1515 1650 1587 gaudere
1687 1521 1741 1568 te

152 1626 171 1651 ε
226 1607 533 1676 oportebat.
566 1607 691 1676 quia
738 1604 905 1675 frater
949 1615 1073 1671 tuus
1120 1606 1207 1661 hic
1251 1613 1493 1663 mortuus
1523 1612 1661 1665 erat,
1688 1609 1744 1657 et

153 1719 173 1751 ‹
227 1698 424 1755 revixit
446 1716 465 1761 :,
491 1698 745 1769 perierat,
776 1705 831 1752 et
876 1698 1125 1767 inventus
1172 1705 1273 1773 est.
1316 1715 1333 1747 ι
1374 1694 1527 1764 Quod
1572 1695 1735 1753 dicit:

151 1812 172 1843 σ
226 1802 284 1848 et
322 1791 503 1849 omnia
544 1806 663 1845 mea
707 1798 798 1847 tua
841 1799 983 1855 sunt,
1031 1810 1049 1842 ι
1082 1806 1186 1845 non
1223 1791 1517 1861 putandum
1552 1799 1635 1849 est
1667 1788 1742 1842 ita

1382 382 1687 455 HOMlLIAE
1730 382 1820 457 ne
1856 379 2202 455 teneone.

149 502 347 559 amicis
395 518 553 566 meis,
579 521 597 555 ι
638 510 729 557 aut
764 517 829 557 ex
868 516 1097 571 persona
1128 501 1431 573 principum
1458 515 1580 557 cum
1617 497 1722 569 ple-
1760 510 1805 577 Α
1836 493 2041 565 (Ibid).
2085 512 2103 549 ι
2141 494 2205 551 Ει
2251 496 2303 548 in
2343 494 2662 568 Apocalypsi
2706 514 2717 549 :

3316 381 3421 447 154

2774 513 2791 546 ι
2848 494 2961 567 Ego
3010 511 3128 569 sitm
3164 495 3323 589 alpha
3368 505 3423 555 et

1839 597 2025 655 omega
2053 581 2233 657 (Apoc.
2266 581 2328 657 ι).
2364 602 2381 635 ι
2423 583 2485 643 Et
2513 584 2565 639 in
2598 584 2924 658 Evangelio:
2959 604 2977 636 ι
3022 581 3233 649 Amen.
3261 599 3422 643 amen

1838 675 1957 729 dico
1971 673 2142 739 vobis,
2160 681 2446 742 antequam
2470 672 2740 729 Abraham
2770 675 2944 744 ﬁeret,
2971 690 3069 755 ego
3090 692 3209 735 sum
3235 674 3420 745 (Joau.

1838 767 1985 853 vtuj.
2023 785 2041 819 ι
2080 765 2150 822 Ut
2192 780 2322 837 ergo
2371 767 2677 822 ostenderet
2723 768 2916 833 Filium
2948 770 3041 837 Dei
3071 784 3285 843 semper
3307 787 3426 831 esse

1839 873 1960 913 cum
2004 857 2181 923 Patre,
2229 868 2340 912 erat
2371 858 2522 921 dixit,
2556 867 2609 913 et
2634 873 2738 915 non
2768 859 2887 929 fuit.
2921 861 3292 923 Daemoniacus
3316 862 3419 921 iste

1840 952 1982 1022 apud
2012 950 2323 1006 Mattliacum
2370 967 2475 1007 non
2503 950 2674 1011 solum
2703 961 2904 1020 mutus,
2936 955 3031 1031 sed
3059 958 3225 1012 etiam
3254 946 3429 1031 caecus

1838 1042 2004 1111 fuisse
2028 1045 2363 1116 perhibetur,
2396 1055 2723 1118 curatusque
2751 1063 2780 1105 a
2808 1048 2919 1105 Deo
2951 1050 3275 1119 mirabiliter
3302 1052 3432 1109 dici—

1839 1145 1946 1205 tur,
1980 1138 2052 1197 ita
2074 1150 2133 1194 ut
2160 1139 2468 1209 loqueretur
2490 1149 2544 1211 et
2566 1140 2793 1201 videret.
2830 1140 2930 1213 Ubi
2958 1145 3253 1219 notandum
3301 1145 3431 1217 quiat

1839 1232 1893 1289 in
1936 1249 2043 1290 uno
2089 1235 2383 1307 eodemque
2426 1236 2643 1297 homine
2692 1236 2957 1313 Doininus
3007 1239 3110 1309 tria
3159 1241 3434 1317 mirabilia

1839 1326 2043 1403 pariter
2081 1335 2163 1382 est
2193 1336 2462 1399 operatus.
2514 1327 2700 1387 Caecus
2730 1328 2898 1394 videt,
2944 1337 3126 1389 mutus
3170 1330 3431 1403 loquitur,

1840 1418 2092 1473 obsessus
2123 1434 2152 1473 a
2180 1418 2423 1475 dannone
2450 1421 2676 1495 eruitur.
2704 1421 3005 1492 Allegorice
3032 1430 3212 1495 autem
3258 1406 3435 1499 genus;

1840 1509 2133 1563 humanum
2171 1509 2463 1579 significat,
2492 1510 2633 1581 quod
2671 1519 2800 1567 tunc
2839 1511 3135 1580 possessori
3184 1526 3283 1569 suo
3318 1511 3434 1571 dia-

1841 1596 1962 1661 bolo
2011 1614 2069 1654 se
2112 1598 2378 1666 subdidit,
2428 1599 2645 1670 quando
2692 1601 2860 1657 Deum
2897 1611 3207 1679 creatorem
3251 1617 3431 1683 suum,

1840 1689 2053 1763 diabolo
2099 1692 2379 1758 suadente,
2425 1694 2767 1767 contempsit.
2814 1692 2964 1753 Tunc
3006 1694 3221 1771 videndi
3263 1695 3437 1777 Deutn

1842 1780 2158 1855 dignitatem
2186 1781 2440 1855 perdidit,
2482 1783 2701 1855 quando
2737 1783 2809 1841 ad
2831 1784 3321 1863 concupiscendum
3347 1799 3437 1840 reo

144 1884 381 1950 dictum,
414 1884 570 1953 quasi
590 1899 694 1941 non
722 1884 829 1943 sint
857 1892 911 1939 et
938 1882 1153 1949 fratres,
1178 1891 1235 1945 ut
1265 1891 1519 1953 tanquam
1548 1881 1601 1936 in
1634 1890 1741 1936 ter-
1767 1875 1997 1955 ntitum
2043 1874 2246 1947 lignum
2294 1875 2478 1933 oculos
2524 1877 2765 1948 aperuit,
2816 1877 2956 1939 sicut
3003 1879 3263 1959 scriptum
3311 1887 3432 1937 est:
3464 1933 3476 1954 ,

145 1992 288 2035 reua
318 1977 630 2037 hereditate
650 1978 886 2047 patiatur
911 1976 1205 2046 angustias.
1236 1975 1511 2047 Quomodo
1531 1975 1741 2046 possint

143 2084 280 2129 esse
307 2070 488 2133 omnia
528 2070 769 2139 majoris,
815 2069 866 2133 si
903 2068 1066 2141 habet
1094 2067 1258 2131 etiam
1300 2066 1484 2135 iunior
1534 2074 1741 2145 partem

141 2160 351 2217 suam?
382 2146 477 2229 Sic.
516 2161 660 2215 enim
696 2176 726 2215 a
759 2158 1015 2235 perfectis
1042 2167 1097 2214 et
1122 2159 1363 2231 purgatis
1394 2174 1457 2214 ac
1496 2157 1606 2228 jatn
1639 2158 1740 2212 im-

140 2252 478 2307 mortalibus
525 2252 648 2311 ﬁliis
678 2254 943 2319 habentur
966 2252 1177 2318 omnia,
1209 2259 1270 2306 ut
1292 2252 1400 2308 sint
1424 2259 1481 2306 ct
1503 2251 1743 2309 omnium

136 2347 391 2416 singula,
416 2356 470 2401 et
489 2349 668 2403 omnia
692 2347 1041 2418 singulorum.
1069 2345 1138 2411 Ut
1160 2345 1304 2403 enim
1324 2344 1592 2415 cupiditas
1614 2342 1748 2399 nihil

138 2435 280 2489 sine
310 2435 579 2503 angustia,
618 2435 693 2495 ita
720 2434 853 2490 nihil
883 2450 1005 2507 cum
1036 2434 1287 2509 angustia
1315 2434 1551 2493 charitas
1579 2439 1742 2487 tenet.

140 2528 293 2578 (lum
341 2538 473 2594 ergo
516 2524 903 2583 beatitudinem
940 2524 1090 2593 illam
1114 2523 1528 2590 obtinuerimus,
1563 2531 1748 2579 nostra

143 2624 320 2677 erunt
346 2616 414 2672 ad
452 2617 741 2675 videndum
769 2617 1066 2685 superiora,
1103 2627 1288 2681 nostra
1330 2623 1489 2675 erunt
1514 2616 1581 2671 ad
1620 2630 1748 2669 con-

148 2707 455 2773 vivendum
491 2707 740 2778 aequalia,
778 2716 964 2765 nostra
1002 2718 1160 2763 erunt
1188 2715 1244 2762 et
1270 2707 1340 2769 ad
1364 2704 1747 2777 dominantium

150 2802 437 2867 inieriora.
490 2800 550 2858 Si
596 2816 756 2871 quem
806 2808 989 2861 autem
1036 2808 1237 2867 movet,
1285 2797 1553 2870 quomodo
1597 2796 1746 2855 Patri

151 2896 470 2967 supplicans
498 2893 711 2959 Veritas
739 2893 882 2950 dicat
920 2910 933 2947 :
977 2912 994 2943 ‹
1027 2892 1094 2947 Et
1124 2891 1307 2949 omnia
1334 2904 1454 2963 mea
1482 2898 1569 2945 tua
1598 2896 1742 2953 sunt,

152 2997 217 3045 et
243 2998 333 3047 tua
353 2985 667 3058 nieauoan.
700 2988 834 3052 xvii)
860 3002 872 3037 :
903 3003 922 3035 ι
950 2982 1039 3041 cui
1066 2981 1400 3038 simillimum
1422 2979 1632 3053 videtur
1651 2992 1740 3034 so-

156 3094 297 3136 nare
335 3077 476 3149 quod
505 3079 593 3137 hic
620 3075 755 3131 Filio
794 3075 994 3133 dicitur
1035 3092 1049 3127 :
1099 3092 1117 3126 ι
1168 3073 1235 3128 Εῑ
1262 3071 1445 3131 omnia
1497 3086 1616 3127 mea
1653 3079 1743 3125 tua

1850 1986 1869 2019 ι
1915 1967 2059 2031 Vidit
2105 1969 2299 2024 mulier
2343 1970 2544 2040 lignum
2588 1971 2729 2041 quod
2774 1980 2917 2043 esset
2956 1972 3243 2047 pulchrum
3294 1973 3437 2052 visu,

1844 2068 2173 2151 aspectuque
2221 2063 2572 2128 delectabile,
2624 2064 2746 2121 tttlit
2776 2073 2829 2125 et
2877 2066 3133 2145 comedit,
3180 2065 3437 2138 deditque

1843 2156 1962 2211 viro
1988 2171 2102 2212 suo.
2137 2156 2236 2224 Qui
2262 2156 2515 2224 comedit,
2542 2165 2596 2213 et
2616 2158 2789 2235 aperti
2817 2166 2943 2219 sunt
2982 2157 3122 2235 octili
3152 2158 3435 2215 amborum

1846 2246 1996 2321 (Gen.
2027 2250 2110 2322 ιι).
2142 2250 2481 2323 i-boquelam
2507 2251 2713 2321 pariter
2753 2251 2952 2329 amisit,
2990 2251 3116 2329 quia
3146 2260 3435 2327 postquam

1846 2349 2071 2419 peccato.
2092 2356 2149 2409 se
2175 2341 2432 2415 subdidit,
2463 2357 2494 2396 a
2516 2341 2673 2419 laude
2695 2341 2793 2419 Dei
2817 2342 3068 2413 cessavit.
3102 2362 3123 2415 Ii
3150 2341 3269 2407 Non
3290 2342 3437 2403 enim

1847 2442 1951 2497 est,
1982 2440 2041 2487 ut
2064 2432 2138 2487 ait
2176 2431 2479 2511 Scriptura,
2510 2433 2751 2511 speciosa
2782 2433 2899 2511 latis
2932 2433 2985 2505 in
3015 2448 3108 2493 ore
3137 2433 3438 2511 peccatoris

1850 2520 2041 2593 (Eccli.
2070 2520 2185 2593 xv).
2226 2540 2251 2597 »Δ
2276 2518 2383 2579 Sed
2412 2521 2642 2595 Domino
2672 2521 2725 2576 in
2753 2521 3009 2603 mundum
3033 2522 3298 2589 veniente,
3332 2522 3438 2581 dae-

1848 2614 2128 2679 moniacus
2168 2615 2270 2675 iste
2296 2623 2515 2693 curatus
2560 2624 2641 2693 est
2667 2634 2679 2668 :
2703 2616 2829 2685 quia
2858 2625 3143 2687 postquam
3166 2617 3308 2677 Deus
3337 2618 3438 2675 htt-

1848 2722 2065 2763 manam
2092 2714 2347 2787 naturam
2385 2709 2487 2765 sibi
2528 2707 2826 2785 conjunxit,
2858 2709 3257 2793 im‘mundorntn
3285 2710 3439 2783 spiri-

1848 2807 1999 2875 tuttm
2037 2809 2333 2875 potestates
2372 2802 2438 2861 ab
2466 2803 2717 2861 humanis
2756 2804 3033 2879 cordibus
3060 2805 3286 2878 expulit,
3320 2806 3440 2879 ipso

1846 2893 2057 2955 dicente
2099 2910 2111 2946 :
2156 2911 2173 2943 ι
2204 2892 2357 2949 Nunc
2393 2893 2526 2949 hora
2568 2902 2670 2959 est,
2702 2902 2761 2953 ut
2783 2895 3035 2971 princeps
3063 2896 3221 2969 hujus
3245 2899 3433 2967 mundi

1844 2982 2093 3051 ejiciatur
2143 2981 2291 3038 foras
2341 2982 2525 3056 (Joan.
2576 2984 2696 3058 xu).
2748 3005 2768 3039 ι
2832 2984 2982 3055 Tunc
3030 2986 3177 3063 enim
3222 2988 3441 3057 videndi

1845 3073 2013 3131 Deum
2054 3071 2287 3131 ollicium
2317 3076 2539 3146 recepit,
2573 3075 2787 3149 quando
2834 3092 2930 3149 per
2974 3076 3131 3133 tidem
3162 3077 3308 3141 illum
3350 3079 3434 3137 in-

158 3180 312 3236 sunt,
356 3190 375 3222 »
409 3170 543 3231 sciat
585 3168 846 3239 unigeniti
877 3165 1001 3223 Filii
1036 3179 1155 3223 esse
1186 3164 1366 3221 omnia
1405 3177 1524 3233 qua:
1566 3161 1744 3223 Patris
1789 3240 1813 3242 ν
1849 3166 1986 3227 tueri
2016 3166 2199 3237 coepit,
2229 3182 2257 3221 a
2280 3165 2433 3235 cujus
2454 3167 2659 3223 visione
2680 3170 2953 3241 peccando
2980 3184 3038 3225 se
3066 3170 3433 3242 elongaverat,

158 3270 313 3321 sunt.
340 3260 442 3314 Per
459 3261 570 3315 [nec
586 3260 751 3339 etiam
779 3260 898 3328 ipse
921 3257 1063 3327 Deus
1084 3266 1184 3320 est,
1215 3264 1271 3311 et
1297 3255 1365 3311 de
1383 3254 1542 3329 Patre
1562 3262 1739 3318 natus,
1771 3240 1817 3315 (Σ
1847 3256 2066 3328 impleta
2114 3258 2415 3331 prophetia,
2449 3274 2569 3328 qua:
2597 3260 2673 3335 ait
2709 3277 2721 3313 :
2770 3280 2787 3310 ι
2832 3260 3065 3341 Populus
3093 3240 3439 3337 qni—sedebat

164 3352 327 3413 Patri
353 3360 439 3406 est
460 3330 690 3419 aequalis.
723 3350 861 3415 Nam
887 3358 942 3406 et
972 3348 1101 3411 illud
1124 3347 1269 3418 quod
1295 3346 1363 3401 de
1391 3344 1595 3419 Spiritu
1622 3359 1745 3399 san-

169 3452 266 3499 cto
291 3442 514 3511 loquens
534 3443 640 3497 ait:
668 3461 686 3494 ι
712 3442 904 3499 Omnia
931 3456 1051 3511 qua:
1065 3439 1246 3504 Pater,
1275 3451 1393 3513 mea
1416 3444 1541 3495 sunt
1562 3435 1741 3507 (Joan.

166 3536 306 3605 xvr).
332 3554 350 3587 ι
373 3534 553 3604 Neque
574 3535 713 3597 enim
745 3535 981 3605 Spiritus
1001 3539 1219 3601 sanctus
1235 3530 1300 3587 de
1327 3540 1600 3603 creatura,
1624 3540 1746 3596 qua:

157 3614 321 3687 Patri
351 3637 435 3687 est.
476 3626 733 3697 subjecta,
764 3635 821 3693 et
862 3625 1031 3685 Filius
1072 3631 1191 3680 erat
1257 3628 1606 3688 accepturus,
1652 3616 1745 3687 qui

158 3719 259 3785 ait,
280 3737 300 3769 ι
325 3718 402 3781 De
427 3733 549 3773 meo
578 3718 809 3789 accipiet
827 3737 845 3770 ι
878 3735 892 3771 :
915 3717 1015 3789 sed
1031 3715 1214 3787 utique
1226 3714 1292 3771 de
1317 3728 1425 3784 quo
1441 3712 1601 3767 Patre
1622 3725 1746 3782 pro-

158 3808 573 3879 ceditSpiritus,
600 3809 667 3877 de
695 3825 802 3878 quo
829 3818 990 3889 natps
1014 3815 1100 3867 est
1121 3814 1177 3877 et,
1197 3804 1381 3862 Filius.
1409 3803 1534 3859 Sive
1559 3802 1746 3874 utique

160 3905 301 3961 duos
334 3902 473 3961 ﬁlios
502 3903 601 3959 bos
627 3901 695 3957 ad
724 3910 1012 3972 utrumque
1053 3900 1329 3981 populum,
1358 3898 1494 3964 sive,
1524 3905 1585 3957 ut
1620 3893 1744 3968 qui-

160 3996 395 4061 busdam
417 3995 615 4067 placet,
645 4002 705 4049 ut
729 3996 865 4051 duos
885 3993 1154 4069 quoslibet
1180 3992 1449 4053 homines.
1479 3988 1746 4059 poeniten-

164 4098 273 4145 tem
304 4086 550 4143 videlicet
572 4096 628 4143 et
644 4086 869 4156 justum,
890 4084 979 4155 vel
1005 4085 1095 4158 qni
1123 4084 1224 4141 sibi
1245 4081 1423 4151 justus
1443 4081 1743 4145 videbatur,

164 4179 371 4236 referre
402 4179 633 4251 volueris
651 4219 665 4244 ,
695 4179 1032 4248 congaudeat
1061 4177 1232 4248 major
1261 4194 1273 4229 :
1313 4175 1438 4245 quia
1464 4173 1633 4229 frater
1652 4174 1742 4244 ju-

161 4273 285 4341 nior
296 4281 541 4337 mortuus
561 4281 700 4337 erat,
715 4281 771 4328 et
790 4271 1015 4343 revixit;
1028 4269 1355 4343 perierat,_et
1373 4269 1623 4343 inventus
1639 4273 1743 4345 est.

722 4401 1000 4458 HOMIIJA
1037 4401 1190 4457 XLII.

422 4531 671 4571 DOMINICA
717 4532 913 4572 TERTIA
950 4532 1003 4569 IN
1040 4528 1461 4579 QUADRAGESHIA.

1848 3351 1901 3404 in
1929 3350 2191 3419 tenebris,
2230 3350 2363 3404 vidit
2416 3350 2597 3417 lucem,
2646 3367 2921 3423 magnam,
2965 3353 3336 3417 habitantibus
3380 3355 3441 3425 in

1845 3441 2066 3509 regione
2090 3441 2295 3496 umbrae
2339 3441 2549 3523 mortis,
2582 3441 2671 3499 lux
2717 3452 2839 3517 orta
2876 3452 2960 3498 est
3005 3442 3084 3505 eis
3114 3442 3247 3513 (lsa.
3279 3444 3375 3523 ix).
3412 3465 3431 3499 ι

1848 3532 1999 3593 Unde
2026 3532 2301 3603 apostolus
2328 3518 2529 3597 Paulus
2547 3530 2894 3591 credentibus
2920 3534 2995 3588 ait
3022 3551 3035 3589 :
3066 3554 3085 3587 ι
3114 3518 3438 3593 Ριιίεῑὶεἰιιί-

1846 3626 2060 3697 quando
2089 3625 2342 3692 tenebrae,
2369 3640 2512 3681 nunc
2540 3632 2720 3683 autem
2754 3624 2845 3681 lux
2870 3626 2922 3691 in
2957 3626 3185 3701 Domino
3215 3626 3430 3699 (Ephes.

1845 3716 1921 3786 v).
1943 3736 1973 3807 ID
2018 3714 2310 3793 Loquelam
2337 3716 2543 3787 pariter
2568 3715 2788 3809 recepit,
2814 3716 3030 3793 quando
3060 3732 3228 3790 genus
3248 3718 3438 3795 huma-

1846 3798 1977 3865 num
2000 3822 2097 3863 ora
2125 3806 2273 3877 prius
2300 3806 2531 3865 tacentia
2565 3806 2630 3865 ad
2658 3798 3052 3883 confessionem
3085 3806 3179 3881 Dei
3204 3808 3439 3879 aperuit,

1847 3901 2030 3956 dicens
2053 3914 2179 3959 cum
2205 3897 2493 3963 Psalmista
2537 3916 2548 3952 :
2591 3918 2608 3951 ι
2640 3899 2882 3975 Domine,
2912 3898 3053 3967 labia
3081 3915 3201 3956 mea
3223 3900 3438 3971 aperies

1848 3988 1964 4063 (Ps.
1998 3989 2072 4062 ι).
2108 4011 2126 4043 ι
2162 3990 2229 4063 Et
2259 4006 2381 4045 cum
2408 3990 2545 4047 Isaia
2573 4008 2585 4043 :
2618 4008 2635 4042 ι
2664 3989 2925 4051 Dominus
2959 3991 3102 4047 Deus
3125 3991 3271 4047 dedit
3302 3992 3439 4051 mibi

1848 4082 2083 4154 linguam
2114 4082 2380 4138 eruditam
2416 4082 2550 4155 (Isti.
2593 4082 2667 4154 ι).
2702 4102 2720 4135 ι
2769 4080 2879 4139 Nec
2908 4082 3081 4139 solum
3115 4082 3282 4141 Deum
3324 4084 3439 4153 lati:

1847 4174 2000 4240 dare,
2025 4173 2118 4229 sed
2139 4175 2302 4229 etiam
2322 4174 2585 4231 idolorum
2613 4174 2850 4231 cultores
2865 4176 3033 4247 coepit
3055 4176 3329 4241 detestari,
3350 4176 3435 4231 di-

1848 4283 1976 4325 cens
2001 4283 2127 4333 cum
2147 4267 2433 4333 Psalmista
2466 4287 2479 4323 :
2511 4287 2529 4321 ι
2564 4267 2975 4339 Contundantur
3008 4286 3201 4329 omnes
3220 4271 3313 4342 qui
3336 4274 3434 4335 ad-

1847 4368 2013 4421 orant
2031 4358 2317 4431 sculptilia,
2342 4360 2433 4430 qui
2456 4359 2754 4431 gloriantur
2782 4361 2837 4419 in
2865 4360 3172 4419 simulacris
3187 4362 3297 4416 suis
3318 4360 3433 4432 (Ps.

1851 4451 2015 4523 xcvr).
2043 4471 2065 4521 »Α
2079 4482 2149 4492 -
2168 4469 2186 4502 ι
2207 4450 2474 4527 Quoniam
2488 4466 2676 4513 omnes
2688 4452 2760 4507 dii
2782 4452 3318 4525 gentiumgdtemonia,
3340 4452 3437 4505 Do-

1851 4543 2033 4603 minus
2071 4550 2251 4600 autem
2293 4542 2460 4599 coelos
2486 4541 2614 4599 fecit
2646 4540 2761 4615 (Ps.
2788 4542 2932 4613 xcv).
2973 4561 2991 4592 ι
3022 4541 3087 4601 Et
3125 4556 3248 4597 cum
3282 4538 3436 4595 Jerc-

243 4625 394 4699 (Luc.
431 4627 532 4700 xi.)
577 4648 595 4683 ι
640 4627 699 4691 ln
746 4626 835 4683 illo
881 4637 1152 4709 tempore,
1184 4632 1302 4681 erat
1325 4622 1483 4680 Iesus
1524 4622 1745 4694 ejiciens
1774 4603 1829 4664 Β
1853 4632 1995 4686 mia:
2026 4651 2043 4683 ι
2084 4632 2189 4698 Dii,
2215 4632 2309 4703 qui
2337 4648 2442 4689 non
2471 4603 2714 4687 fecerunt
2751 4603 2953 4707 coelum
2976 4638 3031 4691 et
3069 4637 3433 4709 terr‘am,per-

170 4742 185 4772 ι
234 4722 581 4786 daemonium,
605 4733 658 4778 et
691 4721 819 4775 illud
854 4729 970 4776 erat
998 4730 1224 4774 mututn.
1258 4718 1322 4772 Et
1346 4733 1467 4779 cum
1498 4715 1748 4787 ejecisset

171 4832 186 4863 ι
230 4813 575 4879 daemonium,
624 4813 831 4869 locutus
859 4822 951 4877 est
969 4821 1168 4876 mutus,
1210 4819 1265 4871 et
1301 4810 1580 4865 admiratae
1624 4815 1749 4865 sunt

167 4923 185 4955 ι
227 4905 422 4969 turbae,
447 4924 466 4957 ι
500 4913 555 4961 et
585 4902 1077 4973 rel,iqua.Dieturus
1094 4901 1434 4975 Evangelista
1465 4898 1753 4953 hominum

164 4998 233 5052 ab
252 4997 472 5055 homine
500 4997 819 5053 dmmoniutn
844 4996 1084 5067 eiecisse,
1106 5003 1251 5050 recte
1275 4994 1326 5048 in
1343 4993 1565 5050 exordio
1587 4990 1746 5061 hujus

164 5089 418 5145 lectionis
449 5089 551 5145 tale
572 5091 793 5146 verbum
823 5090 1020 5160 posuit,
1055 5103 1150 5159 per
1178 5088 1318 5156 quod
1340 5085 1627 5142 essentiam
1664 5084 1748 5137 Di-

164 5181 412 5235 vinitatis
452 5181 800 5252 exprimeret,
847 5180 1028 5236 dicens
1069 5197 1081 5232 :
1123 5198 1140 5230 (
1175 5178 1305 5232 Erat
1333 5176 1489 5231 Jcsus
1527 5174 1749 5244 ejicicns

163 5272 514 5327 daemonium.
556 5292 572 5323 ι
618 5271 733 5327 Νοιι
779 5272 923 5327 enim
958 5272 1110 5338 dixit,
1155 5271 1277 5341 fuit,
1318 5269 1443 5341 quia
1484 5282 1604 5322 esse
1650 5265 1751 5321 soli

162 5366 279 5421 Deo
303 5373 406 5431 est,
431 5374 689 5422 aeternum
716 5375 769 5422 et
791 5366 1278 5422 incommutabilem
1309 5377 1645 5436 permanere,
1663 5359 1748 5414 cui

161 5473 269 5512 nec
297 5457 571 5529 praeterita
606 5466 906 5523 transeunt,
939 5473 1037 5514 nec
1082 5457 1259 5511 futura
1310 5456 1624 5517 succedunt,
1658 5452 1750 5506 sed

162 5561 386 5620 seraper
428 5547 752 5613 aeternaliter
777 5558 1073 5620 permanet,
1108 5548 1245 5615 sicut
1277 5548 1389 5617 ipse
1429 5545 1503 5599 ait
1547 5543 1749 5615 Moysi:

168 5659 184 5691 ι
228 5624 347 5712 Ego
375 5654 493 5694 sum
520 5639 611 5710 qui
653 5656 773 5695 smn
800 5637 996 5711 (Exod.
1032 5639 1136 5708 ιιι).
1185 5660 1203 5692 ι
1243 5639 1340 5694 Ει;
1372 5658 1389 5689 ι
1427 5638 1581 5693 Dices
1626 5636 1751 5693 ﬁliis

162 5733 332 5790 Israel
362 5754 374 5787 :
400 5734 502 5802 Qui
523 5745 624 5802 est,
648 5737 797 5792 misit
826 5753 911 5792 me
927 5737 991 5791 ad
1019 5752 1116 5792 vos
1142 5735 1350 5805 (Ibid).
1382 5756 1399 5786 ι
1430 5736 1492 5790 Et
1518 5735 1742 5790 iterum:

170 5844 193 5889 ι
214 5826 334 5900 Ego
361 5841 481 5911 sum
503 5827 647 5913 Deus.
669 5828 960 5913 Abraham,
989 5828 1131 5895 Deus
1159 5828 1306 5899 lsaac
1330 5836 1383 5886 et
1401 5827 1742 5888 DeusJacob.

1849 4734 1977 4805 eant
2000 4725 2067 4779 de
2094 4725 2253 4801 creto,
2295 4732 2351 4803 et,
2389 4724 2453 4780 de
2477 4724 2560 4779 bis
2589 4724 2681 4793 qui
2711 4723 2808 4778 sub
2831 4721 2967 4797 (εφμο
2992 4729 3119 4799 sunt
3140 4719 3275 4790 (Jer.
3304 4723 3380 4794 x).
3412 4742 3431 4775 ι

1851 4814 2005 4873 Unde
2057 4817 2193 4873 bene
2230 4815 2529 4893 subditur:
2575 4832 2593 4865 σ
2641 4812 2706 4869 Ει
2758 4828 2881 4869 cum
2935 4813 3182 4889 ejecisset
3235 4815 3436 4873 daemo-

1857 4926 1873 4957 ι
1902 4906 2070 4970 nium,
2098 4905 2308 4962 locutus
2328 4914 2410 4971 est
2434 4912 2634 4971 mutus,
2662 4914 2715 4961 et
2739 4905 3019 4967 admiratae
3039 4917 3163 4969 sunt
3185 4909 3375 4967 turbat.
3409 4930 3426 4962 I

1852 4997 1989 5053 Hinc
2024 4997 2322 5069 intelligere
2360 5012 2666 5069 possumus,
2697 4997 2823 5075 quia
2864 4999 2932 5053 ab
2974 5000 3246 5057 exteriore
3277 5017 3438 5058 vene-

1856 5099 1978 5145 rant
2013 5092 2298 5157 diemonia,
2324 5106 2442 5161 qua:
2471 5105 2593 5147 eum
2622 5091 2967 5162 possidebant
3005 5093 3250 5150 interius.
3277 5094 3439 5151 Exte-

1855 5183 1968 5239 rius
1979 5182 2189 5247 videndi
2207 5182 2564 5269 loquendique
2576 5181 2807 5261 cilicium
2824 5183 3096 5251 amiserat,
3114 5185 3239 5254 quia
3255 5187 3439 5249 statim

1856 5283 1915 5329 ut
1952 5275 2195 5343 recessit,
2216 5275 2388 5339 visum
2426 5284 2479 5333 et
2515 5273 2780 5345 loquelam
2814 5275 3036 5347 recepit,
3067 5276 3121 5330 in
3147 5284 3355 5333 tantum
3382 5287 3441 5332 ut

1857 5367 2027 5421 turba:
2074 5367 2422 5441 mirarentur.
2452 5363 2636 5427 Juxta
2681 5372 2858 5421 autem
2912 5382 3209 5438 anagogen,
3261 5367 3313 5422 id
3357 5378 3440 5422 est

1862 5459 2193 5529 superiorem
2221 5473 2459 5524 sensum,
2488 5457 2656 5515 turba:
2685 5474 2804 5530 quae
2830 5458 3182 5525 mirabantur,
3218 5459 3443 5519 immun-

1861 5549 1914 5604 di
1940 5549 2161 5617 spiritus
2184 5558 2309 5615 sunt
2350 5550 2700 5621 intelligendi,
2729 5550 2842 5629 qui,
2873 5550 3115 5607 videntes
3144 5564 3313 5621 genus
3342 5549 3445 5629 bit-

1858 5656 2076 5694 manum
2128 5642 2192 5698 de
2255 5657 2349 5697 sua
2411 5650 2680 5714 potestate
2738 5642 2955 5699 liberari
3010 5651 3064 5698 et
3124 5641 3445 5721 illuminari,

1857 5732 2046 5788 timore
2074 5732 2230 5789 simul
2260 5743 2315 5790 et
2340 5734 2697 5791 admiratione
2741 5734 3012 5805 perterriti
3042 5740 3186 5799 sunt,
3229 5732 3370 5789 unde
3390 5744 3447 5801 et

1854 5842 1951 5905 per
1993 5827 2271 5883 obsessum
2310 5818 2583 5915 hominem
2629 5826 2881 5883 dicebant
2919 5844 2930 5877 :
2995 5843 3013 5876 ι
3066 5824 3211 5909 Quid
3254 5824 3355 5907 tibi
3392 5842 3448 5909 ιη
