3994 6354
561 407 668 463 Ω55

1187 400 1541 459 HAYMONIS
1581 395 2060 456 HALBERSTAT.
2104 391 2315 449 EPISC.
2355 393 2504 448 OPP.
2543 393 2722 448 PARS
2760 395 2819 448 ΙΙ.
2851 424 2920 434 ——
2960 389 3190 465 HOMIL.

3766 390 3866 444 256

561 522 740 589 nobis,
767 519 869 576 Fili
897 518 1032 574 Dei?
1059 515 1252 572 venisti
1302 526 1426 572 ante
1474 525 1685 586 tempus
1735 524 1990 583 torquere
2042 510 2218 569 nosA
2247 518 2334 564 tur
2381 509 2610 579 amplius
2676 508 2944 579 Topheth,
2990 523 3088 563 nec
3128 507 3282 563 vallis
3326 508 3422 563 ﬁlii
3469 507 3715 572 Ennon,
3772 511 3863 565 sed

563 613 781 686 (Matth.
803 611 943 680 vin).
981 629 1000 663 ι
1037 607 1139 664 Sed
1181 609 1308 679 quia
1355 610 1498 664 unde
1541 609 1713 664 bonus
1748 605 1979 677 proﬁcit,
2025 604 2148 660 inde

563 701 998 775 malusdeterior
1028 699 1108 766 ﬁt,
1140 710 1290 756 recte
1330 700 1671 770 subjungitur
1702 714 1718 752 :

638 814 658 847 ι
696 793 923 862 Quidam
953 784 1221 848 autem'ex
1242 792 1322 847 eis
1348 791 1618 847 dixerunt.
1659 811 1677 843 ι
1712 789 1830 846 Non
1857 791 1960 845 hoc
1980 788 2146 858 aliqui

562 889 627 944 de
663 885 814 940 turba
848 883 1052 940 dixisse
1080 884 1304 954 putandi
1341 895 1497 950 sunt,
1527 887 1620 940 sed
1649 883 1841 940 scribae
1869 892 1924 938 et
1956 883 2147 938 Phari-

560 984 676 1046 saei,
702 980 794 1049 qui
816 979 936 1035 ideo
961 979 1130 1034 Deum
1159 978 1540 1049 sequebantur,
1564 987 1624 1033 ut
1654 979 1828 1048 ipsum
1856 979 2147 1048 reprehen-

559 1074 767 1136 derent,
816 1080 872 1127 et
912 1073 1030 1126 haec
1057 1071 1548 1138 calumniabantur,
1594 1080 1654 1126 ut
1685 1072 1774 1126 alii
1809 1071 2146 1143 evangelista:

561 1171 851 1220 testantur.
901 1163 1098 1218 Turbis
1123 1164 1266 1218 enim
1295 1162 1504 1217 Domini
1539 1164 1689 1235 signa
1723 1165 1917 1232 ubique
1947 1164 2147 1217 miran-

557 1255 722 1321 tibus,
761 1254 838 1310 illi
877 1255 1182 1311 econtrario
1221 1255 1418 1310 invidia
1447 1256 1611 1325 pleni,
1644 1271 1763 1325 quae
1805 1271 2001 1326 negare
2037 1271 2145 1310 non

555 1355 826 1420 poterant,
843 1347 1059 1403 sinistra
1072 1347 1513 1418 interpretatione
1533 1358 1839 1419 pervertere
1854 1347 2145 1404 molieban-

557 1445 665 1504 tur,
695 1446 754 1491 ut
783 1437 1138 1507 simpliciores
1174 1437 1359 1492 turbas
1407 1437 1475 1491 ab
1513 1435 1630 1506 ejus
1666 1436 1984 1492 credulitate
2019 1437 2144 1492 sub-

557 1532 859 1586 traherent.
908 1531 977 1585 Et
1015 1529 1135 1585 ideo
1181 1531 1566 1586 daemoniacum
1611 1539 1820 1586 mutum
1860 1540 1913 1585 et
1943 1545 2141 1586 caecum

554 1623 800 1679 videntes
837 1631 1105 1691 curatum,
1143 1625 1463 1680 mirantibus
1502 1625 1673 1680 turbis
1721 1626 2006 1680 dixerunt-
2037 1644 2056 1676 ‹
2083 1624 2140 1679 In

555 1713 855 1772 Beelzebub
891 1717 1136 1788 principe
1175 1717 1561 1774 daemoniorum
1603 1715 1748 1784 ejicit
1798 1718 2078 1772 daemonia.
2119 1735 2136 1768 ι

559 1803 631 1860 Ut
655 1805 875 1876 quidam
906 1807 1109 1874 dicunt,
1146 1817 1202 1864 et
1235 1809 1452 1875 nomine
1477 1807 1602 1862 Beel
1638 1807 1840 1864 factum
1869 1817 1952 1865 est
1983 1808 2138 1873 Baal,

2251 603 2404 657 vallis
2425 601 2834 667 interfectionis,
2862 609 2917 656 et
2938 601 3197 670 sepelient
3222 603 3277 655 in
3303 601 3578 671 Topheth,
3613 615 3694 654 eo
3720 602 3862 670 quod

2250 708 2358 747 non
2387 693 2458 761 sit
2483 691 2633 746 locus
2659 693 2726 746 ad
2755 692 3120 761 sepeliendum
3161 706 3272 761 pra:
3301 690 3667 746 multitudine
3703 691 3861 747 cada-

2250 799 2459 840 verum.
2485 784 2552 840 Et
2587 785 2693 838 erit
2721 785 3087 839 morticinium
3132 784 3315 854 populi
3353 782 3512 853 hujus
3557 784 3629 838 in
3675 798 3859 839 escam

2247 879 2556 934 volucribus
2609 878 2752 945 coeli,
2792 887 2845 935 et
2885 878 3072 934 bestiis
3115 887 3294 942 terrae,
3341 884 3396 932 et
3437 892 3548 932 non
3617 875 3740 930 erit
3775 879 3858 946 qui

2249 973 2428 1041 abigat
2455 973 2589 1044 (Jer.
2633 972 2756 1042 vn),
2791 992 2809 1024 ›
2846 973 2899 1026 id
2936 979 3020 1027 est
3061 969 3332 1025 defendat.
3362 969 3607 1039 Propter
3636 967 3858 1023 en‘usio-
3909 996 3933 1030 ι

2250 1080 2372 1120 nem
2408 1076 2586 1120 autem
2627 1064 2921 1134 sanguinis,
2967 1064 3059 1134 qui
3089 1062 3160 1116 ibi
3190 1062 3505 1131 frequenter
3532 1058 3858 1115 effundeba-

2249 1166 2356 1222 tur,
2403 1157 2584 1212 multa:
2623 1172 2822 1212 musca:
2865 1155 2919 1209 in
2948 1154 3137 1209 eodem
3187 1153 3304 1208 loco
3343 1151 3849 1222 congregabantur.

2249 1247 2402 1304 Unde
2426 1264 2722 1320 congruum
2743 1264 2939 1304 nomen
2965 1248 3014 1302 ei
3046 1248 3359 1317 impositum
3394 1254 3481 1301 est
3510 1245 3847 1310 Beelzebub,

2248 1339 2300 1394 id
2352 1348 2435 1395 est
2482 1341 2718 1410 princeps
2766 1354 3086 1403 muscarum,
3111 1338 3222 1392 sive
3246 1338 3324 1390 vir
3359 1337 3555 1390 habens
3613 1353 3845 1390 muscas.

2247 1431 2420 1487 Zebub
2450 1434 2591 1487 enim
2622 1447 2806 1487 musca
2832 1431 3048 1485 dicitur.
3075 1427 3323 1483 Nonnulli
3366 1427 3511 1481 enim
3546 1426 3728 1482 ﬁnem
3759 1428 3847 1481 hu-

2240 1526 2328 1596 jus
2373 1525 2603 1580 nominis
2640 1526 2791 1596 perd
2828 1524 2908 1578 vel
2934 1526 2950 1576 ι
2980 1522 3320 1578 scribendum
3350 1535 3472 1576 esse
3508 1528 3846 1590 putaverunt

2246 1617 2484 1687 legentes
2532 1614 2853 1679 Beelzebul,
2897 1624 2950 1668 et
2991 1621 3297 1668 asserentes
3341 1620 3630 1664 auctorem
3692 1610 3842 1679 hujus

2245 1713 2373 1768 idoli
2425 1713 2660 1783 primum
2708 1712 2765 1764 in
2796 1709 2963 1764 Israel
3005 1707 3172 1764 Zebul
3217 1721 3433 1762 servum
3481 1704 3837 1759 Achimelcch

2245 1804 2428 1869 fuisse,
2477 1804 2568 1874 qui
2615 1801 2814 1856 occidit
2859 1798 3213 1870 septuaginta
3252 1797 3450 1851 fratres
3497 1810 3633 1849 suos
3685 1810 3839 1863 super

554 1902 610 1950 et
647 1895 771 1951 inde
795 1898 1149 1966 compositum
1177 1896 1486 1953 Beelzebub.
1522 1897 1656 1953 Nam
1696 1898 1995 1955 Beelzebub
2025 1900 2138 1954 ido-
2165 1885 2217 1946 Β
2245 1911 2408 1951 unum
2433 1894 2686 1964 lapidem.
2725 1892 2831 1948 Sed
2858 1892 2974 1962 ipsa
3005 1888 3381 1960 interpretatio
3400 1887 3643 1942 nominis
3665 1897 3836 1940 osten-

556 1989 667 2044 lum
690 1991 979 2058 eratIBaal,
1007 1993 1098 2062 qui
1123 1993 1300 2049 dictus
1324 2001 1408 2048 est
1435 1994 1569 2048 deus
1602 1993 1868 2060 Accaron,
1899 1996 1967 2048 ad
1997 1993 2140 2063 quod

553 2081 713 2139 Ozias
741 2099 837 2138 rex
859 2085 1076 2140 nuntios
1108 2100 1234 2141 suos
1262 2086 1428 2152 misit,
1453 2086 1520 2140 ad
1543 2086 1932 2141 consulendum
1956 2095 2139 2141 utrum

554 2174 621 2228 de
667 2175 980 2230 inﬁrmitate
1025 2191 1122 2231 sua
1169 2177 1424 2232 evaderet
1465 2191 1533 2232 an
1577 2193 1704 2242 non,
1753 2178 1946 2248 quibus
1996 2175 2142 2233 Elias

557 2266 813 2336 pr0pheta
835 2281 1148 2334 occurrens,
1178 2268 1256 2323 ait
1278 2267 1386 2340 (IV
1421 2268 1548 2339 Reg.
1583 2269 1623 2340 ι)
1657 2287 1669 2322 :
1697 2287 1715 2320 ε
1754 2268 2003 2338 Nunquid
2034 2284 2141 2324 non

555 2364 639 2410 est
683 2356 822 2411 Deus
868 2358 925 2412 in
972 2357 1154 2425 Israel,
1202 2359 1327 2428 quia
1370 2359 1595 2430 pergitis
1639 2359 1707 2413 ad
1752 2359 2140 2415 consulendum

560 2446 857 2506 Beelzebub
899 2451 1059 2506 deum
1102 2451 1620 2507 Accaron?ldcirco
1662 2451 1823 2507 dicite
1863 2452 1999 2516 viro,
2049 2451 2140 2522 qui

553 2541 700 2596 misit
731 2557 829 2598 vos
856 2559 870 2597 :
898 2542 954 2597 In
995 2541 1190 2599 lectulo
1217 2544 1272 2598 in
1299 2559 1460 2614 quem
1487 2544 1783 2610 descendit,
1824 2559 1933 2598 non
1954 2558 2169 2620 ascen-3

555 2631 665 2698 det,
693 2634 786 2688 sed
811 2644 985 2689 morte
1010 2633 1290 2689 morietur.
1306 2655 1326 2686 ι
1350 2634 1433 2690 Ab
1456 2635 1691 2705 antiquis
1721 2636 1865 2690 enim
1893 2635 2143 2706 tempori-

554 2723 654 2780 bus
683 2726 842 2796 bujus
871 2727 998 2781 idoli
1039 2728 1416 2796 praevaricatio
1446 2728 1664 2781 inventa
1689 2735 1789 2781 est.
1822 2725 1944 2779 Fuit
1971 2725 2140 2791 enim,

556 2824 616 2871 ut
653 2817 873 2887 quidam
899 2817 1160 2883 referunt,
1193 2819 1357 2873 homo
1391 2819 1608 2872 nomine
1644 2816 1790 2882 Beel,
1829 2825 1982 2886 pater
2020 2815 2141 2870 Nini

562 2909 727 2980 regis,
775 2910 868 2980 qui
913 2909 1187 2966 civitatem
1247 2909 1474 2966 Niniven
1537 2909 1841 2966 aediﬁcavit.
1889 2909 2004 2976 Quo
2051 2908 2142 2964 Bel

556 3011 788 3068 mortuo,
817 3002 958 3059 filius
984 3002 1103 3074 ejus
1120 3012 1356 3059 statuam
1380 3004 1549 3073 ipsius
1576 3004 1770 3068 erexit,
1802 3012 1856 3058 et
1887 3003 1987 3058 sibi
2015 3003 2142 3059 sub-

547 3096 722 3166 jectos
746 3095 970 3152 adorare
996 3097 1272 3166 praecepit,
1305 3111 1553 3152 asserens
1577 3105 1784 3166 patrem
1819 3113 1973 3151 suum
2002 3097 2142 3152 inter

553 3188 681 3243 deos
709 3203 827 3244 esse
864 3189 1205 3244 translatum.
1237 3190 1315 3243 Ex
1347 3204 1453 3259 quo
1481 3198 1721 3260 tempore
1749 3190 1981 3259 pessima
2013 3205 2140 3245 con-

554 3278 779 3333 suetudo
826 3279 1087 3346 excrevit,
1130 3280 1494 3336 ut'honorem
1539 3280 1649 3334 Deo
1697 3279 1936 3335 debitum
1989 3279 2137 3334 stulti

552 3367 796 3422 homines
825 3369 981 3424 idolis
1025 3370 1344 3426 tribuerent.
1390 3371 1583 3426 Postea
1624 3371 1825 3427 dictum
1858 3379 1944 3427 est
1984 3370 2136 3426 Beel-

549 3457 762 3528 pliegor,
786 3474 851 3514 eo
877 3461 1019 3531 quod
1046 3460 1102 3516 in
1132 3472 1315 3519 monte
1342 3463 1573 3533 Phegor,
1599 3464 1690 3535 qui
1719 3465 1773 3518 in
1797 3464 1995 3520 ﬁnibus
2017 3475 2136 3521 erat

549 3545 802 3617 Madian,
853 3553 1202 3607 constitutum
1249 3569 1280 3608 a
1325 3555 1508 3611 multis
1561 3556 1881 3611 adoraretur
1932 3558 1988 3612 in
2032 3573 2138 3628 quo

547 3642 886 3711 praevaricati
932 3652 1060 3698 sunt
1085 3644 1182 3699 ﬁlii
1224 3645 1388 3701 Israel
1435 3647 1634 3716 egressi
1667 3663 1734 3702 ex
1764 3647 2020 3719 Egypto,
2069 3650 2136 3705 ad

549 3732 950 3801 suggestionem
979 3733 1220 3800 Balaam,
1262 3739 1498 3805 quando,
1529 3738 1670 3792 sicut
1701 3739 1777 3792 ait
1809 3737 2094 3796 Psalmista
2121 3761 2132 3795 :

555 3836 574 3869 ‹
619 3819 817 3874 Initiati
843 3829 972 3876 sunt
1000 3821 1354 3895 Beelphegor,
1383 3834 1437 3880 et
1475 3827 1827 3881 comederunt
1865 3829 2133 3886 sacriﬁcia

551 3920 885 3967 mortuorum
908 3911 1081 3984 (Psal.
1104 3916 1211 3989 cv).
1239 3936 1258 3970 ι
1279 3915 1631 3988 Temporibus
1659 3927 1836 3975 autem
1859 3919 2132 3989 Judicum,

551 4002 729 4058 dictus
757 4013 840 4060 est
877 4005 1202 4074 Baalberith,
1231 4009 1284 4062 id
1310 4018 1393 4064 est
1425 4008 1556 4064 deus
1581 4011 1743 4079 pacti,
1775 4027 1840 4067 eo
1869 4014 2009 4083 quod
2039 4015 2132 4071 ﬁlii

547 4092 715 4148 Israel
742 4111 864 4150 cum
904 4111 968 4152 eo
998 4106 1214 4166 pactum
1261 4099 1497 4166 inierint,
1537 4101 1724 4155 relicto
1761 4101 1870 4157 Deo
1915 4115 2131 4173 patrum

549 4199 789 4239 suorum.
838 4185 1182 4242 Consuetudo
1235 4188 1376 4242 enim
1422 4199 1538 4244 erat
1588 4186 1748 4256 illius,
1803 4195 2035 4250 maxime
2078 4195 2132 4249 in

547 4260 821 4330 montibus
850 4291 1012 4346 quam
1038 4277 1092 4331 in
1118 4279 1448 4335 convallibus
1466 4296 1780 4352 responsum
1807 4283 1951 4338 dare.
1981 4285 2134 4342 Unde

547 4379 601 4426 et
628 4370 770 4424 Deus
797 4371 1058 4426 montium
1086 4372 1260 4428 dictus
1286 4382 1388 4440 est,
1434 4375 1572 4430 sicut
1611 4374 1734 4447 Syri
1759 4376 1827 4432 ab
1847 4377 2014 4434 Israel
2041 4395 2132 4434 su-

545 4464 740 4535 perati,
785 4465 1158 4521 existimantes
1199 4465 1346 4520 illum
1376 4466 1444 4521 ab
1468 4468 1547 4522 eis
1573 4467 1696 4532 coli,
1730 4469 1982 4524 dixerunt
2005 4468 2128 4541 (III

550 4557 677 4628 Reg.
711 4559 804 4629 xx)
835 4577 846 4612 :
871 4577 890 4609 ι
912 4558 998 4613 Dii
1024 4560 1288 4615 montium
1303 4569 1426 4614 sunt
1455 4561 1528 4614 dii
1552 4577 1760 4626 eorum,
1788 4571 1841 4617 et
1870 4563 1992 4618 ideo
2015 4579 2126 4619 non

546 4665 830 4718 possumus
860 4664 1117 4720 superare
1163 4666 1273 4706 eos.
1315 4671 1333 4703 θ
1363 4651 1528 4727 Hujus
1573 4653 1843 4708 simulacri
1893 4653 2118 4726 effigiem

545 4740 804 4804 colentes,
852 4756 1020 4812 prope
1056 4741 1351 4798 Jerusalem
1381 4753 1706 4812 statuerunt,
1749 4746 1804 4802 in
1834 4746 1970 4802 valle
2017 4746 2121 4803 To-

545 4830 733 4900 pheth,
763 4831 816 4884 in
843 4831 962 4887 loco
991 4833 1376 4902 ammnissimo,
1405 4836 1496 4892 ubi
1526 4852 1634 4893 non
1677 4837 1849 4894 solum
1882 4839 2040 4894 thura
2067 4849 2123 4896 et

545 4922 811 4978 sacriﬁcia
853 4924 902 4978 ei
938 4923 1248 4993 offerebant,
1283 4929 1375 4984 sed
1399 4931 1563 4986 etiam
1587 4931 1726 4987 ﬁlios
1748 4948 1875 4990 suos
1898 4942 1953 4990 et
1985 4934 2122 4990 ﬁlias

544 5029 670 5069 suas
703 5030 797 5085 per
821 5015 996 5087 ignem
1033 5019 1132 5074 sibi
1161 5020 1514 5078 sacriﬁcando
1543 5023 1957 5090 transferebant,
1985 5027 2125 5081 sicut

547 5105 820 5164 Manasses
841 5110 1245 5168 crudelissimus
1266 5115 1531 5184 parricida
1551 5116 1742 5170 fecisse
1761 5116 1976 5186 legitur.
2002 5116 2124 5172 Pro-

544 5208 664 5270 pter
694 5200 837 5257 huuc
868 5202 1042 5259 locum
1073 5203 1332 5260 Dominus
1359 5206 1653 5277 saepissime
1689 5223 1785 5277 per
1809 5208 2121 5278 pr0phetas,

545 5294 777 5349 maxime
798 5305 977 5353 autem
998 5315 1094 5370 per
1112 5298 1401 5354 Jeremiam
1429 5299 1742 5355 terribiliter
1763 5302 2124 5356 comminatus

539 5397 646 5456 est,
677 5389 896 5448 dicens:
923 5411 942 5445 ι
978 5392 1280 5448 Posuerunt
1305 5391 1625 5449 offendicula
1653 5409 1748 5449 sua
1778 5394 1831 5450 in
1862 5393 2044 5459 domo,
2068 5396 2122 5451 in

543 5496 650 5551 qua
678 5481 987 5538 invocatum
1013 5493 1098 5538 est
1125 5499 1319 5538 nomen
1351 5499 1552 5549 meum,
1581 5495 1637 5539 et
1657 5486 1959 5556 polluerunt
1979 5503 2116 5543 eam.

542 5571 611 5628 Et
637 5576 1038 5632 mdiﬁcaverunt
1064 5574 1277 5630 excelso
1324 5575 1590 5647 Topheth,
1624 5578 1715 5648 qui
1762 5585 1845 5634 est
1885 5579 1938 5633 in
1987 5579 2125 5636 valle

543 5667 637 5724 filii
681 5669 892 5737 Ennon,
943 5677 1002 5723 ut
1046 5669 1394 5724 incenderent
1422 5669 1560 5725 ﬁlios
1587 5687 1712 5727 suos
1737 5680 1790 5728 et
1828 5672 1968 5728 ﬁlias
1999 5689 2124 5731 suas

544 5761 678 5831 igni,
700 5777 821 5832 quae
848 5777 953 5817 non
979 5761 1226 5831 praecepi,
1274 5778 1375 5818 nec
1406 5763 1639 5834 cogitavi
1687 5765 1740 5819 in
1786 5766 1948 5821 corde
1977 5782 2118 5821 meo.

543 5849 671 5907 Ideo
697 5865 825 5906 ecce
852 5851 968 5918 dies
995 5853 1235 5912 veniunt.
1274 5854 1404 5912 dicit
1429 5855 1712 5925 Dominus,
1743 5868 1798 5914 et
1826 5874 1932 5914 non
1981 5860 2125 5915 diee-

2245 1990 2345 2054 dit,
2384 2003 2489 2042 non
2512 2002 2608 2057 per
2631 1987 2792 2041 aliam
2819 1986 3052 2041 litteram
3073 2000 3235 2054 quam
3268 1997 3362 2053 per
3400 1982 3429 2034 b
3458 1979 3830 2041 scribendum,

2244 2083 2388 2153 quia,
2423 2089 2481 2135 ut
2509 2096 2673 2151 supra
2711 2080 2964 2145 diximus,
2995 2077 3297 2132 Beelzebub
3327 2075 3584 2144 princeps
3622 2088 3832 2127 musca-

2244 2190 2364 2229 rum
2382 2174 2580 2230 dicitur
2607 2191 2619 2226 :
2645 2173 2785 2243 Ergo
2805 2172 2930 2242 quia
2949 2170 3140 2227 scribae
3161 2179 3216 2225 et
3233 2168 3492 2222 Pharis:ei
3511 2166 3829 2220 miraculum

2246 2283 2276 2321 a
2302 2267 2533 2322 Domino
2565 2265 2770 2320 factum
2802 2277 2999 2333 negare
3021 2277 3128 2316 non
3147 2260 3422 2324 valebant,
3452 2259 3506 2312 in
3537 2258 3700 2327 hujus
3730 2257 3829 2312 da:—

2245 2358 2420 2414 monis
2458 2364 2725 2427 potestate
2753 2353 2956 2408 factum
2986 2352 3246 2416 dicentes,
3277 2348 3546 2404 offuscare
3575 2348 3700 2402 illud
3741 2362 3826 2401 oo-

2245 2454 2534 2517 nabantur,
2559 2459 2614 2505 et
2633 2451 2754 2504 ideo
2773 2447 3211 2518 blasphemantes
3235 2445 3522 2500 dixerunt:
3556 2462 3572 2492 ι
3601 2442 3652 2496 1η
3676 2441 3824 2495 Beel-

2245 2543 2414 2597 zebub
2441 2541 2684 2610 principe
2713 2537 3098 2594 daemoniorum
3128 2534 3275 2604 ejicit
3313 2533 3593 2588 daemonia.
3623 2552 3642 2582 ι

2321 2654 2338 2686 ‹
2385 2634 2453 2688 Ει
2482 2633 2573 2687 alii
2618 2638 2915 2697 tentantes,
2938 2629 3151 2699 signum
3201 2629 3266 2683 de
3321 2627 3462 2682 caelo
3508 2624 3808 2695 quaerebant

2251 2743 2269 2776 ι
2312 2725 2379 2778 ab
2408 2739 2492 2779 eo.
2528 2744 2545 2774 ι
2582 2721 2884 2794 Superﬂue,
2916 2721 3007 2790 qui
3034 2735 3096 2774 ea
3118 2735 3238 2789 quae
3263 2719 3437 2775 oculis
3466 2719 3656 2781 vident,
3687 2730 3805 2769 cre-

2207 2818 2372 2871 .dere
2411 2814 2619 2880 nolunt,
2675 2813 2742 2868 de
2791 2811 3152 2867 invisibilibus
3193 2812 3345 2882 signa
3402 2817 3664 2879 quaerunt.
3717 2806 3821 2873 Qui

2244 2909 2386 2963 enim
2438 2922 2641 2962 caseum
2681 2905 2974 2968 videntem,
3021 2910 3230 2958 mutum
3287 2901 3596 2972 loquentem
3636 2913 3667 2952 a
3713 2897 3826 2952 Deo

2244 3009 2489 3054 curatum
2516 2997 2737 3053 credere
2773 2996 3055 3059 nolebant,
3081 2995 3148 3049 ad
3179 2992 3371 3048 callida
3421 2996 3745 3061 argumenta
3772 3002 3829 3042 se

2244 3097 2646 3153 converterunt,
2697 3094 3001 3156 quaerentes
3031 3085 3246 3154 signum
3287 3083 3353 3137 de
3392 3081 3566 3146 caelo,
3618 3079 3832 3135 scilicet

2244 3194 2302 3239 ut
2325 3185 2377 3238 in
2408 3197 2615 3237 morem
2643 3180 2910 3236 Samuelis
2938 3180 3173 3234 tonitrua
3198 3179 3263 3233 de
3285 3175 3412 3231 coelo
3431 3188 3742 3228 coruscare
3760 3173 3833 3226 fa-

2167 3251 2213 3315 θ
2245 3283 2413 3339 ceret,
2463 3272 2548 3328 vel
2574 3272 2642 3327 ad
2695 3270 3105 3326 similitudinem
3166 3268 3296 3323 Elia:
3339 3266 3511 3336 ignem
3559 3264 3624 3318 de
3687 3264 3834 3318 cado

2250 3368 2567 3437 deponeret.
2599 3365 2754 3432 Quod
2791 3363 2837 3419 si
2893 3364 2997 3418 hoc
3061 3361 3324 3427 fecisset,
3374 3367 3428 3415 et
3469 3358 3587 3412 haec
3629 3358 3832 3426 utique

2243 3458 2728 3521 calumniarentur,
2751 3467 2806 3511 et
2841 3455 3085 3510 dicerent
3107 3468 3216 3508 non
3237 3467 3302 3508 ea
3322 3467 3354 3506 a
3378 3452 3489 3507 Deo
3514 3463 3633 3505 esse
3654 3447 3826 3509 facta,

2242 3549 2336 3606 sed
2373 3563 2441 3603 ex
2469 3547 2696 3603 occultis
2731 3546 2873 3602 aeris
2894 3544 3348 3600 commotionibus
3372 3541 3646 3603 accidisse,
3684 3539 3829 3594 aiﬁr-

2242 3655 2453 3700 mantes
2479 3653 2533 3699 et
2563 3657 2750 3714 magos
2778 3639 3048 3711 Pharaoni
3101 3639 3156 3692 in
3179 3636 3413 3709 Egypto
3466 3632 3628 3689 multa
3661 3633 3826 3702 signa

2241 3740 2305 3794 dc
2344 3739 2482 3794 coelo
2529 3737 2743 3793 fecisse.
2796 3733 2912 3789 Non
2959 3733 3102 3788 enim
3161 3728 3491 3802 impossibile
3546 3734 3659 3780 erat
3722 3727 3828 3780 Deo

2238 3833 2447 3900 signum
2495 3831 2559 3885 de
2617 3827 2754 3884 cwlo
2798 3825 3104 3891 ostendere,
3151 3825 3245 3879 sed
3293 3822 3367 3878 illi
3405 3819 3602 3891 indigni
3660 3827 3826 3872 erant

2238 3924 2451 3994 signum
2473 3922 2538 3976 de
2561 3921 2697 3976 caelo
2726 3919 2930 3984 videre,
2948 3919 3061 3988 qui,
3086 3927 3288 3972 terram
3313 3917 3609 3987 diligentes,
3635 3933 3824 3990 regem

2237 4013 2358 4068 coeli
2393 4019 2603 4066 tentare
2639 4010 2930 4065 audebant.
2958 4009 3039 4064 Ad
3069 4024 3206 4079 quos
3235 4009 3404 4079 magis
3433 4007 3523 4062 illa
3549 4011 3824 4064 sententia

2237 4104 2507 4176 dirigitur,
2528 4104 2579 4157 in
2608 4118 2712 4174 qua
2747 4102 3002 4157 Dominus
3017 4101 3094 4155 ait
3121 4119 3133 4155 :
3171 4119 3189 4151 ι
3213 4099 3503 4155 Generatio
3534 4100 3647 4154 haec
3679 4101 3826 4154 mala

2235 4205 2290 4252 et
2315 4197 2558 4251 adultera
2588 4198 2798 4266 signum
2830 4192 3022 4265 qu'mrit
3061 4208 3079 4249 :
3107 4202 3164 4250 et
3213 4195 3428 4264 signum
3455 4209 3560 4247 non
3603 4193 3827 4248 dabitur

2234 4289 2306 4354 ei,
2333 4288 2436 4343 nisi
2465 4288 2676 4358 signum
2700 4285 2849 4343 Jonas
2879 4288 3173 4358 prophetae.
3198 4305 3216 4338 ι
3237 4285 3440 4341 Horum
3467 4286 3629 4340 etiam
3661 4287 3824 4341 simi-

2231 4382 2512 4438 litudinem
2539 4381 2792 4436 videntur
2843 4379 2917 4434 illi
2976 4388 3178 4444 tenere,
3209 4378 3299 4449 qui
3329 4378 3623 4450 hypocrita:
3645 4381 3827 4434 nomi—

2233 4482 2452 4540 nantur,
2479 4471 2606 4542 quia
2633 4471 2725 4542 qui
2753 4469 2876 4526 ﬁcte
2897 4470 3067 4526 Deum
3099 4477 3363 4539 qua'runt,
3395 4469 3617 4524 minime
3668 4470 3824 4526 inve-

2231 4567 2408 4630 niunt,
2448 4567 2572 4636 quia
2600 4586 2619 4617 ‹
2642 4565 2797 4637 longe
2833 4571 2918 4619 est
2955 4579 2985 4618 a
3024 4563 3396 4633 peccatoribus
3444 4562 3589 4617 salus
3629 4560 3818 4635 (Psal.

2230 4663 2438 4729 cxvm),
2473 4678 2492 4711 ι
2543 4666 2598 4712 et
2621 4678 2638 4709 ι
2669 4672 2838 4727 prope
2858 4665 2940 4711 est
2965 4656 3216 4711 omnibus
3257 4655 3633 4709 invocantibus
3669 4670 3820 4719 eum,

2227 4747 2397 4820 (Psal.
2435 4746 2637 4817 cxuv),
2668 4767 2685 4799 ι
2744 4762 2849 4802 non
2876 4747 2927 4801 in
2953 4745 3317 4810 simulatione,
3353 4747 3447 4800 sed
3487 4745 3540 4798 in
3565 4743 3820 4800 veritate.

2305 4855 2324 4888 ι
2349 4836 2466 4908 Ipse
2497 4846 2696 4903 autem,
2722 4849 2781 4892 ut
2801 4838 2936 4893 vidit
2960 4837 3317 4909 cogitationes
3339 4853 3551 4904 eorum,
3593 4838 3757 4893 dixit.
3799 4858 3816 4891 ι

2233 4930 2367 4998 Quia
2408 4932 2678 4988 exteriora
2703 4934 2854 5004 signa
2871 4948 2965 4988 eos
2996 4948 3103 4987 non
3128 4933 3266 4988 velle
3293 4932 3518 4988 credere
3541 4935 3818 5005 cognovit,

2231 5022 2478 5092 protinus
2511 5024 2930 5095 cogitationibus
2958 5038 3146 5078 eorum
3191 5024 3482 5094 respondit,
3509 5033 3570 5080 ut
3622 5024 3820 5080 saltem

2232 5114 2311 5168 sic
2342 5114 2393 5168 in
2416 5131 2482 5170 eo
2512 5115 2858 5170 Divinitatem
2891 5117 3114 5172 credere
3143 5129 3488 5188 cogerentur,
3518 5118 3612 5187 qui
3637 5119 3820 5172 cordis

2231 5213 2446 5268 videbat
2469 5229 2686 5268 arcana.
2715 5212 2794 5269 Ac
2861 5213 2904 5268 si
2958 5213 3213 5268 diceret:
3273 5213 3476 5268 Eadem
3532 5215 3820 5281 majestate

2232 5321 2336 5376 qua
2361 5307 2728 5377 cogitationes
2755 5305 2934 5360 cordis
2963 5305 3198 5370 intueor,
3232 5319 3452 5373 possum
3482 5313 3536 5359 et
3567 5305 3718 5375 signa
3752 5307 3818 5359 de

2232 5396 2368 5452 caalo
2398 5399 2710 5452 ostendere.
2742 5395 2920 5451 Solius
2971 5395 3116 5451 enim
3162 5397 3374 5450 Domini
3419 5397 3818 5465 cstcogitatio-

2231 5504 2328 5544 nes
2353 5491 2532 5545 cordis
2593 5489 2791 5543 intueri
2819 5530 2832 5553 ,
2861 5489 3077 5544 dicente
3101 5487 3382 5559 Scriptura
3412 5505 3426 5543 :
3464 5510 3481 5540 ‹
3514 5489 3617 5554 Τυ,
3650 5490 3813 5551 Deus,

2228 5581 2373 5636 solus
2411 5581 2550 5636 nosti
2580 5581 2744 5634 corda
2792 5580 3027 5634 ﬁliorum
3051 5581 3332 5635 hominum
3369 5579 3462 5649 (II
3497 5579 3628 5633 Par.
3674 5582 3812 5650 νὴ.»

2226 5675 2295 5728 Et
2340 5675 2532 5729 iterum
2579 5693 2591 5728 :
2631 5693 2647 5724 ‹
2692 5672 2862 5728 Homo
2905 5674 3052 5728 videt
3096 5674 3149 5728 in
3181 5673 3338 5735 facie,
3373 5672 3513 5726 Deus
3541 5681 3722 5725 autem
3759 5672 3815 5725 in

2228 5767 2410 5822 corde.
2446 5787 2462 5816 ι

2305 5880 2322 5909 ι
2352 5859 2523 5917 Omne
2553 5875 2778 5932 regnum
2808 5859 2863 5916 in
2888 5859 3127 5929 seipsum
3149 5858 3404 5924 divisum,
3429 5854 3769 5911 desolabitur
3794 5872 3811 5912 :
