3994 6354
171 441 277 497 257

1388 437 1695 496 ΗΟΜΙΙᾸᾹΞ
1733 437 1824 494 DE
1861 435 2208 494 TEMPOBE.

3329 443 3435 500 258

175 576 195 609 ι
227 565 284 612 et
314 555 508 611 domus
535 567 698 624 supra
744 554 962 608 domum
1010 551 1188 608 cadet.
1237 571 1256 604 ι
1304 549 1465 608 Juxta
1521 551 1758 608 litteram
1783 558 1838 619 Α
1939 570 1957 602 ‹
1996 551 2121 606 ldeo
2152 550 2248 619 ipsi
2273 551 2482 620 judices
2509 553 2674 607 vestri
2705 561 2883 608 erunt.
2927 572 2945 605 ι
3000 553 3057 609 ld
3083 564 3187 620 est,
3222 554 3434 613 inﬁrma

169 647 247 703 ita
268 655 392 714 est;
424 646 468 700 si
495 645 640 700 enim
663 660 887 718 regnum
920 646 975 700 in
1013 645 1248 716 seipsum
1295 643 1526 699 divisum
1571 643 1754 709 fuerit,

1861 653 1916 700 et
1939 643 2362 713 contemptibilia
2384 644 2567 699 mundi
2594 661 2713 715 quae
2740 661 2839 718 ego
2864 647 2999 719 elegi
3027 655 3086 702 ut
3103 647 3436 705 confundant

168 748 228 792 nt
259 737 408 793 aliud
429 753 545 804 rex,
569 736 715 792 aliud
763 737 1056 808 principes,
1080 736 1225 792 aliud
1263 736 1450 804 duces,
1474 736 1619 792 aliud
1656 738 1758 792 mi-
1858 734 2042 802 fortia,
2071 735 2317 806 discipuli
2340 737 2468 802 mei,
2500 736 2592 806 qui
2621 739 2928 795 curationes
2988 740 3292 797 dazmonum
3325 742 3435 796 Deo

170 833 292 887 .;tes
315 832 578 898 sentiant,
607 830 993 887 desolationem
1014 831 1235 901 patitur.
1279 829 1543 886 Similiter
1564 831 1756 887 domus

169 926 212 979 si
245 925 425 980 divisa
457 923 639 990 fuerit,
663 933 724 979 ut
748 923 891 979 aliud
917 924 1022 991 vir,
1047 923 1194 979 aliud
1237 939 1394 988 uxor,
1447 923 1590 978 aliud
1639 922 1753 989 ﬁlii,

167 1017 315 1073 aliud
346 1029 624 1088 parentes,
650 1017 799 1072 aliud
818 1017 982 1084 servi,
1023 1025 1080 1072 et
1113 1016 1258 1074 aliud
1288 1016 1490 1072 domini
1521 1016 1754 1087 sapiant,

166 1111 358 1180 utique
387 1118 442 1165 et
471 1110 586 1181 ipsa
622 1109 809 1165 ruinas
836 1111 1094 1180 patietur.
1127 1110 1335 1166 Dicitur
1357 1110 1503 1165 enim
1561 1110 1753 1164 domus

167 1218 333 1272 supra
366 1202 588 1257 domum
638 1202 852 1268 cadere,
891 1202 1106 1272 quando
1165 1201 1345 1256 anima
1384 1199 1556 1270 patris
1609 1215 1754 1254 com-

168 1302 424 1349 movetur
457 1301 646 1350 contra
666 1293 856 1358 ﬁlium,
884 1302 939 1348 et
961 1293 1057 1348 ﬁlii
1087 1303 1276 1349 contra
1301 1303 1529 1365 patrem,
1585 1293 1664 1348 sic
1688 1292 1754 1348 de

165 1385 398 1456 reliquis
429 1403 441 1440 :
470 1385 521 1439 in
545 1401 651 1454 qua
671 1384 1022 1440 similitudine
1046 1393 1341 1441 tentatores
1356 1401 1482 1441 suos
1496 1385 1754 1440 Dominus

167 1492 196 1530 a
226 1489 404 1548 regno
425 1475 624 1532 diaboli
646 1483 829 1530 monet
852 1475 1126 1542 recedere,
1152 1476 1296 1546 quod
1311 1475 1539 1531 divisum
1582 1475 1636 1529 in
1694 1489 1753 1530 se

164 1577 506 1638 cognoscunt
534 1568 624 1623 diu
648 1577 795 1623 stare
820 1582 928 1623 non
958 1583 1135 1637 posse.
1185 1568 1262 1622 Ac
1288 1567 1333 1622 si
1393 1566 1596 1622 diceret
1625 1583 1636 1618 :
1694 1565 1751 1620 Si

162 1677 327 1716 omne
345 1676 580 1732 regnum
611 1660 666 1714 in
696 1675 755 1715 se
784 1659 1018 1714 divisum
1045 1667 1192 1714 stare
1217 1673 1324 1713 non
1378 1665 1576 1728 potest,
1609 1657 1751 1728 quod

163 1768 370 1824 negare
437 1751 582 1808 nullo
616 1752 778 1808 modo
825 1752 1075 1821 potestis,
1124 1750 1464 1806 velocissime
1511 1765 1542 1804 a
1585 1763 1752 1821 regno

160 1845 367 1900 diaboli
400 1846 657 1911 recedite,
685 1844 828 1915 quod
862 1845 970 1900 cito
996 1859 1249 1899 casurum
1301 1858 1406 1898 non
1469 1842 1747 1898 dubitetis.

1857 834 1913 882 et
1941 842 2045 882 non
2070 826 2369 883 Beelzebub
2396 827 2694 900 assignant,
2722 848 2741 880 ‹
2767 829 2976 898 judices
2997 834 3161 890 vestri
3186 842 3368 900 erunt,
3410 854 3428 888 ι

1856 928 1986 976 tunc
2015 921 2239 986 scilicet,
2273 939 2291 972 ι
2318 922 2534 992 quando
2559 924 2768 978 venerit
2789 923 2958 981 Filius
2978 927 3233 994 hominis,
3263 937 3317 984 et
3347 945 3433 985 se-

1855 1014 1996 1070 derit
2022 1016 2076 1071 in
2102 1017 2229 1072 sede
2259 1016 2556 1084 majestatis
2586 1031 2716 1084 suae,
2749 1019 3012 1075 sedebunt
3038 1031 3093 1077 et
3121 1023 3222 1093 ipsi
3271 1001 3436 1094 super

1855 1107 2013 1162 sedes
2047 1108 2348 1174 duodecim,
2377 1109 2679 1179 judicantes
2721 1110 3002 1166 duodecim
3044 1114 3216 1170 tribus
3264 1114 3435 1170 Israel

1855 1197 2071 1269 (Matth.
2111 1200 2249 1272 nx).
2291 1220 2308 1252 ι
2341 1198 2437 1255 Vel
2465 1210 2611 1256 certe
2633 1200 2772 1256 ﬁlios
2797 1217 2984 1257 eorum
3016 1206 3314 1261 exorcistas
3337 1223 3436 1278 ap-

1852 1287 2038 1357 pellat,
2077 1289 2168 1358 qui
2189 1305 2258 1344 ex
2294 1305 2446 1346 more
2471 1291 2692 1360 antiquo
2722 1291 2776 1346 in
2819 1292 3007 1348 eodem
3046 1296 3242 1364 populo
3272 1297 3436 1352 habe-

1851 1381 2073 1447 bantur,
2097 1383 2164 1438 ad
2189 1398 2419 1452 quorum
2469 1384 2838 1440 invocationes
2874 1385 2959 1440 vel
3017 1387 3434 1456 conjurationes,

1853 1472 2125 1529 daemones
2153 1475 2220 1528 ab
2249 1472 2554 1529 hominibus
2600 1475 2954 1545 pellebantur.
2981 1475 3146 1547 Cujus
3184 1479 3264 1534 rei
3283 1481 3438 1535 testis

1851 1574 1936 1621 est
1983 1565 2249 1636 Josepbus
2300 1567 2764 1639 historiographus
2820 1569 3190 1635 Hebrmorum,
3233 1572 3325 1641 qui
3380 1574 3436 1627 in

1851 1658 2002 1714 libris
2051 1661 2310 1730 antiquis,
2357 1670 2470 1716 tum
2523 1661 2667 1716 inter
2715 1671 2909 1718 czetera
2964 1680 3084 1734 quae
3137 1665 3204 1720 de
3271 1664 3428 1722 Salo-

1853 1751 2028 1806 monis
2067 1751 2331 1821 sapientia
2370 1754 2834 1819 commemoravit,
2894 1753 3088 1823 adjecit
3111 1762 3165 1810 et
3199 1757 3323 1823 hoc,
3351 1758 3437 1812 di-

1851 1858 1979 1900 cens
2007 1863 2018 1898 :
2066 1844 2325 1900 Praestitit
2351 1853 2530 1900 autem
2553 1845 2814 1902 Dominus
2859 1845 3157 1913 Salomoni,
3185 1856 3245 1902 ut
3271 1849 3436 1904 etiam

158 1935 411 2006 Regnum
435 1936 580 1991 enim
611 1935 807 1991 diaboli
858 1935 910 1989 in
941 1934 1044 1989 illis
1075 1942 1177 1999 est,
1205 1934 1258 1988 in
1279 1933 1472 2004 quibus
1500 1948 1598 2004 per
1620 1948 1743 2004 pec-
1774 1927 1819 1988 Β
1847 1940 2120 1994 dmmones
2141 1936 2381 2007 ejiceret,
2419 1946 2474 1992 et
2494 1937 2891 1995 incantationes
2939 1939 3194 2005 instituit,
3244 1941 3439 2010 quibus

157 2036 344 2082 catum
378 2035 587 2099 regnat.
634 2026 786 2094 Quod
838 2025 1086 2096 quamvis
1139 2025 1211 2080 sit
1257 2024 1462 2079 unitum
1504 2025 1557 2079 in
1605 2025 1746 2080 mala

157 2119 462 2186 voluntate,
502 2129 680 2175 tamen
703 2119 935 2174 divisum
957 2128 1044 2174 est
1091 2118 1145 2172 in
1211 2118 1546 2187 operatione.
1595 2115 1745 2172 Alius

154 2212 384 2282 quidem
441 2213 787 2277 adulterium,
840 2213 978 2268 alius
1025 2212 1399 2278 homicidium,
1458 2212 1598 2267 alius
1631 2212 1744 2266 fur-

154 2313 297 2368 tum,
347 2303 487 2360 alius
515 2304 859 2375 sacrilegium
895 2312 1194 2374 perpetrat,
1224 2304 1318 2359 sed
1346 2313 1526 2358 tamen
1547 2318 1615 2358 ex
1637 2320 1745 2358 una

153 2399 351 2452 radice
379 2397 534 2452 mala:
553 2397 844 2453 voluntatis
870 2398 1188 2466 procedunt.

232 2509 251 2540 ι
289 2488 354 2544 Si
383 2498 565 2545 autem
617 2498 672 2544 et
734 2490 964 2545 Satanas
1014 2490 1068 2544 in
1118 2490 1356 2560 seipsum
1403 2491 1608 2546 divisus
1642 2501 1743 2555 est,

162 2604 179 2635 ι
206 2583 489 2655 quomodo
515 2584 682 2640 stabit
700 2599 928 2655 regnum
952 2585 1141 2654 ipsius,
1165 2585 1290 2654 quia
1311 2584 1489 2640 dicitis
1517 2585 1568 2638 in
1589 2583 1743 2638 Beel-

166 2693 183 2726 ι
227 2674 406 2730 zebub
467 2689 554 2728 me
604 2673 803 2742 ejicere
830 2675 1091 2729 daemonia
1121 2676 1144 2728 ?
1173 2695 1191 2728 ι
1223 2675 1282 2729 In
1331 2677 1530 2744 quibus
1561 2677 1744 2730 verbis

161 2765 423 2820 Dominus
459 2779 587 2819 suos
615 2773 910 2819 tentatores
947 2764 1368 2834 prudentissimo
1419 2765 1733 2834 syllogismo

163 2857 286 2912 hinc
342 2856 464 2912 inde
495 2855 783 2920 concludit,
829 2871 896 2910 ne
945 2864 1126 2926 aptam
1153 2856 1562 2925 responsionem
1586 2855 1740 2910 inve-

164 2950 278 3003 nire
328 2958 564 3020 possent.
589 2947 743 3016 Quod
767 2963 875 3002 non
929 2947 1102 3002 solum
1157 2947 1265 3012 hic,
1330 2947 1424 3002 sed
1469 2946 1636 3001 etiam
1688 2947 1739 3000 in

165 3039 404 3108 pluribus
440 3039 575 3096 locis
601 3039 917 3110 frequenter
962 3037 1153 3094 fecisse
1182 3037 1396 3107 legitur,
1426 3038 1568 3093 sicut
1589 3037 1736 3103 fecit,

165 3134 378 3200 quando
410 3142 672 3188 venerunt
693 3132 760 3186 ad
781 3147 906 3186 eum
931 3131 1172 3187 dicentes
1199 3146 1213 3184 :
1236 3130 1331 3186 Dic
1351 3130 1530 3198 nobis,
1554 3131 1610 3185 in
1635 3145 1738 3200 qua

167 3234 430 3295 potestate
454 3227 567 3282 haec
591 3225 762 3281 facis?
788 3225 855 3280 Et
879 3225 953 3279 ait
974 3224 1080 3278 illis
1105 3241 1116 3277 :
1157 3243 1175 3274 ι
1197 3223 1371 3278 Dicite
1401 3222 1533 3278 mihi
1565 3231 1620 3277 et
1643 3236 1741 3276 vos

172 3333 340 3371 unum
364 3319 602 3384 verbum,
630 3331 684 3374 et
710 3335 810 3390 ego
835 3319 1012 3373 dicam
1053 3317 1211 3372 vobis
1237 3317 1290 3370 in
1315 3331 1421 3386 qua
1470 3324 1740 3386 potestate
1768 3289 1813 3352 Ο

177 3408 292 3463 haec
315 3408 450 3465 facio
475 3409 682 3482 (Matth.
707 3409 841 3480 xxi).
884 3429 902 3461 ›
947 3408 1102 3476 Quod
1128 3408 1173 3463 si
1206 3423 1312 3462 non
1361 3407 1622 3474 feceritis,
1645 3422 1744 3462 nec

172 3515 276 3571 ego
305 3501 474 3557 dicam
509 3503 657 3558 vobis
703 3504 757 3558 in
793 3517 900 3573 qua
944 3509 1212 3572 potestate
1255 3501 1370 3555 haec
1427 3498 1585 3554 facio.
1645 3499 1742 3554 Ba-

168 3593 419 3663 ptismum
456 3594 673 3651 Joannis
702 3596 843 3651 unde
880 3603 1019 3659 erat,
1053 3596 1116 3650 dc
1151 3593 1288 3649 coelo
1317 3609 1384 3647 an
1420 3603 1490 3648 cx
1515 3591 1746 3648 homini-

167 3689 265 3744 bus
287 3690 310 3742 ἱ)
332 3689 402 3743 At
425 3689 500 3744 illi
529 3691 901 3762 cogitaverunt
938 3690 1080 3744 intra
1113 3704 1170 3743 se
1210 3687 1455 3743 dicentes
1481 3705 1493 3740 :
1518 3685 1577 3741 Si
1596 3686 1746 3740 dixe-

168 3784 334 3839 rimus
371 3785 435 3839 de
462 3785 619 3850 coelo,
657 3785 797 3839 dicet
824 3782 979 3838 nobis
1005 3801 1018 3835 :
1044 3783 1224 3850 Quare
1250 3795 1381 3851 ergo
1426 3795 1534 3834 non
1589 3793 1742 3834 rece-

169 3877 318 3947 pistis
340 3877 467 3932 illud
493 3880 515 3932 ?
545 3878 601 3933 Si
630 3894 696 3932 cx
725 3877 1055 3941 hominibus,
1105 3877 1261 3931 turba
1317 3890 1436 3945 qua:
1466 3890 1495 3928 a
1538 3872 1744 3929 Joanne

170 3979 246 4024 est
271 3971 564 4042 baptizata,
621 3972 879 4042 lapidabit
945 3985 1063 4025 nos.
1131 3969 1201 4024 Et
1250 3985 1356 4024 non
1408 3968 1746 4023 invenientes

171 4064 284 4132 quid
304 4065 566 4132 dicerent,
599 4065 881 4120 siluerunt.
939 4063 1028 4118 Sic
1081 4069 1138 4117 et
1183 4061 1238 4116 in
1286 4061 1389 4116 hoc
1429 4060 1580 4125 loco,
1619 4060 1742 4129 quia

173 4155 437 4212 conﬁteri
489 4157 788 4222 nolebant,
867 4157 1009 4227 quod
1083 4153 1334 4210 Christus
1411 4153 1464 4208 in
1544 4153 1744 4206 virtute

173 4246 254 4302 Dei
306 4241 579 4306 dremOnes
647 4249 906 4319 ejiceret,
958 4264 1058 4304 nec
1123 4246 1391 4302 afﬁrmare
1447 4252 1738 4316 poterant,

173 4343 300 4408 quod
345 4341 576 4397 Satanas
621 4341 879 4397 Satanam
928 4339 1177 4409 ejiceret,
1227 4354 1327 4394 nec
1379 4337 1605 4392 liberam
1657 4352 1742 4391 re-

173 4433 503 4500 sponsionem
566 4433 901 4490 invenientes
932 4473 946 4498 ,
1014 4431 1349 4486 obstructum
1413 4437 1496 4482 est
1548 4442 1610 4482 os
1661 4426 1741 4480 lo-

174 4523 442 4590 quentium
489 4524 695 4594 iniqua.
747 4523 974 4593 Propter
999 4521 1142 4591 quod
1172 4539 1190 4572 ‹
1229 4519 1514 4573 tradentur
1539 4517 1594 4571 in
1624 4532 1741 4572 ma-

177 4627 268 4669 nus
290 4615 471 4686 gladii,
501 4625 553 4672 et
581 4625 762 4686 partes
782 4614 1020 4684 vulpium
1049 4621 1209 4668 erunt
1230 4609 1404 4684 (Psal.
1429 4609 1582 4680 un).
1614 4630 1632 4662 ι
1659 4610 1741 4665 Ad

1845 2033 2193 2104 aegritudines
2265 2033 2475 2088 soleant
2519 2031 2780 2102 mitigari,
2841 2049 2959 2103 qua:
3003 2050 3133 2090 cura
3175 2036 3438 2091 hactenus

1846 2126 1988 2196 apud
2013 2141 2113 2180 nos
2137 2125 2366 2180 multum
2395 2123 2574 2180 valere
2597 2125 2954 2196 dignoscitur.
2982 2127 3101 2182 Vidi
3137 2127 3286 2182 enim
3335 2141 3436 2196 ego

1845 2219 2136 2288 quemdam
2157 2219 2501 2284 Eleazarum,
2525 2218 2592 2273 de
2620 2227 2778 2289 gente
2799 2228 3008 2284 nostra,
3034 2229 3301 2290 praesente
3330 2220 3437 2275 Ve-

1845 2311 2098 2379 spasiano
2128 2320 2184 2365 et
2207 2309 2351 2376 Tito,
2375 2311 2589 2381 alioque
2633 2312 2793 2368 simul
2840 2314 3106 2380 exercitu,
3157 2323 3435 2368 curantem

1846 2418 1940 2459 eos
1970 2403 2063 2473 qui
2091 2419 2122 2457 a
2145 2404 2482 2460 daemonibus
2505 2406 2862 2460 vexabantur.
2907 2407 3090 2472 Genus
3141 2408 3439 2463 curationis

1847 2495 1949 2550 fuit
1977 2496 2284 2565 hujusmodi
2317 2515 2329 2549 :
2383 2496 2567 2552 Intulit
2598 2497 2822 2554 naribus
2849 2497 2967 2568 ejus
2995 2499 3086 2569 qui
3115 2500 3440 2576 adtemonio

1847 2589 2166 2652 vexabatur,
2221 2588 2482 2643 annulum
2527 2589 2712 2644 subter
2764 2589 2997 2646 radicem
3045 2591 3332 2646 habentem
3364 2591 3436 2646 si-

1845 2679 2126 2748 gnaculum
2149 2694 2180 2732 a
2211 2678 2498 2734 Salomone
2535 2689 2911 2745 monstratum,
2942 2690 2996 2737 et
3017 2691 3238 2752 repente
3285 2685 3436 2740 ceci-

1845 2768 1925 2823 dit
1949 2771 2128 2824 bomo.
2152 2771 2221 2822 At
2255 2769 2344 2824 ille
2364 2769 2666 2838 conjuravit
2690 2787 2814 2826 eum
2837 2771 3150 2842 juramento
3187 2773 3459 2831 Salomo-'

1844 2858 1948 2922 nis,
1989 2859 2249 2928 objiciens
2283 2860 2460 2916 eidem
2483 2863 2747 2929 carmina,
2772 2880 2894 2934 qua:
2917 2863 3178 2922 Salomon
3217 2883 3438 2938 compo-

1844 2953 1953 3003 suit
1980 2965 2143 3021 super
2159 2966 2302 3018 eum,
2331 2952 2521 3008 dicens
2553 2971 2564 3006 :
2594 2954 2799 3010 Deinde
2820 2970 2918 3026 per
2956 2972 3117 3013 nares
3159 2958 3436 3014 odorantis

1843 3039 2168 3096 daemonium
2191 3043 2450 3108 extraxit,
2477 3052 2532 3098 et
2553 3060 2621 3098 ne
2643 3044 2784 3098 ultra
2813 3047 2879 3101 ad
2901 3062 3024 3101 eum
3053 3047 3232 3102 redire
3262 3049 3431 3104 aude-

1844 3139 1945 3196 ret,
1965 3131 2219 3202 adjurans
2233 3140 2570 3188 contestatus
2592 3143 2694 3189 est.
2713 3133 2781 3189 Et
2803 3142 2862 3189 ut
2881 3137 3193 3192 ostenderet
3215 3138 3436 3194 Eleaza-

1843 3237 1938 3275 rus
1958 3222 2098 3277 hanc
2124 3235 2182 3276 se
2209 3223 2410 3278 habere
2440 3223 2715 3289 virtutem,
2752 3227 2991 3294 ponebat
3015 3227 3070 3280 in
3093 3229 3272 3282 medio
3323 3229 3436 3298 pel-

1849 3314 1959 3367 vim
1985 3315 2200 3382 plenam
2242 3330 2401 3384 aqua,
2440 3315 2553 3370 sive
2577 3317 2856 3386 quodlibet
2886 3335 3003 3385 vas,
3026 3322 3347 3390 praecipiens
3377 3331 3436 3376 ut

1849 3420 2096 3475 egressus
2125 3405 2193 3459 ab
2222 3404 2439 3459 homine
2489 3405 2629 3460 hanc
2674 3416 2964 3475 everteret,
3011 3410 3145 3464 dans
3183 3412 3434 3466 omnibus

1849 3497 2107 3552 indicium
2144 3499 2286 3567 quod
2316 3498 2588 3554 hominem
2621 3499 2946 3568 reliquisset.
2981 3501 3133 3568 Quod
3185 3519 3309 3558 cum
3340 3504 3434 3559 ﬁe-

1848 3597 1950 3653 ret,
1983 3587 2391 3642 admirabantur
2411 3589 2730 3659 sapientiam
2760 3589 3081 3647 Salomonis.
3129 3593 3210 3648 Ad
3239 3594 3431 3649 horum

1847 3694 1976 3750 ergo
1996 3680 2388 3735 exorcistarum
2415 3681 2894 3751 comparationem,
2929 3682 3189 3739 Dominus
3222 3685 3432 3740 scribas

1846 3781 1901 3825 et
1923 3769 2224 3826 Phariszeos
2249 3771 2592 3842 constringit,
2619 3771 2803 3826 dicens
2834 3791 2846 3826 :
2878 3791 2896 3823 ι
2929 3772 2986 3828 Si
3013 3788 3112 3845 ego
3135 3775 3187 3828 in
3214 3773 3432 3830 Beelze-

1845 3859 1955 3916 bub
1974 3859 2130 3930 ejicio
2149 3863 2431 3928 daemonia,
2464 3862 2559 3916 ﬁlii
2588 3864 2750 3918 vestri
2778 3863 2830 3918 in
2859 3881 2967 3935 quo
2997 3866 3223 3936 ejiciunt
3248 3867 3272 3921 ?
3298 3886 3319 3918 ι
3351 3867 3433 3925 Ac

1846 3954 1892 4010 si
1925 3954 2169 4009 diceret:
2204 3954 2261 4009 Si
2281 3955 2672 4010 exorcistarum
2696 3955 2942 4025 expulsio
2964 3957 3074 4012 Deo
3107 3943 3358 4013 tribuitur
3377 3967 3433 4014 et

1846 4065 1952 4105 non
1969 4049 2323 4116 daemonibus,
2353 4065 2521 4121 quare
2542 4049 2837 4121 idem'Opus
2859 4052 2912 4106 in
2938 4067 3024 4108 me
3053 4068 3158 4107 non
3181 4054 3340 4109 eamd
3376 4069 3429 4108 m

1845 4141 2008 4196 habet
2035 4143 2430 4198 reverentiam?
2456 4160 2474 4193 t
2502 4142 2628 4198 ldeo
2655 4143 2754 4213 ipsi
2775 4143 2986 4213 judices
3007 4147 3172 4200 vestri
3195 4155 3374 4209 erunt,
3406 4165 3425 4197 ι

1845 4249 1952 4289 non
1982 4233 2034 4288 in
2066 4242 2350 4304 potestate,
2383 4235 2477 4289 sed
2530 4237 2952 4305 comparatione.
2979 4236 3131 4292 Sicut
3151 4238 3293 4292 enim
3347 4255 3431 4292 rc-

1844 4326 1970 4396 gina
2003 4324 2165 4392 Saba,
2199 4326 2420 4382 veniens
2445 4343 2476 4380 a
2502 4326 2698 4384 ﬁnibus
2722 4337 2880 4384 terra:
2901 4330 3087 4384 audire
3110 4331 3428 4400 sapientiam

1847 4415 2170 4483 Salomonis,
2211 4416 2518 4485 judicatura
2566 4428 2649 4474 est
2701 4436 2816 4484 cos,
2844 4422 2935 4491 qui
2979 4420 3235 4490 majorem
3274 4421 3430 4475 Chri-

1845 4525 1986 4594 stum
2016 4515 2303 4571 Salomonc
2333 4516 2523 4572 audire
2574 4526 3015 4586 contempserunt
3047 4535 3058 4568 :
3088 4525 3144 4570 ct
3167 4515 3308 4569 sicut
3340 4511 3427 4566 Ni-

1846 4609 2027 4665 nivita:
2050 4619 2270 4682 agentes
2303 4611 2676 4680 paenitentiam
2719 4611 2785 4664 ad
2816 4607 3251 4678 praedicationem
3279 4603 3429 4660 Jonac

174 4718 388 4773 quomm
442 4708 702 4763 malitiam
761 4707 1183 4764 convincendam
1239 4707 1416 4762 adhuc
1443 4702 1736 4774 subjunxit,
1765 4697 2129 4771 "judicaturi
2160 4711 2420 4767 sunteos,
2469 4703 2558 4771 qui
2600 4699 2861 4768 majorem
2908 4697 3041 4753 Jona
3091 4697 3427 4752 Salvatorcm

176 4795 344 4855 dicens
377 4817 390 4853 :

240 4908 257 4940 ι
298 4890 358 4945 Si
383 4905 482 4963 ego
523 4892 576 4946 in
619 4890 919 4946 Beelzebub
940 4889 1096 4959 ejicio
1144 4890 1426 4955 darmonia,
1458 4889 1552 4944 ﬁlii
1578 4889 1743 4945 vestri

182 4981 277 5036 «in
297 4999 410 5056 quo
460 4981 733 5051 ejiciunt?
772 5003 789 5034 ι
846 4982 1012 5037 Filios
1037 4997 1224 5037 eorum
1282 4981 1572 5053 discipulos
1617 4997 1745 5038 suos

177 5073 309 5142 dicit,
341 5077 435 5147 qui
460 5078 577 5134 sine
602 5080 764 5135 dubio
783 5094 849 5133 ex
893 5094 1078 5135 eorum
1105 5078 1361 5150 progenie
1410 5079 1521 5132 nati
1567 5087 1742 5143 erant,

176 5169 359 5237 quibus
390 5170 502 5240 jam
529 5181 850 5243 potestatem
893 5173 1161 5245 cffugandi
1202 5174 1474 5228 daemones
1498 5173 1740 5239 dederat,

177 5269 325 5332 atque
385 5264 630 5321 calcandi
675 5281 838 5336 super
875 5281 1093 5322 omnem
1151 5273 1473 5336 potestatem
1517 5265 1738 5330 inimici,

178 5353 348 5414 dicens
375 5373 389 5412 :
432 5377 451 5410 ι
480 5357 540 5414 In
569 5359 786 5414 nomine
812 5374 932 5414 meo
985 5358 1231 5416 inﬁrmos
1260 5368 1468 5425 curate,
1499 5358 1744 5430 leprosos

177 5451 439 5514 mundate,
468 5466 639 5508 caecos
672 5451 992 5518 illuminate,
1016 5453 1288 5509 daemones
1307 5454 1506 5525 ejicite.
1561 5451 1742 5509 Gratis

179 5540 474 5610 accepistis,
500 5542 668 5612 gratis
717 5542 859 5597 date.
883 5539 1097 5612 (Matth.
1133 5542 1246 5614 xx).
1287 5561 1306 5594 ›
1355 5543 1435 5598 Ac
1483 5542 1530 5598 si
1581 5542 1744 5598 dixis-

179 5639 251 5684 set
287 5651 300 5686 :
331 5632 389 5688 Si
414 5634 656 5704 discipuli
686 5635 812 5700 mei,
838 5633 932 5689 ﬁlii
955 5635 1143 5705 utique
1162 5636 1354 5700 vestri,
1415 5635 1469 5689 in
1528 5635 1747 5691 nomine

179 5737 286 5780 meo
316 5727 580 5784 daemonia
601 5730 842 5799 ejiciunt,
870 5742 1039 5800 quare
1075 5744 1172 5784 vos
1208 5729 1348 5784 idem
1391 5745 1526 5800 opus
1551 5729 1607 5784 in
1659 5744 1748 5786 me

179 5816 396 5891 principi
426 5821 811 5879 daemoniorum
844 5821 1146 5878 Beelzebub
1171 5829 1226 5877 et
1269 5836 1378 5876 non
1421 5822 1531 5878 Deo
1562 5821 1746 5893 signa-

183 5905 246 5961 tis
271 5911 294 5964 ?

1843 4799 2030 4854 audire
2051 4799 2358 4863 noluerunt,
2384 4797 2463 4853 sic
2483 4807 2536 4851 et
2565 4796 2652 4850 isti
2688 4794 2988 4859 cxorcistaa,
3043 4794 3134 4863 qui
3187 4793 3426 4849 curatio-

1843 4905 1966 4946 nem
1997 4890 2298 4944 daemonum
2332 4890 2440 4944 Deo
2497 4887 2825 4953 tribuebant,
2885 4885 3130 4956 judicare
3177 4887 3430 4943 dicuntur

1841 4997 1936 5038 eos
1967 4981 2060 5052 qui
2111 4981 2445 5038 curationem
2495 4981 2796 5036 dmmonum
2852 4978 3173 5044 Beelzebub,
3223 4989 3277 5034 et
3322 4995 3429 5034 non

1844 5075 1955 5132 Deo
1977 5075 2348 5146 assignabant.
2886 5085 2889 5088 '

1923 5189 1940 5221 ι
1985 5167 2155 5224 Porro
2177 5167 2222 5223 si
2254 5167 2308 5220 in
2352 5166 2518 5237 digito
2573 5165 2666 5220 Dei
2693 5165 2850 5236 ejicio
2873 5165 3160 5228 daemonia,
3185 5163 3429 5235 profecto

1850 5283 1868 5315 ‹
1919 5262 2165 5334 pervenit
2218 5261 2271 5316 in
2319 5276 2416 5314 vos
2444 5275 2666 5332 regnum
2703 5259 2814 5315 Dei.
2862 5279 2880 5312 ι
2921 5260 3126 5330 Digitus
3164 5259 3281 5324 Dei,
3311 5247 3430 5327 Spi-

1843 5355 1982 5410 ritus
2019 5362 2236 5408 sanctus
2261 5350 2598 5422 intelligitur,
2631 5351 2774 5422 quod
2800 5349 3081 5406 Matthaaus
3100 5349 3427 5420 evangelista

1845 5445 2185 5502 manifestius
2236 5441 2495 5508 declarat,
2523 5457 2645 5497 cum
2701 5441 2882 5496 dixit:
2933 5459 2950 5490 ι
2989 5439 3045 5495 Si
3103 5448 3283 5494 autem
3327 5451 3430 5507 ego

1850 5538 1904 5592 in
1943 5535 2144 5606 Spiritu
2167 5533 2324 5604 ejicio
2349 5534 2621 5590 daemones
2646 5532 2862 5602 (Matth.
2894 5530 3015 5603 χιι).
3055 5550 3071 5582 ι
3102 5531 3169 5584 Ει
3205 5528 3430 5598 pulchre

1851 5645 1947 5701 per
1965 5628 2190 5699 digitum
2223 5626 2316 5681 Dei
2342 5625 2575 5697 Spiritus
2603 5633 2826 5681 sanctus
2854 5623 3136 5696 ﬁguratur,
3165 5618 3288 5689 quia
3322 5617 3428 5671 sic-

1849 5731 1912 5778 ut
1935 5721 2119 5793 digitis
2147 5719 2345 5790 aliquid
2387 5735 2678 5790 operamur
2722 5718 2807 5774 vel
2837 5715 3171 5786 stringimus,
3220 5713 3298 5767 sic
3322 5711 3427 5766 Pa-

1855 5824 1937 5872 ter
1955 5823 2011 5870 et
2039 5813 2206 5869 Filius
2226 5831 2321 5884 per
2349 5812 2608 5885 Spiritum
2631 5822 2877 5868 sanctum
2903 5807 3082 5864 omnia
3111 5814 3425 5877 Operantur.

1853 5908 2066 5966 dicente
2109 5905 2438 5963 Psalmista:
2497 5925 2514 5959 ‹
2549 5905 2730 5961 Verbo
2785 5901 2994 5959 Domini
3055 5900 3173 5956 coeli
3232 5898 3428 5954 ﬁrmati
