3994 6354
189 455 301 512 261

1406 442 1710 535 nomen;
1746 444 1837 502 ns
1873 438 2218 501 TEMPORE.

3357 434 3465 495 εει

200 592 218 624 ι
264 587 368 625 ιιοη
402 566 701 632 inveniens,
728 566 857 622 dicit
884 583 897 618 :
926 562 1188 621 Revertar
1228 564 1282 619 in
1331 564 1550 619 domum
1577 577 1771 626 meam,
1805 567 1853 629 Α
1880 570 2098 616 manum
2129 572 2283 615 suam
2308 559 2364 613 in
2398 565 2663 624 aratrum,
2691 564 2747 615 et
2769 557 3064 628 respiciens
3100 563 3268 622 retro,
3305 563 3465 627 aptus

200 681 220 715 ι
266 661 409 716 unde
437 658 599 716 exivi.
624 678 641 712 ›
668 658 821 728 Quod
841 667 924 714 est
951 656 1151 722 dicere,
1173 654 1438 712 Revertar
1458 655 1525 710 ad
1544 653 1782 720 Iudaeos,

195 771 341 827 quos
371 751 585 822 reliqui.

280 864 300 897 ι
334 844 402 900 Et
426 858 549 899 cum
572 841 798 906 venerit,
818 841 1022 896 invenit
1050 840 1227 911 scopis
1255 838 1586 903 mundatam,
1613 846 1665 892 et
1690 851 1784 892 or-

199 955 218 986 ι
264 944 468 990 natam.
510 954 527 987 ι
580 932 858 988 Μιιιιιιεειιε
898 947 1128 1002 namque
1150 930 1318 986 dicit:
1356 949 1376 982 ι
1415 929 1621 984 invenit
1664 944 1784 983 eam

192 1037 505 1096 vacantem,
550 1028 726 1099 scopis
784 1029 1117 1094 mundatam,
1164 1032 1219 1083 et
1266 1036 1512 1082 ornatam
1567 1024 1782 1097 (Matth.

195 1121 323 1194 xu).
357 1141 376 1175 ι
411 1120 648 1176 Vacabat
669 1119 812 1175 enim
862 1116 1055 1175 domus
1088 1106 1425 1183 )udaeorum,
1468 1118 1592 1188 quia
1622 1116 1784 1172 Chri-

193 1224 349 1271 stum
398 1215 666 1284 hospitem
708 1213 762 1268 in
807 1229 865 1268 se
896 1229 1002 1268 non
1048 1213 1303 1279 habebat,
1344 1212 1485 1268 sicut
1529 1210 1786 1267 Dominus

192 1308 277 1362 ait
310 1326 323 1361 :
366 1327 385 1359 ι
434 1307 573 1362 Ecce
604 1305 937 1374 relinquetur
959 1304 1113 1361 vobis
1150 1304 1345 1360 domus
1367 1315 1548 1361 vestra
1572 1303 1786 1358 deserta

203 1396 432 1470 (Matth.
472 1396 649 1469 χχιιι).
688 1417 707 1450 ι
752 1415 771 1448 ι
808 1395 1000 1468 Scopis
1049 1395 1385 1462 mundatam,
1436 1416 1455 1447 ι
1504 1395 1789 1451 circumci-

192 1492 354 1547 sione
411 1500 467 1547 et
493 1490 829 1547 caeremoniis
867 1488 1192 1544 carnalibus.
1240 1507 1260 1540 ι
1291 1488 1570 1554 Ornatam,
1608 1506 1627 1541 ι
1662 1487 1790 1543 scri-

192 1585 393 1661 barutr
413 1591 487 1659 ,ει
512 1581 907 1638 Pharisaeorum
947 1580 1436 1652 superstitionibus.

275 1694 296 1727 ι
330 1672 399 1731 Et
424 1686 549 1730 tunc
574 1661 723 1730 vadit
770 1682 825 1728 et
870 1673 1099 1729 assumit
1146 1681 1350 1743 scptem
1391 1671 1525 1728 alios
1566 1670 1789 1741 spiritus

199 1785 218 1820 ι
263 1766 556 1838 nequiores
587 1783 667 1832 se,
703 1776 757 1823 et
777 1765 1010 1838 ingressi
1052 1765 1298 1822 habitant
1346 1765 1438 1821 ibi.
1492 1785 1512 1819 ι
1562 1766 1791 1821 Domum

189 1872 368 1928 quam
400 1866 677 1915 vacantem
709 1858 934 1923 invenit,
965 1873 1074 1913 non
1106 1856 1275 1914 solum
1305 1858 1422 1928 ipse
1440 1857 1532 1928 qui
1560 1856 1790 1926 relique-

1887 661 1971 710 est
2015 664 2181 724 regno
2202 653 2297 709 Dei
2340 651 2492 725 (Luc.
2524 652 2620 724 ut).
2662 670 2684 705 ι
2717 652 2837 708 Νοιι
2867 652 3011 707 enim
3047 664 3208 722 passa
3243 666 3344 722 par
3369 650 3465 707 de-

1886 748 2043 803 betur
2086 745 2158 813 ei,
2214 746 2309 817 qui
2351 745 2614 812 multum;
2666 753 2722 800 et
2774 746 2884 813 iiii,
2936 746 3029 816 qui
3098 754 3291 816 parum
3338 759 3466 816 pec-

1886 853 1994 904 cat,
2021 839 2248 895 Domino
2289 838 2343 892 in
2389 836 2678 909 Evangelia
2713 838 2924 893 dicente
2956 857 2968 891 :
3005 852 3024 889 ι
3058 836 3258 892 Servus
3289 837 3465 893 sciens

1888 929 2218 985 voluntatem
2257 929 2466 985 Domini
2495 930 2603 995 sui,
2630 938 2686 985 et
2711 943 2818 983 non
2848 927 3073 995 faciens,
3104 929 3263 999 digne
3291 928 3468 1000 plagis

1887 1023 2159 1094 vapulabit
2183 1020 2367 1077 multis
2397 1020 2549 1093 (Luc.
2574 1021 2692 1092 xu).
2731 1038 2751 1072 ι
3417 1070 3425 1080 ,

1964 1134 1982 1167 ι
2018 1114 2242 1169 Factum
2292 1121 2378 1169 est
2405 1121 2609 1179 autem,
2645 1127 2766 1167 cum
2811 1111 2926 1167 haec
2950 1110 3172 1177 diceret,
3201 1110 3468 1168 extollens

1893 1226 1912 1258 ι
1944 1222 2130 1262 vocem
2155 1204 2401 1277 quaedam
2435 1203 2631 1260 mulier
2669 1205 2733 1259 de
2770 1204 2958 1270 turba,
3009 1203 3165 1258 dixit.
3207 1223 3225 1257 ι
3263 1203 3468 1275 Magna:

1888 1300 2190 1355 devotionis
2217 1298 2332 1354 haec
2372 1297 2565 1352 mulier
2588 1296 2908 1363 ostenditur,
2939 1310 3060 1366 qua}
3094 1296 3253 1352 ﬁdem
3282 1294 3466 1352 Domi-

1890 1395 2024 1449 nicae
2052 1392 2460 1457 incarnationis,
2487 1406 2650 1463 quam
2678 1393 2840 1447 corde
2865 1390 3130 1460 concepit,
3176 1390 3316 1446 inter
3358 1398 3469 1444 tur-

1889 1489 1986 1544 bas
2018 1485 2446 1558 maliguantium,
2494 1484 3028 1556 reprehendentium,
3059 1492 3115 1539 et
3137 1482 3467 1538 calumnian-

1891 1578 2048 1643 tium,
2079 1592 2176 1632 ore
2226 1576 2443 1631 credulo
2488 1575 2733 1631 confessa
2787 1583 2889 1643 est,
2938 1575 3168 1631 dicens:
3221 1592 3239 1624 ι
3278 1573 3473 1629 Beatus

1898 1690 1915 1723 ι
1953 1679 2142 1727 venter
2169 1669 2263 1739 qui
2293 1679 2346 1725 te
2371 1669 2623 1739 portavit,
2655 1678 2709 1724 et
2736 1668 2903 1745 ubera
2939 1681 3060 1737 qua:
3097 1664 3308 1722 suxisti.
3346 1683 3365 1717 ι
3411 1664 3471 1718 in

1893 1764 2087 1834 quibus
2127 1763 2305 1818 verbis
2336 1775 2440 1817 non
2474 1760 2647 1816 solum
2692 1769 2990 1830 praesentes
3035 1758 3470 1820 calumniatores,

1895 1854 1985 1923 qui
2032 1853 2281 1909 dicebant
2329 1867 2451 1908 eum
2503 1851 2555 1905 in
2592 1851 2890 1905 Beelzebub
2936 1849 3131 1921 ejicere
3186 1847 3470 1913 daeinonia,

190 1959 287 2006 rat
311 1949 539 2018 invadit,
574 1949 668 2007 sed
698 1950 864 2006 etiam
891 1947 1025 2007 alios
1054 1958 1262 2021 septem
1290 1949 1580 2019 nequiores
1608 1963 1789 2004 secum
1821 1950 1868 2011 Β
1894 1945 2197 2011 confundit,
2228 1944 2326 1999 sed
2353 1944 2515 1998 etiam
2570 1941 2813 2013 futurum
2858 1956 3044 1997 eorum
3091 1956 3333 1997 errorem
3377 1942 3471 1997 de-

189 2043 454 2109 assumit,
503 2042 555 2098 id
601 2050 685 2098 est
728 2050 936 2113 septem
968 2042 1097 2096 vitia
1143 2041 1478 2113 principalia,
1510 2056 1630 2111 quae
1666 2048 1792 2097 sunt

187 2126 478 2205 superbia,
505 2132 649 2207 gula,
671 2134 979 2200 fornicatio,
998 2135 1243 2201 avaritia,
1266 2136 1366 2201 ira,
1385 2134 1626 2201 tristitia,
1654 2149 1790 2190 vana

184 2225 391 2297 gloria.
423 2226 577 2282 Sicut
607 2226 752 2282 enim
781 2226 1120 2297 septenarius
1143 2241 1401 2281 numerus
1425 2241 1547 2281 cum
1575 2226 1629 2281 in
1650 2225 1792 2281 bono

182 2318 443 2387 ponitur,
477 2333 667 2373 omnes
696 2317 946 2385 virtutes,
996 2334 1118 2389 quae
1165 2333 1262 2388 per
1296 2319 1523 2390 gratiam
1558 2316 1793 2388 Spiritus

182 2409 381 2465 sancti
409 2406 661 2465 ﬁdelibus
690 2410 907 2475 dantur,
939 2409 1224 2479 significat,
1248 2408 1328 2464 sic
1350 2424 1472 2464 cum
1502 2424 1601 2479 pro
1629 2408 1791 2475 malo,

181 2501 387 2558 omnia
416 2502 545 2557 vitia
574 2517 693 2573 qua:
717 2501 1005 2557 virtutibus
1031 2508 1158 2556 sunt
1185 2501 1478 2555 contraria.
1511 2518 1532 2552 ι
1572 2499 1639 2556 Et
1660 2500 1796 2555 ﬁunt

193 2616 213 2649 ι
263 2595 565 2652 novissima
592 2596 826 2653 hominis
855 2595 999 2651 illius
1032 2594 1215 2666 pejora
1247 2593 1536 2666 prioribus.
1579 2613 1596 2646 ι
1630 2590 1794 2649 Multo

190 2687 345 2744 enim
386 2701 532 2742 nunc
556 2685 770 2757 pejores
802 2684 1141 2750 suntJudaei,
1189 2680 1349 2755 quain
1388 2692 1675 2753 antequam
1715 2684 1794 2739 le—

189 2795 318 2852 gem
362 2778 723 2850 accepissent,
776 2776 949 2832 relicti
974 2792 1004 2831 a
1031 2778 1161 2843 Deo,
1192 2784 1246 2831 et
1293 2776 1411 2832 sine
1454 2777 1573 2849 lege
1618 2785 1674 2833 et
1701 2793 1792 2834 sa-

191 2872 441 2929 cerdotio
467 2870 621 2937 facti,
647 2879 703 2927 et
739 2871 966 2941 dispersi
997 2871 1062 2926 de
1104 2879 1264 2942 gente
1286 2870 1341 2925 in
1368 2880 1605 2941 gentem,
1636 2879 1691 2927 et
1723 2872 1792 2927 de

194 2980 367 3037 regno
416 2963 471 3020 in
524 2978 751 3036 regnum
788 2964 857 3019 ad
889 2963 1141 3036 populum
1190 2963 1441 3020 alterum.
1481 2962 1589 3021 Sed
1636 2965 1791 3023 valde

196 3056 500 3112 cavendum
551 3066 651 3121 est,
721 3071 790 3111 ne
842 3054 978 3112 forte
1023 3055 1148 3111 vitia
1207 3054 1515 3112 Judaeorum
1576 3058 1644 3114 ad
1689 3072 1788 3115 nos

200 3157 502 3205 transeant.
559 3148 651 3203 Ait
704 3149 846 3203 enim
899 3166 910 3201 :
960 3166 976 3200 ι
1030 3148 1166 3204 Cum
1213 3148 1523 3204 immundus
1567 3149 1790 3220 spiritus

200 3242 399 3296 exierit
419 3241 486 3297 ab
521 3240 761 3296 homine.
794 3260 812 3292 ι
852 3238 1039 3296 Omnis
1073 3240 1218 3295 enim
1256 3239 1521 3296 catholica
1548 3241 1787 3297 Ecclesia

1892 2039 2073 2105 struit,
2105 2036 2197 2109 qui
2242 2036 2439 2093 dicturi
2489 2046 2647 2091 erant
2672 2035 2957 2091 Dominum
2988 2049 3094 2089 non
3124 2044 3307 2090 veram
3347 2048 3469 2090 car-

1893 2147 2014 2188 nem
2042 2148 2107 2187 ex
2135 2130 2304 2185 Maria
2336 2130 2544 2201 virgine
2576 2129 2954 2200 assumpsisse.
3008 2127 3065 2183 Si
3109 2129 3254 2184 enim
3285 2135 3476 2183 ventre

1891 2231 2156 2295 portatus,
2199 2221 2561 2291 uberibusque
2612 2230 2695 2277 est
2743 2220 2994 2287 iactatus,
3036 2229 3185 2291 patet
3232 2220 3473 2291 profecto

1893 2318 2035 2387 quod
2103 2313 2615 2372 consubstantialem
2685 2329 2907 2371 carnem
2968 2317 3156 2371 matris
3219 2318 3473 2387 suscepit,

1894 2410 2127 2465 maxime
2148 2425 2271 2465 cum
2295 2410 2589 2466 secundum
2618 2410 2871 2481 physicos
2893 2410 2948 2465 in
2979 2417 3169 2466 ventre
3196 2425 3475 2481 praegnan-

1894 2503 1985 2566 tis,
2015 2502 2194 2573 liquor
2224 2501 2502 2572 sanguinis
2523 2512 2578 2557 et
2603 2502 2759 2557 lactis
2795 2517 2861 2557 ex
2892 2516 2998 2557 uno
3044 2502 3189 2558 fonte
3234 2511 3417 2555 manat
3458 2520 3469 2554 :

1895 2594 2195 2665 sanguinis,
2222 2594 2362 2648 unde
2386 2592 2648 2649 formatur
2673 2594 2833 2649 homo
2872 2612 2885 2647 :
2919 2592 3092 2661 lactis,
3125 2595 3266 2650 unde
3295 2595 3474 2665 pasci-

1895 2695 2002 2742 tur.
2026 2684 2084 2741 Si
2114 2700 2245 2758 ergo
2271 2685 2529 2741 Dominus
2556 2684 2712 2742 Jesus
2738 2685 2987 2742 Christus
3008 2687 3149 2742 sicut
3174 2687 3354 2742 caeteri
3381 2687 3477 2742 ho-

1893 2779 2067 2835 mines
2089 2778 2171 2835 iac
2193 2778 2359 2845 suxit,
2381 2787 2437 2834 et
2465 2780 2699 2835 nutritus
2729 2787 2831 2846 est,
2864 2780 3118 2834 nimirum
3149 2794 3334 2835 veram
3358 2794 3478 2835 car-

1893 2887 2038 2937 nem,
2058 2887 2165 2926 non
2185 2870 2510 2938 simulatam,
2541 2872 2854 2943 assumpsit,
2879 2871 3022 2928 sicut
3043 2872 3240 2928 Paulus
3261 2881 3476 2944 aposto-

1893 2962 1977 3017 lus
2006 2962 2121 3016 ait:
2161 2980 2180 3013 ‹
2215 2961 2315 3029 Qui
2345 2960 2518 3018 lactus
2543 2963 2700 3019 estei
2726 2976 2793 3019 ex
2831 2964 3043 3019 semine
3076 2962 3243 3019 David
3285 2978 3480 3020 secun-

1893 3056 2020 3112 dum
2056 3071 2278 3111 carnem
2310 3055 2480 3129 (Rom.
2513 3058 2574 3131 l).
2611 3077 2628 3109 ι
2662 3056 2741 3113 De
2767 3072 2875 3128 quo
2921 3056 3205 3113 Mattharus
3241 3058 3295 3113 in
3323 3058 3478 3114 initio

1893 3149 1977 3204 sui
1996 3148 2275 3221 Evangelii
2297 3151 2372 3205 ait
2403 3169 2415 3204 :
2470 3169 2488 3202 ι
2518 3144 2681 3206 Liber
2703 3152 3067 3224 generationis
3093 3153 3220 3210 Iesu
3250 3152 3475 3223 Christi,

1894 3240 1988 3298 ﬁlii
2017 3244 2206 3309 David,
2243 3242 2336 3298 ﬁlii
2362 3243 2657 3299 Abraham.
2706 3264 2725 3296 ι
2757 3244 3127 3316 Spiritualiter
3156 3255 3334 3303 autem
3361 3262 3480 3303 mu-

208 3334 405 3401 credit,
435 3335 573 3405 quod
600 3350 697 3405 per
734 3334 932 3389 undam
950 3334 1293 3406 baptismatis
1331 3343 1387 3389 et
1412 3335 1640 3406 gratiam
1670 3334 1790 3405 Spi-
1816 3329 1865 3391 C
1894 3337 1994 3391 lier
2018 3336 2119 3392 ista
2150 3344 2394 3390 sanctam
2424 3334 2695 3406 signiﬁcat
2720 3336 3037 3404 Ecclesiam,
3058 3354 3177 3410 qua:
3200 3340 3344 3394 inter
3367 3348 3480 3394 tur-

215 3426 353 3482 ritus
390 3427 582 3494 sancti,
631 3428 879 3484 omnibus
931 3427 1165 3498 peccatis
1214 3426 1474 3491 dimissis,
1530 3429 1790 3483 daemonis

204 3525 447 3590 potestas
472 3506 789 3576 excluditur.
825 3520 977 3575 Tunc
1007 3519 1249 3576 ambulat
1276 3535 1374 3591 per
1395 3519 1511 3577 loca
1537 3520 1710 3586 arida,
1737 3526 1791 3576 et

204 3611 485 3682 inaquosa,
512 3610 565 3667 id
592 3620 691 3677 est,
726 3611 890 3668 corda
933 3611 1165 3668 aliorum
1210 3612 1638 3669 Christianorum
1668 3621 1788 3669 ten-

202 3702 392 3769 tando,
414 3705 505 3776 qui
527 3704 665 3759 aridi
696 3712 936 3774 suntper
972 3703 1352 3760 abstinentiam
1387 3722 1400 3758 :
1434 3713 1490 3760 et
1516 3704 1788 3775 inaquosi,

199 3811 228 3850 a
252 3793 398 3851 fluxu
449 3795 691 3853 libidinis
732 3798 914 3853 alieni.
962 3797 1020 3851 ln
1067 3795 1263 3852 talibus
1298 3810 1512 3868 quoque
1544 3811 1792 3867 quaerens

199 3889 467 3960 requiem,
497 3898 553 3943 et
588 3905 695 3945 non
720 3890 924 3945 invenit
953 3908 965 3944 τ
996 3889 1120 3961 quia
1152 3897 1331 3946 castas
1364 3897 1420 3946 et
1449 3906 1610 3961 puras
1644 3905 1792 3945 men-

201 3988 281 4035 tes
309 3978 596 4049 eﬁ'ugiens,
642 3981 956 4036 teucbrosas
1003 3988 1059 4037 et
1107 3980 1425 4037 libidinosas
1471 3982 1681 4051 quaerit.
1717 3981 1793 4037 De

203 4087 309 4142 quo
340 4073 408 4127 ad
436 4070 654 4128 beatum
684 4068 784 4127 Job
815 4071 1071 4127 Dominus
1101 4072 1177 4127 ait
1204 4088 1217 4124 :
1249 4090 1267 4123 ι
1299 4071 1412 4127 Sub
1447 4073 1651 4127 umbra‘
1667 4072 1793 4127 dor-

204 4163 318 4231 mit,
347 4165 400 4219 in
420 4174 634 4220 secreto
656 4164 852 4220 calami
876 4164 1079 4221 inlocis
1102 4164 1447 4220 humentibus
1464 4163 1605 4235 (Job.
1627 4163 1736 4236 χι).
1766 4184 1784 4216 ι

206 4254 309 4314 Sed
357 4273 481 4313 cum
522 4257 640 4313 zelo
679 4257 843 4313 divini
876 4257 1079 4313 amoris
1111 4256 1271 4312 fuerit
1298 4256 1583 4328 expulsus,
1612 4256 1741 4312 dicit
1772 4274 1788 4312 :

212 4368 229 4400 ι
266 4349 529 4405 Revertar
566 4350 623 4413 in
651 4349 866 4405 domum
891 4365 1064 4405 meam
1097 4351 1237 4404 unde
1264 4349 1425 4403 exivi.
1463 4368 1482 4401 ι
1519 4348 1670 4403 Tunc
1702 4364 1791 4404 va-

208 4442 302 4496 riis
343 4442 517 4498 modis
548 4450 785 4497 mentem
815 4441 1047 4495 hominis
1098 4449 1306 4495 tentare
1353 4440 1576 4510 incipit,
1628 4454 1789 4510 quem

208 4548 304 4602 per
325 4531 648 4604 baptismum
678 4533 992 4602 reliquerat.
1026 4528 1134 4587 Scd
1181 4531 1308 4601 quia
1354 4538 1479 4585 sunt
1516 4529 1667 4584 multi
1712 4538 1789 4587 te-

211 4624 315 4693 pidi
346 4622 654 4688 Christiani,
688 4632 834 4679 recte
868 4623 934 4679 de
961 4623 1149 4678 eadem
1173 4623 1332 4678 domo
1362 4622 1645 4678 subditur:
1678 4644 1697 4675 ι
1723 4623 1789 4679 Et

1895 3431 1991 3485 bas
2015 3428 2344 3493 Judzeorum,
2377 3442 2712 3499 paganorum
2755 3436 2808 3485 et
2841 3429 3215 3485 hzereticorum
3262 3431 3479 3486 credula

1895 3537 2025 3578 voce
2061 3521 2350 3577 Dominum
2396 3519 2673 3577 Christum
2715 3523 3023 3579 conﬁtetur.
3076 3525 3240 3596 Cujus
3291 3541 3479 3581 revera

1894 3626 2026 3670 voce
2054 3621 2241 3669 venter
2254 3611 2435 3669 Maria:
2454 3612 2676 3686 virginis
2695 3615 2885 3671 beatus
2896 3617 3219 3687 praedicatur
3237 3616 3387 3688 (Luc.
3416 3618 3475 3687 l),

1898 3720 2017 3775 qua:
2050 3703 2214 3760 totius
2234 3704 2421 3760 mundi
2448 3703 2863 3777 Redemptorem
2885 3708 3082 3764 meruit
3110 3717 3349 3781 portare,
3378 3711 3483 3765 sic-

1895 3808 1955 3856 ut
1996 3801 2110 3871 ipsa
2140 3801 2204 3855 de
2245 3814 2303 3857 se
2331 3800 2445 3857 ait:
2480 3820 2499 3852 ι
2548 3800 2627 3856 Ex
2666 3802 2768 3859 hoc
2806 3802 3019 3858 beatam
3046 3818 3133 3857 me
3160 3794 3339 3858 dicent
3366 3816 3481 3859 om-

1895 3905 1991 3947 nes
2037 3892 2430 3964 generationes.
2475 3913 2493 3946 ι
2544 3892 2611 3948 Et
2640 3892 2923 3950 Elizabeth
2956 3914 2967 3948 :
3006 3915 3024 3948 ι
3063 3892 3229 3951 Beata
3268 3911 3328 3951 es
3364 3911 3483 3966 quae

1897 3984 2193 4041 credidisti.
2233 4005 2251 4038 ι
2283 3984 2584 4043 Conﬁrmat
2611 3996 2793 4044 autem
2832 3988 2995 4044 verba
3037 3984 3301 4056 mulieris,
3358 4004 3482 4045 cum

1898 4076 2173 4148 subiungit
2200 4092 2213 4131 :

1976 4187 1995 4219 ‹
2029 4166 2304 4236 Quinimo,
2332 4171 2476 4227 beati
2525 4172 2618 4242 qui
2642 4171 2869 4227 audiunt
2903 4172 3125 4228 verbum
3155 4170 3268 4239 Dei,
3300 4183 3354 4231 et
3390 4192 3485 4231 cu-

1902 4282 1919 4313 ι
1951 4260 2193 4317 stodiunt
2226 4260 2375 4319 illud.
2409 4283 2427 4315 ι
2447 4263 2525 4318 Ac
2553 4264 2598 4319 si
2626 4262 2852 4320 dixisset
2883 4264 3082 4320 :Juxta
3106 4275 3251 4323 tuam
3275 4277 3488 4323 sentcn-

1898 4353 2026 4407 tiam
2054 4352 2424 4423 principaliter
2451 4355 2641 4411 beatus
2669 4353 2759 4411 ille
2786 4364 2977 4411 venter
3001 4364 3084 4411 est
3131 4356 3223 4427 qui
3250 4372 3336 4412 me
3360 4374 3485 4428 por-

1899 4445 2071 4501 tavit:
2106 4444 2200 4500 sed
2230 4452 2286 4500 et
2307 4460 2497 4502 omnes
2522 4444 2703 4512 beati,
2747 4447 2841 4518 qui
2880 4447 3107 4503 audiunt
3133 4448 3355 4502 verbum
3388 4446 3483 4506 Del

1896 4546 1950 4593 et
1978 4538 2293 4594 custodiunt
2322 4537 2470 4594 illud.
2512 4538 2612 4595 Cui
2657 4550 2837 4596 autem
2876 4541 3153 4596 beatitudo
3189 4539 3369 4594 Maria:
3393 4540 3485 4595 de-

1896 4629 2079 4696 lectat,
2123 4629 2337 4685 studeat
2376 4629 2605 4686 libenter
2642 4631 2829 4685 audire
2853 4631 3075 4685 verbum
3104 4629 3197 4683 Dei
3225 4636 3279 4685 et
3302 4638 3484 4685 custo-

211 4733 328 4771 cum
354 4718 582 4784 venerit,
616 4718 817 4773 invenit
855 4732 975 4772 eam
1008 4724 1313 4781 vacantem,
1348 4716 1525 4788 scopis
1560 4717 1789 4772 munda-
1818 4693 1869 4754 Ῑ)
1896 4720 2031 4786 dire,
2062 4720 2252 4776 beatus
2276 4721 2400 4775 erit.
2438 4719 2694 4790 Quisquis
2718 4735 2847 4790 ergo
2876 4721 3097 4775 verbum
3130 4720 3225 4776 Dei
3255 4720 3485 4779 libenter

211 4816 315 4864 tam
347 4819 402 4866 et
425 4820 694 4866 ornatam.
752 4830 769 4861 ι
810 4809 1123 4873 Vacantcm,
1177 4808 1231 4863 id
1261 4817 1343 4864 est
1373 4824 1401 4862 a
1439 4808 1579 4865 bono
1626 4823 1789 4879 opere

213 4910 540 4972 torpentem.
580 4921 599 4953 ι
639 4901 830 4972 Scopis
863 4903 1195 4965 mundatam,
1229 4918 1247 4953 ι
1284 4901 1337 4956 id
1361 4911 1444 4957 est
1484 4918 1586 4972 per
1621 4903 1793 4973 bapti-

213 5009 437 5049 smuma
470 4994 758 5065 praeteritis
799 4994 1033 5065 peccatis
1065 4992 1322 5047 ablatam.
1369 4993 1648 5058 Ornatam,
1693 4992 1792 5048 sub

211 5085 637 5141 Christianitatis
665 5086 852 5142 habitu
881 5084 1144 5140 simulatis
1167 5083 1475 5139 virtutibus.
1516 5102 1534 5135 ι
1565 5083 1632 5138 Ει
1664 5092 1792 5137 tunc

214 5168 360 5231 vadit
402 5186 455 5232 et
487 5177 715 5233 assumit
746 5186 950 5247 septem
976 5177 1111 5233 alios
1149 5174 1373 5246 spiritus
1394 5175 1683 5245 nequiores
1712 5190 1790 5241 se,

212 5276 262 5322 et
288 5268 516 5337 ingressi
548 5268 795 5323 habitant
823 5269 915 5324 ibi.
957 5289 975 5323 ι
1011 5268 1159 5324 Solet
1186 5268 1518 5339 contingere,
1549 5277 1606 5321 ut
1631 5285 1793 5340 quem

215 5371 337 5417 ante
365 5363 691 5433 baptiSmum
719 5379 814 5434 per
850 5363 1021 5419 solum
1052 5363 1312 5433 originale
1336 5371 1616 5433 peccatum
1651 5373 1794 5420 tene-

216 5454 323 5517 bat,
373 5462 558 5525 postea
598 5469 694 5525 per
744 5452 909 5509 multa
951 5453 1080 5507 vitia
1135 5454 1424 5524 possideat.
1479 5473 1498 5505 ι
1558 5454 1623 5508 Et
1659 5453 1795 5511 ﬁunt

217 5546 507 5601 novissima
563 5546 797 5602 hominis
848 5544 987 5600 illius
1038 5545 1217 5616 pejora
1258 5547 1547 5616 prioribus.
1603 5567 1622 5600 ι
1655 5547 1793 5615 Quia

216 5638 355 5694 sicut
402 5641 469 5695 de
498 5639 693 5695 talibus
721 5641 913 5695 Petrus
953 5639 1225 5709 apostolus
1256 5641 1333 5695 ait
1362 5658 1375 5693 :
1416 5660 1434 5691 ι
1492 5640 1683 5698 Melius
1713 5643 1797 5698 eis

216 5726 395 5784 fuerat
440 5745 547 5785 non
597 5746 886 5803 agnoscere
932 5731 1074 5785 viam
1127 5732 1394 5796 veritatis,
1454 5749 1613 5804 quam
1674 5743 1795 5806 post

218 5822 547 5891 agnitionem
576 5834 721 5879 retro
753 5823 988 5877 converti
1016 5822 1105 5893 (ll
1138 5821 1279 5876 Petr.
1306 5826 1389 5895 ιι).
1433 5846 1447 5875 ι
1484 5826 1559 5882 Dc
1597 5827 1799 5884 talibus

220 5922 400 5968 autem
429 5916 685 5971 Dominus
714 5918 765 5971 in
792 5915 1079 5987 Evangelio
1106 5917 1236 5972 dicit
1277 5937 1288 5970 :
1335 5939 1355 5969 ι
1387 5918 1551 5975 Nemo
1583 5923 1802 5978 mittens

1899 4811 2065 4877 audit,
2099 4812 2375 4866 Christum
2410 4810 2684 4879 concipit:
2719 4810 2762 4866 si
2793 4819 2971 4866 autem
3010 4811 3062 4866 in
3099 4826 3263 4885 opere
3290 4826 3481 4887 perpe—

1901 4902 2145 4968 traverit,
2177 4901 2450 4957 Christum
2477 4900 2637 4971 parit.
2681 4901 2832 4958 Unde
2876 4902 3130 4959 Dominus
3154 4901 3365 4958 cuidam
3397 4904 3481 4962 di-

1902 4995 2043 5051 centi
2073 4995 2171 5050 sibi
2205 4993 2419 5066 (Matth.
2452 4995 2550 5066 xu)
2580 5013 2592 5049 :
2633 5015 2651 5048 ι
2682 4995 2821 5052 Ecce
2852 5005 3025 5052 mater
3050 5006 3161 5064 tua,
3197 5004 3253 5054 et
3289 4997 3485 5054 fratres

1905 5085 1977 5139 tui
2008 5085 2139 5142 loris
2168 5094 2339 5150 stant,
2382 5095 2685 5155 quaerentes
2718 5095 2789 5153 te,
2823 5107 2840 5140 ι
2876 5089 3190 5159 respondit:
3225 5107 3243 5140 ι
3275 5086 3332 5143 Si
3363 5087 3484 5158 quis

1900 5177 2090 5233 fecerit
2114 5177 2445 5234 voluntatem
2472 5176 2652 5235 Patris
2680 5176 2817 5245 mei,
2855 5180 2970 5252 ipse
2999 5196 3151 5237 meus
3182 5181 3370 5248 frater,
3399 5199 3484 5236 so-

1902 5285 2013 5337 ror,
2041 5278 2096 5327 et
2121 5279 2295 5326 mater
2324 5277 2425 5325 est.
2460 5290 2478 5324 ›
2530 5268 2718 5327 Omnis
2763 5271 2960 5344 quippe
2996 5270 3093 5344 qui
3126 5272 3348 5329 verbum
3390 5274 3484 5329 Dei

1900 5364 2125 5420 audiens
2169 5363 2505 5435 impleverit,
2551 5364 2789 5435 quotidie
2836 5365 3108 5422 Christum
3154 5368 3386 5438 concipit
3435 5378 3482 5420 et

1901 5455 2063 5525 parit.
2102 5455 2168 5509 Et
2200 5470 2361 5525 quem
2402 5462 2590 5511 venter
2625 5455 2805 5511 Maria:
2846 5459 3080 5527 portavit
3115 5456 3483 5527 corporaliter,

1902 5544 2018 5616 ipse
2036 5553 2219 5615 portat
2239 5546 2611 5617 spiritualiter.
2640 5548 2785 5605 Bene
2811 5556 2989 5604 autem
3012 5558 3289 5620 postquam
3314 5546 3482 5601 dixit:

1908 5660 1926 5691 ι
1969 5639 2118 5693 Beati
2154 5640 2248 5710 qui
2289 5641 2514 5697 audiunt
2540 5641 2762 5697 verbum
2811 5642 2940 5709 Dei,
2975 5662 2993 5695 ι
3028 5640 3301 5709 ειιΙ)]υιιχιι
3331 5658 3342 5692 :
3388 5657 3404 5690 ι
3434 5647 3491 5695 et

1904 5735 2214 5792 custodiunt
2255 5735 2413 5803 illud,
2447 5758 2465 5789 ι
2521 5738 2645 5807 quia
2692 5738 2759 5795 ad
2805 5734 3189 5793 beatitudinem
3232 5741 3489 5789 :cternam

1904 5824 2316 5898 promerendam
2348 5844 2453 5884 non
2479 5828 2692 5900 proﬁcit
2721 5828 2944 5883 verbum
2974 5826 3068 5881 Dei
3112 5826 3329 5893 audire,
3385 5819 3490 5882 nisi

1908 5926 2138 5995 quisque
2168 5920 2295 5981 illud
2324 5925 2537 5980 studeat
2566 5922 2835 5979 custodire
2857 5964 2870 5987 ,
2913 5921 3139 5978 Domino
3168 5922 3376 5978 dicente
3413 5920 3491 5977 di-
