3994 6354
511 435 620 492 265

1152 429 1506 488 HAYMONIS
1541 425 2020 484 HALBERSTAT.
2062 421 2278 481 EPISC.
2319 419 2471 478 OPP.
2513 419 2696 475 PARS
2729 419 2794 474 ll.
2831 446 2901 460 —
2937 417 3172 498 HOMlb.

3705 418 3820 471 264

511 546 776 618 scipulis:
815 564 834 597 ‹
868 543 1031 601 Scitis
1069 545 1212 609 haec,
1262 542 1404 598 beati
1449 541 1636 608 eritis,
1678 539 1724 595 si
1758 537 1999 594 feceritis
2030 551 2092 593 ea
2120 543 2173 603 Α
2199 535 2352 590 testis
2392 542 2495 599 est,
2525 533 2617 604 qui
2661 533 2782 587 ait:
2832 551 2850 583 ι
2894 531 3226 600 Prophetam
3281 529 3438 584 vobis
3493 529 3818 584 suscitabit

515 640 698 712 (Joan.
723 639 865 709 xm).
895 657 914 689 ι
952 636 1104 693 Unde
1143 636 1382 692 Joannes
1416 636 1469 690 in
1504 633 1828 705 Apocalypsi
1865 647 1986 688 cum
2017 631 2096 687 di-

512 733 719 789 xisset:
757 749 776 783 t
804 731 1000 785 Beatus
1027 729 1121 799 qui
1147 729 1300 784 audit
1326 729 1493 784 verba
1523 726 1817 798 prophetiae
1849 725 1972 780 libri
1997 724 2098 779 hu-

503 823 615 894 jus,
668 842 686 876 »
741 820 1019 890 adjunxit,
1099 839 1119 873 ι
1173 831 1231 876 et
1277 827 1460 876 servat
1503 834 1623 889 qua:
1670 819 1724 872 in
1782 832 1848 872 ea
1892 815 2096 886 scripta

507 924 632 970 sunt
660 914 840 984 (Apoc.
869 914 932 984 ι).
965 933 983 966 ι
1033 912 1153 969 Non
1184 915 1352 978 enim,
1395 920 1455 966 ut
1484 912 1561 965 ait
1596 908 1908 980 Apostolus,
1944 906 2098 961 audi-

507 1014 651 1069 tores
684 1004 816 1075 legis
846 1002 980 1072 justi
1011 1012 1137 1060 sunt
1165 1003 1307 1073 apud
1334 1002 1527 1067 Deum,
1562 1001 1657 1055 sed
1696 998 1934 1054 factores
1963 996 2096 1066 legis

498 1096 939 1168 justificabuutur
966 1094 1139 1165 (Rom.
1167 1095 1228 1165 ι).
1251 1093 1536 1148 Αυίίἱτθηθι
1558 1107 1667 1147 non
1692 1089 1895 1155 facere,
1921 1088 2094 1159 magis

502 1185 737 1257 pertinet
784 1185 852 1240 ad
900 1183 1294 1239 contumaciam
1367 1199 1529 1253 quam
1576 1183 1644 1237 ad
1681 1180 2090 1237 beatitudinem.

503 1277 655 1336 Unde
675 1277 909 1334 Jacobus
932 1277 1063 1333 dicit
1087 1295 1100 1330 :
1134 1297 1152 1327 ‹
1185 1276 1390 1332 Scienti
1419 1277 1618 1332 bonum
1643 1283 1697 1331 et
1719 1290 1825 1330 non
1850 1272 2091 1336 facienti,

501 1377 787 1440 peccatum
818 1377 903 1424 est
932 1368 1007 1423 illi
1039 1365 1197 1439 (Jac.
1239 1366 1350 1438 tv).
1385 1387 1403 1420 ›
1447 1366 1515 1421 Et
1556 1365 1792 1422 Jacobus
1820 1383 1832 1419 :
1864 1384 1881 1415 ι
1910 1363 2095 1419 Estote

501 1459 736 1515 factores
764 1459 951 1524 verbi,
994 1468 1048 1514 et
1085 1475 1193 1513 non
1233 1459 1509 1514 auditores
1549 1468 1760 1513 tantum
1784 1499 1798 1524 ,
1849 1456 2095 1512 fallentes

500 1554 880 1623 vosmetipsos.
923 1552 1058 1619 Quia
1088 1553 1133 1608 si
1164 1552 1286 1622 quis
1315 1552 1533 1606 auditor
1572 1561 1658 1606 est
1694 1549 1845 1605 verbi
1889 1559 1945 1604 et
1988 1565 2095 1604 non

501 1647 699 1712 factor,
746 1647 835 1701 hic
878 1646 1282 1716 comparabitur
1320 1645 1438 1700 viro
1482 1644 1851 1698 consideranti
1890 1641 2096 1696 vultum

502 1739 804 1795 nativitatis
834 1754 946 1794 suae
976 1739 1030 1792 in
1061 1737 1300 1808 speculo.
1330 1735 1708 1793 Consideravit
1738 1737 1880 1791 enim
1913 1751 2003 1802 se,
2043 1742 2098 1789 et

505 1832 638 1888 abiit
667 1851 680 1886 :
711 1841 766 1887 et
793 1832 977 1887 statim
1008 1830 1208 1886 oblitus
1236 1839 1320 1886 est
1349 1829 1526 1900 qualis
1557 1829 1738 1884 fuerit.
1780 1827 1884 1896 Qui
1915 1835 2093 1882 autem

2198 627 2464 683 Dominus
2490 627 2635 681 Deus
2661 633 2842 680 vester
2868 624 2937 678 de
2977 622 3234 679 fratribus
3271 623 3491 687 vestris,
3520 630 3816 692 tanquam

2197 734 2306 786 me,
2335 719 2513 789 ipsum
2545 717 2726 772 audite
2763 715 2937 786 (Deut.
2971 715 3148 786 xvm).
3195 734 3214 765 ›
3254 713 3370 770 Non
3401 715 3578 770 solum
3614 724 3814 769 autem

2198 811 2314 881 ipse
2339 810 2431 880 qui
2472 819 2634 879 caput
2658 818 2714 864 et
2739 807 3000 863 Dominus
3023 815 3109 862 est
3146 807 3559 876 prophetarum,
3589 808 3703 861 sed
3761 817 3813 860 et

2199 902 2374 967 Elias,
2422 899 2716 965 Jeremias,
2764 899 3054 969 caeterique
3104 898 3381 968 propheta:
3436 898 3703 952 minores
3758 899 3810 972 in

2197 993 2371 1064 patria
2407 1007 2572 1061 quam
2603 991 2659 1046 in
2688 989 2894 1045 exteris
2927 987 3234 1058 regionibus
3260 985 3427 1040 habiti
3453 995 3580 1041 sunt
3624 1005 3638 1040 :
3679 988 3811 1057 quia

2196 1082 2584 1153 propemodum
2613 1080 2861 1136 naturale
2887 1087 2990 1146 est,
3017 1079 3414 1148 cives‘semper
3462 1077 3702 1132 civibus
3730 1079 3812 1133 in-

2195 1177 2398 1231 videre.
2426 1175 2542 1230 Non
2573 1175 2720 1230 enim
2766 1173 3115 1230 considerant
3145 1173 3433 1242 praesentia
3459 1171 3566 1226 viri
3603 1187 3803 1242 opera,

2197 1269 2292 1326 sed
2345 1267 2587 1339 fragilem
2648 1265 3004 1322 recordantur
3036 1264 3336 1327 infantiam,
3369 1263 3525 1333 quasi
3571 1279 3701 1318 non
3757 1274 3808 1317 et

2195 1362 2298 1432 ipsi
2327 1377 2425 1432 per
2447 1360 2666 1416 eosdem
2695 1358 2872 1414 aetatis
2899 1357 3098 1428 gradus
3139 1356 3207 1410 ad
3253 1363 3525 1409 maturam
3570 1365 3805 1410 aetatem

2195 1454 2462 1510 venerint.
2783 1514 2787 1516 _

2271 1565 2290 1598 ς
2331 1546 2391 1601 1η
2419 1546 2646 1601 veritate
2689 1546 2810 1600 dico
2847 1545 3022 1610 vobis,
3051 1543 3235 1599 multa:
3289 1544 3462 1598 viduae
3510 1552 3689 1599 erant
3750 1546 3803 1600 in

2201 1658 2219 1690 ‹
2263 1639 2452 1696 diebus
2481 1633 2616 1694 Elite
2645 1638 2698 1692 in
2742 1637 2928 1702 Israel,
2953 1635 3168 1706 quando
3191 1635 3430 1690 clausum
3461 1644 3547 1690 est
3583 1637 3799 1691 cmlum

2201 1754 2218 1785 ι
2263 1734 2419 1788 annis
2462 1732 2637 1787 tribus
2683 1741 2740 1787 et
2779 1731 3056 1786 mensibus
3103 1745 3218 1798 sex,
3271 1745 3393 1784 cum
3442 1729 3588 1784 facta
3652 1740 3800 1786 esset

2204 1842 2221 1873 ι
2267 1823 2438 1878 fames
2465 1837 2658 1892 magna
2687 1821 2740 1875 in
2779 1830 2944 1886 terra,
2975 1828 3030 1874 et
3054 1821 3123 1874 ad
3152 1819 3356 1874 nullam
3393 1819 3614 1874 illarum
3669 1823 3797 1876 mis-

504 1923 842 1993 perspexerit
871 1923 922 1976 in
951 1923 1068 1994 lege
1093 1921 1346 1992 perfectae
1373 1920 1644 1976 libertatis
1663 1928 1749 1985 .et
1776 1933 2090 1989 permanse-
2122 1912 2168 1970 B
2201 1933 2219 1963 ‹
2255 1930 2347 1969 sus
2375 1922 2459 1968 est
2477 1912 2642 1976 Elias,
2675 1911 2776 1966 nisi
2800 1913 2853 1966 in
2879 1911 3107 1981 Sarepta
3139 1910 3375 1966 Sidonize
3401 1912 3466 1965 ad
3496 1911 3792 1967 mulierem

505 2017 593 2082 rit,
624 2033 729 2071 non
756 2017 971 2073 auditor
999 2015 1292 2072 obliviosus
1323 2015 1521 2081 factus,
1560 2013 1654 2070 sed
1679 2012 1856 2068 factor
1883 2011 2086 2084 operis,

504 2107 589 2163 hic
621 2108 810 2164 beatus
839 2108 897 2164 in
924 2108 1069 2164 facto
1101 2123 1201 2165 suo
1227 2108 1334 2163 erit
1361 2106 1504 2174 (Jac.
1536 2106 1602 2178 ι).
1631 2125 1650 2158 ι

1038 2289 1323 2347 HOMILIA
1373 2289 1553 2345 XLIII.

882 2440 1035 2479 FERIA
1075 2439 1310 2481 saccum
1354 2440 1484 2480 pos'r
1526 2423 1702 2479 Oculi.

571 2563 724 2633 (Luc.
753 2563 856 2635 tv.)
899 2583 916 2614 ‹
962 2565 1016 2618 ln
1042 2565 1133 2620 illo
1158 2573 1418 2636 tempore,
1453 2567 1708 2621 dixerunt
1738 2565 1998 2621 Pharisaei
2020 2565 2089 2619 ad

505 2672 522 2704 ι
553 2653 736 2709 Jesum
767 2671 782 2708 :
815 2653 1025 2720 Quanta
1049 2655 1352 2711 audivimus
1379 2656 1543 2720 facta,
1576 2677 1594 2708 ι
1623 2666 1678 2711 et
1699 2657 1927 2727 reliqua.
1952 2656 2091 2724 Quo-

498 2760 616 2798 rum
641 2745 833 2800 insana
851 2743 1097 2813 perfidia,
1114 2761 1302 2799 sanam
1319 2746 1466 2815 (licet
1480 2746 1752 2815 nesciens)
1776 2746 1938 2800 fidem
1960 2761 2088 2801 con-

501 2837 684 2890 litetur
704 2851 824 2906 qua:
846 2835 1118 2891 Christum
1159 2837 1448 2892 Dominum
1475 2838 1691 2893 fabrum
1721 2839 2085 2908 cognominat,

495 2938 550 2985 et
579 2929 847 2984 medicum
873 2937 1046 2984 vocat.
1077 2929 1252 2985 Faber
1275 2931 1420 2984 enim
1443 2939 1526 2986 est
1560 2946 1739 2997 verus,
1770 2933 1896 3002 quia
1923 2952 1942 2984 ι
1972 2948 2088 2988 om-

497 3023 584 3078 nia
615 3038 712 3093 pcr
741 3023 915 3091 ipsum
950 3020 1094 3077 facta
1139 3030 1268 3076 sunt
1291 3021 1472 3093 (Joan.
1508 3023 1548 3094 1)
1583 3037 1597 3076 :
1628 3043 1647 3075 ›
1675 3024 1933 3088 medicus,
1962 3026 2085 3094 quia

497 3117 677 3170 omnia
698 3131 796 3187 per
823 3116 1002 3186 ipsum
1023 3124 1324 3170 restaurata
1349 3123 1474 3170 sunt
1497 3115 1551 3169 in
1582 3116 1734 3171 caelis
1761 3117 1890 3171 etin
1921 3125 2085 3182 terra,

499 3217 554 3264 et
585 3209 724 3262 sicut
749 3207 816 3262 de
845 3206 1047 3277 se‘ipso
1070 3215 1307 3262 testatur
1337 3226 1348 3260 :
1391 3228 1408 3258 (
1438 3206 1555 3262 Νοη
1587 3209 1789 3263 habent
1813 3223 1947 3278 opus
1969 3208 2083 3263 sani

2199 2028 2216 2060 ι
2251 2009 2488 2064 viduam.
2529 2028 2547 2060 ι
2583 2007 2722 2074 Non,
2751 2008 2958 2078 inquit,
2989 2007 3092 2062 hoc
3113 2007 3258 2076 quod
3275 2006 3452 2060 divina
3481 2006 3792 2062 fastidiosis

2192 2100 2399 2155 civibus
2420 2100 2680 2155 beneficia
2705 2081 3388 2168 subtraho,prophetarum
3403 2097 3574 2166 gestis
3598 2099 3790 2151 adver-

2193 2203 2376 2258 satur,
2398 2193 2525 2262 quia
2556 2192 2698 2247 sicut
2724 2190 2867 2245 fame
2901 2190 3173 2260 quondam
3196 2203 3409 2243 omnem
3437 2197 3645 2243 terram
3672 2206 3788 2260 pre-

2192 2297 2394 2350 mente,
2413 2300 2573 2340 nemo
2594 2284 2751 2338 estin
2773 2281 2957 2336 Judaea
2984 2289 3230 2351 repertus
3243 2279 3371 2334 Eliae
3385 2280 3581 2351 dignus
3605 2281 3788 2350 hospi-

2191 2379 2288 2442 tio,
2305 2379 2399 2434 sed
2427 2385 2625 2432 exterae
2651 2374 2826 2446 gentis
2848 2375 3008 2428 vidua
3032 2381 3118 2427 est
3146 2373 3393 2441 quaesita,
3418 2386 3539 2441 qua:
3562 2373 3632 2426 ob
3659 2372 3780 2427 fidei

2190 2469 2420 2540 gratiam
2447 2484 2478 2521 a
2512 2475 2660 2521 tanto
2702 2465 2967 2536 propheta
2995 2463 3206 2518 visitari
3261 2464 3502 2518 deberet.
3538 2463 3602 2517 Et
3639 2463 3779 2520 sicut

2190 2562 2374 2618 multis
2403 2560 2601 2615 ibidem
2650 2557 3038 2614 exsistentibus
3087 2555 3334 2625 leprosis,
3382 2553 3609 2610 Naaman
3649 2564 3766 2606 tan-

2191 2662 2304 2708 tum
2360 2651 2551 2722 Syrus,
2588 2651 2712 2720 quia
2757 2650 2949 2704 devote
2975 2644 3396 2718 quiesierat,'ab
3446 2649 3613 2703 Elismo
3636 2661 3757 2716 pro-

2187 2745 2352 2816 pheta
2403 2743 2580 2797 curari
2609 2742 2947 2813 promeruit:
2995 2740 3075 2796 sic
3099 2747 3154 2794 et
3196 2755 3294 2794 vos
3342 2756 3452 2795 non
3491 2739 3586 2792 alia
3611 2753 3768 2806 quam

2189 2834 2403 2889 invidia:
2425 2833 2770 2903 perlidimque
2803 2848 2970 2887 causa
2999 2847 3231 2902 superno
3271 2847 3497 2886 munere
3518 2830 3773 2900 privabit.

2189 2925 2428 2993 Quorum
2465 2927 2509 2979 si
2538 2924 2678 2979 facta
2706 2925 3094 2994 prophetarum
3145 2923 3307 2976 etiam
3356 2924 3642 2994 allegorice
3666 2923 3778 2976 dis-

2189 3020 2449 3082 cusseris,
2502 3019 2743 3073 invenies
2764 3016 3008 3087 profecto
3038 3017 3324 3071 Dominum
3371 3017 3424 3070 in
3449 3018 3628 3087 patria
3659 3032 3781 3081 sua,

2187 3128 2219 3166 a
2260 3128 2366 3182 qua
2418 3122 2668 3182 receptus
2698 3128 2806 3168 non
2836 3120 2920 3168 est
2940 3112 3189 3182 perﬁdia,
3225 3113 3525 3182 superbiam
3557 3123 3786 3168 notasse

2189 3205 2517 3262 Iudaeorum.
2538 3205 2765 3262 Nomine
2791 3222 2921 3262 vero
2944 3206 3338 3277 Capharnaum,
3363 3222 3479 3275 quae
3501 3224 3637 3276 ager
3657 3226 3790 3260 con-

497 3297 726 3362 medico,
751 3298 846 3352 sed
895 3297 1034 3353 male
1079 3298 1343 3353 habentes
1402 3297 1596 3368 (Marc.
1622 3297 1704 3370 ll).
1763 3318 1781 3351 ι
1843 3299 1909 3352 Et
1955 3291 2156 3369 quiaC
2187 3300 2458 3356 solutionis
2508 3301 2933 3372 interpretatur,
2983 3301 3221 3372 gentium
3273 3300 3595 3372 prtedicasse
3625 3301 3784 3354 salu-

495 3389 730 3445 diximus
761 3405 870 3460 quo
897 3391 1256 3445 instrumento
1280 3389 1607 3455 fabricandi,
1631 3390 1875 3445 dicamus
1896 3399 1950 3445 et
1976 3406 2082 3460 quo

494 3487 677 3534 utatur
707 3495 903 3550 genere
937 3469 1261 3536 niedicandi.
1297 3499 1315 3531 ι
1350 3480 1677 3536 Praeterieris
1708 3481 1841 3536 vidit
1879 3498 2082 3537 caecum

494 3580 679 3625 natum
708 3587 740 3624 a
770 3572 1070 3634 nativitate,
1097 3572 1314 3642 exspuit
1340 3572 1396 3626 in
1426 3581 1650 3638 terram,
1676 3581 1731 3627 et
1753 3573 1882 3628 fecit
1908 3574 2081 3628 lutum

494 3661 560 3716 de
584 3669 764 3730 Sputo,
794 3661 1078 3731 linivitque
1109 3675 1270 3730 super
1298 3663 1487 3717 oculos
1510 3661 1647 3730 ejus,
1689 3670 1744 3717 et
1787 3663 1921 3717 dixit
1955 3664 2003 3717 ei
2067 3681 2078 3714 :

497 3749 668 3817 Vade,
695 3760 750 3805 et
792 3751 913 3806 lava
963 3752 1018 3806 in
1049 3753 1321 3806 natatoria
1351 3751 1497 3807 Siloe
1516 3793 1531 3818 ,
1558 3753 1703 3822 quod
1753 3752 2080 3823 interpreta-

496 3853 585 3897 tur
640 3844 850 3898 missus.
906 3843 1054 3898 Abiit
1110 3859 1240 3914 ergo
1289 3854 1344 3898 et
1401 3844 1552 3911 lavit,
1595 3854 1650 3899 et
1701 3845 1849 3899 venit
1897 3845 2082 3901 videns

495 3932 680 4004 (Joau.
706 3932 802 4006 Ix).
843 3953 861 3986 ι
896 3934 1145 4004 Agnosce
1170 3935 1335 4005 igitur
1363 3950 1571 4006 magna:
1609 3936 1826 3991 modum
1866 3938 2084 3992 medici-

498 4041 604 4091 litt),
631 4036 686 4080 et
724 4027 918 4097 gaude,
943 4027 1070 4096 quia
1118 4042 1214 4096 per
1261 4029 1404 4084 hanc
1458 4029 1764 4085 illuminare
1816 4033 2078 4086 meruisti.

497 4117 696 4173 Lutum
726 4118 792 4174 de
816 4127 985 4186 terra,
1010 4134 1137 4174 caro
1159 4119 1361 4176 Christi
1389 4129 1490 4177 est.
1534 4121 1763 4192 Sputum
1791 4123 1857 4178 de
1885 4123 2080 4193 capite,

501 4210 772 4267 Divinitas
800 4211 917 4282 ejus
941 4220 1042 4278 est,
1069 4214 1194 4282 quia
1223 4224 1384 4284 caput
1408 4213 1611 4269 Christi
1658 4215 1820 4270 Deus.
1853 4214 2081 4285 Sputum

499 4302 614 4357 luto
643 4303 939 4359 immistum
968 4319 1067 4360 nos
1110 4305 1376 4360 illuminat
1404 4306 1460 4360 in
1490 4306 1760 4361 natatoria
1807 4306 1952 4361 Siloe
1991 4305 2085 4360 ba—

498 4395 754 4466 ptizatos,
778 4395 905 4466 quia
938 4413 957 4447 t
978 4395 1215 4451 Verbum
1241 4413 1368 4453 caro
1390 4397 1594 4453 factum
1617 4407 1720 4461 est,
1746 4407 1801 4452 et
1822 4397 2086 4453 habitavit

499 4489 554 4543 in
609 4490 779 4553 nobis,
825 4497 880 4545 et
906 4489 1140 4545 vidimus
1171 4489 1396 4560 gloriam
1429 4488 1544 4559 ejus
1575 4490 1754 4561 (Joan.
1780 4491 1841 4561 1),
1873 4512 1892 4542 ι
1922 4506 2084 4560 quam

496 4581 646 4650 prius
695 4581 932 4637 tenebris
977 4582 1290 4638 arcentibus
1313 4583 1772 4652 comprehendere
1796 4599 1903 4638 non
1930 4593 2083 4653 pote-

2187 3407 2314 3462 tcm,
2345 3396 2436 3451 ubi
2460 3395 2665 3465 majora
2693 3396 2935 3466 quotidie
2963 3397 3117 3466 signa
3139 3410 3236 3466 per
3266 3395 3538 3465 apostolos
3564 3405 3790 3464 aposto-

2186 3491 2468 3562 lorumque
2499 3503 2859 3554 successores,
2891 3506 2998 3545 non
3041 3499 3148 3543 tam
3181 3489 3234 3543 in
3287 3505 3577 3558 corporum
3617 3505 3785 3558 quam

2186 3586 2241 3638 in
2272 3586 2575 3639 animarum
2606 3584 2886 3639 sanatione
2933 3583 3238 3652 pariantur.
3283 3582 3452 3654 Igitur
3497 3582 3662 3636 vidua
3716 3581 3786 3635 ad

2185 3692 2346 3746 quam
2378 3677 2576 3731 missus
2596 3685 2679 3731 est
2710 3675 2875 3742 Elias,
2900 3676 3145 3747 gentium
3173 3676 3427 3747 designat
3451 3675 3783 3743 Ecclesiam,

2187 3783 2307 3837 qua:
2333 3784 2362 3822 a
2394 3784 2491 3823 suo
2517 3767 2719 3823 diutius
2765 3776 2850 3822 est
2895 3767 3174 3822 conditore
3223 3767 3439 3822 deserta
3465 3808 3480 3832 ,
3523 3767 3782 3838 populum

2187 3872 2333 3917 recte
2393 3862 2516 3916 fidei
2555 3862 2804 3926 nescivit,
2856 3861 3009 3931 quasi
3060 3877 3355 3932 pauperum
3394 3861 3566 3915 filium
3613 3878 3782 3931 egena

2187 3955 2329 4024 stipe
2367 3952 2658 4015 nutriebat,
2713 3952 2766 4007 id
2797 3961 2879 4008 est
2915 3952 3083 4007 verbo
3112 3953 3318 4008 fructus
3363 3962 3585 4023 experte
3617 3953 3782 4007 doce-

2187 4045 2297 4110 bat,
2324 4045 2494 4099 donec
2521 4043 2811 4100 adveniens
2841 4059 3022 4098 sermo
3062 4044 3432 4113 prepheticus,
3478 4043 3573 4112 qui
3604 4044 3783 4097 exsic-

2186 4147 2308 4192 cato
2338 4136 2536 4191 vellere
2578 4134 2814 4200 lsraelis,
2846 4143 3032 4203 utpote
3062 4134 3244 4189 clausa
3264 4133 3387 4188 cmli
3410 4132 3600 4202 jauua,
3636 4133 3784 4188 fame

2185 4229 2591 4302 periclitabatur
2614 4228 2668 4281 in
2691 4225 2896 4293 Judaaa,
2940 4234 3256 4296 pasceretur
3285 4226 3360 4281 ibi
3391 4226 3554 4282 simul
3583 4234 3642 4281 et
3681 4241 3783 4296 pa-

2187 4330 2386 4387 sceret,
2437 4329 2490 4375 et
2521 4329 2769 4391 receptus
2792 4320 3046 4375 videlicet
3089 4335 3119 4373 a
3160 4318 3521 4384 credentibus,
3555 4326 3615 4374 et
3658 4319 3783 4373 refi-

2188 4413 2334 4468 ciens
2357 4412 2471 4481 ipse
2499 4411 2804 4466 credentes.
2841 4409 2994 4466 Unde
3016 4412 3153 4466 bene
3179 4410 3296 4465 haec
3341 4409 3502 4465 vidua
3530 4410 3583 4464 in
3619 4410 3782 4466 Sare-

2186 4512 2278 4572 pta
2317 4502 2552 4559 Sidonia:
2589 4502 2785 4558 dicitur
2828 4516 2950 4557 esse
2995 4511 3225 4557 morata.
3281 4501 3503 4556 Sidonia
3553 4504 3778 4573 quippe,

2187 4598 2403 4652 venatio
2435 4595 2640 4650 inutilis
2666 4611 2680 4659 ;
2714 4594 2940 4664 Sarepta
2970 4610 3099 4650 vero
3141 4594 3461 4660 incendium,
3491 4593 3576 4648 vel
3611 4612 3781 4664 angu-

497 4686 700 4726 ramus.
743 4673 848 4726 Per
878 4673 1090 4729 fabrum
1137 4689 1266 4744 ergo
1315 4671 1592 4728 Christum
1646 4681 1860 4727 creatus
1906 4688 1986 4742 es,
2026 4683 2086 4728 ut
2110 4669 2164 4729 D
2189 4690 2288 4744 διεα
2318 4689 2467 4759 panis
2492 4690 2896 4757 interpretatur,
2925 4689 3051 4758 quia
3088 4707 3106 4738 ¢
3142 4688 3235 4743 ubi
3266 4688 3561 4744 abundavit
3583 4704 3780 4758 poem-

497 4778 664 4819 esses.
696 4763 800 4820 Per
836 4768 1105 4822 medicum
1152 4766 1430 4822 Christum
1458 4773 1735 4821 recreatus
1760 4781 1840 4833 cs,
1871 4776 1931 4821 ut
1959 4774 2083 4836 post

494 4854 719 4910 vulnera
748 4870 915 4911 sanus
936 4873 1103 4924 esses,
1130 4858 1222 4927 qui
1243 4859 1310 4912 ab
1337 4858 1687 4914 irridentibus
1722 4858 1931 4914 civibus
1963 4846 2081 4930 qui-

497 4945 619 5000 dem
651 4946 885 5016 seipsum
916 4962 1128 5014 curare,
1157 4948 1261 5003 hoc
1303 4956 1406 5014 est,
1436 4949 1490 5002 in
1517 4965 1613 5004 sua
1645 4950 1823 5019 patria
1849 4950 2080 5006 virtutes

495 5035 677 5091 facere
705 5045 973 5092 monetur.
1011 5037 1118 5093 Sed
1146 5053 1251 5094 non
1287 5040 1461 5095 otiose
1500 5041 1568 5095 ab
1609 5043 1939 5112 evangelista
1972 5043 2079 5099 alio

495 5138 806 5194 excusatur,
836 5131 964 5202 quia
987 5147 1095 5187 non
1126 5142 1338 5202 poterat
1367 5134 1441 5189 ibi
1476 5135 1729 5190 virtutem
1753 5137 1951 5202 facere,
1976 5138 2082 5192 nisi

495 5237 696 5294 paucos
716 5221 962 5279 inﬁmos
983 5223 1250 5294 impositis
1279 5227 1526 5282 manibus
1554 5229 1765 5282 curavit
1791 5245 1802 5281 :
1834 5238 1890 5285 et
1914 5230 2083 5285 mira-

496 5295 658 5368 batur
714 5322 936 5386 pr0pter
984 5315 1416 5374 incredulitatem
1473 5319 1714 5387 illorum,
1749 5339 1816 5378 ne
1853 5323 2083 5380 fortasse

496 5407 617 5476 quis
673 5407 918 5463 viliorem
982 5409 1138 5465 nobis
1191 5411 1306 5465 ﬁeri
1361 5412 1557 5468 debere
1613 5415 1803 5485 patria:
1869 5425 2083 5486 putaret

495 5496 767 5554 affectum.
799 5499 1034 5554 Amabat
1061 5500 1243 5571 itaque
1267 5503 1443 5567 cives,
1471 5505 1562 5560 sed
1587 5506 1688 5575 ipsi
1723 5523 1780 5563 sc
1813 5507 2078 5564 charitate

494 5589 776 5661 patriaque
805 5589 972 5646 libere
999 5593 1307 5662 privabant.

572 5701 588 5731 ι
634 5682 722 5738 Ait
758 5691 939 5740 autem
981 5703 995 5740 :
1033 5685 1206 5742 Amen
1248 5688 1367 5744 dico
1391 5692 1562 5757 vobis,
1598 5694 1725 5763 quia
1759 5710 1920 5750 nemo
1943 5711 2073 5765 pro-

502 5794 520 5826 ‹
565 5776 722 5846 pheta
785 5789 1035 5851 acceptus
1083 5791 1165 5838 est
1217 5783 1273 5838 in
1313 5785 1487 5855 patria
1535 5802 1653 5841 sua.
1690 5807 1708 5839 ›
1750 5787 2075 5857 Proplietam

2193 4792 2323 4845 tum,
2379 4781 2837 4850 superabundavit
2871 4781 3040 4852 gratia
3090 4779 3266 4852 (Rom.
3300 4779 3378 4852 v).
3412 4799 3432 4832 ›
3463 4780 3564 4836 Ubi
3612 4783 3781 4836 rebus

2191 4875 2537 4946 supervacuis
2571 4874 2935 4945 acquirendis,
2983 4874 3137 4944 quasi
3163 4873 3464 4945 aucupandi
3511 4890 3646 4952 cura
3675 4875 3779 4928 im-

2189 4965 2544 5038 pendebatur,
2587 4965 2678 5020 ubi
2707 4965 2825 5020 dire
2850 4965 2982 5021 satis
3023 4964 3330 5020 incendium
3358 4964 3541 5038 famis,
3584 4969 3778 5036 panis-

2189 5074 2293 5127 que
2353 5056 2647 5127 spiritualis
2703 5065 2863 5112 antea
2915 5056 3076 5112 ﬁebat
3129 5056 3409 5127 angustia,
3471 5056 3546 5110 ibi
3600 5056 3778 5112 farina

2189 5153 2472 5220 oleumque
2506 5167 2602 5206 ore
2642 5150 2960 5220 pmphetico
2983 5150 3341 5214 benedicitur,
3371 5150 3421 5204 id
3451 5159 3538 5205 est
3564 5151 3779 5206 fructus

2191 5251 2246 5299 et
2273 5243 2520 5298 hilaritas
2545 5241 2849 5306 eharitatis,
2869 5242 2981 5296 sive
3008 5242 3180 5312 gratia
3207 5241 3453 5311 corporis
3478 5241 3777 5308 Dominici,

2192 5345 2247 5391 et
2290 5335 2600 5391 chrismatis
2625 5336 2809 5390 unctio
2836 5333 3161 5391 indefectivo
3187 5335 3338 5390 verbi
3367 5335 3604 5390 caelestis
3654 5353 3777 5390 mu—

2185 5442 2315 5482 nere
2341 5427 2700 5483 fecundatur:
2732 5425 2884 5496 cujus
2908 5427 3169 5483 hactenus
3198 5428 3251 5482 in
3274 5428 3417 5483 vasis
3439 5426 3616 5482 oleum
3641 5443 3778 5498 gau-

2183 5520 2256 5575 dii
2301 5519 2628 5590 spiritualis,
2665 5527 2720 5574 et
2748 5519 3140 5578 benedictionis
3178 5519 3356 5574 farina
3400 5536 3507 5575 non
3549 5519 3773 5585 defecit,

2180 5611 2501 5680 caeterisque
2545 5625 2652 5664 non
2677 5611 2906 5666 credunt
2933 5608 3220 5682 gentibus,
3270 5612 3450 5680 inopia
3504 5612 3662 5681 panis
3692 5613 3777 5666 di-

2176 5703 2288 5758 vini
2334 5703 2570 5769 miseris,
2603 5711 2659 5759 et
2679 5705 2895 5759 venatui
2920 5705 3116 5760 deditis
3146 5704 3344 5760 inutili.
3396 5704 3534 5759 Nam
3574 5714 3629 5760 et
3655 5706 3776 5777 ipsa

2175 5794 2542 5866 pulcherrime
2594 5794 2884 5865 mysticum
2926 5796 3049 5862 sibi,
3090 5798 3406 5867 priusquam
3438 5807 3774 5861 moreretur,

497 5870 600 5928 dici
631 5872 686 5928 in
717 5872 1010 5946 Scripturis
1061 5878 1346 5934 Dominum
1402 5878 1700 5946 Christum,
1757 5889 1811 5936 ct
1865 5881 2075 5954 Moyses
2173 5903 2367 5960 panem
2398 5887 2630 5956 factura,
2665 5887 2770 5944 duo
2803 5905 2860 5945 se
2888 5890 3030 5961 ligna
3070 5890 3320 5960 colligere
3341 5889 3479 5946 velle
3502 5899 3771 5946 testatur:
