3994 6354
1338 304 1651 365 ΗΟΜΠΔᾹΞ
1691 304 1784 363 DE
1821 305 2171 363 TEMPORE.

3298 309 3410 370 ΞΜ

119 438 233 482 non
258 421 436 478 solum
458 419 589 491 ligni
608 420 848 487 nomine,
870 420 967 477 sed
986 418 1407 478 etiam'numero
1426 422 1716 494 lignorum,
1746 430 1797 490 Α
1822 422 1918 478 sed
1944 419 2309 477 voluntariam
2352 423 2598 493 corporis
2618 423 2948 495 passionem,
2979 437 3083 480 nec
3111 434 3328 497 captum
3377 445 3411 485 a

121 514 339 585 signum
364 511 546 567 crucis
571 512 901 581 exprimens,
947 526 1057 584 quo
1086 512 1245 569 nobis
1286 519 1372 568 est
1393 513 1551 583 panis
1592 512 1721 568 vitae

120 612 464 675 praeparatus
487 611 729 659 aeternae.

199 713 220 748 ι
256 695 327 751 Et
350 694 502 750 multi
525 694 725 765 leprosi
757 700 916 750 erant
944 693 1001 750 in
1032 695 1197 751 Israel
1217 695 1318 751 sub
1358 694 1555 752 Elisaeo
1595 708 1721 766 pro-

122 806 148 840 c
179 786 368 857 pheta,
393 793 448 842 et
474 799 638 843 nemo
664 800 852 842 eorum
880 786 1170 842 mundatus
1203 795 1311 854 est,
1337 787 1445 843 nisi
1476 786 1721 844 Naaman

126 894 149 932 ε
187 877 382 949 Syrus.
418 894 439 931 ι
496 876 636 945 Quia
663 886 791 935 nota
833 887 918 934 est
943 878 1191 943 historia,
1226 879 1293 935 de
1337 880 1596 951 mysterio
1621 893 1721 934 ne-

67 1034 75 1044 ,
122 975 286 1026 cesse'
310 979 399 1024 est
435 969 626 1040 paucis
671 971 1008 1027 intimemus.
1047 971 1115 1026 Et
1158 970 1401 1027 Naaman
1446 987 1578 1044 ergo
1620 973 1724 1029 iste
1769 974 1772 979 ’

66 1056 74 1081 ³
122 1060 318 1131 Syrus,
365 1060 458 1130 qui
486 1059 872 1132 interpretatur
898 1062 1076 1128 decor,
1103 1062 1359 1132 populum
1388 1062 1725 1118 demonstrat

122 1150 408 1206 nationum
435 1151 708 1221 quondam
755 1152 998 1221 perﬁdia:
1023 1152 1397 1222 scelerumque
1438 1153 1586 1224 lepra
1610 1169 1725 1208 ma-

122 1239 371 1296 culosum
396 1280 413 1305 ,
453 1239 547 1295 sed
574 1256 672 1311 per
697 1250 1096 1297 sacramentum
1122 1242 1463 1313 baptismatis
1490 1244 1558 1298 ab
1576 1242 1725 1297 omni

122 1331 327 1387 mentis
385 1339 443 1386 et
487 1332 732 1403 corporis
783 1330 1031 1389 foeditate
1059 1342 1366 1405 purgatum.
1422 1334 1524 1401 Qui
1555 1343 1727 1405 capta:

122 1423 355 1480 consilio
400 1423 615 1494 puellae,
645 1425 747 1481 hoc
779 1434 866 1481 est
906 1426 1279 1496 inspirationis
1328 1441 1574 1497 supernae
1600 1443 1727 1498 gra-

122 1514 216 1580 tia,
257 1528 451 1584 quam,
499 1513 701 1570 Iudaeis
736 1530 1064 1571 conservare
1094 1532 1204 1572 non
1230 1516 1554 1583 valentibus,
1598 1531 1729 1590 gen-

122 1613 206 1660 tes
245 1618 479 1675 rapuere
505 1604 755 1671 salutem,
805 1608 1169 1663 commonitus
1206 1608 1408 1678 septies
1435 1607 1605 1663 lavari
1642 1609 1731 1680 ju-

121 1695 311 1750 betur:
348 1696 473 1767 quia
500 1696 760 1752 nimirum
784 1698 958 1754 solum
981 1698 1237 1769 baptismi
1257 1713 1450 1770 genus,
1490 1700 1635 1769 quod
1659 1715 1729 1755 ex

1823 514 2046 582 Iudaeis,
2090 515 2184 571 sed
2206 529 2237 569 a
2260 529 2320 571 se
2346 515 2604 571 oblatum.
2635 516 2875 581 Etenim,
2916 517 3130 587 quando
3158 519 3276 574 vult
3320 536 3411 576 ca-

1820 603 1987 675 pitur,
2019 604 2235 674 quando
2261 602 2377 658 vult
2406 603 2624 671 labitur,
2655 603 2871 675 quando
2896 605 3017 660 vult‘
3044 608 3411 678 suspenditur,

1823 696 2041 765 quando
2094 694 2210 751 vult
2262 711 2372 751 non
2424 704 2660 750 tenetur.
2712 713 2732 746 ι
2775 696 2842 750 Et
2872 696 3172 765 duxerunt,
3215 699 3410 771 inquit,

1827 810 1848 844 σ
1896 791 2043 846 illum
2090 806 2260 861 usque
2293 790 2361 846 ad
2390 790 2741 860 supercilium
2767 791 2986 857 montis,
3046 806 3207 862 super
3250 809 3412 863 quem

1827 899 1850 933 ι
1895 882 2086 937 civitas
2137 880 2351 936 illorum
2402 888 2526 936 erat
2552 879 2852 946 aediﬁcata,
2910 887 2969 933 ut
3013 882 3417 952 praecipitarent

1830 993 1851 1028 ι
1896 990 2045 1030 eum.
2091 974 2210 1044 Ipse
2238 982 2419 1029 autem
2466 971 2738 1027 transiens
2783 985 2881 1041 per
2930 972 3167 1026 medium
3203 971 3414 1027 illorum

1832 1082 1853 1117 ι
1896 1065 2029 1121 ibat.
2067 1085 2088 1118 ι
2129 1064 2174 1121 Ο
2202 1062 2353 1134 pejor
2380 1063 2644 1134 magistro
2673 1061 3063 1131 discipulorum
3097 1063 3412 1119 lizereditas!

1827 1158 2084 1214 Diabolus
2110 1159 2275 1214 verbo
2301 1157 2470 1211 Deum
2500 1163 2691 1220 tentat,
2721 1153 2890 1210 Judaei
2920 1155 3084 1210 facto.
3130 1155 3223 1211 Ille
3245 1156 3377 1211 dicit
3402 1174 3415 1209 :

1829 1247 1980 1303 Mitte
2010 1258 2064 1303 te
2088 1262 2103 1301 :
2135 1247 2226 1301 isti
2256 1247 2594 1309 adoriuntur,
2620 1253 2680 1298 ut
2708 1244 2946 1299 mittant.
2978 1244 3045 1297 Et
3074 1244 3292 1313 quidem
3318 1246 3424 1299 Do-

1827 1338 2008 1392 minus
2052 1336 2400 1407 supercilium
2445 1335 2646 1390 montis
2698 1334 3115 1404 praecipitandus
3166 1334 3423 1391 ascende-

1830 1433 1935 1491 rat,
1968 1426 2064 1481 sed
2103 1440 2202 1495 per
2227 1424 2464 1479 medium
2495 1423 2728 1489 illorum,
2760 1431 2967 1478 mutata
3013 1423 3192 1479 subito
3216 1424 3302 1478 vel
3328 1426 3425 1480 ob—

1831 1514 2131 1584 stupefacta
2165 1514 2461 1570 furentium
2486 1522 2688 1578 mente,
2737 1514 3033 1580 descendit,
3058 1515 3203 1584 quod
3246 1515 3423 1570 adhuc

1832 1620 2027 1661 sanare
2071 1620 2235 1677 quam
2287 1605 2514 1675 perdere
2542 1604 2778 1660 malebat
2805 1622 2819 1659 :
2864 1614 2926 1661 ut
2952 1620 3074 1660 cum
3101 1615 3315 1662 cassata
3344 1606 3426 1661 vi-

1832 1697 2023 1753 dentes
2050 1713 2162 1753 suae
2188 1704 2394 1768 0coepta
2443 1696 2725 1767 nequitiae,
2784 1712 2817 1751 a
2851 1698 3121 1768 poscenda
3171 1699 3429 1768 deinceps

123 1785 334 1857 Spiritu
398 1800 590 1846 sancto
636 1798 944 1861 regenerat,
992 1789 1184 1846 salvat.
1239 1790 1396 1846 Unde
1434 1789 1559 1859 jure
1594 1806 1724 1847 caro
1752 1793 1801 1854 B
1828 1793 1946 1863 ejus
1987 1801 2164 1846 morte
2192 1790 2535 1846 desisterent.
2567 1790 2809 1846 Necdum
2836 1792 2983 1847 enim
3011 1801 3236 1847 venerat
3289 1794 3426 1849 hora

122 1880 238 1952 ejus
267 1892 396 1954 post
452 1883 753 1951 lavacrum,
798 1886 947 1941 velut
996 1901 1127 1942 caro
1180 1887 1333 1957 pueri
1362 1889 1514 1959 parvi
1566 1903 1727 1960 appa-

122 1972 304 2029 ruisse
333 1984 688 2041 memoratur,
722 1977 838 2034 sive
870 1979 997 2049 quia
1043 1988 1269 2035 cunctos
1297 1980 1354 2035 in
1394 1980 1613 2037 Christo
1633 1982 1728 2037 ba-

120 2068 358 2138 ptizatos
385 2071 440 2126 in
465 2087 629 2135 unam
657 2075 803 2144 parit
831 2075 1007 2144 gratia
1041 2084 1221 2132 mater
1252 2076 1562 2131 infantiam.
1616 2076 1725 2133 Seu

121 2161 209 2217 ille
239 2164 420 2234 magis
448 2164 520 2221 sit
548 2164 929 2237 intelligendus
954 2182 1121 2238 puer,
1148 2169 1217 2224 de
1238 2183 1348 2238 quo
1377 2167 1580 2225 dictum
1603 2177 1724 2224 est:

126 2272 144 2305 ι
174 2252 450 2311 Parvulus
485 2264 649 2312 natus
675 2265 764 2312 est
801 2258 978 2323 nobis,
1028 2257 1174 2313 ﬁlius
1222 2259 1382 2314 datus
1434 2267 1520 2314 est
1572 2259 1731 2315 nobis

122 2342 261 2408 (Ira.
291 2346 398 2414 rx),
430 2363 447 2395 ι
476 2342 632 2414 cujus
652 2347 867 2416 corpori
896 2362 995 2416 per
1014 2348 1341 2418 baptismum
1374 2357 1485 2404 tota
1512 2350 1732 2403 creden-

122 2434 262 2489 tium
311 2434 532 2492 soboles
576 2437 865 2493 adunatur.
919 2438 987 2492 Et
1012 2448 1073 2493 ut
1114 2448 1310 2494 cuncta
1360 2440 1451 2495 hic
1478 2440 1733 2509 baptismi

124 2527 297 2582 scires
334 2537 680 2585 sacramenta
724 2537 1167 2599 praemonstrata,
1219 2530 1405 2601 inquo
1454 2532 1732 2586 abrenun-

128 2620 265 2674 tiare
294 2617 536 2685 Satanm,
590 2620 753 2676 ﬁdem
782 2621 1029 2677 conﬁteri
1058 2621 1423 2693 praecipimur,
1478 2631 1641 2695 negat
1673 2638 1732 2679 se

130 2708 372 2765 Naaman
403 2708 548 2763 ultra
573 2709 677 2764 diis
702 2710 897 2765 alienis
941 2711 1245 2778 litaturum,
1296 2711 1395 2768 soli
1418 2727 1517 2781 per
1544 2713 1730 2769 omnia

131 2800 360 2857 Domino
405 2801 729 2858 serviturus.
786 2800 1006 2857 Partem
1056 2817 1273 2872 quoque
1323 2810 1485 2858 terrae
1525 2814 1732 2860 sancta:

135 2905 315 2946 secum
338 2890 527 2947 tollere
561 2891 779 2963 gaudet,
809 2891 936 2962 quia
963 2892 1269 2962 baptizatos
1294 2901 1509 2963 oportet
1548 2892 1732 2949 Domi-

137 2982 241 3039 uici
270 2998 487 3054 quoque
514 2983 761 3053 corporis
794 2983 1212 3055 participatione
1254 2983 1585 3039 conﬁrmari.
1624 2984 1732 3039 Me-

139 3072 242 3128 rito
262 3072 428 3144 igitur
455 3070 721 3139 Naaman,
750 3070 903 3140 cujus
926 3073 1054 3127 dum
1081 3087 1221 3142 aqua
1241 3088 1439 3143 corpus
1470 3073 1730 3140 abluitur,

1828 1881 2123 1953 passionis,
2169 1895 2288 1950 quae
2329 1896 2436 1935 non
2480 1881 2721 1951 quolibet
2761 1881 3020 1949 Sabbato,
3058 1884 3156 1939 sed
3182 1884 3237 1938 in
3264 1898 3427 1953 para.

1830 1988 1989 2029 sceve
2014 1972 2238 2028 Pascha:
2263 1972 2443 2027 futura
2469 1972 2773 2026 exstiterat.
2811 1971 3049 2026 Necdum
3094 1972 3273 2026 locum
3302 1988 3427 2042 pas-

1830 2065 2016 2129 sionis,
2047 2065 2138 2134 qui
2177 2080 2283 2119 non
2308 2065 2362 2119 in
2388 2064 2679 2130 Nazareth,
2707 2064 2800 2119 sed
2830 2064 2881 2119 in
2908 2063 3295 2135 Hierosolymis
3326 2066 3425 2119 lio-

1830 2157 2056 2211 stiarum
2087 2157 2347 2227 sanguine
2396 2155 2751 2225 ﬁgurabatur,
2784 2156 2973 2211 aderat
3005 2173 3020 2221 ;
3063 2158 3159 2212 sed
3191 2172 3290 2211 nec
3325 2159 3429 2212 hoc

1831 2262 2003 2319 genus
2034 2249 2244 2312 mortis,
2301 2249 2395 2319 qui
2438 2248 2835 2319 cruciﬁgendus
2876 2263 2907 2302 a
2961 2248 3158 2304 saeculo
3186 2264 3429 2319 pratcon-

1831 2336 2173 2401 cionabatur,
2217 2336 2469 2407 elegerat.
2521 2335 2640 2390 Non
2684 2338 2850 2405 igitur
2878 2350 2909 2389 a
2934 2336 3206 2392 Nazaratis
3232 2339 3425 2407 praeci-

1831 2429 2016 2499 pitari,
2071 2444 2178 2483 non
2225 2430 2294 2484 ab
2341 2428 2771 2499 Hierosolymitis
2828 2429 3075 2498 lapidari,
3133 2447 3242 2486 non
3289 2432 3433 2486 inter

1832 2534 2031 2589 pueros
2059 2518 2482 2573 Bethlehemitas
2505 2519 2573 2573 ab
2601 2516 2812 2573 Herode
2836 2519 3050 2587 perimi,
3079 2535 3185 2575 non
3217 2520 3324 2575 alia
3347 2521 3430 2575 vel

1834 2608 1940 2663 alia
1966 2608 2135 2664 voluit
2159 2608 2524 2664 consummari
2553 2616 2751 2664 morte.
2785 2606 2938 2674 Quod
2966 2608 3112 2663 enim
3141 2609 3233 2663 tali
3257 2620 3433 2667 morte

1835 2700 1998 2769 regia:
2026 2699 2316 2768 potestatis
2339 2698 2622 2764 indicium,
2672 2712 2780 2766 quo
2810 2696 3047 2751 ﬁdelium
3078 2696 3230 2754 frons
3276 2715 3428 2754 ama-

1834 2798 2006 2855 retur,
2044 2789 2345 2844 emineret?
2382 2787 2491 2843 Sed
2533 2787 2707 2842 solum
2740 2788 2917 2842 erucis
2944 2797 3318 2859 exspectatum
3350 2800 3435 2847 est

1831 2881 2122 2946 vexillum,
2150 2880 2305 2949 cujus
2354 2880 2527 2952 ﬁgura
2551 2888 2607 2936 et
2633 2879 2921 2936 celerrimo
2966 2881 3205 2938 dexterae
3256 2893 3430 2950 motu,

1832 2983 2025 3030 contra
2078 2973 2301 3044 maligni
2347 2974 2521 3029 hostis
2563 2982 2897 3029 tentamenta
2947 2975 3186 3047 depingi,
3233 2984 3289 3032 et
3316 2978 3433 3047 ipsa

1832 3064 2185 3120 nihilominus
2218 3063 2391 3135 ﬁgura
2437 3065 2766 3121 monarchiae
2814 3065 3104 3135 singularis
3134 3077 3320 3136 posset
3347 3077 3431 3139 ty-

141 3164 244 3223 ﬁde
282 3175 469 3237 pectus
517 3172 798 3236 purgatur,
835 3164 889 3219 id
927 3175 1011 3220 est
1066 3164 1298 3235 populus
1344 3166 1585 3237 genuum
1632 3164 1730 3220 ,ιυ-
1759 3150 1806 3214 C
1836 3170 1939 3225 pus
1963 3155 2176 3220 haberi,
2207 3163 2264 3208 ut
2289 3155 2559 3225 quomodo
2591 3155 2927 3225 triumphum
2949 3157 3128 3212 erucis
3155 3174 3434 3229 exponens

145 3260 272 3316 dapis
328 3260 476 3331 lepra
541 3258 897 3316 contumaciae
963 3258 1339 3341 squalentibus
1403 3258 1724 3313 antefertur.

148 3348 337 3403 Merito
357 3350 515 3404 vidua
540 3348 861 3422 Sareptana,
918 3347 973 3403 id
998 3355 1082 3402 est
1106 3346 1353 3403 Ecclesia
1380 3347 1524 3416 ligno
1551 3346 1731 3403 crucis

152 3439 299 3495 reﬁci
343 3440 670 3507 desiderans,
722 3439 923 3497 Iudaeis
976 3438 1121 3494 fame
1157 3438 1309 3493 verbi
1356 3438 1727 3509 pereuntibus,

148 3544 285 3601 pane
322 3545 475 3587 sacro
502 3531 745 3601 corporis
778 3539 836 3586 et
860 3529 1061 3587 viviﬁci
1086 3527 1325 3600 Spiritus
1350 3528 1605 3585 unctione
1646 3545 1733 3585 re-

148 3629 382 3676 creatur:
428 3621 795 3692 probaturque
812 3619 1097 3684 Dominus,
1138 3634 1244 3674 non
1275 3619 1343 3674 ob
1373 3634 1525 3675 suam
1558 3619 1733 3689 impo-

147 3710 360 3766 tentiam
387 3712 619 3779 civibus,
671 3710 767 3767 sed
804 3711 874 3766 ob
917 3724 1106 3766 eorum
1133 3708 1506 3773 invidentiam,
1553 3708 1730 3763 virtu-

150 3810 256 3858 tum
293 3803 486 3874 dogma
511 3816 759 3873 negasse.
793 3801 973 3870 Atque
999 3801 1103 3855 hoc
1143 3798 1394 3869 exemplo
1434 3806 1606 3854 totam
1634 3812 1733 3868 po-

152 3906 342 3951 stremo
377 3904 619 3966 gentem,
662 3909 772 3950 non
819 3894 947 3964 quia
977 3908 1085 3948 non
1134 3900 1431 3958 amaretur,
1485 3891 1579 3947 sed
1605 3890 1731 3961 quia
1771 3962 1788 3974 ἢ

151 3985 259 4056 ipsa
291 4003 351 4043 se
398 3986 572 4042 amari
600 3985 785 4053 vellet,
840 4001 948 4041 non
979 3999 1187 4048 amare,
1234 3985 1301 4039 ab
1330 3998 1395 4039 eo
1419 3983 1733 4039 derelictam

155 4078 491 4144 doctoribus,
539 4077 753 4134 scilicet
811 4075 936 4132 inde
966 4076 1038 4131 ob
1088 4075 1440 4131 salvationem
1491 4074 1733 4145 gentium

155 4176 256 4225 toto
280 4170 414 4226 orbe
453 4168 734 4240 dispersis.
767 4167 874 4224 Sed
899 4168 1044 4239 quod
1070 4166 1331 4224 Dominus
1355 4166 1520 4222 verbo
1556 4166 1621 4221 de
1641 4164 1737 4220 Ju-

156 4257 292 4326 daeis,
319 4261 429 4317 hoc
448 4259 554 4332 ipsi
589 4261 657 4316 de
685 4274 745 4316 se
770 4258 940 4315 Judaei
983 4258 1129 4314 facto
1157 4265 1444 4314 testantur.
1476 4256 1612 4312 Nam
1643 4272 1734 4314 se-

155 4350 324 4420 quitur
346 4370 367 4408 :

1833 3246 2124 3316 Apostolus
2154 3247 2230 3299 ait
2257 3264 2269 3299 :
2327 3264 2345 3296 ‹
2378 3245 2437 3301 In
2480 3246 2699 3302 nomine
2736 3244 2864 3301 Jesu
2894 3262 3055 3301 omne
3082 3262 3221 3318 genu
3249 3248 3432 3305 ﬁecta-

1836 3345 1947 3403 tur,
1978 3336 2283 3391 cmlestium
2303 3376 2318 3400 ,
2350 3337 2713 3402 terrestrium,
2749 3346 2806 3391 et
2833 3336 3173 3392 infernarum
3204 3337 3428 3410 (Philip.

1838 3426 1921 3497 ιι).
1954 3445 1973 3479 ι
2026 3425 2139 3481 [loc
2170 3435 2255 3479 est
2286 3425 2430 3478 enim
2481 3424 2624 3493 quod
2662 3424 2903 3494 ejusdem
2932 3426 3111 3480 crucis
3150 3430 3433 3485 cacumina

1836 3517 1905 3572 ad
1942 3515 2109 3571 caelos
2141 3516 2387 3581 tendunt,
2413 3515 2522 3571 ima
2548 3522 2760 3587 petunt,
2793 3513 3020 3572 inferius
3042 3530 3251 3572 cornua
3274 3524 3433 3574 terrae

1836 3616 2115 3679 teguntur.

2381 3788 2666 3847 HOMILIA
2703 3787 2888 3845 XLIV.

2209 3941 2367 3983 manu
2428 3943 2629 3984 1r.th
2689 3942 2819 3985 rosr
2874 3925 3054 3984 Oculi.

1911 4070 2153 4143 (Mn-ru.
2185 4069 2363 4141 xvm.)
2393 4089 2412 4123 ι
2440 4070 2501 4125 In
2539 4068 2631 4126 illo
2656 4078 2921 4141 tempore,
2948 4070 3248 4141 respiciens
3268 4072 3429 4131 Iesus

1843 4179 1865 4214 ε
1901 4161 2197 4233 discipulos
2217 4176 2364 4227 suos,
2379 4161 2517 4216 dixit
2536 4160 2743 4217 Simoni
2765 4160 2957 4217 Petro:
2976 4162 3034 4217 Si
3056 4165 3364 4233 peccaverit
3380 4167 3434 4220 in

1844 4273 1865 4307 ί
1901 4264 1954 4312 te
1974 4256 2145 4311 frater
2165 4264 2312 4319 tuus,
2333 4255 2468 4310 vade
2483 4263 2539 4310 et
2562 4254 2775 4325 corripe
2795 4270 2921 4310 eum
2943 4256 3087 4311 inter
3108 4265 3160 4311 te
3179 4264 3235 4311 et
3255 4257 3435 4329 ipsum

1844 4365 1865 4400 ι
1901 4348 2108 4414 solum,
2143 4368 2162 4401 ι
2193 4358 2251 4405 et
2289 4346 2517 4418 reliqua.
2554 4345 2798 4402 Pertinet
2834 4347 2948 4401 hzec
2991 4350 3259 4403 sententia
3284 4349 3351 4404 ad
3382 4349 3436 4403 id

224 4462 241 4493 ι
269 4443 334 4499 Et
366 4442 558 4513 repleti
585 4451 713 4498 sunt
732 4456 924 4497 omnes
966 4442 1021 4495 in
1044 4440 1331 4511 Synagoga
1365 4438 1448 4494 ira
1491 4428 1617 4495 haec.
1641 4453 1738 4495 au-
1760 4503 1809 4513 _
1840 4440 1984 4511 quod
2003 4440 2253 4510 superius
2278 4439 2444 4496 dixit:
2467 4458 2487 4491 ι
2518 4436 2613 4494 Va:
2634 4439 2836 4495 mundo
2870 4454 2900 4493 a
2922 4439 3190 4495 scandalis
3214 4438 3431 4512 (Matth.

163 4548 182 4582 ι
222 4503 446 4590 dientes:
487 4533 556 4590 Et
592 4541 968 4599 surrexerunt,
1006 4539 1062 4588 et
1086 4503 1551 4603 ejec'er'untillum
1580 4503 1817 4587 extraD
1843 4503 2035 4602 ένιιι).
2147 4531 2216 4585 Et
2262 4549 2275 4585 :
2323 4548 2343 4582 ι
2400 4529 2503 4597 Qui
2549 4529 2997 4585 scandalizaverit
3030 4544 3197 4582 unum
3221 4503 3312 4581 ἐκ
3352 4527 3438 4581 his

163 4642 184 4679 ι
220 4626 508 4683 civitatem.
541 4646 562 4681 ι
624 4626 922 4698 Sacrilegia
982 4625 1181 4696 quippe
1223 4623 1567 4691 Iudaeorum,
1617 4641 1741 4696 quae

161 4727 272 4774 ante
301 4719 763 4791 praenuntiaverat
810 4732 909 4788 per
955 4716 1276 4788 prophetam
1323 4715 1510 4771 dicens
1551 4715 1739 4772 Domi—

163 4824 287 4865 nus:
358 4831 380 4863 ε
417 4810 810 4867 Retribuebant
841 4808 973 4864 mihi
1002 4806 1143 4863 mala
1166 4821 1267 4877 pro
1308 4806 1466 4863 bonis
1504 4825 1523 4859 ι
1560 4803 1736 4874 (Psal.

164 4902 349 4974 xxxiv),
386 4902 443 4956 in
470 4900 762 4972 Evangelio
786 4900 944 4955 docet
970 4912 1091 4953 esse
1129 4895 1413 4966 completa.
1446 4894 1583 4951 Nam
1613 4910 1739 4950 cum

164 4990 264 5061 ipse
305 5012 405 5067 per
454 4994 680 5067 pepnlos
708 4991 970 5050 beneﬁcia
1009 4990 1358 5058 diﬁ‘underet,
1410 4990 1486 5046 illi
1513 4990 1742 5062 injurias

165 5082 477 5157 irrogabant.
521 5083 634 5141 Nec
660 5085 860 5140 mirum
899 5083 946 5139 si
971 5081 1327 5153 perdiderunt
1366 5079 1618 5147 salutem,
1651 5078 1745 5151 qui

166 5175 424 5242 eiecerunt
449 5179 518 5235 de
543 5179 656 5236 suis
684 5177 883 5235 ﬁnibus
906 5173 1269 5231 Salvatorem.
1302 5173 1578 5230 Moraliter
1600 5173 1747 5228 enim

166 5266 409 5330 Dominus
427 5312 443 5339 ,
486 5278 543 5327 et
561 5271 654 5342 qui
677 5269 926 5326 docuerit
946 5268 1197 5338 exemplo
1220 5267 1303 5323 sui
1327 5265 1599 5336 apostolos
1621 5280 1751 5320 suos

165 5363 398 5420 omnibus
422 5361 609 5420 omnia
651 5361 791 5429 ﬁeri,
840 5374 939 5416 nec
961 5359 1204 5416 volentes
1246 5357 1515 5429 repudiat,
1544 5371 1645 5412 nec
1667 5356 1752 5411 in-

166 5454 295 5513 vitos
317 5458 525 5530 alligat,
558 5470 662 5514 nec
687 5454 1033 5525 ejicientibus
1063 5454 1363 5508 reluctatur
1382 5492 1397 5518 ,
1432 5466 1533 5506 nec
1556 5464 1751 5522 rogan-

170 5547 300 5606 tibus
338 5552 509 5610 deest.
558 5551 650 5608 Sic
673 5550 982 5608 Gerasenos
1010 5547 1163 5613 alibi,
1222 5560 1346 5601 cum
1378 5544 1608 5601 virtutes
1634 5542 1751 5613 ejus

171 5644 423 5703 sustinere
466 5660 577 5701 non
623 5650 866 5716 possent,
915 5639 1071 5711 quasi
1114 5637 1361 5693 inﬁrmos
1402 5645 1457 5691 et
1508 5636 1752 5708 ingratos

171 5730 392 5808 reliquit.
455 5732 629 5791 Simul
658 5732 918 5803 intellige,
952 5744 1059 5785 non
1089 5742 1157 5782 ex
1203 5727 1528 5784 necessitate
1558 5726 1747 5796 fuisse,

591 5827 867 5890 ΡΑτιιοι..
913 5821 1197 5886 CXVIII.

1844 4622 2075 4696 pusillis,
2099 4621 2318 4694 expedit
2337 4622 2387 4677 ei
2413 4631 2475 4676 ut
2496 4620 2860 4691 suspendatnr
2898 4618 2953 4671 in
2979 4616 3119 4671 collo
3146 4616 3262 4686 ejus
3292 4616 3435 4671 mola

1847 4713 2106 4779 asinaria,
2151 4721 2208 4768 et
2227 4714 2573 4782 demergatur
2599 4710 2653 4764 in
2684 4706 3009 4779 profundum
3031 4707 3219 4762 maris.
3254 4726 3272 4758 ι
3299 4705 3437 4773 Quia

1846 4820 1978 4877 ergo
2020 4804 2266 4874 superius
2310 4803 2568 4857 Dominus
2615 4800 2972 4855 admonuerat
3019 4797 3273 4854 scandala
3322 4797 3441 4854 fore

1846 4895 2093 4961 vitanda,
2134 4895 2292 4951 docet
2317 4908 2462 4949 nunc
2488 4891 2723 4964 qualiter
2750 4890 2940 4947 eadem
2983 4890 3239 4947 scandala
3275 4892 3440 4949 vitari

1847 4988 2095 5061 possint:
2132 4985 2339 5042 scilicet
2367 5000 2466 5055 per
2505 4998 2716 5055 pacem,
2758 4990 2813 5038 et
2852 4997 2953 5054 per
2989 4983 3361 5050 concordiam,
3387 4992 3442 5039 et

1848 5096 1949 5153 per
1988 5079 2364 5135 remissionem
2388 5084 2756 5147 peccatorum.
2777 5074 2836 5130 Si
2860 5073 3033 5130 frater
3054 5081 3243 5131 noster
3266 5075 3317 5129 in
3342 5088 3444 5131 nos

1852 5173 2197 5246 peccaverit,
2239 5184 2533 5243 possumus
2556 5168 2605 5222 ei
2633 5167 2905 5223 dimittere
2922 5207 2937 5232 ,
2969 5167 3081 5222 imo
3108 5182 3330 5224 necesse
3353 5167 3447 5222 ha-

1851 5265 2045 5321 bemus
2090 5271 2150 5317 ut
2200 5262 2249 5317 ei
2297 5260 2654 5316 dimittamus.
2712 5258 2770 5314 Si
2811 5266 2991 5314 autem
3035 5258 3347 5328 peccaverit
3390 5259 3445 5314 in

1860 5356 2051 5418 Deum,
2084 5369 2190 5409 non
2220 5359 2306 5408 est
2333 5360 2536 5406 nostrae
2557 5350 2861 5420 potestatis,
2890 5349 2986 5405 sed
3010 5348 3065 5403 in
3089 5347 3185 5403 Dei
3217 5347 3446 5404 arbitrio

1861 5446 2126 5501 consistit.
2157 5443 2294 5510 Quia
2334 5442 2593 5513 scriptum
2622 5450 2705 5497 est
2736 5458 2751 5495 :
2782 5458 2802 5493 ι
2838 5439 2895 5495 Si
2936 5438 3244 5510 peccaverit
3277 5437 3362 5491 vir
3390 5436 3447 5492 in

1858 5538 2056 5602 virum,
2074 5534 2279 5607 placari
2302 5535 2353 5590 ei
2377 5542 2585 5605 potest;
2611 5534 2655 5589 si
2680 5531 2821 5587 Deus
2839 5538 3021 5587 autem
3042 5529 3097 5585 in
3123 5528 3291 5584 Deum
3313 5540 3445 5595 pec-

1858 5628 2088 5694 caverit,
2110 5628 2231 5699 quis
2256 5627 2433 5681 orabit
2453 5640 2551 5694 pro
2576 5625 2679 5679 eo?
2706 5644 2724 5678 ι
2752 5622 2803 5695 (I
2830 5622 2960 5693 Reg.
2980 5619 3065 5692 ιι.)
3089 5619 3281 5675 Frater
3300 5617 3444 5673 enim

1854 5732 2039 5778 vester
2061 5728 2181 5788 est,
2216 5720 2311 5793 qui
2346 5720 2626 5776 nobiscum
2663 5717 2880 5773 Patrem
2908 5714 3072 5770 habet
3100 5713 3155 5767 in
3183 5709 3359 5793 caelis,
3391 5716 3452 5773 et

3006 5806 3046 5872 9
