3994 6354
562 326 669 386 ssr
1191 324 1545 383 numerus
1582 320 2064 383 HALBERSTAT.
2106 320 2324 381 EPISC.
2365 318 2516 379 opp.
2556 316 2739 379 rans
2773 321 2838 378 ιι.
2874 352 2947 366 -
2980 321 3216 380 nomn.
3796 321 3901 385 ass
3962 310 3967 319 '

559 445 846 503 nobiscum
882 449 1063 513 potest
1101 439 1281 496 dicere
1306 457 1321 495 :
1360 458 1381 491 ι
1406 434 1581 496 Pater
1615 449 1833 507 noster,
1867 441 1960 512 qui
2003 454 2064 496 es
2090 441 2148 495 in
2176 443 2226 505 Α
2254 439 2445 503 salute,
2468 447 2563 495 aut
2590 439 2659 494 de
2686 438 2917 495 fratnnn
2937 440 3110 495 salute
3134 441 3418 497 tractaturi
3448 441 3504 496 in
3528 455 3741 497 unum
3768 458 3899 498 cou-

466 552 471 557 ’
561 536 717 595 catis
757 534 969 607 (Matth.
991 531 1087 602 v1).
1122 549 1141 582 ι
1176 530 1324 587 Vade
1350 540 1407 587 et
1431 532 1647 602 corripe
1687 547 1815 588 eum
1840 532 1985 588 inter
2011 542 2064 587 te
2093 540 2150 587 et
2253 534 2522 591 venimus.
2550 528 2871 606 Allegorice,
2905 552 2924 587 ι
2957 533 3048 590 ubi
3078 542 3207 591 sunt
3223 534 3332 590 duo
3358 535 3445 591 vel
3479 546 3603 593 tres
3645 552 3895 611 congre-

567 641 590 679 α
635 626 809 696 ipsum
838 622 1029 678 solum.
1071 640 1091 673 ι
1124 616 1305 687 Quare
1328 621 1542 676 solum?
1577 619 1656 676 Ne
1692 620 1968 688 videlicet,
2009 622 2055 676 si
2088 620 2151 675 ilo

559 718 676 773 lum
726 715 780 771 in
835 712 1107 784 publicum
1151 711 1517 783 redargueris,
1585 711 1959 768 confusionem
2000 720 2150 782 post-

557 817 725 881 ponat
753 816 810 863 et
852 805 921 861 ab
949 804 1331 861 emendatione
1364 804 1631 863 discedat.
1665 823 1685 858 t
1715 804 1774 861 Si
1809 814 1861 862 te
1888 806 2144 874 audierit,

563 920 587 954 α
625 901 867 957 lucratus
897 899 1011 956 eris
1026 898 1252 954 fratrem
1296 908 1470 954 tuum.
1492 917 1513 952 ι
1537 898 1655 955 Non
1679 899 1853 955 solum
1881 900 1976 956 tibi
2002 915 2148 956 mer-

555 992 745 1047 cedem
773 989 1056 1061 acquires,
1100 989 1197 1045 sed
1236 989 1400 1044 etiam
1434 989 1576 1045 sicut
1601 988 1836 1046 Iacobus
1870 990 2147 1061 apostolus

554 1086 723 1143 dicit:
752 1104 772 1138 ι
792 1083 896 1153 Qui
925 1084 1170 1140 converti
1201 1082 1393 1140 fecerit
1411 1083 1586 1140 virum
1617 1083 1687 1139 ab
1714 1084 2000 1155 iniquitate
2025 1099 2143 1151 sua,

553 1180 785 1237 salvabit
804 1180 1041 1234 animam
1054 1178 1171 1249 ejus
1184 1193 1214 1231 a
1233 1187 1428 1244 morte,
1442 1186 1500 1233 et
1511 1179 1721 1249 operiet
1741 1177 2143 1234 multitudinem

548 1282 903 1346 peccatorum
928 1271 1069 1344 (Jac.
1092 1273 1181 1344 v),
1219 1292 1238 1324 ι
1268 1280 1324 1327 et
1361 1287 1582 1328 suorum
1619 1270 1889 1339 videlicet,
1916 1281 1971 1327 et
2000 1271 2144 1327 illius

550 1379 713 1437 quem
738 1362 984 1420 converti
1007 1361 1199 1418 fecerit
1225 1361 1292 1418 ab
1314 1362 1601 1433 iniquitate
1628 1377 1745 1418 sua.
1780 1361 1969 1419 Omnis
1995 1363 2142 1419 enim

549 1456 860 1526 quicunque
878 1454 1095 1525 propria
1132 1451 1497 1509 admonitione
1528 1452 1752 1509 fratrem
1783 1467 1941 1509 suum
1970 1455 2142 1510 corri-

548 1549 644 1621 pit,
679 1547 925 1603 lucratus
955 1552 1040 1601 est
1058 1558 1202 1601 eum.

628 1659 646 1691 ι
696 1639 755 1696 Si
781 1646 959 1695 autem
995 1653 1102 1695 non
1142 1645 1194 1693 te
1221 1636 1476 1704 audierit,
1522 1638 1717 1693 adhibe
1760 1646 1936 1694 tecum
1964 1638 2143 1694 adhuc

552 1751 574 1785 ι
622 1747 787 1788 unum
813 1731 899 1786 vel
917 1731 1073 1796 duos,
1103 1737 1166 1784 ut
1183 1728 1238 1784 in
1259 1744 1355 1784 ore
1376 1729 1604 1784 duorum
1625 1728 1709 1785 vel
1733 1729 1896 1784 trium
1922 1728 2141 1784 testium

2252 628 2360 699 gati
2401 628 2456 684 in
2484 628 2705 684 nomine
2735 643 2877 695 meo,
2901 628 2975 684 ibi
3007 644 3127 684 sum
3149 628 3205 683 in
3233 628 3414 684 medio
3433 644 3671 695 eorum,
3724 650 3747 683 ι
3790 632 3889 689 hoc

2256 726 2365 784 est,
2390 717 2436 773 si
2474 732 2673 789 corpus
2696 724 2754 772 et
2776 718 2981 783 animo,
3009 726 3063 773 et
3089 717 3316 787 spiritus
3341 718 3395 773 in
3420 733 3600 774 unum
3635 734 3882 777 consen-

2250 810 2445 875 serint,
2490 817 2552 864 ut
2585 824 2763 879 neque
2793 823 2924 865 caro
2965 817 3232 881 repugnet
3271 811 3537 867 adversus
3578 812 3881 882 spiritum,

2251 914 2429 971 neque
2466 900 2691 969 spiritus
2715 907 2982 971 repugnet
3015 899 3191 964 carni,
3223 899 3486 971 quidquid
3513 916 3547 955 a
3574 899 3883 974 Patrepe.

2250 993 2531 1060 tierimns,
2582 992 3015 1062 impetrabimus.
3058 992 3209 1048 Bona
3256 993 3458 1048 etenim
3506 996 3730 1064 petitio
3779 1008 3880 1065 est,

2249 1081 2307 1137 in
2336 1097 2444 1152 qua
2475 1082 2699 1153 spiritus
2723 1096 2831 1137 non
2856 1082 3112 1138 dissentit
3143 1096 3177 1139 a
3199 1097 3391 1150 carne,
3416 1099 3521 1141 nec
3556 1100 3714 1142 caro
3748 1089 3876 1143 resi-

2247 1177 2342 1232 stit
2367 1177 2604 1247 spiritui.

2324 1286 2347 1321 ι
2379 1268 2531 1325 Tunc
2561 1269 2827 1325 accedens
2855 1267 3051 1325 Petrus
3083 1269 3152 1326 ad
3189 1284 3312 1327 eum
3334 1312 3349 1338 ,
3377 1270 3516 1326 dixit
3547 1288 3565 1326 :
3599 1269 3870 1339 Domine,

2253 1378 2275 1412 ‹
2318 1360 2531 1431 quoties
2558 1360 2810 1431 peccabit
2834 1361 2890 1415 in
2927 1374 3015 1415 me
3048 1360 3219 1416 frater
3260 1375 3447 1428 meus,
3486 1370 3549 1418 et
3577 1364 3869 1422 dimittam

2254 1470 2275 1505 ι
2321 1453 2412 1509 ei?
2457 1467 2632 1524 usque
2656 1454 2894 1523 septies?
2924 1473 2944 1507 ι
2981 1452 3157 1511 Motus
3197 1454 3391 1527 Petrus
3430 1470 3498 1511 ex
3527 1458 3740 1514 verbis
3770 1460 3869 1516 Do-

2247 1544 2402 1611 mini,
2440 1544 2635 1615 quibus
2665 1544 2914 1615 superius
2942 1544 3155 1602 dixerat
3179 1561 3196 1600 :
3232 1565 3253 1598 ‹
3289 1543 3347 1603 Si
3374 1551 3707 1619 peccaverit
3737 1551 3796 1606 in
3819 1563 3865 1608 te

2245 1636 2421 1693 frater
2447 1645 2574 1694 tuus
2593 1677 2608 1704 ,
2632 1637 2846 1708 corripe
2868 1636 3017 1693 illum
3040 1637 3184 1695 inter
3204 1647 3259 1695 te
3285 1646 3343 1695 et
3379 1639 3555 1710 ipsum
3578 1640 3801 1709 solum,
3841 1664 3856 1695 I

2246 1735 2602 1797 percontatur
2636 1726 2853 1798 quoties
2888 1728 3083 1784 debeat
3127 1728 3283 1785 ἢσθιτί
3311 1729 3366 1786 in
3396 1746 3456 1787 se
3477 1735 3757 1804 peccanti
3786 1735 3858 1791 di-

554 1844 573 1877 c
616 1832 724 1881 stet
749 1837 909 1880 omne
930 1820 1172 1878 verbum.
1214 1841 1233 1874 ι
1271 1819 1449 1876 Unum
1475 1820 1561 1876 vel
1583 1821 1718 1877 duos
1738 1821 1995 1891 przecepit
2017 1835 2139 1877 esse
2166 1818 2217 1880 B
2244 1822 2480 1890 mittere,
2504 1831 2559 1878 et
2578 1836 2700 1879 cum
2722 1822 3147 1893 interrogatione
3168 1822 3303 1879 dixit
3327 1842 3347 1875 ε
3377 1841 3550 1895 usque
3571 1831 3795 1898 septies
3808 1830 3852 1881 τ,

548 1914 904 1979 adhibendos,
933 1911 1020 1966 vel
1058 1925 1223 1967 causa
1255 1909 1578 1975 testimonii,
1601 1912 1662 1966 ut
1688 1911 1743 1966 in
1773 1925 1868 1967 ore
1904 1910 2136 1967 duorum

546 2005 767 2061 testium
793 2002 881 2059 vel
904 2002 1071 2058 trium
1098 2008 1207 2056 stet
1227 2014 1389 2055 omne
1417 2002 1666 2065 verbum,
1690 1999 1775 2057 vel
1796 2001 1983 2067 etiam,
2008 2002 2137 2072 quia

543 2099 612 2155 ab
637 2112 747 2154 uno
775 2103 1059 2166 correptus
1083 2108 1191 2150 non
1222 2092 1471 2160 erubuit,
1504 2092 1694 2150 saltem
1718 2107 1749 2148 a
1775 2094 1984 2151 duobus
2009 2109 2134 2151 cor-

541 2199 733 2262 reptus
754 2190 1063 2245 erubescat.

623 2298 643 2334 ι
689 2279 748 2338 Si
773 2287 956 2336 autem
994 2279 1117 2336 illos
1144 2292 1253 2334 non
1296 2276 1549 2346 audierit,
1576 2277 1664 2334 dic
1690 2276 1965 2345 Ecclesiae,
2017 2295 2035 2330 ι
2080 2279 2135 2334 id

540 2387 626 2436 est
652 2374 1060 2450 congregationi
1088 2373 1348 2441 fidelium,
1376 2381 1437 2427 ut
1456 2373 1548 2444 qui
1580 2373 1649 2429 ab
1676 2387 1785 2428 uno
1806 2372 1893 2427 vel
1922 2372 2134 2429 duobus

540 2477 827 2541 correptus
866 2482 926 2525 se
951 2482 1063 2523 non
1090 2465 1422 2531 emendavit,
1442 2464 1635 2520 saltem
1669 2477 1700 2518 a
1728 2464 1965 2537 generali
2005 2478 2136 2520 con-

537 2569 702 2618 ventu
723 2559 966 2618 ﬁdelium
994 2558 1049 2614 in
1084 2558 1343 2615 ruborem
1374 2564 1640 2613 vertatur.
1677 2573 1698 2609 t
1729 2555 1789 2612 Si
1821 2564 2003 2611 autem
2030 2556 2135 2612 Ec-

543 2672 565 2708 c
612 2653 837 2712 clesiam
859 2668 969 2710 non
1000 2650 1255 2719 audierit,
1280 2650 1425 2707 sicut
1451 2650 1705 2708 ethnicus
1734 2649 1807 2705 sit
1828 2648 1923 2703 tibi
1952 2656 2008 2705 et
2034 2663 2132 2719 pu-

544 2763 564 2797 σ
610 2744 877 2803 blicanus.
914 2762 934 2797 ι
967 2742 1178 2799 Ethnos
1204 2741 1419 2808 Graece,
1465 2741 1664 2799 dicitur
1715 2741 1910 2797 Latine
1955 2756 2129 2813 gens:

537 2838 666 2896 inde
695 2838 965 2904 ethnicos,
989 2826 1043 2891 id
1067 2845 1150 2891 est
1176 2834 1415 2909 gentilis.
1445 2834 1514 2889 Et
1536 2834 1751 2906 gentilis
1779 2833 2008 2901 dicitur,
2037 2834 2131 2904 qui

536 2929 594 2986 in
620 2926 810 2984 eodem
832 2926 941 2981 ritu
970 2932 1254 2995 permanet
1277 2938 1451 2995 usque
1480 2924 1548 2980 ad
1570 2933 1802 2980 mortem
1825 2966 1840 2989 ,
1881 2937 1988 2995 quo
2033 2938 2132 2979 na-

536 3018 729 3075 scitur.
753 3017 821 3072 Et
845 3015 1121 3087 publicani
1150 3014 1480 3088 generaliter
1501 3016 1774 3080 dicuntur,
1812 3016 1903 3086 qui
1929 3031 2026 3087 per
2047 3015 2130 3072 fas

535 3116 592 3167 et
641 3107 798 3166 nefas
834 3107 1053 3165 divitias
1102 3107 1205 3165 sibi
1246 3107 1607 3164 accumulant.
1652 3107 1787 3163 Cum
1827 3116 2007 3165 autem
2049 3108 2132 3165 di-

2242 1915 2485 1986 nunquid
2519 1929 2691 1987 usque
2720 1915 2919 1985 septies
2946 1914 3117 1972 debeo
3151 1917 3203 1972 ei
3237 1915 3512 1974 dimittere
3546 1921 3651 1991 qui
3678 1921 3743 1977 in
3773 1939 3857 1981 me

2241 2010 2531 2081 peccavit?

2318 2120 2339 2155 ι
2371 2102 2517 2159 Dicit
2539 2100 2617 2158 illi
2641 2100 2800 2158 Iesus
2830 2120 2842 2157 :
2868 2099 2987 2159 Non
3017 2101 3142 2159 dico
3172 2101 3269 2158 tibi
3295 2112 3467 2176 uSque
3487 2108 3725 2177 septies,
3761 2108 3855 2164 sed

2247 2212 2267 2247 ι
2310 2208 2485 2264 usque
2510 2194 2817 2266 septuagies
2846 2194 3066 2265 septies.
3105 2212 3127 2248 ι
3167 2192 3281 2250 Hoc
3304 2202 3388 2251 est
3424 2195 3853 2269 quadringentis

2239 2287 2537 2359 nonaginta
2561 2286 2774 2344 vicibus
2790 2326 2805 2353 ,
2851 2287 3153 2343 secundum
3174 2286 3393 2343 beatum
3424 2285 3846 2360 Hieronymum,

2240 2386 2303 2436 ut
2324 2378 2577 2437 videlicet
2600 2387 2681 2437 tot
2706 2379 2917 2436 vicibus
2937 2379 2995 2435 in
3014 2380 3102 2436 die
3128 2379 3464 2437 dimittamus
3482 2380 3639 2438 fratri
3664 2383 3722 2440 iu
3742 2401 3846 2442 nos

2236 2475 2506 2547 peccanti,
2537 2484 2671 2547 quot
2688 2475 2741 2531 in
2771 2489 2870 2531 nos
2893 2486 3125 2545 peccare
3152 2486 3260 2529 non
3285 2480 3483 2545 potest.
3509 2472 3613 2531 Sed
3631 2475 3845 2532 melius

2237 2574 2342 2632 est,
2373 2573 2434 2620 ut
2454 2565 2776 2637 simpliciter
2820 2564 3155 2638 accipiamus
3193 2563 3341 2636 quod
3366 2564 3532 2621 dicit:
3556 2583 3579 2616 ι
3601 2572 3844 2637 septua-

2237 2657 2354 2729 gies
2391 2657 2622 2727 septies,
2677 2674 2697 2709 i
2740 2655 2796 2712 id
2833 2664 2920 2712 est
2964 2657 3305 2730 septuaginta
3353 2665 3549 2728 septem
3580 2656 3833 2726 vicibus,

2237 2762 2401 2819 quam
2442 2747 2858 2819 quadringentis
2897 2748 3216 2821 nonaginta.
3244 2748 3437 2805 Omnis
3465 2749 3604 2805 enim
3634 2764 3837 2805 nume-

2238 2856 2332 2897 rus
2356 2838 2570 2911 quando
2598 2854 2698 2911 per
2717 2853 3001 2895 numerum
3033 2841 3233 2895 transit
3256 2839 3838 2906 adverbialiter,.tunc

2238 2932 2434 2989 crescit
2459 2945 2670 2987 summa
2720 2930 2869 2986 illius
2902 2946 2917 2984 :
2945 2929 3096 2985 verbi
3127 2928 3327 3001 gratia,
3362 2929 3563 3000 septies
3608 2939 3837 3000 septua-

2234 3026 2350 3097 gies
2389 3024 2729 3097 septuaginta
2750 3062 2765 3089 ,
2801 3020 2996 3078 transit
3023 3033 3221 3077 nomen
3247 3034 3348 3091 per
3382 3019 3702 3077 adverbium
3725 3063 3746 3089 ,
3779 3031 3839 3078 et

2236 3118 2373 3173 ﬁunt
2402 3115 2782 3190 quadringenti
2809 3113 3124 3187 nonaginta.
3155 3113 3226 3170 Et
3249 3113 3467 3185 quando
3492 3116 3711 3172 numeri
3736 3119 3834 3172 ad-

535 3204 612 3260 cit
639 3220 655 3258 :
686 3219 707 3255 ι
735 3202 821 3258 Sit
854 3202 950 3259 tibi
972 3201 1113 3257 sicut
1142 3199 1396 3257 ethnicus
1434 3208 1503 3285 et.
1524 3199 1863 3271 publicanus,
1904 3218 1923 3251 ι
1956 3199 2128 3255 mani-

2244 3186 2552 3266 verbiaiiter
2578 3186 3195 3280 proferuntur',summa
3219 3207 3428 3263 numeri
3460 3222 3570 3263 non
3601 3209 3832 3273 crescit,

533 3296 674 3353 feste
702 3294 939 3353 ostendit
964 3294 1107 3365 quod
1154 3291 1369 3365 pejores
1397 3300 1524 3349 sunt
1550 3290 1643 3362 qui
1673 3292 1776 3347 sub
1820 3290 2038 3347 nomine
2067 3290 2128 3345 ii-

534 3385 733 3443 delium
759 3400 923 3457 opera
945 3383 1241 3442 infidelium
1269 3384 1502 3440 latenter
1550 3390 1812 3440 exercent
1842 3398 2006 3455 quam
2033 3382 2127 3454 qui

532 3477 821 3535 manifeste
838 3476 1087 3533 infideles
1111 3480 1257 3531 sunt.

609 3589 629 3623 ι
673 3567 847 3625 Amen
883 3567 1006 3623 dico
1028 3567 1199 3633 vobis,
1222 3578 1558 3657 quaecunque
1586 3566 1939 3655 alligaveritis
1962 3580 2125 3637 super

538 3683 558 3716 ι
606 3671 810 3718 terram
863 3668 1025 3715 erunt
1057 3659 1222 3731 ligata
1261 3666 1316 3714 et
1354 3659 1410 3714 in
1445 3657 1604 3714 caelo.
1642 3677 1660 3709 ι
1692 3658 1917 3713 Dixerat
1940 3656 2126 3711 Domi-

536 3769 647 3811 nus
674 3752 925 3823 superius
963 3769 976 3804 :
1017 3769 1035 3801 ι
1075 3749 1133 3805 Si
1170 3750 1467 3809 Ecclesiam
1492 3764 1601 3806 non
1632 3749 1899 3813 audierit;
1928 3749 2000 3803 sit
2026 3748 2123 3803 tibi

532 3846 676 3901 sicut
696 3842 944 3899 ethnicus
972 3850 1027 3896 et
1050 3838 1389 3911 publicanus.
1431 3859 1449 3892 ι
1488 3840 1556 3895 Ει
1579 3847 1795 3909 poterat
1815 3839 1997 3894 dicere
2025 3838 2124 3893 ali-

537 3936 691 4008 quis,
735 3934 828 4004 qui
868 3934 953 3989 itai
978 3932 1289 4003 corripitur,
1318 3941 1509 3989 etnon
1547 3931 1869 3987 emendatur
1901 3947 1913 3983 :
1950 3931 2008 3985 Si
2035 3945 2123 3986 me

531 4027 795 4098 despicis,
830 4033 1006 4098 etego
1033 4031 1086 4079 te
1111 4024 1436 4093 despiciam;
1474 4022 1521 4077 si
1552 4036 1640 4076 me
1668 4022 2031 4085 condemnas,
2066 4030 2121 4075 et

530 4126 653 4175 meo
686 4117 851 4174 etiam
892 4130 986 4172 ore
1016 4113 1494 4178 condemnaberis,
1538 4111 1829 4169 conﬁrmat
1853 4112 2118 4182 judicium

529 4209 787 4268 Ecclesia:
843 4224 939 4265 sua
993 4206 1283 4272 sententia,
1342 4204 1571 4259 dicendo
1607 4222 1619 4257 :
1651 4203 1998 4274 Quaecunque
2043 4204 2122 4259 al-

529 4302 827 4376 ligaveritis
851 4315 1014 4371 super
1038 4307 1259 4363 terram,
1283 4305 1444 4351 erunt
1466 4295 1633 4368 ligata
1659 4304 1713 4352 et
1739 4297 1793 4352 in
1825 4297 1985 4353 coelo.
2025 4316 2044 4349 ›

606 4414 625 4447 ι
660 4394 861 4450 lterum
900 4390 1022 4445 dico
1042 4388 1199 4443 vobis
1248 4386 1375 4456 quia
1414 4387 1459 4441 si
1482 4387 1589 4443 duo
1607 4402 1675 4443 ex
1704 4387 1857 4445 vobis
1886 4402 2118 4444 consen-

533 4509 551 4542 ι
598 4487 771 4546 serint
799 4496 962 4554 super
996 4489 1198 4535 terram
1217 4520 1231 4542 ,
1263 4479 1330 4534 de
1357 4476 1504 4535 omni
1530 4494 1589 4535 re
1619 4496 1999 4553 quamcunque
2023 4496 2118 4553 pe-

2237 3304 2333 3358 sed
2358 3303 2501 3357 intra
2538 3314 2666 3356 suos
2710 3299 2973 3357 terminos
3010 3314 3273 3357 numerus
3297 3300 3605 3356 continetur
3626 3342 3644 3367 ,
3689 3294 3839 3358 sicut

2235 3403 2319 3452 est
2344 3394 2398 3450 in
2444 3394 2549 3453 hoc
2582 3391 2732 3460 loco,
2768 3406 2877 3464 quo
2926 3390 3098 3447 dicit:
3137 3409 3158 3444 ‹
3190 3392 3499 3464 septuagies
3537 3393 3772 3464 septies.
3810 3415 3831 3447 ι

2234 3487 2485 3558 Praecipit
2521 3500 2651 3556 ergo
2682 3485 2942 3540 Dominus
2984 3484 3291 3556 septuagies
3329 3484 3531 3556 septies
3575 3483 3740 3541 fratri
3780 3485 3836 3541 in

2234 3594 2335 3635 nos
2364 3577 2608 3649 peccanti
2637 3576 2941 3643 dimittere,
2971 3583 3032 3630 ut
3078 3582 3161 3632 tot
3189 3576 3399 3631 vicibus
3442 3587 3500 3632 et
3540 3577 3591 3632 ei
3641 3577 3835 3633 dimit-

2234 3679 2432 3737 tamus,
2454 3675 2587 3739 quot
2612 3666 2821 3724 vicibus
2851 3666 2903 3721 in
2931 3680 3031 3722 nos
3056 3679 3284 3737 peccare
3313 3681 3421 3722 non
3445 3663 3659 3722 suﬁeit.

2787 3797 3069 3855 HOMILIA
3097 3797 3260 3863 XLV.

2628 3928 2788 3969 rsum
2808 3927 3024 3978 ouans
3058 3928 3189 3970 ros'r
3228 3913 3407 3969 Oculi.

2304 4027 2547 4100 (Mum.
2582 4026 2697 4098 xv.)
2739 4046 2758 4080 (
2792 4028 2852 4083 In
2905 4027 2997 4083 illo
3042 4034 3307 4099 tempore,
3354 4039 3714 4085 accesserunt
3758 4030 3835 4087 ad

2238 4134 2256 4169 ι
2289 4115 2473 4174 Jcsum
2496 4118 2564 4174 ab
2586 4116 2974 4189 Hierosolymis
3002 4118 3194 4174 scriba:
3226 4124 3281 4175 et
3308 4116 3604 4186 Pharisaei,
3641 4119 3833 4177 dicen-

2236 4229 2255 4262 t
2287 4219 2389 4277 tes,
2412 4230 2430 4262 ι
2453 4220 2509 4266 et
2530 4209 2761 4280 reliqua.
2777 4208 2911 4264 Mira
2933 4209 3205 4265 dementia
3223 4209 3532 4266 scribarum
3553 4219 3611 4266 et
3635 4210 3833 4268 Phari-

2232 4317 2463 4359 saaorum
2490 4302 2831 4374 arguentium
2854 4301 3164 4367 Dominum,
3186 4316 3284 4357 cur
3309 4301 3634 4359 traditiones
3654 4304 3831 4360 homi-

2229 4412 2361 4452 num
2382 4410 2488 4452 non
2511 4406 2772 4467 sequatur
2789 4436 2804 4461 ,
2825 4410 2950 4451 cum
2978 4394 3093 4465 ipse
3118 4393 3191 4449 sit
3216 4394 3314 4449 Dei
3328 4392 3522 4462 Filius,
3548 4395 3827 4452 dicentes:

2305 4503 2325 4537 ι
2364 4485 2544 4554 Quare
2574 4485 2825 4557 discipuli
2866 4485 2943 4540 tui
2975 4483 3449 4555 transgrediuntur
3497 4486 3829 4543 traditiones

533 4604 553 4638 ι
598 4585 819 4645 tierent,
853 4551 945 4634 fiet
976 4576 1084 4632 illis
1128 4590 1157 4630 a
1186 4574 1351 4631 Patre
1376 4588 1518 4641 meo,
1548 4551 1653 4646 qui
1687 4576 1744 4630 in
1776 4551 1931 4633 cmlis
1959 4551 2061 4633 est.
2098 4596 2117 4629 ι
2148 4551 2203 4613 Ῑ)
2234 4596 2253 4630 ι
2298 4551 2612 4635 seniorum?
2643 4551 2760 4633 Non
2789 4577 2933 4632 enim
2957 4551 3153 4632 lavant
3167 4588 3363 4632 manus
3388 4589 3517 4633 suas
3571 4591 3697 4633 cum
3727 4593 3829 4650 pa-

528 4674 718 4734 Omuis
751 4686 930 4730 sermo
970 4669 1184 4727 Domini
1229 4668 1299 4724 ad
1335 4670 1678 4726 concordiam
1712 4685 1811 4727 nos
1839 4679 2121 4741 provocat,

532 4792 551 4824 ι
588 4771 635 4826 si
661 4770 766 4827 duo
795 4764 1016 4841 (inquit)
1046 4778 1115 4820 ex
1142 4762 1297 4819 vobis
1326 4764 1701 4820 consenserint
1728 4779 1892 4836 super
1917 4772 2119 4819 terram

527 4865 594 4933 de
623 4861 772 4919 omni
794 4874 873 4916 re.
921 4877 940 4910 ι
2108 4930 2116 4938 ι

604 4973 624 5005 ι
666 4950 767 5009 Ubi
797 4949 941 5008 enim
967 4955 1095 5006 sunt
1110 4947 1217 5005 duo
1240 4947 1325 5004 vel
1358 4956 1466 5004 tres
1486 4948 1800 5019 congregati
1822 4947 1878 5004 in
1902 4949 2121 5005 nomine

531 5068 551 5101 α
594 5061 735 5113 meo,
786 5043 862 5101 ibi
907 5056 1029 5099 sum
1070 5040 1125 5097 in
1180 5038 1358 5098 me'dio
1399 5056 1605 5098 eorum.
1664 5062 1684 5095 ι
1734 5042 1888 5109 Quod
1936 5042 2122 5100 multis

526 5134 789 5209 exemplis
841 5131 1141 5209 approbare
1194 5148 1502 5205 possumus.
1550 5131 1924 5203 Loquentibus
1970 5132 2118 5188 enim

528 5227 786 5301 apostolis
812 5214 879 5283 de
918 5223 1314 5283 resurrectione
1339 5240 1456 5291 sua,
1488 5221 1682 5279 adfuit.
1730 5222 1950 5279 Duobus
1992 5238 2121 5281 vero

526 5319 804 5392 discipulis
840 5316 1240 5375 ambulantibus
1269 5317 1324 5372 in
1354 5317 1645 5382 Emmaus,
1691 5314 1886 5370 tertius
1924 5315 2031 5371 illis
2060 5331 2120 5375 se

520 5410 735 5489 juuxit,
760 5419 817 5467 et
839 5409 1087 5466 notitiam
1110 5423 1266 5465 suam
1297 5408 1376 5463 eis
1404 5407 1459 5462 in
1497 5405 1759 5461 fractione
1786 5406 1942 5478 panis
1966 5422 2119 5463 reve-

524 5505 657 5562 lavit
684 5500 836 5576 (Luc.
869 5501 1035 5575 xxxv).
1075 5500 1242 5557 Nobis
1266 5500 1430 5556 etiam
1475 5496 1717 5569 quotidie
1754 5498 1908 5554 adest
1936 5499 1990 5553 in
2022 5515 2119 5556 no-

524 5597 671 5652 mine
700 5592 826 5651 Jesu
854 5592 1216 5665 congregatis.
1256 5589 1461 5646 Nomen
1505 5590 1706 5645 etenim
1748 5590 1891 5646 illius
1917 5598 2002 5647 est
2031 5576 2121 5647 Je-

530 5680 637 5754 ius.
679 5685 837 5744 Jesus
856 5700 985 5741 vero
1012 5682 1399 5754 interpretatur
1445 5683 1693 5738 salvator.
1735 5678 1885 5741 Tunc
1916 5685 2119 5740 etenim

522 5776 826 5843 iu'notuiue
857 5776 980 5836 Iesu
1012 5792 1436 5850 congregantur,
1466 5778 1680 5851 quoties
1720 5787 1812 5836 aut
1834 5780 1900 5835 de
1931 5789 2118 5836 nostra

2231 4690 2251 4723 ι
2296 4685 2421 4727 nem
2462 4672 2810 4727 manducant.
2857 4690 2875 4723 ι
2913 4669 3027 4726 Hoc
3066 4680 3414 4742 processerat
3434 4685 3501 4726 ex
3531 4671 3829 4727 traditione

2225 4764 2530 4821 scribarum
2585 4772 2641 4819 et
2675 4763 3089 4819 Pharisaeorum.
3135 4762 3272 4817 Nam
3317 4771 3435 4819 erat
3481 4764 3828 4819 consuetudo

2225 4857 2366 4926 apud
2396 4855 2543 4920 illos,
2570 4863 2631 4912 ut
2669 4856 2714 4913 si
2745 4855 3058 4926 contigisset
3104 4854 3205 4922 eis,
3256 4863 3317 4911 ut
3350 4853 3437 4911 vel
3471 4869 3596 4911 cum
3628 4854 3828 4928 gentili

2223 4949 2596 5020 loquerentur,
2638 4958 2734 5004 aut
2777 4948 2981 5020 aliquid
3027 4946 3377 5005 morticinum
3412 4955 3701 5020 tangerent
3727 4958 3827 5004 aut

2227 5039 2564 5097 immundum
2602 5038 2805 5110 aliquid
2833 5037 3109 5104 viderent,
3134 5048 3231 5094 aut
3254 5044 3427 5093 totum
3456 5052 3692 5108 corpus,
3724 5046 3845 5119 aut.

2227 5130 2389 5186 etiam
2417 5139 2626 5201 partem
2650 5126 2896 5199 corporis
2930 5128 3237 5184 abluerent.
3840 5130 3843 5131 '

2303 5243 2321 5277 ε
2358 5222 2478 5296 ipse
2518 5231 2698 5279 autem
2739 5223 3074 5293 respondens
3112 5220 3189 5276 ait
3228 5217 3335 5275 illis
3373 5236 3388 5274 :
3418 5218 3601 5289 Quare
3631 5226 3687 5276 et
3721 5235 3826 5278 vos

2232 5335 2251 5370 ι
2281 5314 2720 5389 transgredimini
2749 5314 3061 5369 mandatum
3093 5311 3191 5368 Dei
3213 5317 3440 5384 prepter
3464 5311 3829 5368 traditionem

2231 5428 2249 5461 ι
2296 5406 2569 5464 vestram?
2604 5425 2623 5457 ι
2654 5404 2870 5461 Falsam
2896 5404 3225 5461 calumniam
3241 5402 3427 5460 veraci
3457 5404 3826 5475 responsione

2224 5503 2485 5560 Dominus
2514 5499 2755 5557 confutat
2777 5542 2791 5566 ,
2824 5499 3098 5556 dicendo:
3133 5516 3153 5551 ‹
3192 5498 3373 5568 Quare
3407 5507 3464 5555 et
3502 5512 3600 5554 vos
3634 5506 3823 5555 trans-

2221 5596 2507 5671 gredimini
2555 5593 2871 5649 mandatum
2912 5592 3009 5649 Dei
3062 5601 3287 5664 promer
3321 5589 3673 5647 traditionem
3714 5605 3823 5646 ve-

2224 5689 2432 5745 stram?
2468 5708 2487 5743 ι
2523 5688 2603 5744 Ac
2627 5687 2671 5743 si
2703 5686 2908 5741 diceret
2938 5703 2952 5739 :
2984 5685 3097 5741 Cur
3130 5683 3402 5757 apostolos
3433 5697 3584 5738 meos
3632 5682 3827 5752 argui-

2225 5782 2313 5839 tis.
2338 5780 2478 5855 quod
2501 5786 2768 5854 praecepta
2789 5776 3069 5841 hominum
3092 5775 3584 5851 transgrediuntur.
3608 5784 3668 5829 ut
3688 5788 3827 5834 uos-
