3994 6354
1334 368 1636 429 ηοΜίιιΔΞ
1675 368 1765 424 BE
1797 369 2149 427 TEMPORE.

3282 370 3392 432 I70

120 491 230 549 sint
252 498 519 561 pracepta
546 490 644 545 Dei
671 488 990 561 adimplere,
1017 504 1141 546 cum
1171 502 1267 543 vos
1291 493 1512 558 propter
1537 485 1700 539 tradi-
1732 491 1783 549 Α
1884 502 1902 534 ι
1934 481 2054 539 Non
2083 487 2229 555 quod
2265 485 2321 539 in
2356 500 2420 541 os
2449 487 2645 551 intr‘at,
2684 487 2999 558 coinquinat
3036 488 3330 546 hominem.
3366 512 3388 547 ι

120 583 296 639 tiones
345 581 624 637 hominum
673 581 1110 652 transgredimini
1161 587 1428 653 praecepta
1469 575 1710 645 omnipo-

120 672 287 728 tentis
308 670 441 725 Dei?

193 782 215 816 ι
249 761 387 818 Nam
432 762 578 818 Deus
617 761 794 818 dixit:
822 761 1042 818 Honora
1082 769 1291 832 patrem
1328 770 1478 817 tuum
1505 767 1562 815 et
1586 772 1706 815 ma-

126 873 145 908 ι
173 864 310 910 trem
335 861 577 919 tuam,et
599 855 692 924 qui
716 854 1212 925 maledixeritpatri
1239 855 1321 911 vel
1334 854 1516 920 matri,
1531 860 1710 912 morte

126 966 145 1000 ι
173 945 439 1001 moriatur
464 943 661 1018 (Exod.
692 946 810 1018 xx).
847 965 868 998 ι
901 945 1086 1002 Honor
1110 946 1310 1002 etenim
1333 946 1391 1001 in
1410 945 1709 1017 Scripturis

121 1037 411 1108 dupliciter
434 1038 722 1107 accipitur,
750 1045 806 1093 et
824 1053 925 1109 pro
943 1039 1244 1095 reverentia
1270 1038 1521 1095 videlicet
1540 1040 1711 1094 hono-

122 1130 216 1194 ris,
239 1138 296 1184 et
329 1143 431 1200 pro
460 1130 677 1186 datione
707 1130 969 1186 muneris.
1003 1131 1156 1187 Unde
1186 1140 1241 1185 et
1260 1131 1460 1187 Paulus
1498 1139 1711 1200 aposto-

120 1221 201 1278 lus
232 1222 410 1278 dixit:
441 1242 460 1275 ι
489 1222 798 1295 Presbyteri
826 1224 1025 1295 duplici
1068 1226 1275 1280 honore
1304 1225 1608 1280 habeantur
1652 1224 1707 1295 (Ι

122 1311 254 1367 Tim.
296 1311 375 1385 v).
428 1332 447 1365 ι
491 1313 599 1368 Et:
638 1332 656 1366 ι
695 1314 912 1369 Honora
954 1315 1178 1376 viduas.
1224 1329 1346 1385 qua:
1369 1331 1495 1370 vere
1533 1316 1708 1370 vidua:

121 1414 260 1460 sunt.
297 1424 320 1457 ι
348 1405 406 1460 In
433 1420 542 1476 quo
561 1405 680 1461 loco
701 1420 807 1460 non
828 1414 1035 1461 tantum
1065 1407 1239 1461 honor
1267 1420 1364 1477 pro
1384 1407 1710 1461 salutatione

119 1505 170 1552 et
198 1496 506 1551 reverentia
533 1496 820 1567 accipitur,
852 1506 1116 1568 quantum
1144 1496 1309 1552 etiam
1342 1513 1440 1567 pro
1464 1498 1704 1554 datione.

124 1607 143 1641 ι
183 1588 402 1645 Honora
436 1598 650 1660 patrem
678 1597 829 1645 tuum
861 1598 916 1645 et
944 1598 1173 1645 matrem
1200 1599 1371 1655 tuam,
1405 1611 1425 1643 ι
1457 1599 1513 1645 et
1546 1592 1601 1645 in
1622 1604 1709 1645 re-

118 1682 361 1737 verentia
391 1682 640 1739 videlicet
667 1683 946 1754 obsequii,
981 1692 1037 1740 et
1074 1683 1127 1737 in
1151 1683 1341 1739 dandis
1370 1683 1705 1739 muneribus.

122 1773 161 1829 Ε
186 1775 467 1831 contrario
493 1775 638 1845 quod
669 1774 807 1831 dixit
845 1792 859 1829 :
897 1795 916 1828 ι
962 1775 1055 1845 qui
1093 1776 1434 1832 maledixerit
1459 1776 1600 1846 patri
1624 1775 1710 1831 vel

1813 572 1871 633 Si
1902 590 2033 645 ergo
2058 576 2203 645 quod
2230 576 2401 631 intrat
2438 578 2492 630 in
2520 591 2581 631 os
2618 593 2726 633 non
2753 578 3067 648 coinquinat
3095 581 3391 651 hominem,

1810 665 2005 721 merito
2036 665 2298 735 quaeritur
2323 682 2419 721 cur
2468 666 2667 722 Paulus
2697 669 2973 739 apostolus
3000 672 3251 740 prohibet
3290 690 3391 731 nos

1810 772 1921 815 non
1945 759 2094 814 vesci
2131 759 2198 814 de
2234 758 2549 829 idolothytis
2572 799 2587 824 ,
2634 760 2719 815 vel
2753 777 2853 816 cur
2883 762 3065 819 dicat:
3095 784 3114 817 ι
3146 766 3262 825 Νοη
3297 782 3396 837 po-

1810 851 1967 908 testis
1995 851 2218 909 calicem
2248 851 2462 908 Domini
2503 851 2713 918 bibere,
2756 865 2812 910 et
2850 857 3072 913 calicem
3102 859 3398 917 daemonio-

1810 960 1931 999 rum
1963 944 2014 1016 (I
2043 944 2165 1000 Cor.
2195 947 2314 1016 vn).
2346 966 2366 998 ›
2402 946 2485 1001 Ad
2530 948 2633 1002 hoc
2672 947 2961 1004 dicendum
2990 960 3094 1018 est,
3128 955 3272 1024 quod
3302 954 3395 1010 illa

1810 1037 2028 1107 quidem
2074 1046 2320 1094 creatura
2354 1054 2450 1110 per
2478 1054 2537 1094 se
2567 1039 2767 1097 munda
2815 1051 2870 1096 et
2914 1042 3056 1100 bona
3104 1054 3224 1102 est:
3273 1063 3397 1103 cum

1810 1142 1991 1185 autem
2021 1130 2174 1186 idolis
2200 1130 2363 1187 fuerit
2387 1142 2722 1196 consecrata,
2750 1141 2973 1205 propter
2997 1135 3395 1194 invocationem

1810 1218 2114 1274 daemonum
2136 1230 2189 1274 et
2212 1220 2501 1286 idolorum,
2524 1222 2741 1276 sordida
2767 1232 2823 1277 et
2845 1223 3122 1280 immunda
3144 1228 3396 1297 ellicitnr,

1809 1317 1865 1365 et
1907 1310 2028 1364 ideo
2060 1311 2375 1381 prmcipitur
2404 1312 2559 1366 nobis
2600 1328 2706 1367 non
2753 1313 2818 1368 de
2861 1315 3059 1371 talibus
3088 1320 3394 1374 comedere.

1810 1396 2002 1456 Omnis
2030 1401 2175 1454 enim
2203 1401 2393 1472 religio
2423 1410 2479 1456 et
2511 1403 2772 1460 sanctitas
2798 1402 3135 1474 indecorum,
3165 1413 3401 1466 maxime

1811 1490 1865 1547 in
1896 1491 2202 1548 differentia
2239 1494 2487 1549 ciborum
2534 1497 2858 1553 mundorum
2901 1508 2956 1554 et
2995 1500 3400 1560 immundorum

1810 1585 2177 1640 consistebat:
2223 1587 2317 1641 sed
2356 1588 2701 1660 omnipotens
2749 1590 2891 1645 Deus
2930 1594 3074 1662 quod
3124 1595 3177 1649 in
3218 1594 3402 1652 Veteri

1813 1675 2162 1733 Testamento
2189 1679 2422 1735 discreto
2449 1681 2645 1749 posuit,
2676 1683 2778 1738 hoc
2805 1686 2856 1738 in
2881 1685 3031 1741 Novo
3051 1687 3403 1745 Testamento

1813 1766 2104 1823 indiscrete
2145 1770 2224 1824 uti
2263 1770 2445 1840 jussit.
2501 1771 2859 1843 Praecipiehat
2886 1778 3029 1831 enim
3060 1781 3404 1851 omnipotens

119 1866 298 1929 matri,
343 1884 361 1917 ι
396 1864 704 1921 maledictio
753 1880 862 1920 non
910 1872 1119 1921 tantum
1146 1881 1245 1937 pro
1271 1866 1439 1921 verbo
1479 1881 1706 1938 aspero,
1738 1853 1955 1917 B.Deus
1986 1871 2182 1911 manus
2211 1857 2452 1922 abluere,
2488 1875 2593 1914 non
2624 1876 2763 1930 aqua
2795 1864 3085 1934 corporali,
3117 1866 3210 1920 sed
3242 1882 3400 1921 mun-

120 1956 211 2010 sed
252 1956 423 2010 etiam
463 1970 567 2026 pro
597 1957 969 2012 subtractione
1009 1956 1259 2012 beneﬁcii
1298 1959 1534 2029 ponitur.
1565 1958 1711 2013 Prae-

118 2045 305 2101 videns
318 2047 665 2119 omnipotens
682 2048 823 2103 Deus
844 2047 1244 2103 imbecillitates
1260 2056 1318 2103 et
1340 2056 1528 2104 aetates
1553 2064 1710 2105 senes

119 2140 282 2195 ctutis
306 2147 619 2209 parentum,
646 2139 905 2210 praecepit
934 2138 1060 2194 ﬁliis
1108 2155 1297 2195 eorum
1336 2148 1396 2195 ut
1421 2150 1710 2211 postquam

119 2228 182 2284 ad
209 2238 553 2286 senectutem
580 2238 836 2300 parentes
863 2230 1079 2285 illorum
1105 2231 1478 2300 pervenirent,
1517 2241 1580 2286 ut
1613 2234 1713 2288 ho-

120 2335 310 2378 norem
338 2321 820 2391 eisimpenderent
838 2362 852 2387 ,
880 2336 987 2377 non
1010 2320 1182 2377 solum
1210 2323 1265 2376 in
1287 2323 1577 2392 obsequio,
1616 2323 1712 2379 sed

118 2412 285 2468 etiam
326 2413 380 2466 in
420 2412 638 2467 datione
674 2412 936 2466 muneris.
980 2410 1236 2467 Videntes
1275 2414 1381 2468 hoc
1428 2413 1621 2469 scribae
1658 2422 1715 2468 et

120 2504 407 2570 Pharisaei,
444 2504 590 2574 quod
616 2517 679 2560 ea
709 2519 830 2574 qua:
865 2504 1137 2559 dabantur
1156 2506 1468 2575 parentibus
1497 2521 1527 2560 a
1550 2506 1714 2563 lucris

124 2610 309 2652 eorum
338 2595 673 2665 deperirent,
699 2606 1122 2667 composuerunt
1149 2597 1293 2652 hanc
1320 2599 1622 2668 stropham,
1654 2606 1716 2654 ut

125 2685 363 2741 dicerent
381 2683 521 2739 falso
542 2683 766 2754 intelligi
796 2685 898 2739 hoc
921 2693 1249 2756 pmceptum
1280 2700 1308 2739 a
1327 2686 1544 2751 Iudaeis,
1570 2687 1712 2756 quod

128 2776 319 2832 dicitur
355 2793 368 2829 :
405 2792 424 2826 ι
467 2774 685 2830 Honora
719 2783 929 2844 patrem
978 2784 1128 2831 tuum
1170 2786 1225 2830 et
1268 2785 1534 2842 matrem,
1570 2797 1587 2829 I
1619 2779 1713 2833 sed

129 2869 303 2939 potius
330 2876 541 2940 patrem
569 2868 657 2924 vel
684 2875 914 2923 matrem
934 2908 950 2935 ,
1006 2869 1264 2938 templum
1291 2877 1347 2924 et
1375 2869 1713 2941 Synagogam

132 2961 323 3017 debere
346 2960 601 3031 intelligi,
628 2968 688 3014 ut
708 2975 813 3014 non
834 2961 1185 3031 pnecepisset
1203 2962 1545 3031 omnipotens
1573 2961 1715 3016 Deus

134 3054 392 3109 honorare
418 3061 673 3124 parentes
691 3052 961 3119 carnales,
984 3052 1080 3108 sed
1116 3053 1293 3123 potius
1331 3053 1591 3123 quidquid
1617 3053 1715 3108 ha-

132 3147 318 3203 berent
351 3148 551 3217 templo
587 3155 644 3201 et
667 3145 962 3219 Synagogae
989 3144 1397 3200 distribuerent.
1433 3144 1587 3212 Quod
1614 3160 1714 3199 au-

1812 1943 1944 1999 ditia
1973 1947 2238 2002 bonorum
2269 1962 2526 2017 operum,
2559 1958 2617 2002 ut
2647 1950 2792 2023 digni
2826 1953 3021 2017 simus,
3074 1954 3127 2007 in
3170 1971 3401 2027 quorum

1811 2035 2063 2092 manibus
2094 2051 2277 2093 sermo
2304 2038 2399 2093 Dei
2429 2040 2601 2094 ﬁeret.
2637 2040 2727 2095 Sic
2758 2058 2899 2113 srepe
2933 2044 2985 2097 in
3012 2043 3193 2101 Veteri
3218 2047 3406 2104 Testa-

1811 2140 1995 2185 mento
2015 2129 2273 2198 legimus:
2300 2131 2525 2186 Factum
2550 2142 2633 2188 est
2656 2135 2880 2189 verbum
2911 2135 3124 2191 Domini
3157 2138 3212 2193 in
3238 2156 3400 2196 manu

1812 2220 2060 2277 Ieremia:
2099 2232 2153 2277 et
2190 2222 2372 2290 Isaiae,
2419 2234 2475 2279 et
2518 2228 2875 2281 caeterorum.’
2919 2228 2974 2282 In
3006 2244 3167 2285 manu
3199 2234 3401 2287 etenim

1814 2312 2003 2367 comm
2043 2310 2217 2367 factus
2255 2325 2340 2369 est
2380 2331 2560 2371 sermo
2601 2318 2845 2383 Domini,
2898 2320 3025 2388 quia
3074 2322 3201 2376 talia
3248 2334 3405 2378 erant

1815 2417 1979 2473 opera
2022 2419 2232 2470 eorum,
2277 2414 2339 2460 ut
2380 2407 2527 2477 digni
2570 2416 2755 2463 essent
2798 2410 2867 2464 ad
2908 2424 3045 2479 quos
3088 2427 3268 2468 sermo
3310 2410 3403 2469 Dei

1817 2491 1990 2548 ﬁeret.

1894 2602 1912 2634 ι
1944 2585 2095 2639 Tunc
2143 2587 2464 2642 accedentes
2514 2588 2763 2659 discipuli
2810 2589 2946 2658 ejus,
3003 2594 3261 2649 dixerunt
3310 2597 3402 2652 ei:

1823 2690 1842 2724 ς
1876 2672 1996 2728 Scis
2024 2676 2148 2744 quia
2176 2675 2459 2739 Pharisaei,
2486 2678 2673 2731 audito
2711 2680 2813 2733 hoc
2840 2681 3025 2745 verbo,
3057 2682 3408 2739 scandalizati

1824 2781 1842 2815 ι
1870 2774 2015 2819 sunt.
2050 2784 2070 2816 ›
2112 2765 2188 2819 Ex
2223 2766 2327 2819 hoc
2358 2756 2476 2819 loco
2504 2767 2663 2820 datur
2690 2767 2949 2839 intelligi,
2991 2771 3137 2839 quod
3179 2774 3409 2828 scanda-

1818 2853 1927 2908 lum
1973 2855 2026 2908 in
2072 2854 2397 2923 quibusdam
2445 2855 2579 2910 locis
2609 2859 2911 2912 cavendum
2952 2869 3036 2914 est
3073 2860 3405 2929 hominibus,

1818 2943 1874 2998 in
1896 2943 2219 3013 quibusdam
2242 2959 2371 2999 vero
2395 2961 2493 3016 pro
2521 2947 2690 3001 nihilo
2720 2950 3050 3019 contemptui
3076 2951 3405 3009 habendum.

1820 3035 1936 3091 Hoc
1974 3038 2138 3091 etiam
2186 3038 2447 3093 Dominus
2489 3054 2587 3093 suo
2628 3041 2877 3111 exemplo
2923 3044 3099 3097 docet.
3154 3044 3410 3116 Legimus

1822 3128 1967 3183 enim
2003 3128 2129 3184 alibi
2162 3126 2378 3199 (Matth.
2434 3128 2569 3200 xvu)
2609 3132 2753 3199 quod
2795 3133 3118 3188 accedentes
3159 3135 3269 3200 illi,
3315 3137 3409 3206 qui

136 3238 341 3294 dientes
375 3205 676 3309 simplices,
708 3205 913 3292 errore
939 3236 1178 3301 seducti,
1211 3205 1478 3306 quidquid
1509 3236 1713 3290 habere

1824 3219 2017 3274 tributa
2056 3218 2407 3288 requirebant
2436 3234 2464 3272 a
2494 3219 2712 3288 populo,
2745 3220 2812 3275 ad
2856 3222 3078 3278 Petrum
3112 3205 3407 3280 dixerunt:

137 3337 401 3400 poterant,
422 3330 477 3384 in
503 3329 702 3401 templo
721 3328 1040 3385 oll'erebant.
1066 3328 1200 3383 Cum
1234 3342 1364 3383 vero
1400 3328 1719 3399 contigisset

143 3426 205 3473 ut
227 3427 377 3489 pater
410 3419 493 3473 vel
519 3428 688 3475 mater
712 3426 1027 3490 quaterent
1058 3418 1127 3474 ab
1150 3417 1231 3473 eis
1260 3416 1477 3487 aliquod
1502 3417 1716 3487 supple-

145 3518 400 3576 mentum,
425 3508 670 3565 dicebant
694 3528 705 3563 :

214 3618 235 3651 ι
263 3598 451 3657 Munus
469 3602 826 3672 quodcunque
849 3602 934 3656 est
954 3615 1024 3656 ex
1045 3614 1154 3667 me,
1189 3599 1282 3655 tibi
1308 3600 1571 3671 proderit,
1610 3619 1629 3653 ι
1663 3600 1720 3656 id

141 3699 220 3747 est
250 3693 484 3763 nunquid
508 3692 638 3748 illud
660 3707 856 3748 munus
882 3693 1026 3762 quod
1045 3692 1212 3748 semel
1238 3693 1348 3748 Deo
1375 3692 1568 3759 obtuli,
1592 3693 1637 3748 si
1663 3693 1719 3748 in

145 3790 257 3839 tuos
298 3800 430 3842 usus
470 3785 799 3856 expendero,
850 3786 948 3840 tibi
976 3786 1252 3855 proderit?
1278 3783 1393 3840 Hoc
1440 3786 1720 3841 audientes

146 3877 235 3942 illi,
278 3878 550 3935 malebant
586 3894 702 3950 pra:
730 3879 909 3949 inopia
949 3880 1118 3934 vitam
1165 3878 1435 3945 amittere,
1466 3894 1630 3950 quam
1653 3879 1721 3933 de

149 3972 464 4029 consecratis
485 3972 687 4044 aliquid
714 3981 954 4044 tangere.
991 3972 1175 4028 Potest
1213 3980 1269 4027 et
1307 3971 1467 4027 aliter
1493 3971 1721 4042 intelligi

151 4063 241 4119 hoc
277 4064 421 4136 quod
451 4064 648 4119 dicitur
678 4082 692 4118 :
737 4083 758 4115 ι
794 4078 990 4120 munus
1019 4065 1377 4134 quodcunque
1400 4072 1485 4119 est
1514 4079 1582 4119 ex
1607 4078 1718 4130 me,

152 4156 235 4213 tibi
256 4156 516 4227 proderit.
544 4177 564 4210 ι
583 4156 662 4213 Ac
689 4156 736 4212 si
766 4157 973 4213 diceret
1002 4172 1017 4211 :
1047 4156 1239 4213 Munus
1266 4155 1411 4227 quod
1427 4156 1540 4212 Deo
1551 4155 1721 4211 oll’ero

154 4262 208 4303 ex
236 4250 533 4305 substantia
570 4264 689 4305 mea
708 4289 723 4315 ,
750 4248 891 4305 sicut
930 4248 1171 4318 proderit
1199 4248 1363 4315 mihi,
1403 4247 1482 4302 ita
1515 4256 1571 4302 et
1602 4247 1719 4303 tibi.

155 4337 212 4395 Et
253 4341 371 4397 hac
427 4341 675 4409 dicendo,
730 4357 838 4398 non
882 4342 1169 4397 honoravit
1209 4349 1423 4412 patrem
1473 4341 1560 4397 vel
1605 4356 1724 4396 ma-

156 4437 297 4488 trem.

222 4541 240 4575 t
264 4522 600 4597 Hypncritaa,
649 4524 786 4580 bene
830 4524 1175 4596 prophetavit
1216 4525 1285 4580 de
1324 4523 1482 4580 vobis
1521 4523 1722 4591 Isaias,

161 4632 181 4668 ι
208 4613 417 4672 dicens:
464 4612 702 4687 Populus
742 4614 834 4670 hic
874 4616 1032 4671 labiis
1071 4631 1161 4671 me
1198 4615 1467 4681 honorat,
1506 4629 1603 4670 cor
1628 4629 1726 4669 an-

163 4725 180 4761 t
209 4716 307 4765 tem
336 4724 529 4765 eorum
556 4708 713 4781 longe
739 4717 823 4763 est
854 4724 884 4761 a
913 4722 999 4763 me
1027 4707 1161 4780 (Isa.
1190 4706 1368 4779 xxix).
1400 4724 1420 4758 ι
1475 4705 1594 4762 Νοιι
1621 4707 1722 4762 bo-

160 4815 270 4856 num
297 4802 439 4858 dixit
464 4802 532 4857 de
558 4801 761 4856 malitia
784 4809 983 4867 vestra,
1009 4799 1103 4855 sed
1132 4800 1270 4854 bene
1298 4799 1553 4855 convenit
1572 4792 1727 4856 vobis

160 4888 408 4963 hocquod
429 4891 520 4946 ille
539 4892 703 4947 dixit:
726 4910 745 4943 ε
764 4890 999 4962 Populus
1021 4890 1111 4945 hic
1132 4890 1294 4946 labiis
1315 4905 1401 4946 me
1426 4892 1677 4946 honorat.
1702 4909 1727 4942 ν

161 4976 379 5053 Populus
404 4981 712 5039 Judaaorum
749 4982 907 5038 labiis
939 4982 1108 5037 Deum
1139 4980 1356 5037 Patrem
1386 4980 1727 5048 honorabat,

162 5073 271 5141 quia
297 5076 355 5131 in
385 5074 539 5130 illum
570 5089 630 5131 se
652 5074 874 5130 credere
901 5072 1166 5143 iactabat,
1204 5088 1302 5128 cor
1333 5080 1516 5127 autem
1542 5086 1731 5128 eorum

164 5156 300 5235 longe
342 5172 462 5221 erat
508 5166 579 5221 ab
620 5179 709 5232 eo,
755 5165 883 5236 quia
912 5164 967 5219 in
998 5178 1248 5220 sermone
1285 5163 1576 5233 cupiebant
1607 5177 1732 5217 eum

164 5268 367 5329 capere,
395 5268 451 5315 et
476 5259 694 5316 tradere
714 5259 971 5329 potestati
1002 5258 1281 5313 Romanae.

1824 3327 1843 3361 ‹
1876 3308 2132 3378 Magister
2162 3315 2342 3364 vester
2368 3324 2476 3363 non
2523 3309 2681 3365 solvit
2729 3311 3028 3382 didragma.
3074 3313 3141 3367 Et
3169 3329 3292 3369 cum
3325 3317 3411 3370 in-

1821 3407 2024 3455 trasset
2062 3399 2414 3465 in:domum,
2462 3402 2726 3468 praevenit
2768 3415 2893 3457 eum
2935 3402 3124 3469 Jesus,
3173 3406 3409 3462 dicens:

1820 3493 1961 3560 Quid
1990 3492 2086 3547 tibi
2135 3492 2389 3547 videtur?
2441 3494 2619 3561 Reges
2654 3494 2918 3563 gentium,
2949 3511 2981 3549 a
3012 3496 3209 3565 quibus
3265 3500 3410 3555 acci-

1820 3586 1979 3657 piunt
2012 3583 2258 3639 tributa?
2305 3584 2348 3637 A
2393 3583 2517 3639 [iliis
2556 3584 2693 3651 suis,
2740 3600 2810 3640 an
2839 3600 2908 3641 an
2936 3586 3170 3642 alienis?
3222 3589 3290 3644 Et
3321 3590 3413 3646 ille

1821 3676 1994 3733 dixit:
2030 3674 2110 3731 Ab
2140 3674 2353 3731 alienis.
2401 3675 2471 3731 Et
2498 3676 2636 3731 dixit
2657 3677 2708 3733 ei
2739 3693 2754 3732 :
2784 3676 2926 3749 Ergo
2950 3678 3109 3734 liberi
3135 3689 3261 3736 sunt
3291 3680 3407 3737 illii.

1826 3766 1896 3823 Ut
1926 3776 2107 3823 autem
2138 3781 2244 3822 non
2271 3768 2701 3825 scandalizemus
2730 3783 2844 3837 eos,
2879 3772 3014 3826 vade
3040 3773 3108 3827 ad
3135 3788 3316 3839 mare,
3356 3783 3417 3832 et

1823 3862 1978 3917 mitte
2005 3862 2257 3930 hamum,
2296 3869 2354 3917 et
2384 3875 2507 3918 eum
2538 3863 2743 3933 piscem
2772 3864 2862 3934 qui
2889 3865 3043 3933 prius
3068 3868 3413 3923 ascenderit.

1822 3955 1949 4012 tolle
1975 3974 1989 4010 :
2032 3963 2108 4020 et,
2137 3950 2329 4026 aperto
2357 3970 2453 4010 ore
2479 3956 2619 4026 ejus,
2658 3957 2902 4012 invenies
2940 3966 3232 4026 staterem;
3264 3961 3415 4016 illum

1826 4063 2067 4113 sumens,
2101 4048 2169 4103 da
2207 4062 2308 4118 pro
2343 4063 2433 4103 me
2465 4057 2520 4102 et
2557 4054 2628 4101 te.
2658 4067 2677 4099 ι
2716 4047 2828 4103 lllic
2855 4049 3047 4103 vitavit
3075 4051 3413 4117 scandalum,

1824 4140 1915 4195 hic
1940 4150 2125 4194 autem
2159 4139 2252 4194 ubi
2293 4138 2413 4194 sine
2448 4153 2614 4193 causa
2653 4139 2846 4195 scribae
2879 4148 2935 4195 et
2962 4139 3224 4197 Pharisaei
3250 4157 3409 4198 scan-

1828 4230 2202 4286 dalizabantur
2254 4238 2444 4285 contra
2497 4230 2827 4298 Dominum,
2890 4247 2989 4303 pro
3042 4232 3213 4288 nihilo
3261 4234 3417 4293 duxit

1826 4322 2142 4379 scandalum
2174 4337 2384 4377 eorum.
2438 4322 2519 4377 Ex
2555 4339 2663 4392 qua
2702 4339 2762 4379 re
2796 4324 2957 4378 datur
2984 4323 3240 4398 intelligi,
3285 4329 3417 4398 quia

1827 4414 1903 4471 ibi
1932 4415 2091 4471 debet
2125 4414 2437 4470 scandalum
2470 4416 2683 4481 caveri,
2735 4415 2825 4470 ubi
2873 4424 3053 4486 potest
3093 4417 3148 4471 in
3191 4418 3295 4471 lide
3327 4416 3411 4471 of-

1828 4507 2003 4565 fensio
2033 4508 2237 4565 incurri
2263 4508 2385 4564 :ubi
2415 4523 2545 4563 vero
2573 4508 2773 4564 veritas
2800 4509 3099 4579 periculum
3130 4508 3253 4562 Iidci
3292 4524 3416 4563 sus-

1834 4603 1986 4669 tinet,
2033 4601 2225 4657 melius
2261 4609 2343 4656 est
2373 4610 2432 4655 ut
2462 4600 2776 4656 scandalum
2804 4599 3135 4662 incurratur,
3163 4613 3326 4666 quam
3359 4608 3418 4653 ut

1830 4700 2033 4755 veritas
2073 4698 2432 4768 relinquatur;
2476 4694 2751 4752 σκάνδαλον
2782 4694 2926 4748 enim
2956 4692 3175 4760 Graece,
3220 4693 3418 4751 Latine

1832 4790 2056 4846 ollensio
2077 4790 2276 4844 dicitur
2296 4788 2381 4843 vel
2405 4788 2557 4840 ruina
2582 4785 2754 4855 pedis.
2779 4784 2891 4838 sive
2919 4784 3174 4855 impactio
3194 4787 3421 4857 pedum,

1832 4882 1917 4936 vel
1947 4890 2006 4936 ut
2032 4878 2343 4951 expressius
2369 4876 2672 4948 scrupulus,
2706 4874 2899 4930 Latine
2923 4876 3191 4946 permotio
3221 4878 3426 4935 mentis

1836 4977 2053 5034 dicitur.

1917 5087 1935 5119 ι
1958 5064 2148 5123 Omnis
2177 5064 2438 5139 plantatio
2481 5077 2645 5134 quam
2671 5077 2776 5137 non
2799 5060 3064 5134 plantavit
3087 5059 3254 5116 Pater
3273 5075 3428 5118 meus

1846 5183 1863 5214 ι
1897 5159 2154 5226 ctelestis,
2194 5155 2581 5216 eradicabitur.
2624 5171 2643 5206 ι
2684 5151 2742 5209 Si
2771 5154 2948 5210 omnis
2976 5151 3238 5222 plantatio
3266 5166 3428 5221 quam

1842 5268 1951 5308 non
2000 5250 2265 5322 plantavit
2313 5247 2475 5302 Pater
2525 5243 2762 5302 caelestis
2790 5285 2806 5311 ,
2858 5242 3245 5308 eradicabitur,
3300 5258 3427 5314 ergo

230 5368 250 5404 ι
275 5352 407 5410 Sine
433 5367 598 5410 causa
625 5360 807 5408 autem
830 5352 1016 5408 colunt
1040 5368 1152 5420 me,
1174 5352 1432 5408 docentes
1458 5349 1738 5406 doctrinas
1844 5343 2085 5414 nunquid
2126 5341 2220 5415 illa
2262 5338 2526 5415 plantatio
2561 5354 2725 5411 quam
2764 5337 3030 5410 plantavit
3055 5335 3255 5391 Paulus
3303 5350 3423 5405 apo-

171 5457 193 5495 t
210 5452 263 5502 et
281 5445 544 5502 mandata
564 5444 865 5502 hominum.
891 5462 910 5496 ι
934 5444 1183 5511 Frustra,
1207 5445 1401 5515 inquit,
1422 5457 1510 5499 me
1528 5441 1733 5527 colunt,

168 5535 428 5597 thetrinas
452 5555 583 5596 suas
606 5547 984 5610 praeponentes
1007 5539 1295 5609 praeceptis
1320 5537 1438 5593 Dei.

1846 5440 2034 5505 stolus,
2068 5433 2456 5500 eradicabitur,
2481 5433 2573 5505 qui
2618 5433 2833 5490 dicebat
2875 5430 2927 5504 (I
2956 5428 3079 5485 Cor.
3107 5429 3231 5500 Ill):
3268 5446 3287 5479 ι
3320 5427 3436 5499 Ego

1842 5526 2115 5602 plantavi,
2159 5524 2349 5598 Apollo
2388 5520 2629 5594 rigavit?
2660 5543 2677 5575 ο
2737 5520 2845 5577 Sed
2893 5521 3034 5575 hanc
3078 5517 3433 5588 quaestionem

235 5651 253 5685 ι
278 5632 346 5693 Et
382 5605 698 5690 convocatis
721 5605 799 5687 ad
829 5634 891 5686 se
921 5605 1114 5694 turbis,
1146 5605 1283 5684 dixit
1312 5630 1429 5685 eis:
1460 5628 1655 5684 Audltc
1686 5632 1743 5683 et
1847 5621 2009 5679 solvit
2058 5616 2110 5673 id
2159 5615 2303 5687 quod
2354 5614 2746 5686 subsequitur:
2790 5631 2808 5664 ι
2841 5612 2985 5667 Deus
3033 5619 3213 5664 autem
3259 5605 3435 5667 inore-,-

176 5738 193 5773 t
222 5721 517 5797 intelligite.
548 5743 566 5776 ι
607 5721 724 5778 Νοη
751 5721 864 5776 vult
893 5720 1034 5777 Deus
1065 5719 1339 5775 auditores
1370 5734 1499 5775 suos
1531 5724 1742 5775 tantum
1850 5721 2093 5771 mentum
2150 5710 2316 5764 dedit.
2353 5728 2371 5761 ›
2430 5702 2487 5762 Si
2532 5717 2710 5762 autem
2749 5705 2926 5759 omnis
2967 5699 3229 5770 υίίυιίδίῖθ
3271 5713 3434 5797 ηιξειιη

164 5816 366 5885 audire,
392 5816 490 5873 sed
519 5825 639 5889 post
666 5815 908 5873 auditum
935 5813 1101 5887 etiam
1130 5812 1446 5886 intelligere.

1834 5808 1958 5867 "non
2000 5802 2259 5878 plantavit
2298 5801 2456 5856 Pater
2523 5798 2909 5860 eradicabitur,
2956 5805 3085 5863 ergo
3121 5805 3282 5862 quam
3325 5790 3440 5863 ipse
