3994 6354
562 347 664 404 371

561 468 853 541 plantavit,
884 482 992 524 non
1021 469 1430 524 eradicabitur?
1473 470 1557 524 Ad
1582 469 1688 524 hoc
1716 467 2004 523 dicendum
2034 472 2152 532 est,
2180 466 2238 529 Α

540 560 693 632 .quia
720 561 896 617 omnis
929 559 1187 631 plantatio
1212 576 1376 631 quam
1400 560 1664 630 plantavit
1700 560 1862 614 Pater
1884 558 2144 623 caelestis,

563 671 597 712 a
627 656 827 713 nemini
855 663 1032 724 potest
1058 654 1346 720 eradicari,
1380 653 1485 709 nisi
1515 654 1632 725 ipse
1657 664 1934 708 assensum
1971 650 2151 706 eradi-

564 750 725 804 candi
752 746 1061 818 praebuerit.
1097 746 1237 802 liinc
1258 756 1343 803 est
1363 748 1509 818 quod
1530 747 1794 802 Jeremias
1815 744 1976 799 dicit:
1998 761 2018 794 ι
2038 743 2151 813 Ego

562 839 801 909 plantavi
829 847 882 893 te
908 841 1121 892 vineam
1147 838 1399 905 electam,
1423 829 1700 908 quomodo
1721 850 1980 893 conversa
2007 851 2067 891 es
2093 835 2152 890 in

562 928 984 983 amaritudinem
1013 929 1140 984 vitis
1165 930 1354 984 aliena:
1383 930 1515 999 (Jer.
1542 929 1649 1002 n)?
1677 950 1697 983 ι

639 1060 658 1092 α
688 1039 864 1095 Sinite
895 1040 1035 1109 illos,
1069 1061 1088 1094 ι
1123 1041 1177 1097 id
1206 1050 1319 1106 est,
1349 1042 1645 1112 permittite
1675 1040 1794 1096 illos
1832 1040 1887 1094 in
1925 1040 2152 1096 damna-

561 1136 712 1192 tione
739 1150 878 1191 esse.
918 1135 1060 1191 Caeci
1100 1144 1246 1203 sunt,
1277 1144 1332 1191 et
1360 1136 1525 1191 duces
1573 1150 1865 1202 caecorum,
1898 1154 1917 1187 )
1950 1134 2153 1190 subau-

560 1230 743 1284 diatur
766 1230 1113 1301 populorum.

641 1361 658 1388 ι
687 1340 875 1395 Cruces
904 1349 1084 1395 autem
1125 1340 1170 1395 si
1208 1356 1352 1395 caeco
1380 1340 1636 1394 ducatum
1675 1340 1945 1411 prmhcat,
1994 1339 2155 1393 ambo

570 1452 589 1484 ι
625 1435 677 1487 in
711 1432 922 1487 foveam
956 1435 1175 1489 cadunt.
1207 1452 1226 1485 ι
1284 1431 1477 1487 Sciens
1508 1433 1766 1486 Dominus
1797 1433 2009 1487 animos
2039 1431 2156 1487 illo-

563 1539 684 1578 rum
717 1523 1113 1594 incorrigihiles
1141 1539 1296 1587 esse,
1340 1523 1459 1577 ideo
1486 1523 1662 1577 dixit:
1697 1542 1715 1574 α
1747 1518 1935 1578 (Σερέας
1974 1532 2155 1577 autem

565 1615 610 1667 si
639 1628 785 1668 cmco
812 1615 1066 1668 ducatum
1091 1614 1352 1684 pmbeat,
1379 1615 1538 1669 ambo
1565 1615 1618 1668 in
1647 1614 1857 1669 foveam
1884 1615 2104 1670 cadunt.
2133 1634 2153 1669 ι

564 1703 707 1759 Czeci
757 1712 914 1757 erant
944 1704 1135 1759 scribae
1164 1713 1219 1758 et
1248 1704 1539 1769 Pharismi,
1580 1714 1635 1759 et
1662 1721 1769 1760 non
1799 1705 1972 1760 solum
2003 1713 2161 1761 erant

567 1794 697 1849 cazci
726 1835 741 1860 ,
791 1796 885 1850 scd
930 1795 1093 1850 etiam
1126 1796 1293 1851 duces
1325 1812 1613 1850 uec-orum.
1669 1796 1805 1864 Quia
1844 1813 1952 1852 non
1984 1798 2157 1853 solum

566 1886 779 1956 seipsos
809 1887 1091 1962 mittebant
1119 1888 1172 1941 in
1203 1887 1586 1956 perditionem,
1618 1889 1712 1943 sed
1742 1890 1907 1944 etiam
1939 1899 1993 1945 ct
2020 1890 2156 1946 alios

564 1987 689 2049 post
732 1996 790 2034 se
828 1979 1134 2034 trahebant.
1191 1978 1531 2036 Manifestum
1574 1990 1659 2036 est
1703 1983 1854 2052 quia,
1898 1985 1942 2038 si
1982 2000 2157 2040 cazcus

568 2069 776 2131 doctor,
807 2077 863 2123 et
891 2069 992 2138 ipsi
1023 2070 1114 2138 qui
1144 2071 1418 2126 audierint
1446 2071 1501 2125 in
1532 2070 1743 2128 foveam
1768 2082 1983 2129 atterunt
2006 2076 2160 2131 dant-

569 2162 809 2218 nationis
833 2171 1115 2219 corruent.

647 2293 664 2322 ι
696 2272 1049 2342 Respondeas
1092 2282 1273 2329 autem
1319 2274 1546 2339 Petrus,
1596 2276 1732 2332 dixit
1770 2278 1857 2333 ei:
1905 2279 2159 2335 Edissere

574 2386 594 2417 ι
629 2366 786 2422 nobis
808 2367 1122 2435 parabolam
1149 2368 1329 2423 istam.
1363 2370 1435 2424 At
1464 2371 1553 2424 ille
1576 2372 1741 2427 dixit:
1774 2374 1965 2429 Adhuc
1986 2386 2040 2428 et
2062 2391 2160 2431 vos

573 2475 595 2509 ι
626 2457 743 2513 sine
782 2452 1057 2513 intellectu
1097 2461 1275 2515 estis?
1306 2480 1323 2511 ι
1381 2461 1534 2527 Quod
1577 2478 1606 2516 a
1648 2464 1874 2519 Domino
1914 2465 2072 2534 plane
2105 2473 2161 2521 et

569 2557 754 2618 aperte
784 2548 959 2604 fuerat
988 2550 1215 2615 dictum,
1247 2550 1441 2607 Petrus
1469 2554 1776 2623 parabolice
1806 2556 2009 2610 dictum
2038 2571 2159 2612 esse

566 2641 795 2711 putavit.
868 2641 1020 2697 Unde
1072 2644 1485 2712 reprehenditur
1536 2661 1564 2698 a
1619 2647 1846 2702 Domino
1899 2649 2156 2705 dicente:

575 2748 595 2780 ι
616 2730 809 2785 Adhuc
827 2739 883 2784 et
903 2746 998 2785 vos
1018 2732 1133 2786 sine
1155 2731 1429 2788 intellectu
1451 2735 1621 2790 estis?
1643 2756 1662 2788 ι
1688 2737 1767 2790 Ex
1790 2754 1897 2808 qua
1922 2756 1979 2795 re
2001 2741 2161 2794 datur

570 2822 794 2893 intelligi
829 2822 1082 2877 vitiosum
1112 2839 1233 2879 esse
1265 2825 1413 2880 illum
1468 2827 1770 2884 auditorem
1800 2831 1895 2899 qui
1942 2839 2036 2884 aut
2061 2832 2161 2885 oh-

571 2930 733 2972 scure
762 2917 904 2970 dicta
935 2916 1046 2970 vult
1083 2917 1370 2974 manifeste
1401 2920 1721 2991 intelligere,
1754 2932 1847 2978 aut
1877 2923 2160 2979 manifeste

569 3006 715 3062 dicta
744 3006 857 3062 vult
883 3008 950 3061 ad
975 3010 1363 3066 obscuritatem
1390 3022 1724 3068 convertere.

648 3136 667 3169 ι
699 3117 814 3171 Non
857 3117 1154 3190 intelligitis
1207 3122 1333 3190 quia
1370 3138 1532 3177 omne
1585 3125 1728 3193 quod
1770 3124 1822 3179 in
1858 3142 1920 3181 os
1950 3128 2153 3192 intrat,

1195 351 1549 411 HAYMONIS
1586 349 2068 410 HALBERSTAT.
2111 350 2330 410 EPISC.
2368 351 2522 413 OPP.
2561 351 2744 411 PARS
2779 351 2844 409 11.
2872 381 2943 394 -
2977 348 3211 408 HOMIL.

2792 483 3078 542 HOMlLlA
3116 482 3300 538 XLVI.

2665 611 2823 652 mnu
2858 612 3062 660 QUINTA
3097 610 3229 652 rosr
3267 594 3443 650 Oculi.

2329 732 2506 804 (JOAN.
2535 730 2634 802 vr.)
2666 749 2687 784 ε
2716 730 2775 785 ln
2806 730 2898 786 illo
2929 737 3203 801 tempore,
3250 729 3386 785 dixit
3426 729 3591 785 Iesus
3636 728 3860 787 tumis:

2264 841 2284 876 ι
2313 822 2627 893 Operamini
2654 837 2760 877 non
2789 822 2970 878 cibum
2999 822 3093 891 qui
3120 821 3283 891 perit,
3313 820 3414 875 sed
3442 821 3538 891 qui
3570 832 3864 890 permanet

2264 936 2286 970 ι
2318 918 2370 972 in
2393 918 2558 972 vitam
2579 924 2865 981 aeternam,
2890 934 2910 968 ι
2934 922 2991 968 et
3006 913 3235 984 reliqua.
3252 912 3501 968 Carnalis
3519 913 3684 967 cibus
3700 914 3860 982 perit,

2260 1008 2560 1081 spiritualis
2581 1023 2710 1064 vero
2731 1013 3038 1077 permanet,
3061 1020 3223 1075 quem
3244 1005 3418 1060 Filius
3441 1005 3694 1059 hominis
3710 1005 3861 1060 vobis

2261 1102 2432 1157 dabit.
2465 1100 2622 1156 ilunc
2649 1114 2781 1170 ergo
2808 1099 2949 1154 Deus
2974 1098 3138 1152 Pater
3165 1097 3496 1169 significavit
3518 1096 3737 1166 justum
3770 1097 3858 1152 Fi-

2261 1193 2393 1248 lium
2424 1191 2679 1248 hominis.
2718 1190 2895 1246 Nolite
2923 1189 3004 1244 sic
3032 1189 3299 1259 accipere.
3332 1188 3489 1257 quasi
3524 1188 3671 1244 alios
3702 1188 3854 1252 ﬁlios.

2260 1283 2457 1339 Filium
2490 1281 2758 1348 hominis,
2797 1281 2863 1337 de
2890 1280 3087 1351 quibus
3118 1280 3322 1336 dictum
3350 1286 3473 1334 est:
3516 1279 3646 1335 Filii
3681 1290 3857 1335 autem

2261 1374 2545 1430 hominum
2574 1372 2630 1427 in
2659 1371 2997 1443 protectione
3025 1369 3234 1425 alarum
3278 1378 3492 1424 tuarum
3532 1369 3853 1439 sperabunt.

2260 1468 2368 1524 lste
2413 1466 2583 1521 Filius
2629 1464 2866 1520 hominis
2912 1471 3285 1535 sequestratus
3323 1462 3564 1532 quadam
3614 1464 3793 1534 gratia
3826 1480 3853 1518 ι

2261 1558 2415 1614 Filiis
2440 1557 2737 1621 hominum,
2763 1563 3021 1625 exceptus
3044 1570 3076 1608 a
3101 1568 3327 1610 numero
3354 1554 3675 1618 hominum,
3697 1554 3854 1610 Filius

2264 1649 2506 1707 hominis
2534 1657 2637 1703 est.
2685 1647 2791 1703 iste
2822 1647 2993 1702 Filius
3022 1646 3278 1712 hominis,
3315 1655 3373 1701 et
3410 1645 3589 1701 Filius
3616 1646 3722 1701 Dei
3745 1656 3850 1701 est:

2266 1744 2368 1799 iste
2394 1744 2580 1808 homo,
2606 1742 2770 1798 etiam
2798 1749 2855 1795 et
2882 1743 3025 1796 Deus
3052 1751 3155 1796 est.
3198 1740 3353 1799 Unde
3377 1749 3434 1795 et
3468 1742 3593 1811 ipsa
3620 1739 3848 1804 Veritas,

2184 1846 2236 1909 B
2264 1852 2385 1908 quas
2423 1843 2553 1891 tunc
2592 1834 2917 1904 loquebatur
2946 1833 3015 1888 ad
3042 1832 3288 1894 Judzeos,
3330 1840 3386 1886 et
3425 1848 3576 1887 nunc
3606 1834 3848 1888 omnibus

2263 1928 2501 1998 loquitur
2543 1940 2642 1996 per
2669 1925 2995 1997 evangelica:
3033 1924 3437 1995 praedicationis
3472 1924 3690 1988 verba,
3732 1924 3848 1995 quid

2260 2019 2333 2075 sit
2355 2019 2610 2082 ostendit,
2634 2034 2742 2073 non
2771 2017 2986 2087 qualem
3013 2015 3231 2086 plurimi
3263 2024 3393 2070 tunc
3416 2016 3845 2081 mstimaverunt,

2259 2110 2345 2167 vel
2373 2111 2538 2164 etiam
2566 2125 2708 2164 nunc
2736 2108 3044 2173 testimant;
3072 2106 3352 2175 subjunxit
3374 2121 3506 2161 vero
3530 2124 3545 2159 :

2338 2220 2358 2253 ε
2388 2201 2543 2256 Hunc
2570 2200 2714 2255 enim
2746 2200 2890 2253 Deus
2920 2198 3083 2253 Pater
3108 2197 3363 2268 signavit.
3397 2216 3415 2248 ι
3461 2196 3702 2268 Signare
3726 2198 3846 2266 quid

2261 2300 2368 2357 est,
2397 2291 2502 2346 nisi
2531 2289 2811 2360 proprium
2843 2288 3047 2359 aliquid
3076 2288 3321 2358 ponere?
3366 2286 3482 2342 Hoc
3520 2297 3608 2341 est
3642 2288 3844 2359 signiti-

2262 2399 2410 2448 care,
2451 2396 2652 2453 ponere
2687 2381 2893 2452 aliquid
2923 2396 3032 2450 quo
3063 2396 3171 2435 non
3201 2378 3567 2435 confundatur
3595 2396 3717 2436 cum
3744 2397 3845 2436 c2-

2262 2474 2432 2527 teris:
2466 2473 2685 2541 signare
2710 2479 2815 2535 est,
2847 2471 3060 2540 signum
3089 2470 3139 2525 ei
3170 2483 3396 2541 ponere.
3429 2470 3739 2541 Cuicunque
3767 2472 3842 2526 rei

2259 2564 2418 2634 ponis
2460 2564 2695 2634 signum,
2741 2562 2866 2618 ideo
2910 2560 3067 2633 ponis
3108 2561 3321 2631 signum
3363 2576 3432 2616 ne
3469 2561 3681 2615 confusa
3709 2577 3837 2615 cum

2262 2658 2384 2713 aliis
2432 2672 2462 2710 a
2506 2665 2558 2710 te
2587 2670 2696 2713 non
2724 2654 2897 2725 possit
2941 2655 3183 2723 agnosci.
3239 2654 3406 2710 Pater
3450 2670 3567 2724 ergo
3602 2669 3725 2708 eum
3760 2654 3839 2708 si-

2263 2748 2466 2818 gnavit.
2519 2747 2658 2814 Quid
2703 2754 2790 2801 est
2838 2746 3119 2818 signavit?
3166 2746 3455 2816 Proprium
3503 2744 3716 2815 quidem
3764 2744 3843 2799 illi

2263 2840 2429 2904 dedit,
2454 2853 2523 2893 ne
2549 2853 2672 2892 cum
2705 2838 2917 2893 caeteris
2943 2847 3355 2907 compararetur
3373 2837 3699 2900 hominibus,
3724 2837 3846 2892 ideo

2261 2932 2465 2988 dictum
2494 2938 2579 2985 est
2603 2947 2615 2984 τ
2651 2948 2669 2981 ι
2704 2928 2869 2984 Unxit
2898 2938 2953 2984 te
2981 2929 3149 3000 Deus,
3172 2930 3315 2986 Deus
3345 2931 3640 2994 tuus,'oleo
3665 2930 3847 2985 exsul-

2263 3024 2484 3080 tationis
2522 3038 2631 3092 prae
2665 3022 3023 3093 participibus
3056 3022 3162 3078 tuis
3191 3020 3364 3094 (Psal.
3396 3023 3560 3091 xuv).
3592 3041 3612 3074 ι
3662 3023 3850 3093 itaque

2260 3116 2427 3171 nolite
2448 3114 2665 3186 (inquit)
2688 3123 3056 3180 contemnere,
3088 3114 3215 3184 quia
3243 3113 3408 3168 Filius
3437 3115 3679 3169 hominis
3710 3131 3850 3181 sum,

574 3228 593 3260 ι
625 3210 677 3263 in
726 3217 969 3264 ventrem
1018 3208 1203 3277 vadit,
1259 3221 1313 3267 et
1362 3213 1416 3267 in
1465 3229 1741 3270 secessum
1789 3218 2100 3273 emittitur?
2132 3240 2149 3271 ι

2266 3215 2316 3262 et
2348 3206 2574 3276 quaerite
2603 3221 2633 3259 a
2666 3221 2752 3262 me
2786 3221 2892 3260 non
2922 3207 3102 3260 cibum
3134 3206 3227 3275 qui
3262 3206 3429 3277 perit,
3478 3206 3573 3260 sed
3602 3208 3705 3276 qui
3738 3224 3847 3278 per-

567 3297 797 3367 Culpant
826 3300 881 3353 in
913 3301 1014 3355 hoc
1040 3301 1160 3357 loco
1181 3304 1420 3372 quidam,
1447 3304 1686 3361 dicentes
1711 3308 1995 3364 Dominum
2024 3313 2159 3382 phy-

568 3388 696 3445 sica:
726 3390 1025 3461 disciplina:
1055 3394 1302 3464 ignarum
1331 3395 1528 3461 fuisse,
1570 3414 1694 3453 cum
1729 3400 1781 3454 id
1815 3404 1958 3470 quod
1990 3403 2158 3458 intrat

567 3479 621 3533 in
660 3494 722 3535 os
768 3497 874 3536 non
907 3485 1089 3538 statim
1122 3485 1176 3539 in
1207 3501 1480 3542 secessum
1512 3490 1815 3558 emittatur,
1847 3495 1940 3549 sed
1983 3496 2158 3566 liquor

565 3569 710 3626 illius
752 3573 858 3629 cibi
904 3589 1002 3643 per
1041 3591 1207 3633 venas
1247 3580 1398 3648 prius
1437 3581 1775 3649 dimtnditur,
1824 3586 2016 3641 deinde
2057 3604 2159 3658 per

564 3662 828 3731 quosdam
873 3672 1106 3732 meatus,
1152 3669 1244 3736 qui
1283 3669 1471 3726 Graece
1498 3673 1617 3741 pori
1644 3674 1917 3741 dicuntur,
1966 3679 2020 3732 in
2068 3696 2155 3735 sc-

564 3767 780 3808 cessum
823 3754 1107 3808 emittitur.
1180 3757 1289 3812 Sed
1336 3760 1462 3814 dum
1509 3762 1659 3816 illum
1707 3768 2153 3838 reprehendunt,

564 3856 723 3897 suam
771 3843 1097 3912 imperitiam
1145 3850 1461 3905 ostendunt.
1528 3852 1677 3908 Licet
1724 3856 1959 3925 primum
2007 3862 2153 3916 enim

562 3935 655 3992 ille
694 3937 1077 3994 subtilissimus
1116 3940 1294 4010 liquor
1320 3958 1418 4011 per
1444 3960 1609 4000 venas
1649 3946 1997 4017 diii'undatur,
2028 3969 2155 4008 mox

562 4036 627 4085 ut
653 4037 826 4084 totum
853 4046 1052 4100 corpus
1078 4034 1470 4105 peragraverit,
1501 4038 1555 4090 in
1584 4054 1862 4095 secessum
1890 4044 2055 4098 vadit.

610 4163 658 4192 οι
690 4142 821 4210 Qum
847 4154 1024 4198 autem
1056 4147 1357 4216 procedunt
1387 4149 1451 4205 de
1479 4167 1597 4217 ore,
1630 4152 1695 4207 de
1722 4154 1884 4209 corde
1910 4167 2151 4224 exeunt,

568 4254 588 4287 ι
608 4244 661 4290 et
682 4251 745 4291 ea
768 4238 1118 4305 coinquinant
1141 4241 1436 4298 hominem.
1462 4265 1479 4297 ›
1509 4244 1626 4316 lpsc
1648 4249 1869 4318 exponit
1887 4264 2006 4320 quae
2028 4261 2150 4308 sunt

561 4338 626 4380 ea
653 4342 773 4396 quae
798 4329 1153 4400 coinquinant
1179 4333 1475 4400 hominem,
1505 4336 1732 4392 dicendo
1756 4355 1771 4392 :

638 4455 657 4487 α
688 4436 762 4491 De
790 4438 952 4493 cordo
985 4439 1128 4492 enim
1158 4452 1359 4496 exeunt
1396 4446 1752 4515 cogitationes
1789 4449 1963 4504 malae.
1999 4470 2019 4503 ι
2070 4452 2148 4507 Ex

560 4526 665 4582 hoc
693 4526 812 4583 loco
864 4528 1027 4581 datur
1059 4530 1280 4602 intelligi
1314 4534 1439 4602 quia
1468 4536 1765 4607 principale
1796 4540 2006 4605 animae,
2038 4559 2148 4599 non
2180 4558 2229 4620 υ

557 4630 642 4675 est
682 4621 981 4676 secundum
1023 4621 1303 4679 Platonem
1344 4626 1397 4679 in
1434 4629 1682 4698 cerebro,
1730 4632 1827 4688 sed
1868 4635 2047 4702 potius
2091 4636 2146 4691 in

558 4714 772 4768 corde:
818 4734 836 4764 ‹
884 4715 1020 4781 Quia
1080 4731 1148 4771 ex
1204 4719 1369 4772 corde
1429 4722 1731 4789 procedunt
1788 4727 2146 4797 cogitationes

559 4802 734 4857 malae.
773 4822 793 4854 ι
839 4805 894 4858 1η
922 4806 1025 4859 hoc
1054 4806 1173 4862 loco
1201 4809 1360 4863 datur
1388 4812 1550 4866 etiam
1602 4813 1829 4887 intelligi
1861 4821 2003 4887 quod
2032 4822 2149 4876 dia-

557 4893 716 4949 bolus
747 4910 854 4949 non
884 4906 966 4950 est
995 4908 1182 4954 auctor
1211 4902 1537 4959 malitiarum
1558 4946 1572 4971 ,
1617 4908 1712 4961 sed
1755 4912 1934 4980 potius
1962 4914 2148 4970 incen-

559 4997 664 5040 tor.
715 4986 965 5044 lucentor
994 4992 1193 5046 ctenim
1238 5005 1415 5064 potest
1442 5014 1583 5063 esse,
1634 5002 1728 5054 sed
1774 5019 1881 5057 non
1931 5016 2141 5062 auctor.

556 5077 674 5133 Non
705 5081 849 5135 enim
881 5092 1059 5151 potest
1090 5085 1348 5142 interiora
1380 5091 1562 5145 cordis
1590 5093 1760 5147 nostri
1792 5095 2009 5161 rimari.
2049 5100 2145 5155 sed

556 5164 620 5223 ex
645 5170 886 5240 gestibus
906 5175 1151 5244 corporis
1172 5178 1470 5248 intelligere
1489 5181 1618 5250 quid
1638 5183 1960 5252 cogitemus.
1981 5188 2144 5246 Verbi

556 5262 761 5331 gratia:
787 5263 830 5318 si
868 5265 1064 5322 viderit
1090 5285 1189 5324 nos
1217 5270 1528 5339 frequenter
1548 5274 1832 5344 pulchram
1860 5282 2142 5340 mulierem

556 5352 844 5424 respicere,
887 5372 954 5412 ex
978 5371 1142 5438 metu
1178 5361 1460 5417 oculorum
1493 5365 1745 5439 intelligit
1770 5385 1865 5427 cor
1895 5383 2142 5434 nostrum

554 5446 758 5539 amoris
780 5446 961 5519 jaculo
988 5465 1108 5507 esse
1134 5451 1496 5510 vulneratum.
1540 5457 1620 5513 Ex
1648 5476 1753 5532 qua
1780 5465 1991 5522 ratione
2017 5483 2142 5539 pro-

551 5534 713 5595 batur
741 5542 885 5611 quod
913 5544 1028 5612 ipse
1055 5559 1160 5598 non
1210 5554 1294 5600 est
1321 5558 1532 5618 auctor,
1563 5553 1659 5609 sed
1688 5554 1939 5616 incentor
1962 5534 2144 5619 etvcu-

552 5628 788 5687 mulator
814 5630 1081 5688 malarum
1108 5635 1517 5711 cogitationum.

2261 3307 2444 3353 manet
2475 3299 2529 3354 in
2555 3299 2718 3354 vitam
2757 3307 3039 3354 aeternam.
3096 3298 3188 3355 Sic
3222 3300 3366 3354 enim
3402 3298 3569 3353 Filius
3606 3300 3851 3357 hominis

2262 3403 2403 3454 sum,
2435 3397 2494 3442 ut
2520 3403 2628 3443 non
2656 3388 2759 3443 sim
2789 3403 2931 3445 unus
2960 3402 3028 3443 ex
3058 3389 3233 3443 vobis.
3285 3388 3377 3444 Sic
3405 3403 3522 3444 sum
3549 3387 3728 3445 Filius
3758 3392 3851 3444 ho.

2261 3477 2440 3541 uiuis,
2466 3485 2524 3531 ut
2548 3477 2687 3533 Deus
2711 3477 2875 3533 Pater
2898 3492 2985 3533 me
3006 3478 3268 3549 signaret.
3296 3478 3439 3546 Quid
3461 3486 3546 3533 est
3570 3479 3849 3550 signaret?

2259 3568 2546 3639 Proprium
2577 3569 2779 3639 aliquid
2816 3569 2948 3624 mihi
2977 3570 3166 3635 daret,
3205 3585 3314 3641 quo
3345 3585 3455 3625 non
3487 3570 3846 3626 confunderer

2259 3676 2383 3716 cum
2413 3676 2608 3733 genere
2637 3661 2895 3729 humano,
2932 3662 3029 3719 sed
3069 3675 3169 3734 per
3201 3678 3290 3720 me
3325 3661 3654 3719 liberaretur
3679 3679 3849 3734 genus

2259 3753 2576 3811 Lumanum.
3426 3746 3433 3753 ‘
3494 3739 3519 3755 ⁶

2337 3869 2355 3902 ι
2387 3850 2648 3905 Dixerunt
2676 3863 2808 3921 ergo
2833 3851 2901 3908 ad
2931 3866 3055 3907 eum
3082 3870 3095 3906 :
3139 3851 3280 3920 Quid
3310 3852 3596 3920 faciemus,
3637 3864 3701 3911 ut
3723 3871 3843 3927 ope-

2258 3957 2444 3998 remur
2467 3956 2632 4011 opera
2663 3942 2804 3998 Dei?
2836 3963 2855 3997 ι
2904 3944 3122 3999 Dixerat
3171 3945 3327 4001 enim
3365 3947 3497 4012 illis,
3527 3948 3844 4018 Operamini

2256 4047 2437 4088 escam
2468 4047 2577 4087 non
2615 4048 2736 4102 quae
2773 4035 2946 4103 perit,
2991 4037 3087 4091 sed
3128 4053 3250 4108 qum
3278 4051 3565 4110 permanet
3591 4042 3647 4096 in
3678 4042 3846 4099 vitam

2256 4130 2538 4177 aeternam.
2567 4123 2706 4191 Quid
2734 4124 3015 4193 faciemus,
3040 4128 3311 4199 inquiunt,
3329 4132 3457 4201 quid
3478 4132 3847 4203 observando,

2256 4214 2361 4270 hoc
2385 4226 2712 4286 pratceptum
2742 4217 2967 4288 implere
2990 4222 3333 4291 poterimus?

2332 4323 2351 4356 ι
2384 4306 2678 4377 Respondit
2703 4308 2862 4366 Jesus
2898 4321 2955 4367 et
2990 4313 3126 4367 dixit
3152 4315 3233 4371 eis
3259 4315 3424 4388 :.lloc
3448 4329 3534 4374 est
3561 4336 3702 4391 opus
3728 4323 3845 4389 Dei,

2262 4415 2282 4449 ι
2312 4407 2371 4452 ιιι
2396 4400 2632 4455 credatis
2663 4401 2716 4455 in
2746 4417 2870 4457 eum
2902 4418 3063 4473 quem
3091 4407 3239 4462 misit
3264 4409 3371 4465 ille.
3404 4430 3422 4462 ι
3465 4411 3581 4468 Hoc
3607 4424 3698 4470 est
3721 4432 3844 4485 ergo

2256 4493 2589 4548 manducare
2627 4494 2806 4549 cibum
2842 4511 2950 4551 non
2980 4498 3073 4568 qui
3104 4500 3275 4568 perit,
3317 4503 3410 4559 sed
3440 4506 3531 4575 qui
3561 4517 3839 4576 permanet

2256 4582 2313 4637 in
2340 4583 2507 4637 vitam
2544 4591 2824 4640 aeternam.
2874 4587 3210 4645 Discernitur
3235 4593 3456 4661 quidem
3490 4596 3560 4651 ab
3586 4600 3844 4669 operibus

2255 4672 2410 4763 fides,
2440 4673 2583 4728 sicut
2608 4672 2897 4743 Apostolus
2926 4678 3086 4739 dicit.
3125 4680 3412 4749 iustificari
3445 4685 3728 4746 hominem
3753 4708 3843 4763 per

2253 4761 2413 4817 fidem
2442 4763 2558 4818 sine
2582 4764 2838 4835 operibus
2863 4767 3020 4839 legis.
3054 4770 3123 4826 Et
3158 4782 3285 4828 sunt
3313 4789 3479 4844 opera
3503 4794 3631 4849 qua:
3666 4761 3827 4838 viden

2252 4859 2342 4907 tur
2368 4852 2508 4908 bona
2540 4854 2658 4911 sine
2686 4856 2791 4912 fide
2820 4856 3043 4923 Christi.
3077 4870 3131 4916 et
3158 4879 3264 4919 non
3295 4875 3423 4921 sunt
3445 4869 3610 4925 bona.
3643 4891 3666 4925 ‹
3697 4873 3844 4930 Finis

2251 4941 2398 4996 enim
2443 4942 2578 5014 legis
2621 4943 2907 5014 Christus,
2973 4949 3040 5004 ad
3086 4950 3359 5019 justitiam
3402 4961 3551 5016 omni
3599 4966 3847 5021 credenti

2257 5030 2435 5103 (Rom.
2463 5033 2540 5104 x).
2571 5053 2591 5087 ι
2648 5036 2771 5092 Ideo
2798 5039 2971 5094 noluit
3002 5042 3312 5102 discernere
3343 5053 3412 5104 ab
3444 5066 3610 5121 opere
3646 5054 3845 5122 ﬁdem,

2255 5124 2351 5180 sed
2372 5125 2545 5195 ipsam
2575 5126 2732 5183 fidem
2760 5129 2897 5185 dixit
2924 5146 3045 5187 esse
3072 5150 3238 5205 opus;
3264 5139 3378 5209 ipsa
3401 5143 3546 5196 enim
3570 5154 3659 5200 est
3686 5147 3843 5214 ﬁdes,

2254 5231 2375 5286 qua:
2413 5232 2512 5287 per
2546 5218 2889 5277 dilectionem
2928 5235 3206 5295 operatur.
3256 5229 3366 5287 Nec
3394 5232 3554 5300 dixit,
3603 5237 3725 5295 Hoc
3766 5252 3848 5298 est

2252 5319 2388 5375 opus
2417 5315 2683 5376 vestrum,
2713 5312 2807 5369 sed
2839 5311 2995 5382 dixit,
3026 5335 3044 5366 ι
3072 5316 3188 5372 Hoc
3213 5329 3297 5376 est
3323 5337 3459 5392 opus
3488 5326 3607 5386 Dei.
3636 5339 3703 5387 ut
3727 5347 3846 5390 cre-

2251 5395 2404 5492 datis
2438 5397 2492 5452 in
2522 5413 2645 5492 eum
2694 5416 2856 5471 quem
2888 5406 3039 5461 misit
3078 5408 3196 5476 ille,
3236 5421 3295 5466 ut
3334 5416 3428 5485 qui
3459 5417 3758 5492 gloriatur,
3790 5427 3846 5484 in

2251 5486 2482 5545 Domino
2508 5489 2771 5560 glorietur
2792 5493 2845 5565 (Ι
2873 5494 2996 5551 Cor.
3021 5498 3117 5570 1).:
3144 5501 3281 5570 Quia
3303 5521 3433 5579 ergo
3452 5486 3847 5573 invitabat'eos

2251 5579 2321 5634 ad
2351 5579 2544 5680 fidem,
2590 5582 2666 5637 illi
2707 5599 2838 5658 ergo
2873 5588 3053 5647 adhuc
3087 5596 3407 5665 quaerebant
3444 5602 3603 5674 signa
3641 5610 3847 5680 quibus

2250 5670 2554 5726 crederent.

2330 5778 2355 5815 ι
2383 5762 2647 5824 Dixerunt
2686 5783 2817 5842 ergo
2843 5774 2894 5830 ei
2920 5792 2934 5829 :
2980 5775 3135 5848 Quod
3175 5795 3307 5853 ergo
3335 5792 3391 5841 tu
3422 5786 3558 5846 facis
3589 5791 3849 5866 signum,
