3994 6354
160 369 273 433 973

1369 336 1674 435 uentum
1714 374 1804 434 ns
1843 371 2189 434 murena.

3300 410 3303 413 π
3321 383 3427 444 επ

165 506 188 536 ο
215 494 281 542 ut
311 484 593 543 videamus
633 490 691 542 et
721 484 1010 543 credamus
1045 486 1187 543 tibi?
1231 486 1360 557 quid
1399 489 1684 558 operaris?
1714 509 1733 540 ι
1766 474 1820 555 Α
1844 497 2061 543 sanctus
2089 486 2287 557 Ioseph
2323 489 2634 559 patriarcha
2668 491 2923 563 portavit,
2963 507 3125 565 quem
3172 508 3302 553 vere
3347 500 3430 555 sol

160 578 431 634 Parumne
460 587 600 645 erat,
642 578 785 648 quod
813 579 878 635 de
902 579 1141 650 quinque
1162 580 1392 649 panibus
1415 581 1554 650 pasti
1581 581 1742 636 sunt?

159 669 405 725 sciebant
429 671 532 726 hoc
562 671 816 741 quidem,
844 672 937 727 sed
970 672 1098 726 huic
1126 672 1249 727 cibo
1277 686 1475 728 manna
1504 674 1572 729 de
1601 673 1744 729 caelo

156 760 539 833 praeferebant.
567 762 825 819 Dominus
848 770 1028 818 autem
1045 760 1204 820 Iesus
1228 763 1392 818 talem
1418 777 1478 818 se
1503 762 1755 830 dicebat,

156 861 215 906 ut
240 851 410 922 Moysi
439 861 867 922 praeponeretur.
900 851 1020 908 Non
1048 854 1194 909 enim
1225 868 1390 910 ausus
1418 861 1504 910 est
1530 854 1741 926 Moyses

155 942 223 998 de
250 956 311 997 se
364 944 545 999 dicere
589 944 732 1016 quod
759 945 915 1001 daret
948 946 1127 1003 cibum
1164 962 1273 1003 non
1301 949 1393 1017 qui
1429 948 1606 1018 perit,
1642 948 1741 1004 sed

153 1033 244 1103 qui
296 1033 463 1091 habet
502 1035 670 1090 vitam
710 1044 987 1092 aeternam.
1043 1038 1409 1094 Attendebant
1443 1040 1590 1094 enim
1619 1038 1740 1109 plus

153 1127 584 1197 promittentem,
612 1138 668 1184 et
694 1130 848 1199 quasi
876 1130 1118 1185 nondum
1144 1131 1399 1186 videbant
1428 1131 1633 1200 majora
1660 1131 1740 1187 fa-

153 1219 408 1274 cientem.
442 1220 808 1277 Attendebant
834 1221 1021 1292 utique
1048 1221 1229 1292 qualia
1258 1222 1478 1278 fecisset
1504 1221 1735 1293 Moyses,

150 1310 331 1366 adhuc
360 1312 540 1383 aliqua
569 1312 778 1382 majora
805 1313 1063 1369 volebant
1096 1314 1215 1370 ﬁeri
1244 1315 1313 1371 ab
1348 1331 1437 1382 eo,
1486 1316 1578 1385 qui
1625 1324 1737 1371 tam

150 1418 349 1474 magna
376 1404 750 1474 pollicebatur.
788 1404 928 1473 Quid
957 1404 1252 1477 (inquiunt)
1280 1406 1432 1473 facis,
1462 1415 1521 1461 ut
1547 1406 1737 1461 creda-

149 1509 270 1551 mus
299 1495 416 1559 tibi,
447 1505 584 1552 etut
609 1497 922 1554 noverimus
945 1497 1075 1567 quid
1101 1498 1380 1567 operaria?
1408 1496 1544 1565 Quia
1572 1497 1737 1551 mira-

147 1586 269 1640 cula
312 1589 537 1658 antiqua
581 1589 708 1644 huic
747 1588 1010 1644 miraculo
1054 1589 1474 1659 comparabant,
1518 1597 1574 1644 et
1614 1587 1736 1644 ideo

147 1678 305 1746 quasi
331 1679 541 1734 minora
570 1680 672 1735 ista
693 1678 1013 1748 judicabant
1038 1694 1161 1749 quas
1186 1677 1418 1734 faciebat
1441 1676 1618 1734 Iesus.

220 1788 241 1820 ι
283 1769 477 1826 Patres
502 1771 705 1837 nostri,
728 1771 998 1842 inquiunt,
1028 1786 1225 1825 manna
1265 1772 1733 1827 manducaverunt

1841 579 2032 635 adorat
2058 586 2113 634 et
2142 577 2289 644 luna,
2317 588 2375 634 et
2407 595 2596 637 omnes
2626 582 2794 638 stellae
2826 582 3172 641 benedicunt.
3200 585 3285 642 Ad
3323 587 3427 644 hoc

1837 670 2098 740 praedium
2121 671 2240 726 ideo
2261 671 2410 725 venit
2435 672 2717 740 Dominus,
2741 683 2800 728 ut
2822 674 3171 745 Samaritani,
3197 679 3291 748 qui
3319 680 3431 737 has—

1840 763 2123 817 reditatem
2150 762 2252 818 sibi
2272 763 2597 833 patriarchae
2617 765 2781 821 Israel
2820 769 3094 824 vindicare
3116 770 3428 841 cupiebant,

1840 863 2196 920 agnoscerent
2230 870 2601 924 possessorem
2643 872 2835 922 suum,
2883 870 2936 914 ει
2981 869 3429 917 εοηνθτιθῐθηιιιι·

1836 944 1904 998 ad
1919 944 1997 999 Ch
2006 945 2194 1000 ristnm
2209 947 2302 1016 qui
2319 946 2592 1018 legitimus
2608 949 2930 1017 patriarchae
2943 951 3117 1009 haeres
3129 961 3215 1009 est
3228 953 3428 1010 factus.

1838 1034 1980 1090 Dicit
2005 1036 2150 1090 enim
2178 1037 2522 1108 Evangelista
2549 1056 2561 1093 :
2613 1058 2631 1091 ‹
2668 1038 2826 1095 Iesus
2854 1051 3035 1096 autem
3082 1044 3337 1116 fatigatus
3361 1060 3431 1101 ex

1837 1123 2051 1192 itinere,
2070 1127 2289 1181 sedebat
2305 1127 2385 1182 sic
2405 1142 2566 1198 super
2596 1147 2615 1180 ι
2633 1137 2874 1199 puteum.
2900 1130 3222 1203 Evangelica
3248 1148 3430 1190 sacra-

1836 1226 2019 1298 menta
2048 1218 2105 1273 in
2130 1219 2340 1274 Domini
2372 1221 2541 1275 nostri
2568 1220 2696 1276 Iesu
2726 1222 2928 1278 Christi
2953 1223 3115 1280 dictis
3165 1227 3430 1298 factisque

1835 1296 2048 1381 signata
2074 1327 2182 1366 non
2213 1312 2465 1369 omnibus
2509 1324 2718 1385 patent,
2746 1325 2803 1371 et
2848 1332 2911 1371 ea
2960 1318 3203 1374 nonnulli
3250 1296 3431 1377 minus

1836 1402 2139 1473 diligenter,
2177 1405 2464 1476 minusque
2508 1409 2688 1462 sobrie
2734 1408 3162 1479 interpretando,
3195 1410 3429 1467 afferunt

1834 1498 2152 1569 plerumque
2189 1515 2288 1570 pro
2330 1501 2504 1555 salute
2534 1503 2851 1571 perniciem,
2898 1511 2952 1558 et
2982 1520 3079 1573 pro
3122 1507 3428 1580 cognitione

1833 1588 2082 1643 veritatis
2121 1604 2383 1643 errorem.
2418 1589 2671 1661 Interque
2714 1592 2843 1648 illud
2872 1602 2960 1648 est
2999 1608 3421 1665 sacramentum,

1833 1680 2261 1750 quod~scriptnm
2291 1691 2375 1735 est
2404 1683 2689 1738 Dominum
2719 1686 2851 1739 hora
2884 1688 2989 1742 dici
3014 1697 3167 1744 sexta
3209 1691 3426 1748 venisse

1833 1772 1901 1824 ad
1931 1779 2149 1839 puteum
2168 1771 2354 1838 Iacob,
2391 1773 2700 1844 fessumque
2739 1777 2805 1831 ab
2844 1777 3038 1833 itinere
3066 1781 3352 1849 resedisse,
3393 1798 3426 1836 a

148 1880 169 1914 ι
198 1861 256 1915 in
287 1863 529 1929 deserto,
557 1864 699 1919 sicut
738 1865 1000 1934 scriptum
1030 1872 1114 1919 est
1142 1881 1156 1917 :
1198 1863 1356 1919 Dedit
1385 1864 1492 1920 illis
1535 1879 1733 1920 manna
1759 1853 1809 1916 Β
1837 1861 2062 1915 muliere
2084 1862 2424 1918 Samaritana
2448 1875 2633 1935 potum
2659 1868 2882 1935 petisse,
2914 1877 2969 1922 et
2990 1878 3184 1923 cretera
3218 1886 3339 1926 nua:
3369 1871 3427 1926 in

148 1972 166 2004 ι
197 1955 558 2021 manducare,
589 1974 609 2007 ι
635 1964 825 2012 etnon
851 1956 977 2011 talia
1012 1957 1260 2027 operaris
1280 1956 1459 2026 qualia
1501 1956 1733 2028 Moyses.

140 2042 321 2099 Panes
365 2045 700 2102 hordeaceus
744 2046 836 2102 ille
883 2061 994 2102 non
1035 2046 1219 2114 dedit,
1262 2047 1360 2102 sed
1416 2061 1614 2102 manna
1673 2046 1740 2102 de

138 2138 301 2193 ctelo.

213 2254 232 2286 ι
258 2236 408 2311 Dixit
422 2250 554 2308 ergo
573 2236 655 2293 eis
677 2237 867 2293 Iesus:
891 2236 1088 2304 Amen,
1109 2250 1267 2293 amen
1283 2236 1407 2292 dico
1427 2235 1604 2302 vobis,
1629 2250 1738 2291 non

140 2345 159 2378 ο
191 2325 413 2397 Moyses
437 2329 586 2383 dedit
612 2330 765 2385 vobis
780 2345 973 2399 panem
997 2330 1063 2384 de
1086 2330 1246 2394 coelo,
1282 2329 1375 2384 sed
1404 2329 1563 2383 Pater
1585 2343 1739 2384 meus

138 2433 157 2466 ο
196 2417 301 2470 dat
326 2417 481 2472 vobis
511 2432 705 2487 panem
729 2418 798 2473 de
817 2419 956 2473 emlo
975 2434 1186 2475 verum.
1216 2416 1390 2473 Verus
1415 2419 1558 2473 enim
1582 2419 1740 2488 panis

138 2521 158 2557 α
191 2512 284 2560 est
314 2506 409 2574 qui
439 2507 719 2562 descendit
754 2509 822 2563 de
849 2508 1006 2573 coelo,
1050 2518 1106 2563 et
1144 2509 1239 2564 dat
1266 2510 1431 2563 vitam
1463 2509 1683 2564 mundo.
1713 2528 1733 2561 ι

136 2595 314 2652 Verus
341 2611 474 2667 ergo
497 2598 590 2653 ille
615 2599 770 2668 panis
809 2608 913 2665 est,
952 2600 1046 2671 qui
1087 2601 1178 2654 dat
1211 2599 1378 2653 vitam
1413 2598 1633 2665 mundo,
1683 2606 1740 2655 et

139 2688 255 2758 ipse
295 2689 451 2744 cibus
478 2692 645 2745 estde
672 2706 779 2761 quo
802 2692 961 2761 paulo
983 2702 1110 2747 ante
1130 2692 1341 2748 locutus
1363 2709 1481 2748 sum
1508 2710 1522 2746 :
1552 2712 1570 2744 ι
1599 2691 1737 2762 Ope-

138 2781 335 2836 ramini
367 2781 548 2836 cibum
577 2782 671 2851 qui
716 2797 824 2837 non
860 2784 1022 2853 perit,
1072 2783 1167 2838 sed
1207 2783 1301 2852 qui
1350 2793 1631 2853 permanet
1678 2782 1733 2836 in

140 2873 306 2927 vitam
336 2880 597 2928 :cternam
642 2872 822 2943 (lacn.
872 2873 969 2945 vt).
1022 2894 1042 2927 ι
1084 2875 1226 2945 Ergo
1268 2882 1325 2929 et
1363 2874 1490 2930 illud
1534 2890 1733 2928 manna

141 2963 245 3019 hoc
293 2964 665 3035 signiﬁcabat,
705 2974 761 3021 et
801 2965 892 3020 illa
948 2967 1128 3021 omnia
1187 2968 1339 3037 signa
1391 2983 1507 3022 mea
1555 2975 1727 3023 erant.

144 3052 313 3125 Signa
354 3069 475 3110 mea
501 3054 788 3122 dilexistis,
836 3055 979 3127 quod
1027 3056 1435 3128 signiﬁcabatur
1480 3066 1728 3114 contem-

146 3146 298 3201 nitis.
1417 3163 1422 3169 ’

1838 1946 2025 2001 eodem
2072 1946 2190 2002 loco
2229 1948 2564 2003 discutienda
2607 1959 2663 2005 et
2708 1955 3091 2021 pertractanda
3147 1956 3422 2011 dicuntur.

1838 2038 1916 2095 De
1940 2055 2045 2110 qua
2084 2055 2144 2094 re
2177 2040 2229 2095 id
2258 2041 2492 2111 primum
2523 2045 2811 2098 tenendum
2840 2055 2943 2110 est,
2975 2047 3118 2115 quod
3148 2047 3201 2102 in
3242 2050 3426 2109 omni-

1837 2138 1940 2193 bus
1970 2137 2265 2208 Scripturis
2299 2154 2511 2194 summa
2555 2139 2836 2211 vigilantia
2875 2143 3138 2197 custodiri
3187 2151 3424 2213 oportet,

1836 2239 1899 2283 ut
1922 2230 2215 2284 secundum
2268 2229 2426 2285 ﬁdem
2458 2230 2519 2285 ﬁt
2572 2232 2899 2286 sacramenti
2937 2232 3103 2287 divini
3135 2235 3424 2305 expositio.

1839 2318 1980 2372 liora
2007 2318 2170 2387 igitur
2196 2318 2299 2373 diei
2329 2327 2498 2380 sexta,
2529 2320 2677 2373 venit
2700 2321 2763 2372 ad
2794 2330 3013 2390 puteum
3043 2321 3304 2379 Dominus
3327 2338 3429 2378 no-

1838 2417 1971 2464 ster.
2006 2408 2176 2462 Video
2211 2409 2263 2462 in
2284 2417 2446 2477 puteo
2473 2410 2811 2464 tenebrosam
2833 2412 3291 2480 profunditatem:
3325 2416 3426 2470 ad-

1840 2511 2035 2553 moneo
2063 2512 2192 2568 ergo
2222 2497 2520 2569 intelligere
2547 2500 2730 2554 mundi
2756 2499 2915 2568 lmjns
2948 2501 3192 2559 inﬁrmas
3219 2511 3423 2573 partes,

1842 2587 1895 2642 id
1926 2596 2009 2642 est
2052 2596 2314 2655 terrenas,
2342 2604 2450 2659 quo
2468 2590 2615 2644 venit
2638 2591 2896 2646 Dominus
2912 2590 3069 2648 Iesus
3092 2594 3226 2649 hora
3246 2602 3423 2662 sexta,

1839 2678 1892 2732 id
1918 2686 2003 2732 est
2051 2686 2207 2733 sexta
2234 2686 2395 2734 aetate
2425 2680 2644 2749 generis
2684 2681 2926 2748 humani,
2972 2691 3229 2754 tanquam
3266 2701 3425 2744 sene-

1836 2778 1989 2825 ctute
2016 2771 2211 2825 veteris
2250 2771 2504 2837 hominis,
2538 2786 2646 2840 quo
2678 2771 2937 2841 iubemur
2959 2775 3086 2829 exui
3136 2785 3198 2831 ut
3226 2777 3421 2833 indua-

1836 2874 1959 2913 mur
1980 2875 2137 2921 novo,
2173 2860 2265 2929 qui
2295 2862 2589 2916 secundum
2615 2862 2779 2917 Deum
2815 2873 3032 2922 creatus
3069 2877 3174 2923 est.
3210 2869 3424 2926 Veteris

1835 2953 2019 3023 itaque
2052 2954 2289 3010 hominis
2312 2954 2444 3021 vita,
2472 2972 2593 3026 quae
2629 2958 2923 3014 secundum
2953 2976 3176 3018 carnem
3214 2970 3423 3036 tempo-

1832 3043 1933 3098 rali
1959 3044 2264 3100 conditione
2301 3045 2596 3116 peragitur,
2625 3057 2777 3103 sexta
2803 3058 2962 3106 aetate
2991 3062 3272 3110 senectute
3291 3071 3422 3115 cou-

1833 3136 2090 3192 cluditur.
2141 3136 2260 3205 Qua
2300 3147 2595 3203 senectute,
2640 3148 2700 3195 ut
2741 3141 2883 3207 dixi,
2934 3144 3157 3200 humani
3204 3149 3424 3217 generis

224 3255 243 3288 ι
283 3236 542 3293 nummi
565 3253 696 3311 ergo
721 3239 789 3296 ad
813 3254 940 3295 eum
965 3259 978 3294 ε
1008 3240 1258 3308 nomine,
1283 3242 1350 3296 da
1384 3241 1540 3297 nobis
1586 3257 1728 3297 seu-
1755 3218 1802 3283 C
1835 3230 2095 3285 Dominus
2123 3238 2306 3285 noster
2333 3240 2547 3286 creator
2566 3240 2623 3286 et
2650 3242 2930 3302 reparator
2953 3235 3192 3302 advenit,
3226 3247 3288 3293 ut
3310 3254 3423 3294 mo-

156 3343 177 3374 ι
210 3338 306 3394 per
332 3341 521 3395 panem
543 3327 705 3384 hunc.
752 3347 772 3381 ο
807 3328 1089 3397 Quomodo
1119 3330 1316 3386 mulier
1354 3330 1442 3385 illa
1491 3331 1732 3386 Samari-

157 3421 306 3479 tana,
331 3415 417 3469 cui
445 3417 639 3472 dictum
673 3426 758 3474 est
801 3417 984 3491 (Ioan.
1031 3420 1152 3491 1v):
1203 3437 1223 3472 ι
1277 3419 1380 3487 Qui
1422 3418 1621 3475 biberit
1664 3420 1733 3476 de

154 3504 259 3559 hac
286 3519 445 3575 aqua,
475 3522 579 3561 non
600 3508 743 3564 sitiet
770 3524 1031 3579 unquam,
1070 3529 1089 3560 ι
1134 3509 1391 3565 continuo
1421 3508 1507 3563 illa
1537 3524 1733 3564 secun-

151 3592 497 3667 dum'corpus
520 3600 810 3671 accipiens,
858 3603 953 3656 sed
992 3608 1171 3656 tamen
1208 3613 1395 3656 carere
1435 3599 1730 3672 indigentia

148 3687 366 3745 volens:
400 3708 420 3741 ο
446 3689 549 3757 Da,
571 3693 763 3763 inquit,
787 3693 940 3759 mihi,
966 3694 1212 3760 Domine,
1244 3696 1310 3749 de
1332 3709 1495 3765 aqua,
1528 3714 1549 3747 ι
1576 3694 1655 3749 sic
1675 3703 1732 3749 et

153 3777 238 3832 isti
267 3796 280 3832 :
312 3778 569 3847 Domine,
610 3782 676 3837 da
716 3782 873 3839 nobis
912 3799 1107 3860 panem
1134 3784 1297 3851 hunc,
1348 3784 1439 3854 qui
1476 3798 1575 3840 nos
1600 3783 1729 3838 reﬁ—

151 3866 273 3931 ciat,
314 3884 414 3925 nec
441 3870 679 3927 deﬁciat.
922 3876 925 3877 ⁷

221 3978 239 4009 ι
270 3958 414 4015 Dixit
441 3976 571 4033 ergo
596 3964 676 4018 eis
699 3961 897 4021 Iesus:
922 3965 1038 4039 Ego
1075 3980 1196 4021 sum
1238 3966 1395 4038 panis
1435 3967 1582 4022 vitae.
1626 3965 1729 4034 Qui

157 4064 175 4099 ς
207 4050 353 4106 venit
375 4052 444 4106 ad
469 4068 578 4119 me,
601 4068 708 4110 non
731 4057 936 4111 esuriet
963 4075 976 4110 :
1006 4063 1062 4111 et
1086 4058 1177 4128 qui
1200 4057 1373 4113 credit
1400 4057 1456 4112 in
1485 4073 1593 4123 me,
1622 4072 1729 4111 non

158 4156 174 4189 ι
206 4141 349 4198 sitiet
375 4158 635 4214 unquam.
682 4164 702 4198 ι
738 4146 839 4213 Qui
868 4148 1013 4202 venit
1048 4148 1116 4203 ad
1158 4162 1267 4214 ine,
1305 4148 1407 4203 hoc
1445 4157 1550 4216 est,
1586 4146 1729 4217 quod

153 4232 241 4297 ait,
268 4242 326 4289 et
353 4236 445 4305 qui
468 4237 643 4293 credit
664 4238 718 4293 in
747 4255 852 4295 me.
891 4239 961 4293 Et
986 4241 1130 4309 quod
1155 4240 1314 4306 dixit,
1362 4256 1466 4295 non
1505 4240 1725 4305 esuriet,

155 4322 246 4380 hoc
271 4326 683 4399 intelligendum
711 4339 816 4397 est,
845 4346 953 4387 non
982 4332 1129 4386 sitiet
1170 4346 1431 4402 unquam.
1487 4330 1728 4401 Utraque

151 4415 283 4470 enim
329 4416 419 4472 illa
457 4419 729 4491 signiﬁcat
773 4430 976 4477 acterna
1015 4422 1275 4487 satietas,
1325 4421 1414 4476 ubi
1459 4420 1605 4475 nulla
1645 4429 1730 4477 est

153 4517 372 4576 egestas.
408 4509 609 4567 Panem
636 4513 705 4569 de
729 4514 870 4570 caelo
897 4514 1237 4581 desideratis,
1267 4522 1393 4568 ante
1421 4529 1520 4569 vos
1560 4512 1728 4571 habe-

1830 3320 2006 3375 riente
2030 3319 2238 3375 scilicet
2286 3320 2456 3374 veteri
2497 3321 2739 3385 homine,
2768 3337 2968 3377 novum
3017 3325 3072 3378 in
3121 3342 3182 3381 se
3219 3329 3420 3383 consti-

1832 3420 2030 3475 tueret,
2053 3426 2214 3481 quem
2238 3420 2461 3466 exutum
2489 3410 2602 3467 luto
2632 3420 2866 3478 terreno,
2907 3414 2963 3467 in
2988 3415 3229 3471 ccclestia
3254 3433 3421 3488 regna

1831 3500 2170 3556 transferret.
2206 3500 2346 3570 Ergo
2377 3515 2518 3555 nunc
2543 3510 2757 3569 puteus,
2789 3509 2849 3555 ut
2868 3502 3068 3558 dictum
3098 3514 3207 3571 est,
3231 3509 3418 3563 mundi

1830 3593 1993 3664 hujus
2018 3601 2294 3649 terrenum
2324 3591 2565 3647 laborem
2602 3602 2660 3648 et
2680 3600 2946 3649 terrorem
2975 3597 3262 3652 tenebrosa
3287 3613 3417 3668 pro-

1830 3684 2099 3739 funditate
2141 3680 2430 3753 signiﬁcat.
2474 3682 2543 3738 Et
2569 3684 2825 3753 quoniam
2871 3685 3112 3740 exterior
3142 3696 3229 3742 est
3256 3688 3419 3744 homo

1830 3783 2009 3840 vetus,
2039 3782 2096 3827 et
2123 3787 2295 3827 novus
2334 3772 2583 3839 interior,
2628 3772 2832 3829 dictum
2875 3783 2961 3831 est
3007 3776 3077 3832 ab
3115 3775 3413 3848 Apostolo:

1839 3882 1857 3916 ι
1898 3863 1964 3918 Et
1988 3862 2033 3918 si
2058 3861 2298 3917 exterior
2327 3861 2490 3917 homo
2519 3870 2706 3918 noster
2737 3866 3124 3935 corrumpitur,
3149 3869 3243 3923 sed
3280 3868 3420 3925 inte-

1832 3955 1944 4010 rior
1973 3963 2266 4009 renovatur
2288 3953 2356 4009 de
2378 3952 2466 4031 die
2493 3953 2549 4008 in
2589 3954 2731 4010 diem
2755 3954 2841 4026 (ΙΙ
2866 3953 2989 4010 Cor.
3024 3957 3120 4030 ιν).
3156 3978 3175 4010 ι
3209 3959 3418 4016 Remis.

1829 4046 1967 4100 sime
1985 4046 2226 4110 omnino,
2257 4044 2511 4115 quoniam
2535 4045 2716 4101 omnia
2740 4046 2973 4102 visibilia
2994 4049 3063 4103 ad
3088 4052 3417 4108 exteriorem

1830 4136 2102 4193 hominem
2126 4136 2414 4206 pertinent,
2444 4136 2640 4206 quibus
2666 4136 2946 4207 disciplina
2991 4138 3296 4197 Christiana
3327 4160 3418 4198 re-

1831 4230 2058 4285 nuntiat.
2092 4227 2251 4306 ‘Hora
2282 4238 2431 4284 sexta
2462 4231 2609 4285 venit
2656 4230 2913 4287 Dominus
2960 4234 3028 4288 ad
3065 4244 3307 4305 puteum,
3364 4239 3419 4292 id

1829 4330 1916 4379 est
1958 4324 2137 4378 medio
2163 4322 2249 4378 die
2269 4323 2412 4377 unde
2429 4320 2545 4391 jam
2570 4322 2759 4392 incipit
2799 4324 2880 4379 sol
2925 4325 3029 4380 iste
3062 4327 3289 4383 visibilis
3322 4330 3417 4384 de-

1829 4416 2035 4473 clinare
2070 4416 2124 4469 in
2153 4430 2425 4470 occasum.
2449 4414 2717 4483 Quoniam
2739 4415 2895 4472 nobis
2915 4419 3121 4472 vocatis
3144 4433 3175 4472 a
3201 4420 3417 4475 Christo

1829 4507 2123 4563 visibilium
2143 4505 2430 4562 delectatio
2459 4505 2744 4573 minuitur,
2770 4516 2830 4561 ut
2852 4508 3201 4562 invisibilium
3228 4522 3415 4563 amore

155 4569 235 4661 tis,
262 4608 317 4654 ει
345 4615 450 4657 non
478 4569 855 4661 manducaiis,
1028 4569 1145 4661 nixi
1189 4569 1342 4661 rimis
1374 4605 1501 4678 quia
1546 4614 1602 4662 ei
1642 4569 1725 4663 vi-
1749 4569 1806 4633 D
1834 4599 1996 4654 homo
2024 4598 2252 4653 interior
2298 4605 2577 4653 recreatus
2629 4598 2695 4651 ad
2731 4598 3045 4651 interiorem
3076 4604 3249 4651 lucem
3292 4613 3413 4667 qua:

154 4686 294 4746 distis
316 4706 426 4759 me,
458 4701 515 4749 et
539 4709 649 4751 non
686 4695 1013 4753 credidistis.

662 4830 945 4889 HOMILIA
981 4832 1187 4889 XLVII.

560 4960 716 5002 manu
746 4962 919 5005 sexu
956 4964 1086 5005 rosr
1123 4947 1299 5005 Oculi.

216 5051 389 5124 (Ioui.
417 5055 521 5129 tv.)
554 5076 572 5109 ι
621 5058 678 5113 1η
706 5058 799 5114 illo
840 5068 1103 5131 tempore,
1136 5060 1283 5116 venit
1308 5059 1465 5118 Iesus
1493 5062 1546 5118 in
1591 5062 1725 5119 civi-

159 5160 176 5194 t
208 5154 366 5203 tatem
415 5148 695 5215 Samariae,
747 5168 867 5222 qua:
896 5153 1097 5209 dicitur
1136 5152 1350 5219 Sichar,
1388 5155 1539 5226 juxta
1587 5172 1725 5227 prae-

158 5251 175 5284 t
198 5237 340 5293 dium
376 5241 519 5309 quod
548 5242 696 5298 dedit
732 5242 897 5300 Iacob
923 5242 1119 5316 Ioseph
1162 5244 1272 5300 ﬁlio
1310 5260 1431 5309 suo,
1470 5265 1490 5298 ι
1515 5255 1571 5302 et
1599 5248 1727 5303 reli-

153 5340 265 5394 qua.
303 5328 440 5385 Cum
478 5340 658 5389 autem
703 5334 840 5389 dixit
891 5336 1220 5408 evangelista
1279 5336 1334 5391 in
1371 5351 1479 5406 quo
1522 5337 1726 5408 praedio

154 5428 262 5473 erat
281 5422 404 5477 fons
425 5422 617 5491 Iacob,
648 5426 855 5481 addidit
884 5440 900 5481 :

223 5529 242 5561 ι
271 5510 433 5569 Iesus
473 5522 677 5581 autem,
712 5514 968 5586 fatigatus
1010 5532 1076 5572 ex
1112 5517 1336 5584 itinere,
1381 5517 1603 5574 sedebat
1649 5520 1730 5575 sic

158 5618 180 5654 ι
212 5618 369 5676 supra
397 5628 416 5660 ι
452 5619 697 5679 puteum,
722 5609 866 5680 quod
909 5616 1131 5664 sanctus
1171 5608 1340 5665 Iacob
1380 5610 1578 5683 Ioseph
1618 5611 1731 5671 ﬁlio

157 5706 247 5747 suo
288 5696 674 5767 dereliquerat.
716 5699 871 5767 Quod
920 5698 1181 5769 praedium
1222 5716 1329 5755 non
1371 5709 1477 5755 tam
1532 5699 1729 5773 Ioseph

156 5797 308 5853 quam
349 5787 568 5852 Christo
603 5791 840 5848 arbitror
872 5789 1187 5852 derelictum
1232 5807 1245 5845 :
1298 5790 1452 5860 cujus
1503 5794 1729 5866 ﬁguram

1832 4707 2108 4763 nunquam
2136 4691 2337 4747 excidit
2376 4698 2705 4754 revertatur,
2729 4689 3025 4743 secundum
3056 4689 3411 4759 apostolicam

1834 4783 2210 4852 disciplinam,
2255 4797 2364 4837 non
2405 4795 2655 4849 quaerens
2693 4794 2813 4849 qua:
2848 4778 3131 4847 videntur,
3175 4782 3269 4839 sed
3292 4799 3415 4854 qua

1831 4892 1938 4930 non
1961 4876 2230 4929 videntur.
2266 4893 2284 4926 ι
2312 4873 2442 4940 Quae
2458 4871 2601 4926 enim
2624 4872 2896 4938 videntur,
2917 4876 3230 4945 temporalia
3252 4889 3409 4946 sunt;

1830 4982 1953 5037 qua:
1978 4974 2156 5020 autem
2192 4981 2298 5020 non
2327 4965 2578 5020 videntur
2604 4973 2803 5019 aeterna
2831 4973 2957 5021 sunt
2981 4966 3034 5038 (1
3061 4966 3183 5025 Cor.
3216 4972 3356 5042 xm).
3388 4994 3407 5024 ι

1830 5057 1985 5125 Quod
2012 5065 2190 5111 autem
2228 5054 2480 5126 fatigatus
2510 5056 2655 5110 venit
2676 5058 2743 5110 ad
2774 5066 3011 5124 puteum,
3040 5059 3411 5120 inﬁrmitatem

1830 5148 2013 5205 carnis
2037 5146 2339 5217 signiﬁcat:
2373 5147 2515 5217 quod
2548 5147 2709 5211 sedit,
2738 5147 3114 5205 humilitatem.
3148 5150 3284 5218 Quia
3314 5155 3412 5207 im-

1831 5240 2177 5297 becillitatem
2204 5240 2385 5296 carnis
2411 5256 2508 5310 pro
2535 5240 2690 5295 nobis
2737 5242 2995 5311 suscepit,
3043 5252 3099 5299 et
3125 5244 3289 5299 homo
3316 5247 3413 5301 hoc

1834 5332 2072 5388 minibus
2098 5340 2207 5387 tam
2233 5329 2511 5385 humiliter
2528 5345 2791 5400 apparere
2818 5332 3068 5401 dignatus
3085 5342 3191 5390 est.
3210 5335 3288 5391 De
3310 5338 3413 5392 hac

1834 5426 2149 5481 inﬁrmitate
2180 5424 2361 5479 carnis
2394 5424 2656 5495 propheta
2681 5424 2813 5482 dicit
2844 5442 2858 5478 :
2901 5444 2921 5477 ι
2943 5424 3117 5482 Homo
3161 5428 3213 5483 in
3256 5429 3413 5502 plaga

1830 5519 2059 5589 positus,
2088 5527 2143 5572 et
2163 5518 2342 5572 sciens
2369 5515 2512 5571 ferre
2539 5516 2964 5572 imbecillitatem
2979 5517 3115 5588 (Ira.
3143 5520 3316 5586 ψη.»
3337 5521 3415 5577 Do

1835 5610 2141 5666 humilitate
2173 5624 2299 5665 vero
2324 5609 2612 5680 Apostolus
2630 5608 2891 5679 loquitur,
2917 5611 3102 5665 dicens
3133 5629 3147 5664 :
3181 5631 3198 5660 ι
3225 5610 3415 5665 Hiant-

1836 5705 1988 5760 liavit
2017 5705 2363 5774 semetipsum
2387 5704 2559 5760 factus
2582 5705 2832 5759 subditus
2860 5718 3029 5773 usque
3072 5704 3142 5759 ad
3178 5714 3412 5761 mortem

1838 5794 2058 5869 (Philip.
2092 5800 2175 5869 ιι).
2210 5818 2228 5848 ι
2259 5795 2582 5866 Quanquam
2610 5795 2739 5853 illud
2784 5795 2930 5864 quod
2969 5795 3109 5854 sedit
3155 5798 3415 5872 quoniam
