  <div class='ocr_page' id='page_1' title='image "/cluster/home/n/w/nwhite01/storage/ocr_20150623/118/hvd.32044015466907/143.png"; bbox 0 0 3994 6354; ppageno 0'>
   <div class='ocr_carea' id='block_1_1' title="bbox 576 335 3894 399">
    <p class='ocr_par' dir='ltr' id='par_1_1' title="bbox 576 335 3894 399">
     <span class='ocr_line' id='line_1_1' title="bbox 576 335 3894 399; baseline -0.001 -1"><span class='ocrx_word' id='word_1_1' title='bbox 576 341 684 399; x_wconf 67' lang='grc'><strong>275</strong></span> <span class='ocrx_word' id='word_1_2' title='bbox 1159 335 1512 392; x_wconf 78' lang='lat' dir='ltr'><strong>HAYMONIS</strong></span> <span class='ocrx_word' id='word_1_3' title='bbox 1549 335 2026 392; x_wconf 67' lang='lat' dir='ltr'><strong>HALBEHSTAT.</strong></span> <span class='ocrx_word' id='word_1_4' title='bbox 2067 336 2277 394; x_wconf 77' lang='lat' dir='ltr'><strong>EPISC.</strong></span> <span class='ocrx_word' id='word_1_5' title='bbox 2322 339 2470 396; x_wconf 85' lang='lat' dir='ltr'><strong>OPP.</strong></span> <span class='ocrx_word' id='word_1_6' title='bbox 2514 340 2693 399; x_wconf 76' lang='lat' dir='ltr'><strong>PARS</strong></span> <span class='ocrx_word' id='word_1_7' title='bbox 2729 339 2791 395; x_wconf 92' lang='lat' dir='ltr'><strong>ll.</strong></span> <span class='ocrx_word' id='word_1_8' title='bbox 2831 368 2901 377; x_wconf 91' lang='lat'><strong>—</strong></span> <span class='ocrx_word' id='word_1_9' title='bbox 2941 335 3177 394; x_wconf 80' lang='lat' dir='ltr'><strong>HOMIL.</strong></span> <span class='ocrx_word' id='word_1_10' title='bbox 3798 338 3894 396; x_wconf 66' lang='grc'><strong>376</strong></span> 
     </span>
    </p>
   </div>
   <div class='ocr_carea' id='block_1_2' title="bbox 576 450 3890 526">
    <p class='ocr_par' dir='ltr' id='par_1_2' title="bbox 576 450 3890 526">
     <span class='ocr_line' id='line_1_2' title="bbox 576 450 3890 526; baseline -0.002 -13"><span class='ocrx_word' id='word_1_11' title='bbox 576 463 761 517; x_wconf 72' lang='lat' dir='ltr'><strong>solent</strong></span> <span class='ocrx_word' id='word_1_12' title='bbox 788 456 976 513; x_wconf 88' lang='lat' dir='ltr'><strong>sedere</strong></span> <span class='ocrx_word' id='word_1_13' title='bbox 1015 456 1294 521; x_wconf 82' lang='lat' dir='ltr'><strong>doctores,</strong></span> <span class='ocrx_word' id='word_1_14' title='bbox 1341 454 1517 523; x_wconf 98' lang='lat' dir='ltr'><strong>possit</strong></span> <span class='ocrx_word' id='word_1_15' title='bbox 1563 453 1670 508; x_wconf 90' lang='lat' dir='ltr'><strong>alio</strong></span> <span class='ocrx_word' id='word_1_16' title='bbox 1706 453 2014 518; x_wconf 89' lang='lat' dir='ltr'><strong>intellectu,</strong></span> <span class='ocrx_word' id='word_1_17' title='bbox 2049 467 2154 507; x_wconf 86' lang='lat' dir='ltr'><strong>non</strong></span> <span class='ocrx_word' id='word_1_18' title='bbox 2183 455 2233 515; x_wconf 80' lang='grc' dir='ltr'><strong>Α</strong></span> <span class='ocrx_word' id='word_1_19' title='bbox 2260 455 2402 524; x_wconf 90' lang='lat' dir='ltr'><strong>quod</strong></span> <span class='ocrx_word' id='word_1_20' title='bbox 2427 463 2550 526; x_wconf 89' lang='lat' dir='ltr'><strong>post</strong></span> <span class='ocrx_word' id='word_1_21' title='bbox 2570 470 2722 511; x_wconf 83' lang='lat' dir='ltr'><strong>suam</strong></span> <span class='ocrx_word' id='word_1_22' title='bbox 2748 450 3377 525; x_wconf 50' lang='lat' dir='ltr'><strong>gloﬁﬁcaﬁonem-tletﬁt</strong></span> <span class='ocrx_word' id='word_1_23' title='bbox 3407 452 3722 516; x_wconf 55' lang='lat' dir='ltr'><strong>Ecclesiae,</strong></span> <span class='ocrx_word' id='word_1_24' title='bbox 3756 453 3890 509; x_wconf 82' lang='lat' dir='ltr'><strong>sicut</strong></span> 
     </span>
    </p>
   </div>
   <div class='ocr_carea' id='block_1_3' title="bbox 577 545 3888 618">
    <p class='ocr_par' dir='ltr' id='par_1_3' title="bbox 577 545 3888 618">
     <span class='ocr_line' id='line_1_3' title="bbox 577 545 3888 618; baseline -0.001 -11"><span class='ocrx_word' id='word_1_25' title='bbox 577 550 905 607; x_wconf 74' lang='lat' dir='ltr'><strong>humilitatis</strong></span> <span class='ocrx_word' id='word_1_26' title='bbox 952 547 1292 613; x_wconf 80' lang='lat' dir='ltr'><strong>modestiam,</strong></span> <span class='ocrx_word' id='word_1_27' title='bbox 1342 546 1436 603; x_wconf 87' lang='lat' dir='ltr'><strong>sed</strong></span> <span class='ocrx_word' id='word_1_28' title='bbox 1489 547 1736 617; x_wconf 77' lang='lat' dir='ltr'><strong>magistri</strong></span> <span class='ocrx_word' id='word_1_29' title='bbox 1787 546 2161 603; x_wconf 83' lang='lat' dir='ltr'><strong>demonstrare</strong></span> <span class='ocrx_word' id='word_1_30' title='bbox 2266 547 2371 603; x_wconf 82' lang='lat' dir='ltr'><strong>alia</strong></span> <span class='ocrx_word' id='word_1_31' title='bbox 2400 546 2685 618; x_wconf 86' lang='lat' dir='ltr'><strong>Scriptura</strong></span> <span class='ocrx_word' id='word_1_32' title='bbox 2712 547 2878 602; x_wconf 87' lang='lat' dir='ltr'><strong>dicit:</strong></span> <span class='ocrx_word' id='word_1_33' title='bbox 2906 566 2926 598; x_wconf 76' lang='grc' dir='ltr'><strong>ι</strong></span> <span class='ocrx_word' id='word_1_34' title='bbox 2954 545 3343 602; x_wconf 82' lang='lat' dir='ltr'><strong>Aseeudensin</strong></span> <span class='ocrx_word' id='word_1_35' title='bbox 3371 546 3565 612; x_wconf 89' lang='lat' dir='ltr'><strong>altum,</strong></span> <span class='ocrx_word' id='word_1_36' title='bbox 3596 548 3888 617; x_wconf 68' lang='lat' dir='ltr'><strong>captiva:</strong></span> 
     </span>
    </p>
   </div>
   <div class='ocr_carea' id='block_1_4' title="bbox 577 637 3886 714">
    <p class='ocr_par' dir='ltr' id='par_1_4' title="bbox 577 637 3886 714">
     <span class='ocr_line' id='line_1_4' title="bbox 577 637 3886 714; baseline -0.002 -16"><span class='ocrx_word' id='word_1_37' title='bbox 577 657 890 714; x_wconf 72' lang='lat' dir='ltr'><strong>personam.</strong></span> <span class='ocrx_word' id='word_1_38' title='bbox 916 640 1023 697; x_wconf 89' lang='lat' dir='ltr'><strong>Sed</strong></span> <span class='ocrx_word' id='word_1_39' title='bbox 1051 639 1220 711; x_wconf 62' lang='lat' dir='ltr'><strong>quaeri</strong></span> <span class='ocrx_word' id='word_1_40' title='bbox 1268 646 1449 710; x_wconf 83' lang='lat' dir='ltr'><strong>potest</strong></span> <span class='ocrx_word' id='word_1_41' title='bbox 1499 653 1668 708; x_wconf 89' lang='lat' dir='ltr'><strong>quare</strong></span> <span class='ocrx_word' id='word_1_42' title='bbox 1716 653 1748 692; x_wconf 90' lang='lat' dir='ltr'><strong>a</strong></span> <span class='ocrx_word' id='word_1_43' title='bbox 1793 637 2160 707; x_wconf 68' lang='lat' dir='ltr'><strong>Samaritana,</strong></span> <span class='ocrx_word' id='word_1_44' title='bbox 2227 638 2422 695; x_wconf 63' lang='lat' dir='ltr'><strong>~(iuuit</strong></span> <span class='ocrx_word' id='word_1_45' title='bbox 2463 640 2855 709; x_wconf 83' lang='lat' dir='ltr'><strong>captivitatem,</strong></span> <span class='ocrx_word' id='word_1_46' title='bbox 2902 637 3054 692; x_wconf 85' lang='lat' dir='ltr'><strong>dedit</strong></span> <span class='ocrx_word' id='word_1_47' title='bbox 3096 637 3238 691; x_wconf 88' lang='lat' dir='ltr'><strong>dona</strong></span> <span class='ocrx_word' id='word_1_48' title='bbox 3288 638 3615 693; x_wconf 84' lang='lat' dir='ltr'><strong>hominibus</strong></span> <span class='ocrx_word' id='word_1_49' title='bbox 3660 637 3886 707; x_wconf 68' lang='grc' dir='ltr'><strong>(Εριιε.</strong></span> 
     </span>
    </p>
   </div>
   <div class='ocr_carea' id='block_1_5' title="bbox 577 722 3883 805">
    <p class='ocr_par' dir='ltr' id='par_1_5' title="bbox 577 722 3883 805">
     <span class='ocr_line' id='line_1_5' title="bbox 577 722 3883 805; baseline 0 -18"><span class='ocrx_word' id='word_1_50' title='bbox 577 731 650 789; x_wconf 78' lang='lat' dir='ltr'><strong>ab</strong></span> <span class='ocrx_word' id='word_1_51' title='bbox 678 746 743 788; x_wconf 87' lang='lat' dir='ltr'><strong>ea</strong></span> <span class='ocrx_word' id='word_1_52' title='bbox 789 745 910 800; x_wconf 79' lang='lat' dir='ltr'><strong>qua:</strong></span> <span class='ocrx_word' id='word_1_53' title='bbox 952 728 1160 801; x_wconf 66' lang='lat' dir='ltr'><strong>hydria:</strong></span> <span class='ocrx_word' id='word_1_54' title='bbox 1191 728 1474 798; x_wconf 73' lang='lat' dir='ltr'><strong>implendas</strong></span> <span class='ocrx_word' id='word_1_55' title='bbox 1504 727 1678 799; x_wconf 87' lang='lat' dir='ltr'><strong>gratia</strong></span> <span class='ocrx_word' id='word_1_56' title='bbox 1707 735 1948 793; x_wconf 85' lang='lat' dir='ltr'><strong>venerat,</strong></span> <span class='ocrx_word' id='word_1_57' title='bbox 1978 728 2163 784; x_wconf 81' lang='lat' dir='ltr'><strong>bibere</strong></span> <span class='ocrx_word' id='word_1_58' title='bbox 2251 733 2363 805; x_wconf 75' lang='lat' dir='ltr'><strong>1v).</strong></span> <span class='ocrx_word' id='word_1_59' title='bbox 2390 754 2408 787; x_wconf 75' lang='grc' dir='ltr'><strong>ι</strong></span> <span class='ocrx_word' id='word_1_60' title='bbox 2443 733 2551 790; x_wconf 86' lang='lat' dir='ltr'><strong>Sed</strong></span> <span class='ocrx_word' id='word_1_61' title='bbox 2575 734 2750 791; x_wconf 89' lang='lat' dir='ltr'><strong>adhuc</strong></span> <span class='ocrx_word' id='word_1_62' title='bbox 2773 732 2865 788; x_wconf 87' lang='lat' dir='ltr'><strong>illa</strong></span> <span class='ocrx_word' id='word_1_63' title='bbox 2888 722 3082 788; x_wconf 80' lang='lat' dir='ltr'><strong>mulier</strong></span> <span class='ocrx_word' id='word_1_64' title='bbox 3109 731 3401 788; x_wconf 86' lang='lat' dir='ltr'><strong>carnaliter</strong></span> <span class='ocrx_word' id='word_1_65' title='bbox 3424 732 3594 803; x_wconf 85' lang='lat' dir='ltr'><strong>sapit,</strong></span> <span class='ocrx_word' id='word_1_66' title='bbox 3622 732 3721 788; x_wconf 84' lang='lat' dir='ltr'><strong>sic</strong></span> <span class='ocrx_word' id='word_1_67' title='bbox 3746 733 3883 788; x_wconf 64' lang='lat' dir='ltr'><strong>etin</strong></span> 
     </span>
    </p>
   </div>
   <div class='ocr_carea' id='block_1_6' title="bbox 577 819 2582 896">
    <p class='ocr_par' dir='ltr' id='par_1_6' title="bbox 577 819 2582 896">
     <span class='ocr_line' id='line_1_6' title="bbox 577 819 2582 896; baseline 0 -16"><span class='ocrx_word' id='word_1_68' title='bbox 577 823 956 895; x_wconf 76' lang='lat' dir='ltr'><strong>postulaverit,</strong></span> <span class='ocrx_word' id='word_1_69' title='bbox 986 838 1112 879; x_wconf 90' lang='lat' dir='ltr'><strong>cum</strong></span> <span class='ocrx_word' id='word_1_70' title='bbox 1144 823 1259 894; x_wconf 94' lang='lat' dir='ltr'><strong>ipse</strong></span> <span class='ocrx_word' id='word_1_71' title='bbox 1283 830 1475 892; x_wconf 90' lang='lat' dir='ltr'><strong>postea</strong></span> <span class='ocrx_word' id='word_1_72' title='bbox 1521 820 1821 893; x_wconf 89' lang='lat' dir='ltr'><strong>spiritualis</strong></span> <span class='ocrx_word' id='word_1_73' title='bbox 1862 819 2029 877; x_wconf 89' lang='lat' dir='ltr'><strong>fontis</strong></span> <span class='ocrx_word' id='word_1_74' title='bbox 2076 821 2160 876; x_wconf 88' lang='lat' dir='ltr'><strong>af-</strong></span> <span class='ocrx_word' id='word_1_75' title='bbox 2265 826 2582 896; x_wconf 84' lang='lat' dir='ltr'><strong>respondit:</strong></span> 
     </span>
    </p>
   </div>
   <div class='ocr_carea' id='block_1_7' title="bbox 574 912 3880 987">
    <p class='ocr_par' dir='ltr' id='par_1_7' title="bbox 574 912 3880 987">
     <span class='ocr_line' id='line_1_7' title="bbox 574 912 3880 987; baseline 0.001 -16"><span class='ocrx_word' id='word_1_76' title='bbox 574 914 853 971; x_wconf 79' lang='lat' dir='ltr'><strong>fluentiam</strong></span> <span class='ocrx_word' id='word_1_77' title='bbox 890 928 972 969; x_wconf 84' lang='lat' dir='ltr'><strong>~se</strong></span> <span class='ocrx_word' id='word_1_78' title='bbox 1017 913 1330 983; x_wconf 80' lang='lat' dir='ltr'><strong>petentibus</strong></span> <span class='ocrx_word' id='word_1_79' title='bbox 1380 912 1509 968; x_wconf 84' lang='lat' dir='ltr'><strong>dare</strong></span> <span class='ocrx_word' id='word_1_80' title='bbox 1557 927 1715 982; x_wconf 82' lang='lat' dir='ltr'><strong>posse</strong></span> <span class='ocrx_word' id='word_1_81' title='bbox 1762 912 2158 982; x_wconf 62' lang='lat' dir='ltr'><strong>praedicaverit.</strong></span> <span class='ocrx_word' id='word_1_82' title='bbox 2342 937 2360 968; x_wconf 73' lang='grc' dir='ltr'><strong>ι</strong></span> <span class='ocrx_word' id='word_1_83' title='bbox 2392 917 2638 984; x_wconf 89' lang='lat' dir='ltr'><strong>Domine,</strong></span> <span class='ocrx_word' id='word_1_84' title='bbox 2661 932 2835 987; x_wconf 91' lang='lat' dir='ltr'><strong>neque</strong></span> <span class='ocrx_word' id='word_1_85' title='bbox 2862 936 2882 971; x_wconf 71' lang='grc' dir='ltr'><strong>ι</strong></span> <span class='ocrx_word' id='word_1_86' title='bbox 2916 915 3280 973; x_wconf 88' lang='lat' dir='ltr'><strong>hauritorium</strong></span> <span class='ocrx_word' id='word_1_87' title='bbox 3313 936 3332 967; x_wconf 78' lang='grc' dir='ltr'><strong>ι</strong></span> <span class='ocrx_word' id='word_1_88' title='bbox 3365 915 3659 983; x_wconf 58' lang='grc' dir='ltr'><strong>Ιιαιιθενθι</strong></span> <span class='ocrx_word' id='word_1_89' title='bbox 3690 926 3880 987; x_wconf 73' lang='lat' dir='ltr'><strong>putem</strong></span> 
     </span>
    </p>
   </div>
   <div class='ocr_carea' id='block_1_8' title="bbox 518 1002 3878 1079">
    <p class='ocr_par' dir='ltr' id='par_1_8' title="bbox 518 1002 3878 1079">
     <span class='ocr_line' id='line_1_8' title="bbox 518 1002 3878 1079; baseline 0.001 -18"><span class='ocrx_word' id='word_1_90' title='bbox 518 1020 526 1027; x_wconf 83' lang='lat'><strong><em>‘</em></strong></span> <span class='ocrx_word' id='word_1_91' title='bbox 570 1005 681 1062; x_wconf 86' lang='lat' dir='ltr'><strong>Sed</strong></span> <span class='ocrx_word' id='word_1_92' title='bbox 710 1005 920 1062; x_wconf 83' lang='lat' dir='ltr'><strong>scilicet</strong></span> <span class='ocrx_word' id='word_1_93' title='bbox 951 1005 1172 1061; x_wconf 85' lang='lat' dir='ltr'><strong>sitieb‘at</strong></span> <span class='ocrx_word' id='word_1_94' title='bbox 1196 1005 1337 1060; x_wconf 90' lang='lat' dir='ltr'><strong>Deus</strong></span> <span class='ocrx_word' id='word_1_95' title='bbox 1365 1003 1607 1059; x_wconf 89' lang='lat' dir='ltr'><strong>mulieris</strong></span> <span class='ocrx_word' id='word_1_96' title='bbox 1634 1002 1778 1059; x_wconf 91' lang='lat' dir='ltr'><strong>illius</strong></span> <span class='ocrx_word' id='word_1_97' title='bbox 1814 1003 1974 1059; x_wconf 83' lang='lat' dir='ltr'><strong>ﬁdem</strong></span> <span class='ocrx_word' id='word_1_98' title='bbox 1994 1044 2009 1069; x_wconf 98' lang='lat'><strong>,</strong></span> <span class='ocrx_word' id='word_1_99' title='bbox 2039 1014 2164 1074; x_wconf 72' lang='lat' dir='ltr'><strong>que</strong></span> <span class='ocrx_word' id='word_1_100' title='bbox 2269 1028 2290 1062; x_wconf 75' lang='grc' dir='ltr'><strong>ι</strong></span> <span class='ocrx_word' id='word_1_101' title='bbox 2320 1009 2460 1065; x_wconf 91' lang='lat' dir='ltr'><strong>altus</strong></span> <span class='ocrx_word' id='word_1_102' title='bbox 2498 1018 2597 1074; x_wconf 89' lang='lat' dir='ltr'><strong>est,</strong></span> <span class='ocrx_word' id='word_1_103' title='bbox 2636 1010 2780 1066; x_wconf 88' lang='lat' dir='ltr'><strong>unde</strong></span> <span class='ocrx_word' id='word_1_104' title='bbox 2807 1030 2827 1063; x_wconf 74' lang='grc' dir='ltr'><strong>ι</strong></span> <span class='ocrx_word' id='word_1_105' title='bbox 2862 1010 2995 1065; x_wconf 88' lang='lat' dir='ltr'><strong>mihi</strong></span> <span class='ocrx_word' id='word_1_106' title='bbox 3024 1028 3044 1061; x_wconf 73' lang='grc' dir='ltr'><strong>ι</strong></span> <span class='ocrx_word' id='word_1_107' title='bbox 3074 1008 3241 1065; x_wconf 87' lang='lat' dir='ltr'><strong>habes</strong></span> <span class='ocrx_word' id='word_1_108' title='bbox 3271 1028 3292 1062; x_wconf 76' lang='grc' dir='ltr'><strong>ι</strong></span> <span class='ocrx_word' id='word_1_109' title='bbox 3320 1010 3452 1065; x_wconf 89' lang='lat' dir='ltr'><strong>dare</strong></span> <span class='ocrx_word' id='word_1_110' title='bbox 3486 1028 3506 1061; x_wconf 74' lang='grc' dir='ltr'><strong>ε</strong></span> <span class='ocrx_word' id='word_1_111' title='bbox 3542 1025 3768 1079; x_wconf 80' lang='lat' dir='ltr'><strong>aquam</strong></span> <span class='ocrx_word' id='word_1_112' title='bbox 3804 1011 3878 1065; x_wconf 83' lang='lat' dir='ltr'><strong>vi-</strong></span> 
     </span>
    </p>
   </div>
   <div class='ocr_carea' id='block_1_9' title="bbox 570 1094 3874 1173">
    <p class='ocr_par' dir='ltr' id='par_1_9' title="bbox 570 1094 3874 1173">
     <span class='ocr_line' id='line_1_9' title="bbox 570 1094 3874 1173; baseline 0.002 -20"><span class='ocrx_word' id='word_1_113' title='bbox 570 1100 830 1169; x_wconf 89' lang='lat' dir='ltr'><strong>quoniam</strong></span> <span class='ocrx_word' id='word_1_114' title='bbox 868 1097 1211 1155; x_wconf 83' lang='lat' dir='ltr'><strong>Samaritana</strong></span> <span class='ocrx_word' id='word_1_115' title='bbox 1239 1106 1390 1164; x_wconf 87' lang='lat' dir='ltr'><strong>erat,</strong></span> <span class='ocrx_word' id='word_1_116' title='bbox 1420 1105 1475 1152; x_wconf 91' lang='lat' dir='ltr'><strong>et</strong></span> <span class='ocrx_word' id='word_1_117' title='bbox 1517 1097 1725 1153; x_wconf 81' lang='lat' dir='ltr'><strong>solebat</strong></span> <span class='ocrx_word' id='word_1_118' title='bbox 1763 1096 2013 1151; x_wconf 85' lang='lat' dir='ltr'><strong>Samaria</strong></span> <span class='ocrx_word' id='word_1_119' title='bbox 2052 1094 2164 1150; x_wconf 91' lang='lat' dir='ltr'><strong>ido-</strong></span> <span class='ocrx_word' id='word_1_120' title='bbox 2269 1122 2289 1156; x_wconf 76' lang='grc' dir='ltr'><strong>ι</strong></span> <span class='ocrx_word' id='word_1_121' title='bbox 2320 1103 2483 1157; x_wconf 80' lang='lat' dir='ltr'><strong>vam?</strong></span> <span class='ocrx_word' id='word_1_122' title='bbox 2516 1102 2769 1173; x_wconf 86' lang='lat' dir='ltr'><strong>Nunquid</strong></span> <span class='ocrx_word' id='word_1_123' title='bbox 2791 1111 2846 1158; x_wconf 92' lang='lat' dir='ltr'><strong>tu</strong></span> <span class='ocrx_word' id='word_1_124' title='bbox 2870 1101 3047 1172; x_wconf 80' lang='lat' dir='ltr'><strong>major</strong></span> <span class='ocrx_word' id='word_1_125' title='bbox 3070 1117 3131 1159; x_wconf 90' lang='lat' dir='ltr'><strong>es</strong></span> <span class='ocrx_word' id='word_1_126' title='bbox 3157 1112 3312 1172; x_wconf 85' lang='lat' dir='ltr'><strong>patre</strong></span> <span class='ocrx_word' id='word_1_127' title='bbox 3338 1111 3531 1158; x_wconf 91' lang='lat' dir='ltr'><strong>nostro</strong></span> <span class='ocrx_word' id='word_1_128' title='bbox 3546 1101 3768 1169; x_wconf 65' lang='lat' dir='ltr'><strong>Iacob,</strong></span> <span class='ocrx_word' id='word_1_129' title='bbox 3792 1104 3874 1173; x_wconf 79' lang='lat' dir='ltr'><strong>qui</strong></span> 
     </span>
    </p>
   </div>
   <div class='ocr_carea' id='block_1_10' title="bbox 570 1188 3873 1265">
    <p class='ocr_par' dir='ltr' id='par_1_10' title="bbox 570 1188 3873 1265">
     <span class='ocr_line' id='line_1_10' title="bbox 570 1188 3873 1265; baseline 0.001 -18"><span class='ocrx_word' id='word_1_130' title='bbox 570 1193 798 1248; x_wconf 70' lang='lat' dir='ltr'><strong>lolatriaa</strong></span> <span class='ocrx_word' id='word_1_131' title='bbox 846 1194 1138 1263; x_wconf 79' lang='lat' dir='ltr'><strong>imaginem</strong></span> <span class='ocrx_word' id='word_1_132' title='bbox 1187 1193 1477 1248; x_wconf 86' lang='lat' dir='ltr'><strong>sustinere.</strong></span> <span class='ocrx_word' id='word_1_133' title='bbox 1522 1191 1630 1262; x_wconf 83' lang='lat' dir='ltr'><strong>ipsi</strong></span> <span class='ocrx_word' id='word_1_134' title='bbox 1658 1192 1802 1246; x_wconf 88' lang='lat' dir='ltr'><strong>enim</strong></span> <span class='ocrx_word' id='word_1_135' title='bbox 1850 1188 2086 1259; x_wconf 90' lang='lat' dir='ltr'><strong>separati</strong></span> <span class='ocrx_word' id='word_1_136' title='bbox 2127 1202 2161 1243; x_wconf 74' lang='grc' dir='ltr'><strong>ιι</strong></span> <span class='ocrx_word' id='word_1_137' title='bbox 2269 1212 2288 1245; x_wconf 76' lang='grc' dir='ltr'><strong>ι</strong></span> <span class='ocrx_word' id='word_1_138' title='bbox 2320 1193 2467 1249; x_wconf 87' lang='lat' dir='ltr'><strong>dedit</strong></span> <span class='ocrx_word' id='word_1_139' title='bbox 2514 1195 2672 1250; x_wconf 90' lang='lat' dir='ltr'><strong>nobis</strong></span> <span class='ocrx_word' id='word_1_140' title='bbox 2702 1196 2844 1250; x_wconf 87' lang='lat' dir='ltr'><strong>hunc</strong></span> <span class='ocrx_word' id='word_1_141' title='bbox 2871 1203 3115 1265; x_wconf 83' lang='lat' dir='ltr'><strong>puteum,</strong></span> <span class='ocrx_word' id='word_1_142' title='bbox 3159 1200 3217 1249; x_wconf 85' lang='lat' dir='ltr'><strong>et</strong></span> <span class='ocrx_word' id='word_1_143' title='bbox 3256 1195 3372 1265; x_wconf 89' lang='lat' dir='ltr'><strong>ipse</strong></span> <span class='ocrx_word' id='word_1_144' title='bbox 3396 1210 3465 1250; x_wconf 86' lang='lat' dir='ltr'><strong>ex</strong></span> <span class='ocrx_word' id='word_1_145' title='bbox 3498 1208 3566 1250; x_wconf 90' lang='lat' dir='ltr'><strong>eo</strong></span> <span class='ocrx_word' id='word_1_146' title='bbox 3620 1194 3796 1260; x_wconf 80' lang='lat' dir='ltr'><strong>bibit,</strong></span> <span class='ocrx_word' id='word_1_147' title='bbox 3828 1205 3873 1249; x_wconf 84' lang='lat' dir='ltr'><strong>et</strong></span> 
     </span>
    </p>
   </div>
   <div class='ocr_carea' id='block_1_11' title="bbox 569 1282 3871 1360">
    <p class='ocr_par' dir='ltr' id='par_1_11' title="bbox 569 1282 3871 1360">
     <span class='ocr_line' id='line_1_11' title="bbox 569 1282 3871 1360; baseline 0.002 -21"><span class='ocrx_word' id='word_1_148' title='bbox 569 1286 769 1355; x_wconf 91' lang='lat' dir='ltr'><strong>populo</strong></span> <span class='ocrx_word' id='word_1_149' title='bbox 801 1283 1112 1341; x_wconf 66' lang='lat' dir='ltr'><strong>Judzeorum</strong></span> <span class='ocrx_word' id='word_1_150' title='bbox 1150 1283 1458 1340; x_wconf 84' lang='lat' dir='ltr'><strong>simulacris</strong></span> <span class='ocrx_word' id='word_1_151' title='bbox 1498 1292 1770 1339; x_wconf 91' lang='lat' dir='ltr'><strong>mutorum</strong></span> <span class='ocrx_word' id='word_1_152' title='bbox 1821 1282 2156 1346; x_wconf 85' lang='lat' dir='ltr'><strong>animalium,</strong></span> <span class='ocrx_word' id='word_1_153' title='bbox 2267 1305 2287 1338; x_wconf 75' lang='grc' dir='ltr'><strong>ι</strong></span> <span class='ocrx_word' id='word_1_154' title='bbox 2316 1286 2411 1341; x_wconf 83' lang='lat' dir='ltr'><strong>filii</strong></span> <span class='ocrx_word' id='word_1_155' title='bbox 2442 1286 2580 1356; x_wconf 84' lang='lat' dir='ltr'><strong>ejus,</strong></span> <span class='ocrx_word' id='word_1_156' title='bbox 2606 1299 2661 1342; x_wconf 92' lang='lat' dir='ltr'><strong>et</strong></span> <span class='ocrx_word' id='word_1_157' title='bbox 2683 1302 2877 1357; x_wconf 86' lang='lat' dir='ltr'><strong>pecora</strong></span> <span class='ocrx_word' id='word_1_158' title='bbox 2900 1288 3036 1358; x_wconf 91' lang='lat' dir='ltr'><strong>ejus.</strong></span> <span class='ocrx_word' id='word_1_159' title='bbox 3070 1308 3088 1341; x_wconf 79' lang='grc' dir='ltr'><strong>ι</strong></span> <span class='ocrx_word' id='word_1_160' title='bbox 3122 1286 3278 1344; x_wconf 89' lang='lat' dir='ltr'><strong>Nunc</strong></span> <span class='ocrx_word' id='word_1_161' title='bbox 3304 1303 3434 1344; x_wconf 88' lang='lat' dir='ltr'><strong>vero</strong></span> <span class='ocrx_word' id='word_1_162' title='bbox 3453 1289 3570 1360; x_wconf 91' lang='lat' dir='ltr'><strong>jam</strong></span> <span class='ocrx_word' id='word_1_163' title='bbox 3604 1288 3871 1344; x_wconf 76' lang='lat' dir='ltr'><strong>Dominus</strong></span> 
     </span>
    </p>
   </div>
   <div class='ocr_carea' id='block_1_12' title="bbox 571 1374 2905 1450">
    <p class='ocr_par' dir='ltr' id='par_1_12' title="bbox 571 1374 2905 1450">
     <span class='ocr_line' id='line_1_12' title="bbox 571 1374 2905 1450; baseline 0.002 -21"><span class='ocrx_word' id='word_1_164' title='bbox 571 1376 621 1430; x_wconf 95' lang='lat' dir='ltr'><strong>id</strong></span> <span class='ocrx_word' id='word_1_165' title='bbox 649 1384 751 1442; x_wconf 87' lang='lat' dir='ltr'><strong>est,</strong></span> <span class='ocrx_word' id='word_1_166' title='bbox 779 1377 962 1433; x_wconf 88' lang='lat' dir='ltr'><strong>vaccis</strong></span> <span class='ocrx_word' id='word_1_167' title='bbox 992 1378 1172 1433; x_wconf 86' lang='lat' dir='ltr'><strong>aureis</strong></span> <span class='ocrx_word' id='word_1_168' title='bbox 1203 1378 1507 1433; x_wconf 88' lang='lat' dir='ltr'><strong>animarum</strong></span> <span class='ocrx_word' id='word_1_169' title='bbox 1548 1393 1770 1433; x_wconf 90' lang='lat' dir='ltr'><strong>suarum</strong></span> <span class='ocrx_word' id='word_1_170' title='bbox 1802 1377 1967 1432; x_wconf 87' lang='lat' dir='ltr'><strong>decus</strong></span> <span class='ocrx_word' id='word_1_171' title='bbox 2006 1374 2161 1430; x_wconf 86' lang='lat' dir='ltr'><strong>addi—</strong></span> <span class='ocrx_word' id='word_1_172' title='bbox 2260 1379 2508 1449; x_wconf 79' lang='lat' dir='ltr'><strong>exponit,</strong></span> <span class='ocrx_word' id='word_1_173' title='bbox 2531 1379 2660 1450; x_wconf 91' lang='lat' dir='ltr'><strong>quid</strong></span> <span class='ocrx_word' id='word_1_174' title='bbox 2688 1379 2905 1434; x_wconf 79' lang='lat' dir='ltr'><strong>dixerit.</strong></span> 
     </span>
    </p>
   </div>
   <div class='ocr_carea' id='block_1_13' title="bbox 570 1466 3866 1543">
    <p class='ocr_par' dir='ltr' id='par_1_13' title="bbox 570 1466 3866 1543">
     <span class='ocr_line' id='line_1_13' title="bbox 570 1466 3866 1543; baseline 0.002 -22"><span class='ocrx_word' id='word_1_175' title='bbox 570 1479 785 1522; x_wconf 78' lang='lat' dir='ltr'><strong>xerunt.</strong></span> <span class='ocrx_word' id='word_1_176' title='bbox 832 1467 1070 1524; x_wconf 85' lang='lat' dir='ltr'><strong>Venerat</strong></span> <span class='ocrx_word' id='word_1_177' title='bbox 1099 1479 1280 1525; x_wconf 84' lang='lat' dir='ltr'><strong>autem</strong></span> <span class='ocrx_word' id='word_1_178' title='bbox 1313 1470 1573 1526; x_wconf 89' lang='lat' dir='ltr'><strong>Dominus</strong></span> <span class='ocrx_word' id='word_1_179' title='bbox 1602 1479 1786 1525; x_wconf 88' lang='lat' dir='ltr'><strong>noster</strong></span> <span class='ocrx_word' id='word_1_180' title='bbox 1812 1467 1971 1523; x_wconf 78' lang='lat' dir='ltr'><strong>Jesus</strong></span> <span class='ocrx_word' id='word_1_181' title='bbox 1995 1466 2157 1521; x_wconf 90' lang='lat' dir='ltr'><strong>Chri-</strong></span> <span class='ocrx_word' id='word_1_182' title='bbox 2339 1488 2358 1520; x_wconf 76' lang='grc' dir='ltr'><strong>ι</strong></span> <span class='ocrx_word' id='word_1_183' title='bbox 2388 1469 2600 1537; x_wconf 87' lang='lat' dir='ltr'><strong>Omnis,</strong></span> <span class='ocrx_word' id='word_1_184' title='bbox 2631 1490 2651 1524; x_wconf 75' lang='grc' dir='ltr'><strong>ι</strong></span> <span class='ocrx_word' id='word_1_185' title='bbox 2693 1470 2889 1541; x_wconf 89' lang='lat' dir='ltr'><strong>inquit,</strong></span> <span class='ocrx_word' id='word_1_186' title='bbox 2920 1489 2939 1522; x_wconf 71' lang='grc' dir='ltr'><strong>ι</strong></span> <span class='ocrx_word' id='word_1_187' title='bbox 2983 1470 3078 1542; x_wconf 85' lang='lat' dir='ltr'><strong>qui</strong></span> <span class='ocrx_word' id='word_1_188' title='bbox 3114 1470 3313 1527; x_wconf 86' lang='lat' dir='ltr'><strong>biberit</strong></span> <span class='ocrx_word' id='word_1_189' title='bbox 3337 1486 3408 1527; x_wconf 83' lang='lat' dir='ltr'><strong>ex</strong></span> <span class='ocrx_word' id='word_1_190' title='bbox 3437 1488 3582 1543; x_wconf 89' lang='lat' dir='ltr'><strong>aqua</strong></span> <span class='ocrx_word' id='word_1_191' title='bbox 3628 1474 3769 1536; x_wconf 86' lang='lat' dir='ltr'><strong>ista,</strong></span> <span class='ocrx_word' id='word_1_192' title='bbox 3799 1473 3866 1528; x_wconf 87' lang='lat' dir='ltr'><strong>si-</strong></span> 
     </span>
    </p>
   </div>
   <div class='ocr_carea' id='block_1_14' title="bbox 568 1560 3858 1635">
    <p class='ocr_par' dir='ltr' id='par_1_14' title="bbox 568 1560 3858 1635">
     <span class='ocr_line' id='line_1_14' title="bbox 568 1560 3858 1635; baseline 0 -20"><span class='ocrx_word' id='word_1_193' title='bbox 568 1570 704 1626; x_wconf 88' lang='lat' dir='ltr'><strong>stus,</strong></span> <span class='ocrx_word' id='word_1_194' title='bbox 734 1570 790 1616; x_wconf 90' lang='lat' dir='ltr'><strong>ut</strong></span> <span class='ocrx_word' id='word_1_195' title='bbox 819 1563 1058 1633; x_wconf 88' lang='lat' dir='ltr'><strong>gentium</strong></span> <span class='ocrx_word' id='word_1_196' title='bbox 1096 1563 1492 1619; x_wconf 87' lang='lat' dir='ltr'><strong>multitudinem</strong></span> <span class='ocrx_word' id='word_1_197' title='bbox 1511 1604 1525 1628; x_wconf 96' lang='lat'><strong>,</strong></span> <span class='ocrx_word' id='word_1_198' title='bbox 1558 1578 1677 1631; x_wconf 65' lang='lat' dir='ltr'><strong>quae</strong></span> <span class='ocrx_word' id='word_1_199' title='bbox 1705 1560 2011 1617; x_wconf 86' lang='lat' dir='ltr'><strong>simulacris</strong></span> <span class='ocrx_word' id='word_1_200' title='bbox 2038 1574 2155 1614; x_wconf 88' lang='lat' dir='ltr'><strong>ser-</strong></span> <span class='ocrx_word' id='word_1_201' title='bbox 2266 1581 2285 1613; x_wconf 79' lang='grc' dir='ltr'><strong>ι</strong></span> <span class='ocrx_word' id='word_1_202' title='bbox 2318 1563 2415 1618; x_wconf 92' lang='lat' dir='ltr'><strong>tiet</strong></span> <span class='ocrx_word' id='word_1_203' title='bbox 2442 1563 2656 1618; x_wconf 90' lang='lat' dir='ltr'><strong>iterum.</strong></span> <span class='ocrx_word' id='word_1_204' title='bbox 2688 1562 2791 1630; x_wconf 91' lang='lat' dir='ltr'><strong>Qui</strong></span> <span class='ocrx_word' id='word_1_205' title='bbox 2813 1570 2996 1618; x_wconf 89' lang='lat' dir='ltr'><strong>autem</strong></span> <span class='ocrx_word' id='word_1_206' title='bbox 3022 1562 3224 1618; x_wconf 89' lang='lat' dir='ltr'><strong>biberit</strong></span> <span class='ocrx_word' id='word_1_207' title='bbox 3246 1564 3314 1619; x_wconf 90' lang='lat' dir='ltr'><strong>de</strong></span> <span class='ocrx_word' id='word_1_208' title='bbox 3341 1576 3482 1633; x_wconf 88' lang='lat' dir='ltr'><strong>aqua</strong></span> <span class='ocrx_word' id='word_1_209' title='bbox 3510 1578 3696 1635; x_wconf 82' lang='lat' dir='ltr'><strong>quam</strong></span> <span class='ocrx_word' id='word_1_210' title='bbox 3722 1579 3820 1634; x_wconf 82' lang='lat' dir='ltr'><strong>ego</strong></span> <span class='ocrx_word' id='word_1_211' title='bbox 3842 1583 3858 1615; x_wconf 81' lang='grc' dir='ltr'><strong>ι</strong></span> 
     </span>
    </p>
   </div>
   <div class='ocr_carea' id='block_1_15' title="bbox 569 1652 3861 1724">
    <p class='ocr_par' dir='ltr' id='par_1_15' title="bbox 569 1652 3861 1724">
     <span class='ocr_line' id='line_1_15' title="bbox 569 1652 3861 1724; baseline 0 -18"><span class='ocrx_word' id='word_1_212' title='bbox 569 1654 763 1718; x_wconf 84' lang='lat' dir='ltr'><strong>vierat,</strong></span> <span class='ocrx_word' id='word_1_213' title='bbox 793 1653 859 1707; x_wconf 88' lang='lat' dir='ltr'><strong>ad</strong></span> <span class='ocrx_word' id='word_1_214' title='bbox 908 1655 1301 1709; x_wconf 89' lang='lat' dir='ltr'><strong>munimentum</strong></span> <span class='ocrx_word' id='word_1_215' title='bbox 1346 1655 1466 1709; x_wconf 80' lang='lat' dir='ltr'><strong>fidei</strong></span> <span class='ocrx_word' id='word_1_216' title='bbox 1503 1654 1824 1710; x_wconf 74' lang='lat' dir='ltr'><strong>Christiana:</strong></span> <span class='ocrx_word' id='word_1_217' title='bbox 1866 1661 1921 1708; x_wconf 91' lang='lat' dir='ltr'><strong>et</strong></span> <span class='ocrx_word' id='word_1_218' title='bbox 1979 1652 2147 1707; x_wconf 81' lang='lat' dir='ltr'><strong>incor-</strong></span> <span class='ocrx_word' id='word_1_219' title='bbox 2260 1653 2458 1709; x_wconf 89' lang='lat' dir='ltr'><strong>dedero</strong></span> <span class='ocrx_word' id='word_1_220' title='bbox 2484 1695 2498 1719; x_wconf 96' lang='lat'><strong>,</strong></span> <span class='ocrx_word' id='word_1_221' title='bbox 2551 1672 2570 1705; x_wconf 85' lang='grc'><strong><em>‹</em></strong></span> <span class='ocrx_word' id='word_1_222' title='bbox 2620 1670 2727 1709; x_wconf 91' lang='lat' dir='ltr'><strong>non</strong></span> <span class='ocrx_word' id='word_1_223' title='bbox 2781 1654 2931 1711; x_wconf 86' lang='lat' dir='ltr'><strong>sitiet</strong></span> <span class='ocrx_word' id='word_1_224' title='bbox 2975 1654 3032 1709; x_wconf 93' lang='lat' dir='ltr'><strong>in</strong></span> <span class='ocrx_word' id='word_1_225' title='bbox 3071 1662 3339 1710; x_wconf 65' lang='lat' dir='ltr'><strong>aaternum</strong></span> <span class='ocrx_word' id='word_1_226' title='bbox 3375 1673 3389 1709; x_wconf 89' lang='lat'><strong>:</strong></span> <span class='ocrx_word' id='word_1_227' title='bbox 3422 1655 3516 1710; x_wconf 88' lang='lat' dir='ltr'><strong>sed</strong></span> <span class='ocrx_word' id='word_1_228' title='bbox 3562 1670 3723 1724; x_wconf 87' lang='lat' dir='ltr'><strong>aqua</strong></span> <span class='ocrx_word' id='word_1_229' title='bbox 3783 1653 3861 1708; x_wconf 64' lang='grc' dir='ltr'><strong>ΗΒ</strong></span> 
     </span>
    </p>
   </div>
   <div class='ocr_carea' id='block_1_16' title="bbox 569 1743 3858 1816">
    <p class='ocr_par' dir='ltr' id='par_1_16' title="bbox 569 1743 3858 1816">
     <span class='ocr_line' id='line_1_16' title="bbox 569 1743 3858 1816; baseline 0.001 -20"><span class='ocrx_word' id='word_1_230' title='bbox 569 1754 740 1813; x_wconf 73' lang='lat' dir='ltr'><strong>rupta:</strong></span> <span class='ocrx_word' id='word_1_231' title='bbox 787 1746 1065 1816; x_wconf 80' lang='lat' dir='ltr'><strong>religionis</strong></span> <span class='ocrx_word' id='word_1_232' title='bbox 1105 1746 1417 1801; x_wconf 85' lang='lat' dir='ltr'><strong>adduceret.</strong></span> <span class='ocrx_word' id='word_1_233' title='bbox 1462 1746 1579 1801; x_wconf 87' lang='lat' dir='ltr'><strong>Non</strong></span> <span class='ocrx_word' id='word_1_234' title='bbox 1619 1746 1761 1801; x_wconf 91' lang='lat' dir='ltr'><strong>enim</strong></span> <span class='ocrx_word' id='word_1_235' title='bbox 1794 1754 1908 1809; x_wconf 92' lang='lat' dir='ltr'><strong>est,</strong></span> <span class='ocrx_word' id='word_1_236' title='bbox 1958 1745 2152 1814; x_wconf 82' lang='lat' dir='ltr'><strong>inquit,</strong></span> <span class='ocrx_word' id='word_1_237' title='bbox 2183 1813 2205 1816; x_wconf 83' lang='lat'><strong><em>_</em></strong></span> <span class='ocrx_word' id='word_1_238' title='bbox 2267 1763 2287 1796; x_wconf 82' lang='lat'><strong>(</strong></span> <span class='ocrx_word' id='word_1_239' title='bbox 2314 1761 2476 1815; x_wconf 90' lang='lat' dir='ltr'><strong>quam</strong></span> <span class='ocrx_word' id='word_1_240' title='bbox 2507 1764 2525 1796; x_wconf 74' lang='grc' dir='ltr'><strong>ι</strong></span> <span class='ocrx_word' id='word_1_241' title='bbox 2565 1745 2794 1809; x_wconf 89' lang='lat' dir='ltr'><strong>dedero,</strong></span> <span class='ocrx_word' id='word_1_242' title='bbox 2829 1763 2850 1796; x_wconf 87' lang='grc'><strong>‹</strong></span> <span class='ocrx_word' id='word_1_243' title='bbox 2897 1744 2991 1799; x_wconf 86' lang='lat' dir='ltr'><strong>fiet</strong></span> <span class='ocrx_word' id='word_1_244' title='bbox 3019 1752 3075 1800; x_wconf 89' lang='lat' dir='ltr'><strong>et</strong></span> <span class='ocrx_word' id='word_1_245' title='bbox 3108 1743 3166 1799; x_wconf 90' lang='lat' dir='ltr'><strong>in</strong></span> <span class='ocrx_word' id='word_1_246' title='bbox 3194 1758 3261 1800; x_wconf 90' lang='lat' dir='ltr'><strong>eo</strong></span> <span class='ocrx_word' id='word_1_247' title='bbox 3282 1743 3403 1798; x_wconf 88' lang='lat' dir='ltr'><strong>fons</strong></span> <span class='ocrx_word' id='word_1_248' title='bbox 3432 1759 3590 1813; x_wconf 64' lang='lat' dir='ltr'><strong>aquae</strong></span> <span class='ocrx_word' id='word_1_249' title='bbox 3612 1743 3858 1799; x_wconf 81' lang='lat' dir='ltr'><strong>salientis</strong></span> 
     </span>
    </p>
   </div>
   <div class='ocr_carea' id='block_1_17' title="bbox 565 1813 3859 1909">
    <p class='ocr_par' dir='ltr' id='par_1_17' title="bbox 565 1813 3859 1909">
     <span class='ocr_line' id='line_1_17' title="bbox 565 1813 3859 1909; baseline 0 -22"><span class='ocrx_word' id='word_1_250' title='bbox 565 1833 718 1888; x_wconf 87' lang='lat' dir='ltr'><strong>sanis</strong></span> <span class='ocrx_word' id='word_1_251' title='bbox 745 1813 1178 1903; x_wconf 42' lang='lat' dir='ltr'><strong>opus—medicus,</strong></span> <span class='ocrx_word' id='word_1_252' title='bbox 1229 1837 1322 1892; x_wconf 89' lang='lat' dir='ltr'><strong>sed</strong></span> <span class='ocrx_word' id='word_1_253' title='bbox 1372 1837 1513 1891; x_wconf 90' lang='lat' dir='ltr'><strong>male</strong></span> <span class='ocrx_word' id='word_1_254' title='bbox 1561 1837 1884 1892; x_wconf 84' lang='lat' dir='ltr'><strong>habentibus</strong></span> <span class='ocrx_word' id='word_1_255' title='bbox 1927 1836 2146 1909; x_wconf 78' lang='lat' dir='ltr'><strong>(Matth.</strong></span> <span class='ocrx_word' id='word_1_256' title='bbox 2179 1813 2228 1875; x_wconf 66' lang='grc' dir='ltr'><strong>Β</strong></span> <span class='ocrx_word' id='word_1_257' title='bbox 2263 1856 2281 1888; x_wconf 75' lang='grc' dir='ltr'><strong>ι</strong></span> <span class='ocrx_word' id='word_1_258' title='bbox 2317 1813 2371 1891; x_wconf 78' lang='lat' dir='ltr'><strong>in</strong></span> <span class='ocrx_word' id='word_1_259' title='bbox 2392 1836 2558 1891; x_wconf 89' lang='lat' dir='ltr'><strong>vitam</strong></span> <span class='ocrx_word' id='word_1_260' title='bbox 2587 1846 2871 1890; x_wconf 75' lang='lat' dir='ltr'><strong>aeternam.</strong></span> <span class='ocrx_word' id='word_1_261' title='bbox 2908 1853 2929 1887; x_wconf 73' lang='grc' dir='ltr'><strong>ι</strong></span> <span class='ocrx_word' id='word_1_262' title='bbox 2961 1834 3069 1889; x_wconf 89' lang='lat' dir='ltr'><strong>Sed</strong></span> <span class='ocrx_word' id='word_1_263' title='bbox 3095 1834 3273 1890; x_wconf 89' lang='lat' dir='ltr'><strong>adhuc</strong></span> <span class='ocrx_word' id='word_1_264' title='bbox 3290 1834 3488 1891; x_wconf 86' lang='lat' dir='ltr'><strong>mulier</strong></span> <span class='ocrx_word' id='word_1_265' title='bbox 3507 1834 3859 1905; x_wconf 68' lang='lat' dir='ltr'><strong>prudentiam</strong></span> 
     </span>
    </p>
   </div>
   <div class='ocr_carea' id='block_1_18' title="bbox 566 1922 3238 2001">
    <p class='ocr_par' dir='ltr' id='par_1_18' title="bbox 566 1922 3238 2001">
     <span class='ocr_line' id='line_1_18' title="bbox 566 1922 3238 2001; baseline 0.001 -25"><span class='ocrx_word' id='word_1_266' title='bbox 566 1922 668 1992; x_wconf 78' lang='lat' dir='ltr'><strong>rx).</strong></span> <span class='ocrx_word' id='word_1_267' title='bbox 700 1923 840 1993; x_wconf 84' lang='lat' dir='ltr'><strong>Ergo</strong></span> <span class='ocrx_word' id='word_1_268' title='bbox 860 1940 1048 1979; x_wconf 90' lang='lat' dir='ltr'><strong>eorum</strong></span> <span class='ocrx_word' id='word_1_269' title='bbox 1080 1926 1243 1981; x_wconf 81' lang='lat' dir='ltr'><strong>ﬁdem</strong></span> <span class='ocrx_word' id='word_1_270' title='bbox 1280 1927 1414 1991; x_wconf 90' lang='lat' dir='ltr'><strong>sitit,</strong></span> <span class='ocrx_word' id='word_1_271' title='bbox 1455 1943 1555 1997; x_wconf 86' lang='lat' dir='ltr'><strong>pro</strong></span> <span class='ocrx_word' id='word_1_272' title='bbox 1594 1928 1790 1998; x_wconf 78' lang='lat' dir='ltr'><strong>quibus</strong></span> <span class='ocrx_word' id='word_1_273' title='bbox 1833 1929 2154 2001; x_wconf 80' lang='lat' dir='ltr'><strong>sanguinem</strong></span> <span class='ocrx_word' id='word_1_274' title='bbox 2256 1927 2439 1984; x_wconf 85' lang='lat' dir='ltr'><strong>carnis</strong></span> <span class='ocrx_word' id='word_1_275' title='bbox 2463 1926 2829 1997; x_wconf 87' lang='lat' dir='ltr'><strong>amplectitur,</strong></span> <span class='ocrx_word' id='word_1_276' title='bbox 2861 1925 3196 1996; x_wconf 79' lang='lat' dir='ltr'><strong>respondens</strong></span> <span class='ocrx_word' id='word_1_277' title='bbox 3224 1943 3238 1980; x_wconf 92' lang='lat'><strong>:</strong></span> 
     </span>
    </p>
   </div>
   <div class='ocr_carea' id='block_1_19' title="bbox 562 2011 3854 2088">
    <p class='ocr_par' dir='ltr' id='par_1_19' title="bbox 562 2011 3854 2088">
     <span class='ocr_line' id='line_1_19' title="bbox 562 2011 3854 2088; baseline 0 -21"><span class='ocrx_word' id='word_1_278' title='bbox 562 2011 727 2069; x_wconf 70' lang='lat' dir='ltr'><strong>:‘udit.</strong></span> <span class='ocrx_word' id='word_1_279' title='bbox 754 2016 978 2071; x_wconf 79' lang='lat' dir='ltr'><strong>Dixerat</strong></span> <span class='ocrx_word' id='word_1_280' title='bbox 1008 2033 1138 2088; x_wconf 85' lang='lat' dir='ltr'><strong>ergo</strong></span> <span class='ocrx_word' id='word_1_281' title='bbox 1168 2020 1235 2072; x_wconf 90' lang='lat' dir='ltr'><strong>ad</strong></span> <span class='ocrx_word' id='word_1_282' title='bbox 1271 2033 1391 2074; x_wconf 89' lang='lat' dir='ltr'><strong>eam</strong></span> <span class='ocrx_word' id='word_1_283' title='bbox 1420 2017 1615 2075; x_wconf 80' lang='lat' dir='ltr'><strong>Jesus:</strong></span> <span class='ocrx_word' id='word_1_284' title='bbox 2336 2035 2353 2068; x_wconf 73' lang='grc' dir='ltr'><strong>ι</strong></span> <span class='ocrx_word' id='word_1_285' title='bbox 2382 2018 2627 2077; x_wconf 88' lang='lat' dir='ltr'><strong>Domine,</strong></span> <span class='ocrx_word' id='word_1_286' title='bbox 2668 2017 2736 2073; x_wconf 82' lang='lat' dir='ltr'><strong>da</strong></span> <span class='ocrx_word' id='word_1_287' title='bbox 2770 2016 2903 2071; x_wconf 87' lang='lat' dir='ltr'><strong>mihi</strong></span> <span class='ocrx_word' id='word_1_288' title='bbox 2952 2016 3094 2073; x_wconf 89' lang='lat' dir='ltr'><strong>hanc</strong></span> <span class='ocrx_word' id='word_1_289' title='bbox 3138 2030 3358 2086; x_wconf 82' lang='lat' dir='ltr'><strong>aquam,</strong></span> <span class='ocrx_word' id='word_1_290' title='bbox 3399 2024 3459 2070; x_wconf 92' lang='lat' dir='ltr'><strong>ut</strong></span> <span class='ocrx_word' id='word_1_291' title='bbox 3502 2030 3615 2070; x_wconf 87' lang='lat' dir='ltr'><strong>non</strong></span> <span class='ocrx_word' id='word_1_292' title='bbox 3652 2014 3854 2080; x_wconf 81' lang='lat' dir='ltr'><strong>sitiam,</strong></span> 
     </span>
    </p>
   </div>
   <div class='ocr_carea' id='block_1_20' title="bbox 644 2106 3850 2183">
    <p class='ocr_par' dir='ltr' id='par_1_20' title="bbox 644 2106 3850 2183">
     <span class='ocr_line' id='line_1_20' title="bbox 644 2106 3850 2183; baseline 0.001 -23"><span class='ocrx_word' id='word_1_293' title='bbox 644 2128 663 2159; x_wconf 85' lang='grc'><strong><em>‹</em></strong></span> <span class='ocrx_word' id='word_1_294' title='bbox 697 2109 909 2175; x_wconf 85' lang='lat' dir='ltr'><strong>Mulier,</strong></span> <span class='ocrx_word' id='word_1_295' title='bbox 935 2111 1004 2165; x_wconf 89' lang='lat' dir='ltr'><strong>da</strong></span> <span class='ocrx_word' id='word_1_296' title='bbox 1028 2112 1161 2166; x_wconf 91' lang='lat' dir='ltr'><strong>mihi</strong></span> <span class='ocrx_word' id='word_1_297' title='bbox 1187 2112 1391 2167; x_wconf 87' lang='lat' dir='ltr'><strong>bibere.</strong></span> <span class='ocrx_word' id='word_1_298' title='bbox 1439 2133 1456 2165; x_wconf 75' lang='grc' dir='ltr'><strong>ι</strong></span> <span class='ocrx_word' id='word_1_299' title='bbox 1500 2114 1567 2167; x_wconf 82' lang='lat' dir='ltr'><strong>Et</strong></span> <span class='ocrx_word' id='word_1_300' title='bbox 1593 2121 1651 2168; x_wconf 93' lang='lat' dir='ltr'><strong>ut</strong></span> <span class='ocrx_word' id='word_1_301' title='bbox 1679 2114 1896 2169; x_wconf 87' lang='lat' dir='ltr'><strong>noveris</strong></span> <span class='ocrx_word' id='word_1_302' title='bbox 1919 2113 2047 2183; x_wconf 89' lang='lat' dir='ltr'><strong>quid</strong></span> <span class='ocrx_word' id='word_1_303' title='bbox 2076 2114 2154 2169; x_wconf 91' lang='lat' dir='ltr'><strong>si-</strong></span> <span class='ocrx_word' id='word_1_304' title='bbox 2262 2132 2280 2163; x_wconf 74' lang='grc' dir='ltr'><strong>ι</strong></span> <span class='ocrx_word' id='word_1_305' title='bbox 2335 2126 2511 2182; x_wconf 92' lang='lat' dir='ltr'><strong>neque</strong></span> <span class='ocrx_word' id='word_1_306' title='bbox 2562 2112 2777 2165; x_wconf 88' lang='lat' dir='ltr'><strong>veniam</strong></span> <span class='ocrx_word' id='word_1_307' title='bbox 2835 2111 2943 2165; x_wconf 90' lang='lat' dir='ltr'><strong>huc</strong></span> <span class='ocrx_word' id='word_1_308' title='bbox 3005 2109 3247 2164; x_wconf 90' lang='lat' dir='ltr'><strong>haurire.</strong></span> <span class='ocrx_word' id='word_1_309' title='bbox 3302 2108 3449 2163; x_wconf 89' lang='lat' dir='ltr'><strong>Dicit</strong></span> <span class='ocrx_word' id='word_1_310' title='bbox 3499 2108 3553 2163; x_wconf 89' lang='lat' dir='ltr'><strong>ei</strong></span> <span class='ocrx_word' id='word_1_311' title='bbox 3627 2106 3795 2163; x_wconf 67' lang='lat' dir='ltr'><strong>Iesus</strong></span> <span class='ocrx_word' id='word_1_312' title='bbox 3835 2125 3850 2164; x_wconf 91' lang='lat'><strong>:</strong></span> 
     </span>
    </p>
   </div>
   <div class='ocr_carea' id='block_1_21' title="bbox 566 2196 3850 2273">
    <p class='ocr_par' dir='ltr' id='par_1_21' title="bbox 566 2196 3850 2273">
     <span class='ocr_line' id='line_1_21' title="bbox 566 2196 3850 2273; baseline 0.001 -20"><span class='ocrx_word' id='word_1_313' title='bbox 566 2196 735 2254; x_wconf 84' lang='lat' dir='ltr'><strong>tiebat</strong></span> <span class='ocrx_word' id='word_1_314' title='bbox 758 2200 1020 2257; x_wconf 90' lang='lat' dir='ltr'><strong>Dominus</strong></span> <span class='ocrx_word' id='word_1_315' title='bbox 1049 2212 1256 2267; x_wconf 86' lang='lat' dir='ltr'><strong>noster,</strong></span> <span class='ocrx_word' id='word_1_316' title='bbox 1286 2212 1411 2273; x_wconf 85' lang='lat' dir='ltr'><strong>post</strong></span> <span class='ocrx_word' id='word_1_317' title='bbox 1437 2203 1711 2273; x_wconf 85' lang='lat' dir='ltr'><strong>paululum</strong></span> <span class='ocrx_word' id='word_1_318' title='bbox 1743 2205 1967 2259; x_wconf 90' lang='lat' dir='ltr'><strong>veniunt</strong></span> <span class='ocrx_word' id='word_1_319' title='bbox 1996 2205 2157 2259; x_wconf 87' lang='lat' dir='ltr'><strong>disci—</strong></span> <span class='ocrx_word' id='word_1_320' title='bbox 2261 2226 2280 2257; x_wconf 75' lang='grc' dir='ltr'><strong>ι</strong></span> <span class='ocrx_word' id='word_1_321' title='bbox 2312 2206 2490 2269; x_wconf 79' lang='lat' dir='ltr'><strong>Vade,</strong></span> <span class='ocrx_word' id='word_1_322' title='bbox 2538 2220 2672 2261; x_wconf 91' lang='lat' dir='ltr'><strong>voca</strong></span> <span class='ocrx_word' id='word_1_323' title='bbox 2723 2205 2896 2260; x_wconf 89' lang='lat' dir='ltr'><strong>virum</strong></span> <span class='ocrx_word' id='word_1_324' title='bbox 2949 2212 3132 2269; x_wconf 91' lang='lat' dir='ltr'><strong>tuum,</strong></span> <span class='ocrx_word' id='word_1_325' title='bbox 3181 2211 3238 2258; x_wconf 92' lang='lat' dir='ltr'><strong>et</strong></span> <span class='ocrx_word' id='word_1_326' title='bbox 3282 2203 3407 2258; x_wconf 87' lang='lat' dir='ltr'><strong>veni</strong></span> <span class='ocrx_word' id='word_1_327' title='bbox 3456 2202 3581 2257; x_wconf 89' lang='lat' dir='ltr'><strong>huc.</strong></span> <span class='ocrx_word' id='word_1_328' title='bbox 3632 2221 3657 2253; x_wconf 72' lang='grc' dir='ltr'><strong><em>ο</em></strong></span> <span class='ocrx_word' id='word_1_329' title='bbox 3718 2201 3850 2256; x_wconf 72' lang='lat' dir='ltr'><strong>Cum</strong></span> 
     </span>
    </p>
   </div>
   <div class='ocr_carea' id='block_1_22' title="bbox 562 2289 3850 2365">
    <p class='ocr_par' dir='ltr' id='par_1_22' title="bbox 562 2289 3850 2365">
     <span class='ocr_line' id='line_1_22' title="bbox 562 2289 3850 2365; baseline 0.002 -22"><span class='ocrx_word' id='word_1_330' title='bbox 562 2289 677 2359; x_wconf 83' lang='lat' dir='ltr'><strong>puli</strong></span> <span class='ocrx_word' id='word_1_331' title='bbox 715 2291 862 2361; x_wconf 90' lang='lat' dir='ltr'><strong>ejus,</strong></span> <span class='ocrx_word' id='word_1_332' title='bbox 911 2294 1004 2364; x_wconf 87' lang='lat' dir='ltr'><strong>qui</strong></span> <span class='ocrx_word' id='word_1_333' title='bbox 1054 2306 1404 2363; x_wconf 79' lang='lat' dir='ltr'><strong>perrexerant</strong></span> <span class='ocrx_word' id='word_1_334' title='bbox 1445 2296 1498 2349; x_wconf 89' lang='lat' dir='ltr'><strong>in</strong></span> <span class='ocrx_word' id='word_1_335' title='bbox 1554 2298 1863 2362; x_wconf 88' lang='lat' dir='ltr'><strong>civitatem,</strong></span> <span class='ocrx_word' id='word_1_336' title='bbox 1901 2308 1962 2351; x_wconf 89' lang='lat' dir='ltr'><strong>ut</strong></span> <span class='ocrx_word' id='word_1_337' title='bbox 2005 2299 2155 2353; x_wconf 86' lang='lat' dir='ltr'><strong>cibos</strong></span> <span class='ocrx_word' id='word_1_338' title='bbox 2255 2299 2425 2353; x_wconf 86' lang='lat' dir='ltr'><strong>sciret</strong></span> <span class='ocrx_word' id='word_1_339' title='bbox 2450 2311 2570 2352; x_wconf 87' lang='lat' dir='ltr'><strong>eam</strong></span> <span class='ocrx_word' id='word_1_340' title='bbox 2602 2296 2778 2351; x_wconf 88' lang='lat' dir='ltr'><strong>virum</strong></span> <span class='ocrx_word' id='word_1_341' title='bbox 2813 2310 2921 2353; x_wconf 90' lang='lat' dir='ltr'><strong>non</strong></span> <span class='ocrx_word' id='word_1_342' title='bbox 2948 2295 3173 2361; x_wconf 88' lang='lat' dir='ltr'><strong>habere,</strong></span> <span class='ocrx_word' id='word_1_343' title='bbox 3208 2310 3305 2351; x_wconf 90' lang='lat' dir='ltr'><strong>cur</strong></span> <span class='ocrx_word' id='word_1_344' title='bbox 3327 2295 3432 2350; x_wconf 83' lang='lat' dir='ltr'><strong>hoc</strong></span> <span class='ocrx_word' id='word_1_345' title='bbox 3458 2293 3663 2350; x_wconf 75' lang='lat' dir='ltr'><strong>dixerit</strong></span> <span class='ocrx_word' id='word_1_346' title='bbox 3704 2310 3850 2365; x_wconf 66' lang='lat' dir='ltr'><strong>que-</strong></span> 
     </span>
    </p>
   </div>
   <div class='ocr_carea' id='block_1_23' title="bbox 561 2385 3346 2457">
    <p class='ocr_par' dir='ltr' id='par_1_23' title="bbox 561 2385 3346 2457">
     <span class='ocr_line' id='line_1_23' title="bbox 561 2385 3346 2457; baseline 0.001 -22"><span class='ocrx_word' id='word_1_347' title='bbox 561 2392 825 2438; x_wconf 86' lang='lat' dir='ltr'><strong>emerent.</strong></span> <span class='ocrx_word' id='word_1_348' title='bbox 864 2401 883 2437; x_wconf 76' lang='lat' dir='ltr'><strong>t</strong></span> <span class='ocrx_word' id='word_1_349' title='bbox 934 2387 1130 2441; x_wconf 92' lang='lat' dir='ltr'><strong>Dicunt</strong></span> <span class='ocrx_word' id='word_1_350' title='bbox 1157 2388 1205 2441; x_wconf 92' lang='lat' dir='ltr'><strong>ei</strong></span> <span class='ocrx_word' id='word_1_351' title='bbox 1234 2406 1246 2440; x_wconf 92' lang='lat'><strong>:</strong></span> <span class='ocrx_word' id='word_1_352' title='bbox 1280 2387 1470 2451; x_wconf 83' lang='lat' dir='ltr'><strong>Rabbi,</strong></span> <span class='ocrx_word' id='word_1_353' title='bbox 1504 2389 1795 2445; x_wconf 88' lang='lat' dir='ltr'><strong>manduca.</strong></span> <span class='ocrx_word' id='word_1_354' title='bbox 1846 2390 1939 2445; x_wconf 92' lang='lat' dir='ltr'><strong>llle</strong></span> <span class='ocrx_word' id='word_1_355' title='bbox 1973 2399 2153 2445; x_wconf 88' lang='lat' dir='ltr'><strong>autem</strong></span> <span class='ocrx_word' id='word_1_356' title='bbox 2255 2389 2415 2442; x_wconf 89' lang='lat' dir='ltr'><strong>ritur.</strong></span> <span class='ocrx_word' id='word_1_357' title='bbox 2445 2387 2690 2457; x_wconf 86' lang='lat' dir='ltr'><strong>Namque</strong></span> <span class='ocrx_word' id='word_1_358' title='bbox 2722 2401 2846 2441; x_wconf 91' lang='lat' dir='ltr'><strong>cum</strong></span> <span class='ocrx_word' id='word_1_359' title='bbox 2886 2385 3082 2441; x_wconf 87' lang='lat' dir='ltr'><strong>mulier</strong></span> <span class='ocrx_word' id='word_1_360' title='bbox 3108 2386 3346 2442; x_wconf 75' lang='lat' dir='ltr'><strong>dixerit:</strong></span> 
     </span>
    </p>
   </div>
   <div class='ocr_carea' id='block_1_24' title="bbox 560 2472 3845 2553">
    <p class='ocr_par' dir='ltr' id='par_1_24' title="bbox 560 2472 3845 2553">
     <span class='ocr_line' id='line_1_24' title="bbox 560 2472 3845 2553; baseline 0.003 -25"><span class='ocrx_word' id='word_1_361' title='bbox 560 2472 699 2528; x_wconf 82' lang='lat' dir='ltr'><strong>dixit</strong></span> <span class='ocrx_word' id='word_1_362' title='bbox 724 2475 804 2531; x_wconf 88' lang='lat' dir='ltr'><strong>eis</strong></span> <span class='ocrx_word' id='word_1_363' title='bbox 835 2494 848 2529; x_wconf 91' lang='lat'><strong>:</strong></span> <span class='ocrx_word' id='word_1_364' title='bbox 905 2474 1018 2548; x_wconf 85' lang='lat' dir='ltr'><strong>Ego</strong></span> <span class='ocrx_word' id='word_1_365' title='bbox 1059 2478 1233 2533; x_wconf 86' lang='lat' dir='ltr'><strong>habeo</strong></span> <span class='ocrx_word' id='word_1_366' title='bbox 1263 2494 1446 2533; x_wconf 89' lang='lat' dir='ltr'><strong>escam</strong></span> <span class='ocrx_word' id='word_1_367' title='bbox 1483 2480 1813 2536; x_wconf 85' lang='lat' dir='ltr'><strong>manducare</strong></span> <span class='ocrx_word' id='word_1_368' title='bbox 1854 2497 2017 2551; x_wconf 87' lang='lat' dir='ltr'><strong>quam</strong></span> <span class='ocrx_word' id='word_1_369' title='bbox 2057 2495 2155 2537; x_wconf 88' lang='lat' dir='ltr'><strong>vos</strong></span> <span class='ocrx_word' id='word_1_370' title='bbox 2306 2498 2350 2553; x_wconf 22' lang='grc' dir='ltr'><strong>ἦ(</strong></span> <span class='ocrx_word' id='word_1_371' title='bbox 2378 2476 2494 2532; x_wconf 87' lang='lat' dir='ltr'><strong>Non</strong></span> <span class='ocrx_word' id='word_1_372' title='bbox 2533 2476 2708 2531; x_wconf 77' lang='lat' dir='ltr'><strong>habeo</strong></span> <span class='ocrx_word' id='word_1_373' title='bbox 2744 2476 2939 2542; x_wconf 73' lang='lat' dir='ltr'><strong>Virum.</strong></span> <span class='ocrx_word' id='word_1_374' title='bbox 2973 2476 3108 2532; x_wconf 68' lang='lat' dir='ltr'><strong>dixit</strong></span> <span class='ocrx_word' id='word_1_375' title='bbox 3137 2477 3189 2530; x_wconf 78' lang='lat' dir='ltr'><strong>ei</strong></span> <span class='ocrx_word' id='word_1_376' title='bbox 3226 2474 3424 2532; x_wconf 66' lang='lat'><strong>16808!</strong></span> <span class='ocrx_word' id='word_1_377' title='bbox 3452 2475 3589 2531; x_wconf 78' lang='lat' dir='ltr'><strong>Bene</strong></span> <span class='ocrx_word' id='word_1_378' title='bbox 3624 2475 3845 2543; x_wconf 56' lang='lat' dir='ltr'><strong>dixis“.</strong></span> 
     </span>
    </p>
   </div>
   <div class='ocr_carea' id='block_1_25' title="bbox 561 2564 3837 2639">
    <p class='ocr_par' dir='ltr' id='par_1_25' title="bbox 561 2564 3837 2639">
     <span class='ocr_line' id='line_1_25' title="bbox 561 2564 3837 2639; baseline 0.001 -20"><span class='ocrx_word' id='word_1_379' title='bbox 561 2564 803 2620; x_wconf 81' lang='lat' dir='ltr'><strong>nescitis.</strong></span> <span class='ocrx_word' id='word_1_380' title='bbox 829 2565 1026 2623; x_wconf 91' lang='lat' dir='ltr'><strong>Dicunt</strong></span> <span class='ocrx_word' id='word_1_381' title='bbox 1056 2568 1305 2639; x_wconf 86' lang='lat' dir='ltr'><strong>discipuli</strong></span> <span class='ocrx_word' id='word_1_382' title='bbox 1357 2569 1475 2638; x_wconf 89' lang='lat' dir='ltr'><strong>ejus</strong></span> <span class='ocrx_word' id='word_1_383' title='bbox 1504 2573 1571 2625; x_wconf 90' lang='lat' dir='ltr'><strong>ad</strong></span> <span class='ocrx_word' id='word_1_384' title='bbox 1602 2572 1927 2627; x_wconf 91' lang='lat' dir='ltr'><strong>alterutrum</strong></span> <span class='ocrx_word' id='word_1_385' title='bbox 1960 2589 1975 2627; x_wconf 96' lang='lat'><strong>:</strong></span> <span class='ocrx_word' id='word_1_386' title='bbox 2008 2573 2154 2628; x_wconf 83' lang='lat' dir='ltr'><strong>Nun-</strong></span> <span class='ocrx_word' id='word_1_387' title='bbox 2259 2589 2279 2622; x_wconf 74' lang='lat' dir='ltr'><strong>c</strong></span> <span class='ocrx_word' id='word_1_388' title='bbox 2309 2585 2415 2624; x_wconf 89' lang='lat' dir='ltr'><strong>non</strong></span> <span class='ocrx_word' id='word_1_389' title='bbox 2448 2568 2623 2624; x_wconf 81' lang='lat' dir='ltr'><strong>habeo</strong></span> <span class='ocrx_word' id='word_1_390' title='bbox 2647 2568 2858 2633; x_wconf 89' lang='lat' dir='ltr'><strong>virum;</strong></span> <span class='ocrx_word' id='word_1_391' title='bbox 2905 2566 3144 2638; x_wconf 90' lang='lat' dir='ltr'><strong>quinque</strong></span> <span class='ocrx_word' id='word_1_392' title='bbox 3186 2566 3333 2621; x_wconf 91' lang='lat' dir='ltr'><strong>enim</strong></span> <span class='ocrx_word' id='word_1_393' title='bbox 3383 2567 3522 2622; x_wconf 81' lang='lat' dir='ltr'><strong>viros</strong></span> <span class='ocrx_word' id='word_1_394' title='bbox 3564 2566 3837 2631; x_wconf 84' lang='lat' dir='ltr'><strong>habuisti,</strong></span> 
     </span>
    </p>
   </div>
   <div class='ocr_carea' id='block_1_26' title="bbox 560 2654 3841 2729">
    <p class='ocr_par' dir='ltr' id='par_1_26' title="bbox 560 2654 3841 2729">
     <span class='ocr_line' id='line_1_26' title="bbox 560 2654 3841 2729; baseline 0.004 -19"><span class='ocrx_word' id='word_1_395' title='bbox 560 2656 693 2725; x_wconf 89' lang='lat' dir='ltr'><strong>quid</strong></span> <span class='ocrx_word' id='word_1_396' title='bbox 722 2657 919 2727; x_wconf 89' lang='lat' dir='ltr'><strong>aliquis</strong></span> <span class='ocrx_word' id='word_1_397' title='bbox 961 2660 1142 2714; x_wconf 91' lang='lat' dir='ltr'><strong>attulit</strong></span> <span class='ocrx_word' id='word_1_398' title='bbox 1183 2661 1232 2715; x_wconf 92' lang='lat' dir='ltr'><strong>ei</strong></span> <span class='ocrx_word' id='word_1_399' title='bbox 1276 2662 1644 2717; x_wconf 85' lang='lat' dir='ltr'><strong>manducare?</strong></span> <span class='ocrx_word' id='word_1_400' title='bbox 1673 2663 1815 2717; x_wconf 89' lang='lat' dir='ltr'><strong>Dicit</strong></span> <span class='ocrx_word' id='word_1_401' title='bbox 1838 2664 1919 2718; x_wconf 89' lang='lat' dir='ltr'><strong>eis</strong></span> <span class='ocrx_word' id='word_1_402' title='bbox 1948 2663 2148 2720; x_wconf 84' lang='lat' dir='ltr'><strong>Jesus:</strong></span> <span class='ocrx_word' id='word_1_403' title='bbox 2260 2679 2278 2711; x_wconf 71' lang='grc' dir='ltr'><strong>ι</strong></span> <span class='ocrx_word' id='word_1_404' title='bbox 2308 2668 2361 2714; x_wconf 72' lang='lat' dir='ltr'><strong>et</strong></span> <span class='ocrx_word' id='word_1_405' title='bbox 2395 2675 2537 2714; x_wconf 80' lang='lat' dir='ltr'><strong>nunc</strong></span> <span class='ocrx_word' id='word_1_406' title='bbox 2580 2674 2742 2729; x_wconf 83' lang='lat' dir='ltr'><strong>quem</strong></span> <span class='ocrx_word' id='word_1_407' title='bbox 2782 2657 2970 2723; x_wconf 64' lang='lat' dir='ltr'><strong>habes.</strong></span> <span class='ocrx_word' id='word_1_408' title='bbox 3012 2672 3118 2712; x_wconf 81' lang='grc' dir='ltr'><strong>ηοη</strong></span> <span class='ocrx_word' id='word_1_409' title='bbox 3149 2664 3236 2712; x_wconf 72' lang='grc' dir='ltr'><strong>εει</strong></span> <span class='ocrx_word' id='word_1_410' title='bbox 3269 2664 3397 2711; x_wconf 65' lang='lat' dir='ltr'><strong>“HIS</strong></span> <span class='ocrx_word' id='word_1_411' title='bbox 3437 2657 3528 2711; x_wconf 66' lang='grc' dir='ltr'><strong>νίΐ·</strong></span> <span class='ocrx_word' id='word_1_412' title='bbox 3564 2654 3677 2710; x_wconf 65' lang='lat'><strong>“00</strong></span> <span class='ocrx_word' id='word_1_413' title='bbox 3699 2669 3841 2710; x_wconf 63' lang='lat' dir='ltr'><strong>Vm</strong></span> 
     </span>
    </p>
   </div>
   <div class='ocr_carea' id='block_1_27' title="bbox 563 2744 3842 2823">
    <p class='ocr_par' dir='ltr' id='par_1_27' title="bbox 563 2744 3842 2823">
     <span class='ocr_line' id='line_1_27' title="bbox 563 2744 3842 2823; baseline 0.003 -23"><span class='ocrx_word' id='word_1_414' title='bbox 563 2744 718 2803; x_wconf 86' lang='lat' dir='ltr'><strong>Meus</strong></span> <span class='ocrx_word' id='word_1_415' title='bbox 747 2748 903 2803; x_wconf 88' lang='lat' dir='ltr'><strong>cibus</strong></span> <span class='ocrx_word' id='word_1_416' title='bbox 926 2757 1030 2815; x_wconf 87' lang='lat' dir='ltr'><strong>est,</strong></span> <span class='ocrx_word' id='word_1_417' title='bbox 1064 2759 1125 2803; x_wconf 91' lang='lat' dir='ltr'><strong>ut</strong></span> <span class='ocrx_word' id='word_1_418' title='bbox 1154 2749 1346 2805; x_wconf 84' lang='lat' dir='ltr'><strong>faciam</strong></span> <span class='ocrx_word' id='word_1_419' title='bbox 1376 2753 1707 2807; x_wconf 80' lang='lat' dir='ltr'><strong>voluntatem</strong></span> <span class='ocrx_word' id='word_1_420' title='bbox 1736 2753 1853 2820; x_wconf 86' lang='lat' dir='ltr'><strong>ejus</strong></span> <span class='ocrx_word' id='word_1_421' title='bbox 1877 2755 1971 2823; x_wconf 88' lang='lat' dir='ltr'><strong>qui</strong></span> <span class='ocrx_word' id='word_1_422' title='bbox 2002 2756 2152 2812; x_wconf 89' lang='lat' dir='ltr'><strong>misit</strong></span> <span class='ocrx_word' id='word_1_423' title='bbox 2258 2770 2278 2803; x_wconf 71' lang='grc' dir='ltr'><strong>ι</strong></span> <span class='ocrx_word' id='word_1_424' title='bbox 2310 2752 2512 2807; x_wconf 76' lang='lat' dir='ltr'><strong>dixisti.</strong></span> <span class='ocrx_word' id='word_1_425' title='bbox 2549 2772 2566 2803; x_wconf 73' lang='grc' dir='ltr'><strong>ι</strong></span> <span class='ocrx_word' id='word_1_426' title='bbox 2612 2750 2719 2806; x_wconf 83' lang='lat' dir='ltr'><strong>Sed</strong></span> <span class='ocrx_word' id='word_1_427' title='bbox 2744 2765 2849 2805; x_wconf 87' lang='lat' dir='ltr'><strong>non</strong></span> <span class='ocrx_word' id='word_1_428' title='bbox 2880 2749 3144 2806; x_wconf 75' lang='lat' dir='ltr'><strong>sunthaec</strong></span> <span class='ocrx_word' id='word_1_429' title='bbox 3171 2748 3467 2804; x_wconf 76' lang='lat' dir='ltr'><strong>carnaliter</strong></span> <span class='ocrx_word' id='word_1_430' title='bbox 3494 2747 3842 2818; x_wconf 71' lang='lat' dir='ltr'><strong>accipienda.</strong></span> 
     </span>
    </p>
   </div>
   <div class='ocr_carea' id='block_1_28' title="bbox 563 2839 3842 2917">
    <p class='ocr_par' dir='ltr' id='par_1_28' title="bbox 563 2839 3842 2917">
     <span class='ocr_line' id='line_1_28' title="bbox 563 2839 3842 2917; baseline 0.002 -27"><span class='ocrx_word' id='word_1_431' title='bbox 563 2851 672 2903; x_wconf 89' lang='lat' dir='ltr'><strong>me,</strong></span> <span class='ocrx_word' id='word_1_432' title='bbox 701 2846 764 2893; x_wconf 88' lang='lat' dir='ltr'><strong>ut</strong></span> <span class='ocrx_word' id='word_1_433' title='bbox 785 2840 1064 2907; x_wconf 87' lang='lat' dir='ltr'><strong>perficiam</strong></span> <span class='ocrx_word' id='word_1_434' title='bbox 1096 2855 1232 2909; x_wconf 91' lang='lat' dir='ltr'><strong>epus</strong></span> <span class='ocrx_word' id='word_1_435' title='bbox 1259 2842 1396 2912; x_wconf 78' lang='lat' dir='ltr'><strong>ejus.</strong></span> <span class='ocrx_word' id='word_1_436' title='bbox 1430 2863 1447 2895; x_wconf 76' lang='grc' dir='ltr'><strong>ι</strong></span> <span class='ocrx_word' id='word_1_437' title='bbox 1486 2842 1734 2913; x_wconf 86' lang='lat' dir='ltr'><strong>Nunquid</strong></span> <span class='ocrx_word' id='word_1_438' title='bbox 1780 2844 1868 2899; x_wconf 90' lang='lat' dir='ltr'><strong>hic</strong></span> <span class='ocrx_word' id='word_1_439' title='bbox 1900 2845 2152 2917; x_wconf 80' lang='lat' dir='ltr'><strong>intelligi-</strong></span> <span class='ocrx_word' id='word_1_440' title='bbox 2252 2860 2321 2899; x_wconf 90' lang='lat' dir='ltr'><strong>ne</strong></span> <span class='ocrx_word' id='word_1_441' title='bbox 2346 2843 2471 2897; x_wconf 86' lang='lat' dir='ltr'><strong>huic</strong></span> <span class='ocrx_word' id='word_1_442' title='bbox 2502 2843 2599 2911; x_wconf 87' lang='lat' dir='ltr'><strong>ipsi</strong></span> <span class='ocrx_word' id='word_1_443' title='bbox 2633 2842 2811 2897; x_wconf 89' lang='lat' dir='ltr'><strong>adhuc</strong></span> <span class='ocrx_word' id='word_1_444' title='bbox 2841 2841 3053 2896; x_wconf 90' lang='lat' dir='ltr'><strong>mulieri</strong></span> <span class='ocrx_word' id='word_1_445' title='bbox 3084 2839 3442 2897; x_wconf 75' lang='lat' dir='ltr'><strong>Samaritana:</strong></span> <span class='ocrx_word' id='word_1_446' title='bbox 3478 2840 3679 2897; x_wconf 87' lang='lat' dir='ltr'><strong>similes</strong></span> <span class='ocrx_word' id='word_1_447' title='bbox 3714 2855 3842 2898; x_wconf 68' lang='lat' dir='ltr'><strong>esse</strong></span> 
     </span>
    </p>
   </div>
   <div class='ocr_carea' id='block_1_29' title="bbox 562 2927 3840 3005">
    <p class='ocr_par' dir='ltr' id='par_1_29' title="bbox 562 2927 3840 3005">
     <span class='ocr_line' id='line_1_29' title="bbox 562 2927 3840 3005; baseline 0.002 -26"><span class='ocrx_word' id='word_1_448' title='bbox 562 2933 654 2982; x_wconf 91' lang='lat' dir='ltr'><strong>tur</strong></span> <span class='ocrx_word' id='word_1_449' title='bbox 679 2927 783 2983; x_wconf 82' lang='lat' dir='ltr'><strong>alia</strong></span> <span class='ocrx_word' id='word_1_450' title='bbox 802 2929 1055 2985; x_wconf 88' lang='lat' dir='ltr'><strong>voluntas</strong></span> <span class='ocrx_word' id='word_1_451' title='bbox 1083 2929 1261 2985; x_wconf 87' lang='lat' dir='ltr'><strong>Patris</strong></span> <span class='ocrx_word' id='word_1_452' title='bbox 1283 2932 1375 3000; x_wconf 90' lang='lat' dir='ltr'><strong>qui</strong></span> <span class='ocrx_word' id='word_1_453' title='bbox 1398 2947 1523 2987; x_wconf 90' lang='lat' dir='ltr'><strong>eum</strong></span> <span class='ocrx_word' id='word_1_454' title='bbox 1548 2933 1717 2997; x_wconf 86' lang='lat' dir='ltr'><strong>misit,</strong></span> <span class='ocrx_word' id='word_1_455' title='bbox 1765 2942 1825 2987; x_wconf 91' lang='lat' dir='ltr'><strong>ut</strong></span> <span class='ocrx_word' id='word_1_456' title='bbox 1870 2949 2008 3005; x_wconf 86' lang='lat' dir='ltr'><strong>epus</strong></span> <span class='ocrx_word' id='word_1_457' title='bbox 2035 2935 2151 3001; x_wconf 84' lang='lat' dir='ltr'><strong>ejus</strong></span> <span class='ocrx_word' id='word_1_458' title='bbox 2252 2934 2533 2989; x_wconf 86' lang='lat' dir='ltr'><strong>videamur</strong></span> <span class='ocrx_word' id='word_1_459' title='bbox 2563 2947 2577 2986; x_wconf 92' lang='lat'><strong>:</strong></span> <span class='ocrx_word' id='word_1_460' title='bbox 2606 2932 2699 2987; x_wconf 92' lang='lat' dir='ltr'><strong>sed</strong></span> <span class='ocrx_word' id='word_1_461' title='bbox 2727 2932 2794 2988; x_wconf 91' lang='lat' dir='ltr'><strong>de</strong></span> <span class='ocrx_word' id='word_1_462' title='bbox 2822 2931 2914 2986; x_wconf 91' lang='lat' dir='ltr'><strong>illo</strong></span> <span class='ocrx_word' id='word_1_463' title='bbox 2942 2932 3085 2987; x_wconf 91' lang='lat' dir='ltr'><strong>dono</strong></span> <span class='ocrx_word' id='word_1_464' title='bbox 3110 2932 3241 2997; x_wconf 91' lang='lat' dir='ltr'><strong>Dei,</strong></span> <span class='ocrx_word' id='word_1_465' title='bbox 3267 2932 3314 2988; x_wconf 92' lang='lat' dir='ltr'><strong>si</strong></span> <span class='ocrx_word' id='word_1_466' title='bbox 3344 2932 3546 3002; x_wconf 88' lang='lat' dir='ltr'><strong>aliquid</strong></span> <span class='ocrx_word' id='word_1_467' title='bbox 3581 2931 3696 3001; x_wconf 82' lang='lat' dir='ltr'><strong>jam</strong></span> <span class='ocrx_word' id='word_1_468' title='bbox 3742 2947 3840 3001; x_wconf 72' lang='lat' dir='ltr'><strong>gu-</strong></span> 
     </span>
    </p>
   </div>
   <div class='ocr_carea' id='block_1_30' title="bbox 559 3020 3845 3099">
    <p class='ocr_par' dir='ltr' id='par_1_30' title="bbox 559 3020 3845 3099">
     <span class='ocr_line' id='line_1_30' title="bbox 559 3020 3845 3099; baseline 0.001 -25"><span class='ocrx_word' id='word_1_469' title='bbox 559 3020 827 3088; x_wconf 83' lang='lat' dir='ltr'><strong>perfieere</strong></span> <span class='ocrx_word' id='word_1_470' title='bbox 846 3021 1029 3085; x_wconf 85' lang='lat' dir='ltr'><strong>vellet,</strong></span> <span class='ocrx_word' id='word_1_471' title='bbox 1058 3024 1159 3077; x_wconf 90' lang='lat' dir='ltr'><strong>nisi</strong></span> <span class='ocrx_word' id='word_1_472' title='bbox 1188 3033 1245 3077; x_wconf 92' lang='lat' dir='ltr'><strong>ut</strong></span> <span class='ocrx_word' id='word_1_473' title='bbox 1277 3039 1376 3078; x_wconf 90' lang='lat' dir='ltr'><strong>nos</strong></span> <span class='ocrx_word' id='word_1_474' title='bbox 1401 3024 1467 3079; x_wconf 91' lang='lat' dir='ltr'><strong>ad</strong></span> <span class='ocrx_word' id='word_1_475' title='bbox 1495 3025 1654 3079; x_wconf 85' lang='lat' dir='ltr'><strong>fidem</strong></span> <span class='ocrx_word' id='word_1_476' title='bbox 1706 3042 1859 3082; x_wconf 92' lang='lat' dir='ltr'><strong>suam</strong></span> <span class='ocrx_word' id='word_1_477' title='bbox 1883 3043 1914 3082; x_wconf 90' lang='lat' dir='ltr'><strong>a</strong></span> <span class='ocrx_word' id='word_1_478' title='bbox 1967 3031 2149 3099; x_wconf 86' lang='lat' dir='ltr'><strong>perni-</strong></span> <span class='ocrx_word' id='word_1_479' title='bbox 2250 3026 2532 3087; x_wconf 86' lang='lat' dir='ltr'><strong>stavimus,</strong></span> <span class='ocrx_word' id='word_1_480' title='bbox 2564 3023 2917 3099; x_wconf 72' lang='lat' dir='ltr'><strong>Spiritualiter</strong></span> <span class='ocrx_word' id='word_1_481' title='bbox 2956 3024 3059 3078; x_wconf 91' lang='lat' dir='ltr'><strong>ista</strong></span> <span class='ocrx_word' id='word_1_482' title='bbox 3093 3030 3409 3079; x_wconf 88' lang='lat' dir='ltr'><strong>tractemus.</strong></span> <span class='ocrx_word' id='word_1_483' title='bbox 3466 3023 3723 3092; x_wconf 85' lang='lat' dir='ltr'><strong>Quinque</strong></span> <span class='ocrx_word' id='word_1_484' title='bbox 3760 3021 3845 3078; x_wconf 84' lang='lat' dir='ltr'><strong>vi-</strong></span> 
     </span>
    </p>
   </div>
   <div class='ocr_carea' id='block_1_31' title="bbox 558 3110 3845 3189">
    <p class='ocr_par' dir='ltr' id='par_1_31' title="bbox 558 3110 3845 3189">
     <span class='ocr_line' id='line_1_31' title="bbox 558 3110 3845 3189; baseline 0.002 -24"><span class='ocrx_word' id='word_1_485' title='bbox 558 3110 713 3166; x_wconf 88' lang='lat' dir='ltr'><strong>cioso</strong></span> <span class='ocrx_word' id='word_1_486' title='bbox 741 3111 927 3167; x_wconf 89' lang='lat' dir='ltr'><strong>mundi</strong></span> <span class='ocrx_word' id='word_1_487' title='bbox 960 3127 1145 3168; x_wconf 89' lang='lat' dir='ltr'><strong>errore</strong></span> <span class='ocrx_word' id='word_1_488' title='bbox 1166 3115 1557 3170; x_wconf 78' lang='lat' dir='ltr'><strong>convertetet?</strong></span> <span class='ocrx_word' id='word_1_489' title='bbox 1597 3115 1787 3183; x_wconf 88' lang='lat' dir='ltr'><strong>Qualis</strong></span> <span class='ocrx_word' id='word_1_490' title='bbox 1814 3133 1945 3189; x_wconf 91' lang='lat' dir='ltr'><strong>ergo</strong></span> <span class='ocrx_word' id='word_1_491' title='bbox 1992 3120 2147 3176; x_wconf 86' lang='lat' dir='ltr'><strong>cibus</strong></span> <span class='ocrx_word' id='word_1_492' title='bbox 2177 3170 2217 3189; x_wconf 65' lang='grc' dir='ltr'>η</span> <span class='ocrx_word' id='word_1_493' title='bbox 2251 3134 2362 3183; x_wconf 92' lang='lat' dir='ltr'><strong>ros,</strong></span> <span class='ocrx_word' id='word_1_494' title='bbox 2391 3118 2628 3187; x_wconf 87' lang='lat' dir='ltr'><strong>quinque</strong></span> <span class='ocrx_word' id='word_1_495' title='bbox 2662 3115 2828 3170; x_wconf 83' lang='lat' dir='ltr'><strong>libros</strong></span> <span class='ocrx_word' id='word_1_496' title='bbox 2848 3156 2863 3182; x_wconf 96' lang='lat'><strong>,</strong></span> <span class='ocrx_word' id='word_1_497' title='bbox 2891 3115 2982 3185; x_wconf 87' lang='lat' dir='ltr'><strong>qui</strong></span> <span class='ocrx_word' id='word_1_498' title='bbox 3014 3130 3113 3186; x_wconf 88' lang='lat' dir='ltr'><strong>per</strong></span> <span class='ocrx_word' id='word_1_499' title='bbox 3135 3113 3345 3186; x_wconf 87' lang='lat' dir='ltr'><strong>Moysen</strong></span> <span class='ocrx_word' id='word_1_500' title='bbox 3371 3114 3669 3168; x_wconf 87' lang='lat' dir='ltr'><strong>ministrati</strong></span> <span class='ocrx_word' id='word_1_501' title='bbox 3698 3122 3845 3182; x_wconf 86' lang='lat' dir='ltr'><strong>sunt,</strong></span> 
     </span>
    </p>
   </div>
   <div class='ocr_carea' id='block_1_32' title="bbox 559 3170 3847 3277">
    <p class='ocr_par' dir='ltr' id='par_1_32' title="bbox 559 3170 3847 3277">
     <span class='ocr_line' id='line_1_32' title="bbox 559 3170 3847 3277; baseline 0.001 -21"><span class='ocrx_word' id='word_1_502' title='bbox 559 3201 699 3273; x_wconf 84' lang='lat' dir='ltr'><strong>ejus,</strong></span> <span class='ocrx_word' id='word_1_503' title='bbox 735 3202 857 3258; x_wconf 90' lang='lat' dir='ltr'><strong>talis</strong></span> <span class='ocrx_word' id='word_1_504' title='bbox 882 3213 937 3260; x_wconf 89' lang='lat' dir='ltr'><strong>et</strong></span> <span class='ocrx_word' id='word_1_505' title='bbox 966 3214 1147 3273; x_wconf 90' lang='lat' dir='ltr'><strong>potus.</strong></span> <span class='ocrx_word' id='word_1_506' title='bbox 1174 3207 1516 3277; x_wconf 85' lang='lat' dir='ltr'><strong>Quapropter</strong></span> <span class='ocrx_word' id='word_1_507' title='bbox 1552 3170 1657 3264; x_wconf 65' lang='lat' dir='ltr'><strong>hoc</strong></span> <span class='ocrx_word' id='word_1_508' title='bbox 1709 3208 1763 3263; x_wconf 90' lang='lat' dir='ltr'><strong>in</strong></span> <span class='ocrx_word' id='word_1_509' title='bbox 1814 3170 1907 3264; x_wconf 65' lang='lat' dir='ltr'><strong>ill;</strong></span> <span class='ocrx_word' id='word_1_510' title='bbox 1952 3211 2141 3267; x_wconf 82' lang='lat' dir='ltr'><strong>mulie-</strong></span> <span class='ocrx_word' id='word_1_511' title='bbox 2174 3170 2218 3233; x_wconf 68' lang='grc' dir='ltr'><strong>Ο</strong></span> <span class='ocrx_word' id='word_1_512' title='bbox 2250 3170 2495 3264; x_wconf 71' lang='lat' dir='ltr'><strong>nonnulli</strong></span> <span class='ocrx_word' id='word_1_513' title='bbox 2534 3170 2863 3277; x_wconf 37' lang='lat' dir='ltr'><strong>accipiunt:</strong></span> <span class='ocrx_word' id='word_1_514' title='bbox 2895 3170 3049 3273; x_wconf 75' lang='lat' dir='ltr'><strong>Quod</strong></span> <span class='ocrx_word' id='word_1_515' title='bbox 3103 3170 3288 3260; x_wconf 65' lang='lat' dir='ltr'><strong>autem</strong></span> <span class='ocrx_word' id='word_1_516' title='bbox 3332 3202 3530 3259; x_wconf 90' lang='lat' dir='ltr'><strong>dictum</strong></span> <span class='ocrx_word' id='word_1_517' title='bbox 3580 3214 3694 3272; x_wconf 88' lang='lat' dir='ltr'><strong>est,</strong></span> <span class='ocrx_word' id='word_1_518' title='bbox 3749 3226 3767 3258; x_wconf 81' lang='grc' dir='ltr'><strong>ι</strong></span> <span class='ocrx_word' id='word_1_519' title='bbox 3796 3170 3847 3260; x_wconf 59' lang='grc' dir='ltr'><strong>εἰ</strong></span> 
     </span>
    </p>
   </div>
   <div class='ocr_carea' id='block_1_33' title="bbox 560 3292 3848 3371">
    <p class='ocr_par' dir='ltr' id='par_1_33' title="bbox 560 3292 3848 3371">
     <span class='ocr_line' id='line_1_33' title="bbox 560 3292 3848 3371; baseline 0.003 -27"><span class='ocrx_word' id='word_1_520' title='bbox 560 3306 621 3346; x_wconf 89' lang='lat' dir='ltr'><strong>re</strong></span> <span class='ocrx_word' id='word_1_521' title='bbox 649 3292 889 3359; x_wconf 85' lang='lat' dir='ltr'><strong>sitiebat,</strong></span> <span class='ocrx_word' id='word_1_522' title='bbox 940 3304 1001 3349; x_wconf 92' lang='lat' dir='ltr'><strong>ut</strong></span> <span class='ocrx_word' id='word_1_523' title='bbox 1048 3295 1254 3352; x_wconf 85' lang='lat' dir='ltr'><strong>faceret</strong></span> <span class='ocrx_word' id='word_1_524' title='bbox 1294 3296 1349 3351; x_wconf 91' lang='lat' dir='ltr'><strong>in</strong></span> <span class='ocrx_word' id='word_1_525' title='bbox 1387 3313 1452 3352; x_wconf 90' lang='lat' dir='ltr'><strong>ea</strong></span> <span class='ocrx_word' id='word_1_526' title='bbox 1496 3297 1829 3354; x_wconf 85' lang='lat' dir='ltr'><strong>voluntatem</strong></span> <span class='ocrx_word' id='word_1_527' title='bbox 1852 3298 2052 3367; x_wconf 88' lang='lat' dir='ltr'><strong>Patris,</strong></span> <span class='ocrx_word' id='word_1_528' title='bbox 2086 3310 2145 3357; x_wconf 90' lang='lat' dir='ltr'><strong>ut</strong></span> <span class='ocrx_word' id='word_1_529' title='bbox 2247 3317 2392 3358; x_wconf 88' lang='lat' dir='ltr'><strong>nunc</strong></span> <span class='ocrx_word' id='word_1_530' title='bbox 2427 3316 2588 3371; x_wconf 87' lang='lat' dir='ltr'><strong>quem</strong></span> <span class='ocrx_word' id='word_1_531' title='bbox 2616 3300 2787 3355; x_wconf 89' lang='lat' dir='ltr'><strong>habes</strong></span> <span class='ocrx_word' id='word_1_532' title='bbox 2813 3313 2921 3353; x_wconf 89' lang='lat' dir='ltr'><strong>non</strong></span> <span class='ocrx_word' id='word_1_533' title='bbox 2952 3306 3035 3354; x_wconf 90' lang='lat' dir='ltr'><strong>est</strong></span> <span class='ocrx_word' id='word_1_534' title='bbox 3064 3305 3189 3353; x_wconf 91' lang='lat' dir='ltr'><strong>tuus</strong></span> <span class='ocrx_word' id='word_1_535' title='bbox 3216 3298 3332 3363; x_wconf 89' lang='lat' dir='ltr'><strong>vir,</strong></span> <span class='ocrx_word' id='word_1_536' title='bbox 3364 3316 3383 3348; x_wconf 81' lang='grc' dir='ltr'><strong>ι</strong></span> <span class='ocrx_word' id='word_1_537' title='bbox 3411 3296 3475 3351; x_wconf 88' lang='lat' dir='ltr'><strong>de</strong></span> <span class='ocrx_word' id='word_1_538' title='bbox 3508 3296 3703 3367; x_wconf 86' lang='lat' dir='ltr'><strong>seipse</strong></span> <span class='ocrx_word' id='word_1_539' title='bbox 3750 3298 3848 3355; x_wconf 86' lang='lat' dir='ltr'><strong>Do-</strong></span> 
     </span>
    </p>
   </div>
   <div class='ocr_carea' id='block_1_34' title="bbox 552 3382 3848 3463">
    <p class='ocr_par' dir='ltr' id='par_1_34' title="bbox 552 3382 3848 3463">
     <span class='ocr_line' id='line_1_34' title="bbox 552 3382 3848 3463; baseline 0.002 -25"><span class='ocrx_word' id='word_1_540' title='bbox 552 3382 840 3451; x_wconf 83' lang='lat' dir='ltr'><strong>perliceret</strong></span> <span class='ocrx_word' id='word_1_541' title='bbox 865 3399 1002 3454; x_wconf 89' lang='lat' dir='ltr'><strong>opus</strong></span> <span class='ocrx_word' id='word_1_542' title='bbox 1050 3384 1188 3455; x_wconf 88' lang='lat' dir='ltr'><strong>ejus.</strong></span> <span class='ocrx_word' id='word_1_543' title='bbox 1222 3386 1329 3443; x_wconf 89' lang='lat' dir='ltr'><strong>Sed</strong></span> <span class='ocrx_word' id='word_1_544' title='bbox 1359 3387 1449 3443; x_wconf 89' lang='lat' dir='ltr'><strong>illa</strong></span> <span class='ocrx_word' id='word_1_545' title='bbox 1478 3388 1772 3445; x_wconf 86' lang='lat' dir='ltr'><strong>carnaliter</strong></span> <span class='ocrx_word' id='word_1_546' title='bbox 1810 3390 2139 3463; x_wconf 83' lang='lat' dir='ltr'><strong>intelligens,</strong></span> <span class='ocrx_word' id='word_1_547' title='bbox 2247 3394 2454 3449; x_wconf 91' lang='lat' dir='ltr'><strong>minum</strong></span> <span class='ocrx_word' id='word_1_548' title='bbox 2479 3391 2682 3447; x_wconf 82' lang='lat' dir='ltr'><strong>dixisse</strong></span> <span class='ocrx_word' id='word_1_549' title='bbox 2721 3389 3044 3461; x_wconf 85' lang='lat' dir='ltr'><strong>intelligunt,</strong></span> <span class='ocrx_word' id='word_1_550' title='bbox 3072 3398 3131 3445; x_wconf 92' lang='lat' dir='ltr'><strong>ut</strong></span> <span class='ocrx_word' id='word_1_551' title='bbox 3165 3388 3270 3444; x_wconf 88' lang='lat' dir='ltr'><strong>iste</strong></span> <span class='ocrx_word' id='word_1_552' title='bbox 3298 3388 3371 3442; x_wconf 92' lang='lat' dir='ltr'><strong>sit</strong></span> <span class='ocrx_word' id='word_1_553' title='bbox 3400 3401 3592 3443; x_wconf 88' lang='lat' dir='ltr'><strong>sensus</strong></span> <span class='ocrx_word' id='word_1_554' title='bbox 3620 3386 3848 3443; x_wconf 87' lang='lat' dir='ltr'><strong>:Primo</strong></span> 
     </span>
    </p>
   </div>
   <div class='ocr_carea' id='block_1_35' title="bbox 553 3475 3844 3555">
    <p class='ocr_par' dir='ltr' id='par_1_35' title="bbox 553 3475 3844 3555">
     <span class='ocr_line' id='line_1_35' title="bbox 553 3475 3844 3555; baseline 0.001 -24"><span class='ocrx_word' id='word_1_555' title='bbox 553 3475 873 3546; x_wconf 87' lang='lat' dir='ltr'><strong>respondit:</strong></span> <span class='ocrx_word' id='word_1_556' title='bbox 2245 3483 2486 3555; x_wconf 89' lang='lat' dir='ltr'><strong>quinque</strong></span> <span class='ocrx_word' id='word_1_557' title='bbox 2507 3480 2664 3541; x_wconf 88' lang='lat' dir='ltr'><strong>libris</strong></span> <span class='ocrx_word' id='word_1_558' title='bbox 2694 3479 2884 3551; x_wconf 83' lang='lat' dir='ltr'><strong>Moysi,</strong></span> <span class='ocrx_word' id='word_1_559' title='bbox 2920 3480 3077 3551; x_wconf 90' lang='lat' dir='ltr'><strong>quasi</strong></span> <span class='ocrx_word' id='word_1_560' title='bbox 3114 3479 3355 3550; x_wconf 86' lang='lat' dir='ltr'><strong>quinque</strong></span> <span class='ocrx_word' id='word_1_561' title='bbox 3396 3478 3530 3533; x_wconf 91' lang='lat' dir='ltr'><strong>viris</strong></span> <span class='ocrx_word' id='word_1_562' title='bbox 3571 3479 3844 3535; x_wconf 86' lang='lat' dir='ltr'><strong>servisti:</strong></span> 
     </span>
    </p>
   </div>
   <div class='ocr_carea' id='block_1_36' title="bbox 629 3565 3845 3645">
    <p class='ocr_par' dir='ltr' id='par_1_36' title="bbox 629 3565 3845 3645">
     <span class='ocr_line' id='line_1_36' title="bbox 629 3565 3845 3645; baseline 0.002 -27"><span class='ocrx_word' id='word_1_563' title='bbox 629 3583 651 3618; x_wconf 76' lang='grc' dir='ltr'><strong>ι</strong></span> <span class='ocrx_word' id='word_1_564' title='bbox 685 3565 768 3622; x_wconf 90' lang='lat' dir='ltr'><strong>Tu</strong></span> <span class='ocrx_word' id='word_1_565' title='bbox 794 3582 920 3624; x_wconf 91' lang='lat' dir='ltr'><strong>cum</strong></span> <span class='ocrx_word' id='word_1_566' title='bbox 944 3569 1022 3624; x_wconf 91' lang='lat' dir='ltr'><strong>sis</strong></span> <span class='ocrx_word' id='word_1_567' title='bbox 1043 3569 1283 3636; x_wconf 68' lang='lat' dir='ltr'><strong>Judteus,</strong></span> <span class='ocrx_word' id='word_1_568' title='bbox 1315 3574 1587 3641; x_wconf 86' lang='lat' dir='ltr'><strong>quomodo</strong></span> <span class='ocrx_word' id='word_1_569' title='bbox 1613 3587 1643 3627; x_wconf 84' lang='lat' dir='ltr'><strong>a</strong></span> <span class='ocrx_word' id='word_1_570' title='bbox 1676 3589 1763 3629; x_wconf 89' lang='lat' dir='ltr'><strong>me</strong></span> <span class='ocrx_word' id='word_1_571' title='bbox 1800 3574 1987 3630; x_wconf 90' lang='lat' dir='ltr'><strong>bibere</strong></span> <span class='ocrx_word' id='word_1_572' title='bbox 2016 3590 2142 3645; x_wconf 84' lang='lat' dir='ltr'><strong>pos-</strong></span> <span class='ocrx_word' id='word_1_573' title='bbox 2245 3590 2392 3630; x_wconf 91' lang='lat' dir='ltr'><strong>nunc</strong></span> <span class='ocrx_word' id='word_1_574' title='bbox 2418 3583 2599 3630; x_wconf 87' lang='lat' dir='ltr'><strong>autem</strong></span> <span class='ocrx_word' id='word_1_575' title='bbox 2622 3586 2783 3643; x_wconf 89' lang='lat' dir='ltr'><strong>quem</strong></span> <span class='ocrx_word' id='word_1_576' title='bbox 2814 3571 3000 3636; x_wconf 86' lang='lat' dir='ltr'><strong>habes,</strong></span> <span class='ocrx_word' id='word_1_577' title='bbox 3038 3570 3092 3627; x_wconf 93' lang='lat' dir='ltr'><strong>id</strong></span> <span class='ocrx_word' id='word_1_578' title='bbox 3119 3579 3204 3627; x_wconf 90' lang='lat' dir='ltr'><strong>est</strong></span> <span class='ocrx_word' id='word_1_579' title='bbox 3228 3586 3392 3641; x_wconf 86' lang='lat' dir='ltr'><strong>quem</strong></span> <span class='ocrx_word' id='word_1_580' title='bbox 3415 3569 3590 3635; x_wconf 83' lang='lat' dir='ltr'><strong>audis,</strong></span> <span class='ocrx_word' id='word_1_581' title='bbox 3623 3585 3738 3628; x_wconf 89' lang='lat' dir='ltr'><strong>non</strong></span> <span class='ocrx_word' id='word_1_582' title='bbox 3763 3578 3845 3626; x_wconf 87' lang='lat' dir='ltr'><strong>est</strong></span> 
     </span>
    </p>
   </div>
   <div class='ocr_carea' id='block_1_37' title="bbox 558 3656 3846 3735">
    <p class='ocr_par' dir='ltr' id='par_1_37' title="bbox 558 3656 3846 3735">
     <span class='ocr_line' id='line_1_37' title="bbox 558 3656 3846 3735; baseline 0.001 -23"><span class='ocrx_word' id='word_1_583' title='bbox 558 3673 578 3706; x_wconf 75' lang='grc' dir='ltr'><strong>ι</strong></span> <span class='ocrx_word' id='word_1_584' title='bbox 632 3656 730 3721; x_wconf 86' lang='lat' dir='ltr'><strong>sis,</strong></span> <span class='ocrx_word' id='word_1_585' title='bbox 779 3672 905 3713; x_wconf 86' lang='lat' dir='ltr'><strong>eum</strong></span> <span class='ocrx_word' id='word_1_586' title='bbox 940 3659 1044 3714; x_wconf 90' lang='lat' dir='ltr'><strong>sim</strong></span> <span class='ocrx_word' id='word_1_587' title='bbox 1074 3660 1270 3715; x_wconf 90' lang='lat' dir='ltr'><strong>mulier</strong></span> <span class='ocrx_word' id='word_1_588' title='bbox 1301 3661 1688 3718; x_wconf 87' lang='lat' dir='ltr'><strong>Samaritana?</strong></span> <span class='ocrx_word' id='word_1_589' title='bbox 1730 3664 1845 3719; x_wconf 88' lang='lat' dir='ltr'><strong>Non</strong></span> <span class='ocrx_word' id='word_1_590' title='bbox 1873 3668 2018 3720; x_wconf 90' lang='lat' dir='ltr'><strong>enim</strong></span> <span class='ocrx_word' id='word_1_591' title='bbox 2051 3682 2142 3721; x_wconf 85' lang='lat' dir='ltr'><strong>co-</strong></span> <span class='ocrx_word' id='word_1_592' title='bbox 2244 3674 2372 3721; x_wconf 88' lang='lat' dir='ltr'><strong>tuus</strong></span> <span class='ocrx_word' id='word_1_593' title='bbox 2393 3666 2499 3730; x_wconf 87' lang='lat' dir='ltr'><strong>vir,</strong></span> <span class='ocrx_word' id='word_1_594' title='bbox 2539 3663 2665 3735; x_wconf 89' lang='lat' dir='ltr'><strong>quia</strong></span> <span class='ocrx_word' id='word_1_595' title='bbox 2693 3662 2932 3719; x_wconf 90' lang='lat' dir='ltr'><strong>nondum</strong></span> <span class='ocrx_word' id='word_1_596' title='bbox 2973 3662 3028 3716; x_wconf 91' lang='lat' dir='ltr'><strong>in</strong></span> <span class='ocrx_word' id='word_1_597' title='bbox 3067 3676 3192 3717; x_wconf 90' lang='lat' dir='ltr'><strong>eum</strong></span> <span class='ocrx_word' id='word_1_598' title='bbox 3220 3660 3520 3717; x_wconf 86' lang='lat' dir='ltr'><strong>credidisti.</strong></span> <span class='ocrx_word' id='word_1_599' title='bbox 3571 3658 3682 3715; x_wconf 90' lang='lat' dir='ltr'><strong>Sed</strong></span> <span class='ocrx_word' id='word_1_600' title='bbox 3708 3676 3846 3732; x_wconf 88' lang='lat' dir='ltr'><strong>quo-</strong></span> 
     </span>
    </p>
   </div>
   <div class='ocr_carea' id='block_1_38' title="bbox 556 3747 3843 3823">
    <p class='ocr_par' dir='ltr' id='par_1_38' title="bbox 556 3747 3843 3823">
     <span class='ocr_line' id='line_1_38' title="bbox 556 3747 3843 3823; baseline 0.002 -24"><span class='ocrx_word' id='word_1_601' title='bbox 556 3763 576 3798; x_wconf 78' lang='grc' dir='ltr'><strong>ι</strong></span> <span class='ocrx_word' id='word_1_602' title='bbox 611 3753 840 3802; x_wconf 81' lang='lat' dir='ltr'><strong>utuntur</strong></span> <span class='ocrx_word' id='word_1_603' title='bbox 885 3747 1057 3804; x_wconf 59' lang='lat' dir='ltr'><strong>Judaei</strong></span> <span class='ocrx_word' id='word_1_604' title='bbox 1110 3750 1484 3807; x_wconf 86' lang='lat' dir='ltr'><strong>Samaritanis.</strong></span> <span class='ocrx_word' id='word_1_605' title='bbox 1516 3753 1616 3808; x_wconf 89' lang='lat' dir='ltr'><strong>Cui</strong></span> <span class='ocrx_word' id='word_1_606' title='bbox 1666 3753 1927 3811; x_wconf 89' lang='lat' dir='ltr'><strong>Dominus</strong></span> <span class='ocrx_word' id='word_1_607' title='bbox 1958 3765 2142 3813; x_wconf 88' lang='lat' dir='ltr'><strong>noster</strong></span> <span class='ocrx_word' id='word_1_608' title='bbox 2243 3757 2389 3813; x_wconf 83' lang='lat' dir='ltr'><strong>niam</strong></span> <span class='ocrx_word' id='word_1_609' title='bbox 2423 3756 2662 3815; x_wconf 89' lang='lat' dir='ltr'><strong>nondum</strong></span> <span class='ocrx_word' id='word_1_610' title='bbox 2689 3754 2916 3810; x_wconf 84' lang='lat' dir='ltr'><strong>credens</strong></span> <span class='ocrx_word' id='word_1_611' title='bbox 2944 3752 3181 3823; x_wconf 81' lang='lat' dir='ltr'><strong>Christo,</strong></span> <span class='ocrx_word' id='word_1_612' title='bbox 3216 3752 3394 3808; x_wconf 90' lang='lat' dir='ltr'><strong>adhuc</strong></span> <span class='ocrx_word' id='word_1_613' title='bbox 3419 3752 3603 3823; x_wconf 88' lang='lat' dir='ltr'><strong>itaque</strong></span> <span class='ocrx_word' id='word_1_614' title='bbox 3626 3751 3843 3807; x_wconf 84' lang='lat' dir='ltr'><strong>illorum</strong></span> 
     </span>
    </p>
   </div>
   <div class='ocr_carea' id='block_1_39' title="bbox 560 3836 3843 3918">
    <p class='ocr_par' dir='ltr' id='par_1_39' title="bbox 560 3836 3843 3918">
     <span class='ocr_line' id='line_1_39' title="bbox 560 3836 3843 3918; baseline 0.003 -29"><span class='ocrx_word' id='word_1_615' title='bbox 560 3854 582 3888; x_wconf 71' lang='grc' dir='ltr'><strong>ι</strong></span> <span class='ocrx_word' id='word_1_616' title='bbox 611 3836 786 3893; x_wconf 85' lang='lat' dir='ltr'><strong>dixit:</strong></span> <span class='ocrx_word' id='word_1_617' title='bbox 819 3838 878 3896; x_wconf 89' lang='lat' dir='ltr'><strong>Si</strong></span> <span class='ocrx_word' id='word_1_618' title='bbox 901 3840 1073 3897; x_wconf 87' lang='lat' dir='ltr'><strong>scires</strong></span> <span class='ocrx_word' id='word_1_619' title='bbox 1103 3842 1303 3897; x_wconf 89' lang='lat' dir='ltr'><strong>donum</strong></span> <span class='ocrx_word' id='word_1_620' title='bbox 1330 3845 1447 3911; x_wconf 90' lang='lat' dir='ltr'><strong>Dei,</strong></span> <span class='ocrx_word' id='word_1_621' title='bbox 1478 3854 1533 3900; x_wconf 92' lang='lat' dir='ltr'><strong>et</strong></span> <span class='ocrx_word' id='word_1_622' title='bbox 1578 3846 1702 3916; x_wconf 89' lang='lat' dir='ltr'><strong>quis</strong></span> <span class='ocrx_word' id='word_1_623' title='bbox 1735 3856 1819 3902; x_wconf 90' lang='lat' dir='ltr'><strong>est</strong></span> <span class='ocrx_word' id='word_1_624' title='bbox 1864 3849 1957 3918; x_wconf 91' lang='lat' dir='ltr'><strong>qui</strong></span> <span class='ocrx_word' id='word_1_625' title='bbox 2006 3849 2139 3905; x_wconf 87' lang='lat' dir='ltr'><strong>dicit</strong></span> <span class='ocrx_word' id='word_1_626' title='bbox 2243 3848 2485 3917; x_wconf 86' lang='lat' dir='ltr'><strong>quinque</strong></span> <span class='ocrx_word' id='word_1_627' title='bbox 2527 3847 2787 3910; x_wconf 89' lang='lat' dir='ltr'><strong>virorum,</strong></span> <span class='ocrx_word' id='word_1_628' title='bbox 2837 3846 2889 3901; x_wconf 91' lang='lat' dir='ltr'><strong>id</strong></span> <span class='ocrx_word' id='word_1_629' title='bbox 2927 3854 3011 3901; x_wconf 90' lang='lat' dir='ltr'><strong>est</strong></span> <span class='ocrx_word' id='word_1_630' title='bbox 3049 3845 3286 3915; x_wconf 90' lang='lat' dir='ltr'><strong>quinque</strong></span> <span class='ocrx_word' id='word_1_631' title='bbox 3316 3844 3583 3900; x_wconf 90' lang='lat' dir='ltr'><strong>librorum</strong></span> <span class='ocrx_word' id='word_1_632' title='bbox 3619 3844 3843 3916; x_wconf 82' lang='lat' dir='ltr'><strong>copula-</strong></span> 
     </span>
    </p>
   </div>
   <div class='ocr_carea' id='block_1_40' title="bbox 556 3928 3843 4009">
    <p class='ocr_par' dir='ltr' id='par_1_40' title="bbox 556 3928 3843 4009">
     <span class='ocr_line' id='line_1_40' title="bbox 556 3928 3843 4009; baseline 0.004 -30"><span class='ocrx_word' id='word_1_633' title='bbox 556 3946 579 3979; x_wconf 68' lang='grc' dir='ltr'><strong>ι</strong></span> <span class='ocrx_word' id='word_1_634' title='bbox 615 3928 736 3993; x_wconf 91' lang='lat' dir='ltr'><strong>tibi,</strong></span> <span class='ocrx_word' id='word_1_635' title='bbox 765 3930 840 3984; x_wconf 85' lang='lat' dir='ltr'><strong>Da</strong></span> <span class='ocrx_word' id='word_1_636' title='bbox 871 3931 1005 3985; x_wconf 88' lang='lat' dir='ltr'><strong>mihi</strong></span> <span class='ocrx_word' id='word_1_637' title='bbox 1046 3931 1252 3999; x_wconf 85' lang='lat' dir='ltr'><strong>bibere,</strong></span> <span class='ocrx_word' id='word_1_638' title='bbox 1284 3941 1342 3988; x_wconf 92' lang='lat' dir='ltr'><strong>tu</strong></span> <span class='ocrx_word' id='word_1_639' title='bbox 1386 3937 1559 4007; x_wconf 83' lang='lat' dir='ltr'><strong>magis</strong></span> <span class='ocrx_word' id='word_1_640' title='bbox 1586 3937 1820 4007; x_wconf 90' lang='lat' dir='ltr'><strong>petisses</strong></span> <span class='ocrx_word' id='word_1_641' title='bbox 1867 3939 1937 3995; x_wconf 92' lang='lat' dir='ltr'><strong>ab</strong></span> <span class='ocrx_word' id='word_1_642' title='bbox 1966 3956 2053 4007; x_wconf 91' lang='lat' dir='ltr'><strong>eo,</strong></span> <span class='ocrx_word' id='word_1_643' title='bbox 2083 3950 2139 3998; x_wconf 87' lang='lat' dir='ltr'><strong>et</strong></span> <span class='ocrx_word' id='word_1_644' title='bbox 2241 3939 2389 3995; x_wconf 81' lang='lat' dir='ltr'><strong>tione</strong></span> <span class='ocrx_word' id='word_1_645' title='bbox 2417 3939 2720 4003; x_wconf 88' lang='lat' dir='ltr'><strong>tenebatur,</strong></span> <span class='ocrx_word' id='word_1_646' title='bbox 2756 3944 2936 4009; x_wconf 88' lang='lat' dir='ltr'><strong>potest</strong></span> <span class='ocrx_word' id='word_1_647' title='bbox 2964 3937 3170 3993; x_wconf 89' lang='lat' dir='ltr'><strong>moveri</strong></span> <span class='ocrx_word' id='word_1_648' title='bbox 3214 3937 3489 4007; x_wconf 87' lang='lat' dir='ltr'><strong>quomodo</strong></span> <span class='ocrx_word' id='word_1_649' title='bbox 3519 3938 3624 3992; x_wconf 90' lang='lat' dir='ltr'><strong>dici</strong></span> <span class='ocrx_word' id='word_1_650' title='bbox 3651 3946 3843 4007; x_wconf 57' lang='lat' dir='ltr'><strong>potae.</strong></span> 
     </span>
    </p>
   </div>
   <div class='ocr_carea' id='block_1_41' title="bbox 558 4020 3831 4099">
    <p class='ocr_par' dir='ltr' id='par_1_41' title="bbox 558 4020 3831 4099">
     <span class='ocr_line' id='line_1_41' title="bbox 558 4020 3831 4099; baseline 0.003 -28"><span class='ocrx_word' id='word_1_651' title='bbox 558 4038 578 4071; x_wconf 77' lang='grc' dir='ltr'><strong>ι</strong></span> <span class='ocrx_word' id='word_1_652' title='bbox 614 4020 853 4078; x_wconf 85' lang='lat' dir='ltr'><strong>dedisset</strong></span> <span class='ocrx_word' id='word_1_653' title='bbox 883 4023 979 4078; x_wconf 92' lang='lat' dir='ltr'><strong>tibi</strong></span> <span class='ocrx_word' id='word_1_654' title='bbox 1024 4039 1221 4095; x_wconf 88' lang='lat' dir='ltr'><strong>aquam</strong></span> <span class='ocrx_word' id='word_1_655' title='bbox 1252 4027 1452 4083; x_wconf 90' lang='lat' dir='ltr'><strong>vivam.</strong></span> <span class='ocrx_word' id='word_1_656' title='bbox 1485 4047 1503 4081; x_wconf 75' lang='grc' dir='ltr'><strong>ι</strong></span> <span class='ocrx_word' id='word_1_657' title='bbox 1534 4030 1603 4085; x_wconf 89' lang='lat' dir='ltr'><strong>Et</strong></span> <span class='ocrx_word' id='word_1_658' title='bbox 1632 4030 1761 4086; x_wconf 88' lang='lat' dir='ltr'><strong>hinc</strong></span> <span class='ocrx_word' id='word_1_659' title='bbox 1787 4032 1836 4087; x_wconf 82' lang='lat' dir='ltr'><strong>ei</strong></span> <span class='ocrx_word' id='word_1_660' title='bbox 1881 4036 2136 4091; x_wconf 74' lang='lat' dir='ltr'><strong>ostende.</strong></span> <span class='ocrx_word' id='word_1_661' title='bbox 2242 4029 2316 4083; x_wconf 91' lang='lat' dir='ltr'><strong>rit</strong></span> <span class='ocrx_word' id='word_1_662' title='bbox 2343 4047 2357 4083; x_wconf 94' lang='lat'><strong>:</strong></span> <span class='ocrx_word' id='word_1_663' title='bbox 2384 4028 2637 4099; x_wconf 89' lang='lat' dir='ltr'><strong>Quinque</strong></span> <span class='ocrx_word' id='word_1_664' title='bbox 2668 4029 2813 4083; x_wconf 79' lang='lat' dir='ltr'><strong>viros</strong></span> <span class='ocrx_word' id='word_1_665' title='bbox 2838 4026 3095 4092; x_wconf 91' lang='lat' dir='ltr'><strong>habuisti,</strong></span> <span class='ocrx_word' id='word_1_666' title='bbox 3123 4026 3278 4097; x_wconf 87' lang='lat' dir='ltr'><strong>quasi</strong></span> <span class='ocrx_word' id='word_1_667' title='bbox 3308 4036 3436 4082; x_wconf 91' lang='lat' dir='ltr'><strong>tunc</strong></span> <span class='ocrx_word' id='word_1_668' title='bbox 3464 4042 3559 4083; x_wconf 88' lang='lat' dir='ltr'><strong>eos</strong></span> <span class='ocrx_word' id='word_1_669' title='bbox 3578 4026 3693 4097; x_wconf 86' lang='lat' dir='ltr'><strong>jam</strong></span> <span class='ocrx_word' id='word_1_670' title='bbox 3721 4043 3831 4082; x_wconf 87' lang='lat' dir='ltr'><strong>non</strong></span> 
     </span>
    </p>
   </div>
   <div class='ocr_carea' id='block_1_42' title="bbox 553 4114 3841 4195">
    <p class='ocr_par' dir='ltr' id='par_1_42' title="bbox 553 4114 3841 4195">
     <span class='ocr_line' id='line_1_42' title="bbox 553 4114 3841 4195; baseline 0.004 -29"><span class='ocrx_word' id='word_1_671' title='bbox 553 4120 643 4167; x_wconf 86' lang='lat' dir='ltr'><strong>rat</strong></span> <span class='ocrx_word' id='word_1_672' title='bbox 667 4127 776 4168; x_wconf 90' lang='lat' dir='ltr'><strong>non</strong></span> <span class='ocrx_word' id='word_1_673' title='bbox 825 4129 885 4170; x_wconf 85' lang='lat' dir='ltr'><strong>se</strong></span> <span class='ocrx_word' id='word_1_674' title='bbox 913 4114 1076 4171; x_wconf 89' lang='lat' dir='ltr'><strong>talem</strong></span> <span class='ocrx_word' id='word_1_675' title='bbox 1106 4132 1303 4187; x_wconf 89' lang='lat' dir='ltr'><strong>aquam</strong></span> <span class='ocrx_word' id='word_1_676' title='bbox 1330 4120 1532 4191; x_wconf 88' lang='lat' dir='ltr'><strong>petisse</strong></span> <span class='ocrx_word' id='word_1_677' title='bbox 1567 4122 1784 4192; x_wconf 90' lang='lat' dir='ltr'><strong>qualem</strong></span> <span class='ocrx_word' id='word_1_678' title='bbox 1836 4125 1949 4195; x_wconf 89' lang='lat' dir='ltr'><strong>ipsa</strong></span> <span class='ocrx_word' id='word_1_679' title='bbox 1982 4126 2138 4184; x_wconf 87' lang='lat' dir='ltr'><strong>intel-</strong></span> <span class='ocrx_word' id='word_1_680' title='bbox 2240 4121 2485 4188; x_wconf 86' lang='lat' dir='ltr'><strong>haberet,</strong></span> <span class='ocrx_word' id='word_1_681' title='bbox 2517 4137 2638 4176; x_wconf 89' lang='lat' dir='ltr'><strong>cum</strong></span> <span class='ocrx_word' id='word_1_682' title='bbox 2668 4120 2844 4176; x_wconf 89' lang='lat' dir='ltr'><strong>adhuc</strong></span> <span class='ocrx_word' id='word_1_683' title='bbox 2866 4121 3053 4190; x_wconf 86' lang='lat' dir='ltr'><strong>utique</strong></span> <span class='ocrx_word' id='word_1_684' title='bbox 3080 4120 3209 4189; x_wconf 88' lang='lat' dir='ltr'><strong>ipsis</strong></span> <span class='ocrx_word' id='word_1_685' title='bbox 3231 4119 3445 4176; x_wconf 85' lang='lat' dir='ltr'><strong>subdita</strong></span> <span class='ocrx_word' id='word_1_686' title='bbox 3478 4121 3705 4177; x_wconf 81' lang='lat' dir='ltr'><strong>viveret.</strong></span> <span class='ocrx_word' id='word_1_687' title='bbox 3737 4120 3841 4178; x_wconf 84' lang='lat' dir='ltr'><strong>De-</strong></span> 
     </span>
    </p>
   </div>
   <div class='ocr_carea' id='block_1_43' title="bbox 548 4201 3839 4284">
    <p class='ocr_par' dir='ltr' id='par_1_43' title="bbox 548 4201 3839 4284">
     <span class='ocr_line' id='line_1_43' title="bbox 548 4201 3839 4284; baseline 0.004 -29"><span class='ocrx_word' id='word_1_688' title='bbox 548 4201 779 4259; x_wconf 86' lang='lat' dir='ltr'><strong>lexerat.</strong></span> <span class='ocrx_word' id='word_1_689' title='bbox 828 4203 936 4261; x_wconf 89' lang='lat' dir='ltr'><strong>Sed</strong></span> <span class='ocrx_word' id='word_1_690' title='bbox 987 4207 1114 4276; x_wconf 88' lang='lat' dir='ltr'><strong>quia</strong></span> <span class='ocrx_word' id='word_1_691' title='bbox 1144 4207 1260 4277; x_wconf 88' lang='lat' dir='ltr'><strong>ipse</strong></span> <span class='ocrx_word' id='word_1_692' title='bbox 1308 4209 1524 4266; x_wconf 84' lang='lat' dir='ltr'><strong>sitiebat</strong></span> <span class='ocrx_word' id='word_1_693' title='bbox 1567 4212 1725 4267; x_wconf 86' lang='lat' dir='ltr'><strong>fidem</strong></span> <span class='ocrx_word' id='word_1_694' title='bbox 1772 4212 1910 4283; x_wconf 87' lang='lat' dir='ltr'><strong>ejus,</strong></span> <span class='ocrx_word' id='word_1_695' title='bbox 1958 4215 2137 4274; x_wconf 89' lang='lat' dir='ltr'><strong>eidem</strong></span> <span class='ocrx_word' id='word_1_696' title='bbox 2240 4212 2367 4268; x_wconf 91' lang='lat' dir='ltr'><strong>inde</strong></span> <span class='ocrx_word' id='word_1_697' title='bbox 2419 4227 2542 4267; x_wconf 91' lang='lat' dir='ltr'><strong>cum</strong></span> <span class='ocrx_word' id='word_1_698' title='bbox 2584 4213 2823 4282; x_wconf 91' lang='lat' dir='ltr'><strong>quinque</strong></span> <span class='ocrx_word' id='word_1_699' title='bbox 2870 4211 3037 4267; x_wconf 87' lang='lat' dir='ltr'><strong>libros</strong></span> <span class='ocrx_word' id='word_1_700' title='bbox 3085 4210 3256 4282; x_wconf 84' lang='lat' dir='ltr'><strong>Moysi</strong></span> <span class='ocrx_word' id='word_1_701' title='bbox 3308 4211 3442 4267; x_wconf 89' lang='lat' dir='ltr'><strong>nihil</strong></span> <span class='ocrx_word' id='word_1_702' title='bbox 3485 4212 3633 4268; x_wconf 89' lang='lat' dir='ltr'><strong>aliud</strong></span> <span class='ocrx_word' id='word_1_703' title='bbox 3674 4229 3839 4284; x_wconf 80' lang='lat' dir='ltr'><strong>quam</strong></span> 
     </span>
    </p>
   </div>
   <div class='ocr_carea' id='block_1_44' title="bbox 548 4290 3838 4374">
    <p class='ocr_par' dir='ltr' id='par_1_44' title="bbox 548 4290 3838 4374">
     <span class='ocr_line' id='line_1_44' title="bbox 548 4290 3838 4374; baseline 0.004 -28"><span class='ocrx_word' id='word_1_704' title='bbox 548 4290 758 4349; x_wconf 87' lang='lat' dir='ltr'><strong>sitienti</strong></span> <span class='ocrx_word' id='word_1_705' title='bbox 788 4292 1051 4364; x_wconf 89' lang='lat' dir='ltr'><strong>Spiritum</strong></span> <span class='ocrx_word' id='word_1_706' title='bbox 1081 4304 1327 4353; x_wconf 91' lang='lat' dir='ltr'><strong>sanctum</strong></span> <span class='ocrx_word' id='word_1_707' title='bbox 1355 4298 1486 4355; x_wconf 90' lang='lat' dir='ltr'><strong>dare</strong></span> <span class='ocrx_word' id='word_1_708' title='bbox 1510 4303 1781 4373; x_wconf 82' lang='lat' dir='ltr'><strong>cupiebat.</strong></span> <span class='ocrx_word' id='word_1_709' title='bbox 1812 4303 1963 4361; x_wconf 84' lang='lat' dir='ltr'><strong>Hanc</strong></span> <span class='ocrx_word' id='word_1_710' title='bbox 1988 4307 2134 4362; x_wconf 66' lang='lat' dir='ltr'><strong>enim</strong></span> <span class='ocrx_word' id='word_1_711' title='bbox 2237 4303 2511 4360; x_wconf 88' lang='lat' dir='ltr'><strong>Christum</strong></span> <span class='ocrx_word' id='word_1_712' title='bbox 2541 4304 2851 4374; x_wconf 82' lang='lat' dir='ltr'><strong>praedicent,</strong></span> <span class='ocrx_word' id='word_1_713' title='bbox 2893 4303 3036 4359; x_wconf 90' lang='lat' dir='ltr'><strong>sicut</strong></span> <span class='ocrx_word' id='word_1_714' title='bbox 3069 4303 3185 4373; x_wconf 91' lang='lat' dir='ltr'><strong>ipse</strong></span> <span class='ocrx_word' id='word_1_715' title='bbox 3224 4301 3304 4357; x_wconf 91' lang='lat' dir='ltr'><strong>ait</strong></span> <span class='ocrx_word' id='word_1_716' title='bbox 3336 4321 3350 4359; x_wconf 92' lang='lat'><strong>:</strong></span> <span class='ocrx_word' id='word_1_717' title='bbox 3390 4321 3409 4354; x_wconf 72' lang='grc' dir='ltr'><strong>ι</strong></span> <span class='ocrx_word' id='word_1_718' title='bbox 3442 4303 3504 4358; x_wconf 86' lang='lat' dir='ltr'><strong>Si</strong></span> <span class='ocrx_word' id='word_1_719' title='bbox 3536 4304 3838 4361; x_wconf 85' lang='lat' dir='ltr'><strong>crederetis</strong></span> 
     </span>
    </p>
   </div>
   <div class='ocr_carea' id='block_1_45' title="bbox 548 4385 3840 4467">
    <p class='ocr_par' dir='ltr' id='par_1_45' title="bbox 548 4385 3840 4467">
     <span class='ocr_line' id='line_1_45' title="bbox 548 4385 3840 4467; baseline 0.004 -28"><span class='ocrx_word' id='word_1_720' title='bbox 548 4392 698 4440; x_wconf 87' lang='lat' dir='ltr'><strong>recte</strong></span> <span class='ocrx_word' id='word_1_721' title='bbox 735 4385 1089 4458; x_wconf 85' lang='lat' dir='ltr'><strong>intelligimus</strong></span> <span class='ocrx_word' id='word_1_722' title='bbox 1138 4404 1337 4459; x_wconf 86' lang='lat' dir='ltr'><strong>aquam</strong></span> <span class='ocrx_word' id='word_1_723' title='bbox 1380 4391 1578 4459; x_wconf 87' lang='lat' dir='ltr'><strong>vivam,</strong></span> <span class='ocrx_word' id='word_1_724' title='bbox 1626 4394 1770 4463; x_wconf 88' lang='lat' dir='ltr'><strong>quod</strong></span> <span class='ocrx_word' id='word_1_725' title='bbox 1812 4403 1895 4451; x_wconf 85' lang='lat' dir='ltr'><strong>est</strong></span> <span class='ocrx_word' id='word_1_726' title='bbox 1933 4396 2134 4451; x_wconf 81' lang='lat' dir='ltr'><strong>denunt</strong></span> <span class='ocrx_word' id='word_1_727' title='bbox 2237 4394 2433 4467; x_wconf 84' lang='lat' dir='ltr'><strong>Moysi,</strong></span> <span class='ocrx_word' id='word_1_728' title='bbox 2463 4394 2747 4452; x_wconf 88' lang='lat' dir='ltr'><strong>crederitis</strong></span> <span class='ocrx_word' id='word_1_729' title='bbox 2790 4393 3018 4450; x_wconf 81' lang='lat' dir='ltr'><strong>forsitan</strong></span> <span class='ocrx_word' id='word_1_730' title='bbox 3050 4403 3108 4448; x_wconf 85' lang='lat' dir='ltr'><strong>et</strong></span> <span class='ocrx_word' id='word_1_731' title='bbox 3157 4393 3331 4450; x_wconf 90' lang='lat' dir='ltr'><strong>mihi:</strong></span> <span class='ocrx_word' id='word_1_732' title='bbox 3364 4394 3454 4453; x_wconf 84' lang='lat' dir='ltr'><strong>ille</strong></span> <span class='ocrx_word' id='word_1_733' title='bbox 3475 4395 3622 4450; x_wconf 89' lang='lat' dir='ltr'><strong>enim</strong></span> <span class='ocrx_word' id='word_1_734' title='bbox 3649 4394 3717 4450; x_wconf 89' lang='lat' dir='ltr'><strong>de</strong></span> <span class='ocrx_word' id='word_1_735' title='bbox 3753 4410 3840 4452; x_wconf 85' lang='lat' dir='ltr'><strong>me</strong></span> 
     </span>
    </p>
   </div>
   <div class='ocr_carea' id='block_1_46' title="bbox 546 4474 3835 4586">
    <p class='ocr_par' dir='ltr' id='par_1_46' title="bbox 546 4474 3835 4586">
     <span class='ocr_line' id='line_1_46' title="bbox 546 4474 3835 4586; baseline 0.003 -53"><span class='ocrx_word' id='word_1_736' title='bbox 546 4474 668 4582; x_wconf 67' lang='lat' dir='ltr'><strong>Dei,</strong></span> <span class='ocrx_word' id='word_1_737' title='bbox 685 4478 846 4586; x_wconf 35' lang='lat' dir='ltr'><strong>“sicut.</strong></span> <span class='ocrx_word' id='word_1_738' title='bbox 856 4478 975 4550; x_wconf 91' lang='lat' dir='ltr'><strong>ipse</strong></span> <span class='ocrx_word' id='word_1_739' title='bbox 1002 4480 1078 4535; x_wconf 88' lang='lat' dir='ltr'><strong>ait</strong></span> <span class='ocrx_word' id='word_1_740' title='bbox 1107 4498 1120 4534; x_wconf 92' lang='lat'><strong>:</strong></span> <span class='ocrx_word' id='word_1_741' title='bbox 1156 4500 1175 4534; x_wconf 80' lang='grc' dir='ltr'><strong>ι</strong></span> <span class='ocrx_word' id='word_1_742' title='bbox 1205 4480 1261 4537; x_wconf 92' lang='lat' dir='ltr'><strong>Si</strong></span> <span class='ocrx_word' id='word_1_743' title='bbox 1286 4482 1456 4586; x_wconf 61' lang='lat' dir='ltr'><strong>scires</strong></span> <span class='ocrx_word' id='word_1_744' title='bbox 1479 4484 1681 4540; x_wconf 91' lang='lat' dir='ltr'><strong>donum</strong></span> <span class='ocrx_word' id='word_1_745' title='bbox 1710 4485 1826 4541; x_wconf 89' lang='lat' dir='ltr'><strong>Dei.</strong></span> <span class='ocrx_word' id='word_1_746' title='bbox 1860 4506 1880 4541; x_wconf 71' lang='grc' dir='ltr'><strong>ι</strong></span> <span class='ocrx_word' id='word_1_747' title='bbox 1916 4486 1983 4542; x_wconf 82' lang='lat' dir='ltr'><strong>Et</strong></span> <span class='ocrx_word' id='word_1_748' title='bbox 2015 4489 2126 4545; x_wconf 84' lang='lat' dir='ltr'><strong>sic-</strong></span> <span class='ocrx_word' id='word_1_749' title='bbox 2156 4525 2210 4586; x_wconf 67' lang='grc' dir='ltr'>Β</span> <span class='ocrx_word' id='word_1_750' title='bbox 2236 4490 2454 4560; x_wconf 86' lang='lat' dir='ltr'><strong>scripsit</strong></span> <span class='ocrx_word' id='word_1_751' title='bbox 2485 4488 2664 4559; x_wconf 81' lang='grc' dir='ltr'><strong>(Ιοαη.</strong></span> <span class='ocrx_word' id='word_1_752' title='bbox 2696 4492 2775 4558; x_wconf 90' lang='lat' dir='ltr'><strong>v),</strong></span> <span class='ocrx_word' id='word_1_753' title='bbox 2803 4506 2823 4539; x_wconf 75' lang='grc' dir='ltr'><strong>ι</strong></span> <span class='ocrx_word' id='word_1_754' title='bbox 2853 4486 3123 4557; x_wconf 88' lang='lat' dir='ltr'><strong>quomodo</strong></span> <span class='ocrx_word' id='word_1_755' title='bbox 3155 4495 3336 4557; x_wconf 89' lang='lat' dir='ltr'><strong>potest</strong></span> <span class='ocrx_word' id='word_1_756' title='bbox 3359 4486 3589 4558; x_wconf 83' lang='lat' dir='ltr'><strong>intelligi</strong></span> <span class='ocrx_word' id='word_1_757' title='bbox 3617 4503 3650 4542; x_wconf 87' lang='lat' dir='ltr'><strong>a</strong></span> <span class='ocrx_word' id='word_1_758' title='bbox 3677 4487 3835 4558; x_wconf 86' lang='lat' dir='ltr'><strong>quin-</strong></span> 
     </span>
    </p>
   </div>
   <div class='ocr_carea' id='block_1_47' title="bbox 548 4569 3834 4653">
    <p class='ocr_par' dir='ltr' id='par_1_47' title="bbox 548 4569 3834 4653">
     <span class='ocr_line' id='line_1_47' title="bbox 548 4569 3834 4653; baseline 0.004 -30"><span class='ocrx_word' id='word_1_759' title='bbox 548 4577 611 4625; x_wconf 89' lang='lat' dir='ltr'><strong>ut</strong></span> <span class='ocrx_word' id='word_1_760' title='bbox 643 4570 787 4627; x_wconf 86' lang='lat' dir='ltr'><strong>idem</strong></span> <span class='ocrx_word' id='word_1_761' title='bbox 815 4569 1055 4629; x_wconf 85' lang='lat' dir='ltr'><strong>Joannes</strong></span> <span class='ocrx_word' id='word_1_762' title='bbox 1099 4581 1328 4629; x_wconf 88' lang='lat' dir='ltr'><strong>testatur</strong></span> <span class='ocrx_word' id='word_1_763' title='bbox 1364 4574 1471 4631; x_wconf 90' lang='lat' dir='ltr'><strong>alio</strong></span> <span class='ocrx_word' id='word_1_764' title='bbox 1509 4576 1630 4633; x_wconf 86' lang='lat' dir='ltr'><strong>loco</strong></span> <span class='ocrx_word' id='word_1_765' title='bbox 1659 4576 1843 4650; x_wconf 84' lang='lat' dir='ltr'><strong>(Joan.</strong></span> <span class='ocrx_word' id='word_1_766' title='bbox 1872 4579 1972 4651; x_wconf 87' lang='lat' dir='ltr'><strong>vn)</strong></span> <span class='ocrx_word' id='word_1_767' title='bbox 1996 4620 2011 4646; x_wconf 94' lang='lat'><strong>,</strong></span> <span class='ocrx_word' id='word_1_768' title='bbox 2050 4582 2130 4637; x_wconf 90' lang='lat' dir='ltr'><strong>di-</strong></span> <span class='ocrx_word' id='word_1_769' title='bbox 2156 4569 2206 4586; x_wconf 80' lang='grc'><em>”’</em></span> <span class='ocrx_word' id='word_1_770' title='bbox 2237 4598 2341 4653; x_wconf 91' lang='lat' dir='ltr'><strong>que</strong></span> <span class='ocrx_word' id='word_1_771' title='bbox 2370 4581 2477 4638; x_wconf 88' lang='lat' dir='ltr'><strong>illis</strong></span> <span class='ocrx_word' id='word_1_772' title='bbox 2510 4580 2662 4638; x_wconf 89' lang='lat' dir='ltr'><strong>libris</strong></span> <span class='ocrx_word' id='word_1_773' title='bbox 2695 4579 2948 4637; x_wconf 87' lang='lat' dir='ltr'><strong>recedere</strong></span> <span class='ocrx_word' id='word_1_774' title='bbox 2993 4580 3292 4647; x_wconf 86' lang='lat' dir='ltr'><strong>hominem,</strong></span> <span class='ocrx_word' id='word_1_775' title='bbox 3341 4588 3401 4639; x_wconf 87' lang='lat' dir='ltr'><strong>ut</strong></span> <span class='ocrx_word' id='word_1_776' title='bbox 3445 4581 3515 4637; x_wconf 91' lang='lat' dir='ltr'><strong>ad</strong></span> <span class='ocrx_word' id='word_1_777' title='bbox 3557 4579 3834 4637; x_wconf 74' lang='lat' dir='ltr'><strong>Christum</strong></span> 
     </span>
    </p>
   </div>
   <div class='ocr_carea' id='block_1_48' title="bbox 545 4662 3833 4742">
    <p class='ocr_par' dir='ltr' id='par_1_48' title="bbox 545 4662 3833 4742">
     <span class='ocr_line' id='line_1_48' title="bbox 545 4662 3833 4742; baseline 0.005 -28"><span class='ocrx_word' id='word_1_778' title='bbox 545 4672 680 4715; x_wconf 88' lang='lat' dir='ltr'><strong>cens</strong></span> <span class='ocrx_word' id='word_1_779' title='bbox 705 4664 852 4730; x_wconf 88' lang='lat' dir='ltr'><strong>quod</strong></span> <span class='ocrx_word' id='word_1_780' title='bbox 892 4664 1074 4719; x_wconf 89' lang='lat' dir='ltr'><strong>stabat</strong></span> <span class='ocrx_word' id='word_1_781' title='bbox 1109 4662 1268 4722; x_wconf 86' lang='lat' dir='ltr'><strong>Jesus</strong></span> <span class='ocrx_word' id='word_1_782' title='bbox 1308 4674 1365 4722; x_wconf 93' lang='lat' dir='ltr'><strong>et</strong></span> <span class='ocrx_word' id='word_1_783' title='bbox 1389 4667 1662 4724; x_wconf 84' lang='lat' dir='ltr'><strong>clamabat</strong></span> <span class='ocrx_word' id='word_1_784' title='bbox 1700 4689 1713 4725; x_wconf 91' lang='lat'><strong>:</strong></span> <span class='ocrx_word' id='word_1_785' title='bbox 1748 4688 1768 4721; x_wconf 75' lang='grc' dir='ltr'><strong>ι</strong></span> <span class='ocrx_word' id='word_1_786' title='bbox 1806 4669 1864 4726; x_wconf 89' lang='lat' dir='ltr'><strong>Si</strong></span> <span class='ocrx_word' id='word_1_787' title='bbox 1901 4672 2025 4742; x_wconf 90' lang='lat' dir='ltr'><strong>quis</strong></span> <span class='ocrx_word' id='word_1_788' title='bbox 2054 4673 2129 4729; x_wconf 87' lang='lat' dir='ltr'><strong>si-</strong></span> <span class='ocrx_word' id='word_1_789' title='bbox 2240 4681 2501 4739; x_wconf 91' lang='lat' dir='ltr'><strong>transeat,</strong></span> <span class='ocrx_word' id='word_1_790' title='bbox 2528 4686 2649 4727; x_wconf 90' lang='lat' dir='ltr'><strong>cum</strong></span> <span class='ocrx_word' id='word_1_791' title='bbox 2682 4671 2770 4726; x_wconf 92' lang='lat' dir='ltr'><strong>ille</strong></span> <span class='ocrx_word' id='word_1_792' title='bbox 2802 4671 2893 4741; x_wconf 88' lang='lat' dir='ltr'><strong>qui</strong></span> <span class='ocrx_word' id='word_1_793' title='bbox 2924 4670 3099 4726; x_wconf 89' lang='lat' dir='ltr'><strong>credit</strong></span> <span class='ocrx_word' id='word_1_794' title='bbox 3125 4672 3178 4727; x_wconf 91' lang='lat' dir='ltr'><strong>in</strong></span> <span class='ocrx_word' id='word_1_795' title='bbox 3206 4670 3482 4729; x_wconf 88' lang='lat' dir='ltr'><strong>Christum</strong></span> <span class='ocrx_word' id='word_1_796' title='bbox 3529 4686 3640 4727; x_wconf 91' lang='lat' dir='ltr'><strong>non</strong></span> <span class='ocrx_word' id='word_1_797' title='bbox 3667 4672 3833 4730; x_wconf 82' lang='lat' dir='ltr'><strong>relin-</strong></span> 
     </span>
    </p>
   </div>
   <div class='ocr_carea' id='block_1_49' title="bbox 546 4748 3835 4835">
    <p class='ocr_par' dir='ltr' id='par_1_49' title="bbox 546 4748 3835 4835">
     <span class='ocr_line' id='line_1_49' title="bbox 546 4748 3835 4835; baseline 0.005 -32"><span class='ocrx_word' id='word_1_798' title='bbox 546 4748 637 4815; x_wconf 82' lang='lat' dir='ltr'><strong>tit,</strong></span> <span class='ocrx_word' id='word_1_799' title='bbox 680 4752 865 4808; x_wconf 82' lang='lat' dir='ltr'><strong>veniat</strong></span> <span class='ocrx_word' id='word_1_800' title='bbox 911 4762 968 4809; x_wconf 91' lang='lat' dir='ltr'><strong>et</strong></span> <span class='ocrx_word' id='word_1_801' title='bbox 994 4754 1164 4810; x_wconf 88' lang='lat' dir='ltr'><strong>bibat.</strong></span> <span class='ocrx_word' id='word_1_802' title='bbox 1193 4755 1294 4824; x_wconf 89' lang='lat' dir='ltr'><strong>Qui</strong></span> <span class='ocrx_word' id='word_1_803' title='bbox 1323 4758 1497 4813; x_wconf 88' lang='lat' dir='ltr'><strong>credit</strong></span> <span class='ocrx_word' id='word_1_804' title='bbox 1544 4759 1598 4814; x_wconf 88' lang='lat' dir='ltr'><strong>in</strong></span> <span class='ocrx_word' id='word_1_805' title='bbox 1628 4774 1735 4827; x_wconf 91' lang='lat' dir='ltr'><strong>me,</strong></span> <span class='ocrx_word' id='word_1_806' title='bbox 1760 4780 1778 4813; x_wconf 75' lang='grc' dir='ltr'><strong>ι</strong></span> <span class='ocrx_word' id='word_1_807' title='bbox 1814 4761 1956 4816; x_wconf 90' lang='lat' dir='ltr'><strong>sicut</strong></span> <span class='ocrx_word' id='word_1_808' title='bbox 1994 4760 2129 4818; x_wconf 91' lang='lat' dir='ltr'><strong>dicit</strong></span> <span class='ocrx_word' id='word_1_809' title='bbox 2240 4772 2370 4835; x_wconf 88' lang='lat' dir='ltr'><strong>quat</strong></span> <span class='ocrx_word' id='word_1_810' title='bbox 2416 4764 2652 4834; x_wconf 90' lang='lat' dir='ltr'><strong>quinque</strong></span> <span class='ocrx_word' id='word_1_811' title='bbox 2701 4762 2819 4818; x_wconf 91' lang='lat' dir='ltr'><strong>illos</strong></span> <span class='ocrx_word' id='word_1_812' title='bbox 2860 4761 3047 4827; x_wconf 91' lang='lat' dir='ltr'><strong>libros,</strong></span> <span class='ocrx_word' id='word_1_813' title='bbox 3099 4762 3193 4817; x_wconf 89' lang='lat' dir='ltr'><strong>sed</strong></span> <span class='ocrx_word' id='word_1_814' title='bbox 3232 4762 3589 4832; x_wconf 88' lang='lat' dir='ltr'><strong>spiritualiter</strong></span> <span class='ocrx_word' id='word_1_815' title='bbox 3633 4764 3835 4819; x_wconf 86' lang='lat' dir='ltr'><strong>intelli-</strong></span> 
     </span>
    </p>
   </div>
   <div class='ocr_carea' id='block_1_50' title="bbox 547 4838 3834 4927">
    <p class='ocr_par' dir='ltr' id='par_1_50' title="bbox 547 4838 3834 4927">
     <span class='ocr_line' id='line_1_50' title="bbox 547 4838 3834 4927; baseline 0.005 -32"><span class='ocrx_word' id='word_1_816' title='bbox 547 4838 852 4911; x_wconf 87' lang='lat' dir='ltr'><strong>Scriptura,</strong></span> <span class='ocrx_word' id='word_1_817' title='bbox 908 4862 928 4897; x_wconf 80' lang='grc' dir='ltr'><strong>ι</strong></span> <span class='ocrx_word' id='word_1_818' title='bbox 979 4844 1198 4904; x_wconf 82' lang='lat' dir='ltr'><strong>flumina</strong></span> <span class='ocrx_word' id='word_1_819' title='bbox 1254 4850 1323 4906; x_wconf 90' lang='lat' dir='ltr'><strong>de</strong></span> <span class='ocrx_word' id='word_1_820' title='bbox 1376 4859 1565 4907; x_wconf 85' lang='lat' dir='ltr'><strong>ventre</strong></span> <span class='ocrx_word' id='word_1_821' title='bbox 1613 4852 1732 4924; x_wconf 90' lang='lat' dir='ltr'><strong>ejus</strong></span> <span class='ocrx_word' id='word_1_822' title='bbox 1759 4852 1930 4909; x_wconf 81' lang='lat' dir='ltr'><strong>liuent</strong></span> <span class='ocrx_word' id='word_1_823' title='bbox 1976 4870 2133 4924; x_wconf 70' lang='lat' dir='ltr'><strong>aquae</strong></span> <span class='ocrx_word' id='word_1_824' title='bbox 2240 4856 2436 4927; x_wconf 88' lang='lat' dir='ltr'><strong>gendo,</strong></span> <span class='ocrx_word' id='word_1_825' title='bbox 2478 4853 2648 4910; x_wconf 89' lang='lat' dir='ltr'><strong>multo</strong></span> <span class='ocrx_word' id='word_1_826' title='bbox 2683 4854 2895 4909; x_wconf 85' lang='lat' dir='ltr'><strong>beatius</strong></span> <span class='ocrx_word' id='word_1_827' title='bbox 2941 4852 3335 4923; x_wconf 79' lang='lat' dir='ltr'><strong>amplectatur?</strong></span> <span class='ocrx_word' id='word_1_828' title='bbox 3371 4852 3467 4909; x_wconf 88' lang='lat' dir='ltr'><strong>Est</strong></span> <span class='ocrx_word' id='word_1_829' title='bbox 3514 4868 3649 4926; x_wconf 71' lang='lat' dir='ltr'><strong>ergo</strong></span> <span class='ocrx_word' id='word_1_830' title='bbox 3691 4854 3834 4911; x_wconf 80' lang='lat' dir='ltr'><strong>alius</strong></span> 
     </span>
    </p>
   </div>
   <div class='ocr_carea' id='block_1_51' title="bbox 544 4933 3832 5016">
    <p class='ocr_par' dir='ltr' id='par_1_51' title="bbox 544 4933 3832 5016">
     <span class='ocr_line' id='line_1_51' title="bbox 544 4933 3832 5016; baseline 0.004 -28"><span class='ocrx_word' id='word_1_831' title='bbox 544 4933 703 4990; x_wconf 75' lang='lat' dir='ltr'><strong>vivae.</strong></span> <span class='ocrx_word' id='word_1_832' title='bbox 740 4955 759 4989; x_wconf 78' lang='grc' dir='ltr'><strong>ι</strong></span> <span class='ocrx_word' id='word_1_833' title='bbox 805 4935 1216 5007; x_wconf 87' lang='lat' dir='ltr'><strong>Consequenter</strong></span> <span class='ocrx_word' id='word_1_834' title='bbox 1240 4943 1463 4999; x_wconf 90' lang='lat' dir='ltr'><strong>omnino</strong></span> <span class='ocrx_word' id='word_1_835' title='bbox 1502 4945 1592 5016; x_wconf 92' lang='lat' dir='ltr'><strong>qui</strong></span> <span class='ocrx_word' id='word_1_836' title='bbox 1620 4946 1795 5002; x_wconf 90' lang='lat' dir='ltr'><strong>credit</strong></span> <span class='ocrx_word' id='word_1_837' title='bbox 1825 4947 1878 5001; x_wconf 93' lang='lat' dir='ltr'><strong>in</strong></span> <span class='ocrx_word' id='word_1_838' title='bbox 1908 4947 2134 5013; x_wconf 83' lang='lat' dir='ltr'><strong>me,in-</strong></span> <span class='ocrx_word' id='word_1_839' title='bbox 2242 4943 2582 5009; x_wconf 89' lang='lat' dir='ltr'><strong>intellectus;</strong></span> <span class='ocrx_word' id='word_1_840' title='bbox 2635 4950 2695 4997; x_wconf 91' lang='lat' dir='ltr'><strong>ut</strong></span> <span class='ocrx_word' id='word_1_841' title='bbox 2738 4941 2978 5014; x_wconf 91' lang='lat' dir='ltr'><strong>quinque</strong></span> <span class='ocrx_word' id='word_1_842' title='bbox 3020 4943 3117 4996; x_wconf 90' lang='lat' dir='ltr'><strong>viri</strong></span> <span class='ocrx_word' id='word_1_843' title='bbox 3170 4942 3541 5014; x_wconf 72' lang='lat' dir='ltr'><strong>intelligantur</strong></span> <span class='ocrx_word' id='word_1_844' title='bbox 3590 4945 3832 5016; x_wconf 87' lang='lat' dir='ltr'><strong>quinque</strong></span> 
     </span>
    </p>
   </div>
   <div class='ocr_carea' id='block_1_52' title="bbox 545 5024 3831 5108">
    <p class='ocr_par' dir='ltr' id='par_1_52' title="bbox 545 5024 3831 5108">
     <span class='ocr_line' id='line_1_52' title="bbox 545 5024 3831 5108; baseline 0.004 -29"><span class='ocrx_word' id='word_1_845' title='bbox 545 5025 685 5095; x_wconf 89' lang='lat' dir='ltr'><strong>quit,</strong></span> <span class='ocrx_word' id='word_1_846' title='bbox 713 5024 935 5083; x_wconf 83' lang='lat' dir='ltr'><strong>ﬂumina</strong></span> <span class='ocrx_word' id='word_1_847' title='bbox 964 5028 1031 5086; x_wconf 91' lang='lat' dir='ltr'><strong>de</strong></span> <span class='ocrx_word' id='word_1_848' title='bbox 1055 5039 1244 5089; x_wconf 88' lang='lat' dir='ltr'><strong>ventre</strong></span> <span class='ocrx_word' id='word_1_849' title='bbox 1266 5034 1383 5105; x_wconf 89' lang='lat' dir='ltr'><strong>ejus</strong></span> <span class='ocrx_word' id='word_1_850' title='bbox 1410 5034 1578 5091; x_wconf 82' lang='lat' dir='ltr'><strong>fluent</strong></span> <span class='ocrx_word' id='word_1_851' title='bbox 1610 5053 1765 5108; x_wconf 75' lang='lat' dir='ltr'><strong>aqua:</strong></span> <span class='ocrx_word' id='word_1_852' title='bbox 1796 5038 1930 5092; x_wconf 67' lang='lat' dir='ltr'><strong>vivae</strong></span> <span class='ocrx_word' id='word_1_853' title='bbox 1958 5056 1971 5091; x_wconf 91' lang='lat'><strong>:</strong></span> <span class='ocrx_word' id='word_1_854' title='bbox 2003 5038 2132 5107; x_wconf 79' lang='lat' dir='ltr'><strong>quia</strong></span> <span class='ocrx_word' id='word_1_855' title='bbox 2239 5035 2481 5105; x_wconf 85' lang='lat' dir='ltr'><strong>corporis</strong></span> <span class='ocrx_word' id='word_1_856' title='bbox 2507 5050 2698 5091; x_wconf 89' lang='lat' dir='ltr'><strong>sensus</strong></span> <span class='ocrx_word' id='word_1_857' title='bbox 2730 5054 2743 5089; x_wconf 89' lang='lat'><strong>:</strong></span> <span class='ocrx_word' id='word_1_858' title='bbox 2779 5051 2936 5099; x_wconf 90' lang='lat' dir='ltr'><strong>unus,</strong></span> <span class='ocrx_word' id='word_1_859' title='bbox 2986 5034 3077 5105; x_wconf 91' lang='lat' dir='ltr'><strong>qui</strong></span> <span class='ocrx_word' id='word_1_860' title='bbox 3114 5032 3181 5090; x_wconf 90' lang='lat' dir='ltr'><strong>ad</strong></span> <span class='ocrx_word' id='word_1_861' title='bbox 3223 5033 3409 5090; x_wconf 88' lang='lat' dir='ltr'><strong>oculos</strong></span> <span class='ocrx_word' id='word_1_862' title='bbox 3436 5036 3831 5108; x_wconf 73' lang='lat' dir='ltr'><strong>pertinet,&#39;quo</strong></span> 
     </span>
    </p>
   </div>
   <div class='ocr_carea' id='block_1_53' title="bbox 546 5117 3833 5203">
    <p class='ocr_par' dir='ltr' id='par_1_53' title="bbox 546 5117 3833 5203">
     <span class='ocr_line' id='line_1_53' title="bbox 546 5117 3833 5203; baseline 0.003 -31"><span class='ocrx_word' id='word_1_863' title='bbox 546 5117 725 5188; x_wconf 90' lang='lat' dir='ltr'><strong>primo</strong></span> <span class='ocrx_word' id='word_1_864' title='bbox 754 5120 1047 5189; x_wconf 86' lang='lat' dir='ltr'><strong>credimus,</strong></span> <span class='ocrx_word' id='word_1_865' title='bbox 1078 5132 1139 5180; x_wconf 89' lang='lat' dir='ltr'><strong>ut</strong></span> <span class='ocrx_word' id='word_1_866' title='bbox 1168 5126 1283 5183; x_wconf 75' lang='lat' dir='ltr'><strong>hzec</strong></span> <span class='ocrx_word' id='word_1_867' title='bbox 1313 5130 1450 5185; x_wconf 90' lang='lat' dir='ltr'><strong>dona</strong></span> <span class='ocrx_word' id='word_1_868' title='bbox 1478 5146 1803 5186; x_wconf 86' lang='lat' dir='ltr'><strong>mereamur.</strong></span> <span class='ocrx_word' id='word_1_869' title='bbox 1836 5129 1964 5186; x_wconf 60' lang='lat' dir='ltr'><strong>llaec</strong></span> <span class='ocrx_word' id='word_1_870' title='bbox 1999 5146 2130 5203; x_wconf 79' lang='lat' dir='ltr'><strong>ergo</strong></span> <span class='ocrx_word' id='word_1_871' title='bbox 2236 5126 2413 5183; x_wconf 89' lang='lat' dir='ltr'><strong>lucem</strong></span> <span class='ocrx_word' id='word_1_872' title='bbox 2445 5127 2606 5183; x_wconf 82' lang='lat' dir='ltr'><strong>istam</strong></span> <span class='ocrx_word' id='word_1_873' title='bbox 2635 5126 2923 5192; x_wconf 86' lang='lat' dir='ltr'><strong>visibilem,</strong></span> <span class='ocrx_word' id='word_1_874' title='bbox 2954 5137 3010 5182; x_wconf 89' lang='lat' dir='ltr'><strong>et</strong></span> <span class='ocrx_word' id='word_1_875' title='bbox 3036 5125 3306 5197; x_wconf 86' lang='lat' dir='ltr'><strong>quoslibet</strong></span> <span class='ocrx_word' id='word_1_876' title='bbox 3341 5125 3555 5183; x_wconf 86' lang='lat' dir='ltr'><strong>colores</strong></span> <span class='ocrx_word' id='word_1_877' title='bbox 3594 5127 3833 5184; x_wconf 65' lang='lat' dir='ltr'><strong>formas-</strong></span> 
     </span>
    </p>
   </div>
   <div class='ocr_carea' id='block_1_54' title="bbox 545 5208 3829 5292">
    <p class='ocr_par' dir='ltr' id='par_1_54' title="bbox 545 5208 3829 5292">
     <span class='ocr_line' id='line_1_54' title="bbox 545 5208 3829 5292; baseline 0.003 -29"><span class='ocrx_word' id='word_1_878' title='bbox 545 5208 769 5267; x_wconf 84' lang='lat' dir='ltr'><strong>ﬂumina</strong></span> <span class='ocrx_word' id='word_1_879' title='bbox 815 5227 968 5285; x_wconf 69' lang='lat' dir='ltr'><strong>aqua:</strong></span> <span class='ocrx_word' id='word_1_880' title='bbox 986 5216 1144 5285; x_wconf 65' lang='lat' dir='ltr'><strong>vivae,</strong></span> <span class='ocrx_word' id='word_1_881' title='bbox 1189 5234 1310 5290; x_wconf 84' lang='lat' dir='ltr'><strong>quae</strong></span> <span class='ocrx_word' id='word_1_882' title='bbox 1350 5221 1427 5277; x_wconf 91' lang='lat' dir='ltr'><strong>illi</strong></span> <span class='ocrx_word' id='word_1_883' title='bbox 1470 5222 1683 5278; x_wconf 89' lang='lat' dir='ltr'><strong>mulieri</strong></span> <span class='ocrx_word' id='word_1_884' title='bbox 1713 5220 1930 5277; x_wconf 88' lang='lat' dir='ltr'><strong>volebat</strong></span> <span class='ocrx_word' id='word_1_885' title='bbox 1973 5223 2126 5291; x_wconf 85' lang='lat' dir='ltr'><strong>dare,</strong></span> <span class='ocrx_word' id='word_1_886' title='bbox 2234 5234 2342 5292; x_wconf 90' lang='lat' dir='ltr'><strong>que</strong></span> <span class='ocrx_word' id='word_1_887' title='bbox 2387 5234 2673 5287; x_wconf 85' lang='lat' dir='ltr'><strong>corporum</strong></span> <span class='ocrx_word' id='word_1_888' title='bbox 2724 5218 3018 5275; x_wconf 88' lang='lat' dir='ltr'><strong>cernimus.</strong></span> <span class='ocrx_word' id='word_1_889' title='bbox 3072 5217 3226 5273; x_wconf 77' lang='lat' dir='ltr'><strong>Alter</strong></span> <span class='ocrx_word' id='word_1_890' title='bbox 3250 5224 3334 5275; x_wconf 82' lang='lat' dir='ltr'><strong>est</strong></span> <span class='ocrx_word' id='word_1_891' title='bbox 3357 5226 3540 5272; x_wconf 88' lang='lat' dir='ltr'><strong>autem</strong></span> <span class='ocrx_word' id='word_1_892' title='bbox 3573 5219 3829 5286; x_wconf 72' lang='lat' dir='ltr'><strong>aurium,</strong></span> 
     </span>
    </p>
   </div>
   <div class='ocr_carea' id='block_1_55' title="bbox 546 5306 3826 5383">
    <p class='ocr_par' dir='ltr' id='par_1_55' title="bbox 546 5306 3826 5383">
     <span class='ocr_line' id='line_1_55' title="bbox 546 5306 3826 5383; baseline 0.002 -26"><span class='ocrx_word' id='word_1_893' title='bbox 546 5308 757 5360; x_wconf 81' lang='lat' dir='ltr'><strong>tueree‘s</strong></span> <span class='ocrx_word' id='word_1_894' title='bbox 786 5315 870 5361; x_wconf 88' lang='lat' dir='ltr'><strong>est</strong></span> <span class='ocrx_word' id='word_1_895' title='bbox 892 5306 1039 5376; x_wconf 85' lang='lat' dir='ltr'><strong>fidei,</strong></span> <span class='ocrx_word' id='word_1_896' title='bbox 1085 5327 1251 5381; x_wconf 86' lang='lat' dir='ltr'><strong>quam</strong></span> <span class='ocrx_word' id='word_1_897' title='bbox 1298 5314 1448 5382; x_wconf 90' lang='lat' dir='ltr'><strong>prius</strong></span> <span class='ocrx_word' id='word_1_898' title='bbox 1490 5314 1542 5367; x_wconf 88' lang='lat' dir='ltr'><strong>in</strong></span> <span class='ocrx_word' id='word_1_899' title='bbox 1579 5313 1667 5367; x_wconf 87' lang='lat' dir='ltr'><strong>illa</strong></span> <span class='ocrx_word' id='word_1_900' title='bbox 1699 5312 1935 5368; x_wconf 88' lang='lat' dir='ltr'><strong>sitiebat.</strong></span> <span class='ocrx_word' id='word_1_901' title='bbox 1961 5313 2127 5383; x_wconf 83' lang='lat' dir='ltr'><strong>Cujus</strong></span> <span class='ocrx_word' id='word_1_902' title='bbox 2233 5325 2343 5380; x_wconf 86' lang='lat' dir='ltr'><strong>quo</strong></span> <span class='ocrx_word' id='word_1_903' title='bbox 2372 5325 2564 5365; x_wconf 90' lang='lat' dir='ltr'><strong>vocum</strong></span> <span class='ocrx_word' id='word_1_904' title='bbox 2593 5319 2648 5365; x_wconf 91' lang='lat' dir='ltr'><strong>et</strong></span> <span class='ocrx_word' id='word_1_905' title='bbox 2672 5309 2913 5364; x_wconf 90' lang='lat' dir='ltr'><strong>omnium</strong></span> <span class='ocrx_word' id='word_1_906' title='bbox 2942 5322 3199 5364; x_wconf 87' lang='lat' dir='ltr'><strong>sonorum</strong></span> <span class='ocrx_word' id='word_1_907' title='bbox 3222 5316 3497 5363; x_wconf 90' lang='lat' dir='ltr'><strong>momenta</strong></span> <span class='ocrx_word' id='word_1_908' title='bbox 3536 5309 3826 5364; x_wconf 87' lang='lat' dir='ltr'><strong>sentimus.</strong></span> 
     </span>
    </p>
   </div>
   <div class='ocr_carea' id='block_1_56' title="bbox 545 5388 3821 5473">
    <p class='ocr_par' dir='ltr' id='par_1_56' title="bbox 545 5388 3821 5473">
     <span class='ocr_line' id='line_1_56' title="bbox 545 5388 3821 5473; baseline 0.002 -22"><span class='ocrx_word' id='word_1_909' title='bbox 545 5410 703 5467; x_wconf 69' lang='lat' dir='ltr'><strong>aquae</strong></span> <span class='ocrx_word' id='word_1_910' title='bbox 764 5398 901 5454; x_wconf 73' lang='lat' dir='ltr'><strong>viva:</strong></span> <span class='ocrx_word' id='word_1_911' title='bbox 964 5399 1466 5473; x_wconf 90' lang='lat' dir='ltr'><strong>interpretationem</strong></span> <span class='ocrx_word' id='word_1_912' title='bbox 1523 5403 1593 5457; x_wconf 92' lang='lat' dir='ltr'><strong>ita</strong></span> <span class='ocrx_word' id='word_1_913' title='bbox 1659 5388 1876 5472; x_wconf 76' lang='lat' dir='ltr'><strong>subjicit</strong></span> <span class='ocrx_word' id='word_1_914' title='bbox 1931 5423 1944 5459; x_wconf 91' lang='lat'><strong>:</strong></span> <span class='ocrx_word' id='word_1_915' title='bbox 2013 5405 2130 5463; x_wconf 83' lang='lat' dir='ltr'><strong>Hoc</strong></span> <span class='ocrx_word' id='word_1_916' title='bbox 2238 5403 2453 5458; x_wconf 87' lang='lat' dir='ltr'><strong>Tertius</strong></span> <span class='ocrx_word' id='word_1_917' title='bbox 2476 5402 2710 5469; x_wconf 88' lang='lat' dir='ltr'><strong>narium,</strong></span> <span class='ocrx_word' id='word_1_918' title='bbox 2738 5417 2844 5472; x_wconf 90' lang='lat' dir='ltr'><strong>quo</strong></span> <span class='ocrx_word' id='word_1_919' title='bbox 2873 5400 3022 5455; x_wconf 87' lang='lat' dir='ltr'><strong>varia</strong></span> <span class='ocrx_word' id='word_1_920' title='bbox 3047 5401 3273 5456; x_wconf 91' lang='lat' dir='ltr'><strong>odorum</strong></span> <span class='ocrx_word' id='word_1_921' title='bbox 3299 5402 3568 5456; x_wconf 82' lang='lat' dir='ltr'><strong>suavitate</strong></span> <span class='ocrx_word' id='word_1_922' title='bbox 3594 5401 3821 5461; x_wconf 76' lang='lat' dir='ltr'><strong>delecta-</strong></span> 
     </span>
    </p>
   </div>
   <div class='ocr_carea' id='block_1_57' title="bbox 542 5493 3826 5571">
    <p class='ocr_par' dir='ltr' id='par_1_57' title="bbox 542 5493 3826 5571">
     <span class='ocr_line' id='line_1_57' title="bbox 542 5493 3826 5571; baseline 0.002 -25"><span class='ocrx_word' id='word_1_923' title='bbox 542 5499 727 5548; x_wconf 83' lang='lat' dir='ltr'><strong>autem</strong></span> <span class='ocrx_word' id='word_1_924' title='bbox 756 5493 1001 5564; x_wconf 86' lang='lat' dir='ltr'><strong>dicebat,</strong></span> <span class='ocrx_word' id='word_1_925' title='bbox 1042 5496 1219 5567; x_wconf 90' lang='lat' dir='ltr'><strong>inquit</strong></span> <span class='ocrx_word' id='word_1_926' title='bbox 1255 5497 1324 5552; x_wconf 88' lang='lat' dir='ltr'><strong>de</strong></span> <span class='ocrx_word' id='word_1_927' title='bbox 1354 5496 1560 5566; x_wconf 86' lang='lat' dir='ltr'><strong>Spiritu</strong></span> <span class='ocrx_word' id='word_1_928' title='bbox 1582 5538 1595 5563; x_wconf 95' lang='lat'><strong>,</strong></span> <span class='ocrx_word' id='word_1_929' title='bbox 1640 5513 1801 5568; x_wconf 88' lang='lat' dir='ltr'><strong>quem</strong></span> <span class='ocrx_word' id='word_1_930' title='bbox 1852 5501 2131 5571; x_wconf 87' lang='lat' dir='ltr'><strong>accepturi</strong></span> <span class='ocrx_word' id='word_1_931' title='bbox 2235 5512 2378 5553; x_wconf 88' lang='lat' dir='ltr'><strong>mur.</strong></span> <span class='ocrx_word' id='word_1_932' title='bbox 2433 5497 2669 5564; x_wconf 89' lang='lat' dir='ltr'><strong>Quartus</strong></span> <span class='ocrx_word' id='word_1_933' title='bbox 2697 5497 2750 5553; x_wconf 92' lang='lat' dir='ltr'><strong>in</strong></span> <span class='ocrx_word' id='word_1_934' title='bbox 2784 5511 2882 5554; x_wconf 90' lang='lat' dir='ltr'><strong>ore</strong></span> <span class='ocrx_word' id='word_1_935' title='bbox 2909 5507 3097 5569; x_wconf 84' lang='lat' dir='ltr'><strong>gustus</strong></span> <span class='ocrx_word' id='word_1_936' title='bbox 3127 5497 3306 5554; x_wconf 90' lang='lat' dir='ltr'><strong>dulcia</strong></span> <span class='ocrx_word' id='word_1_937' title='bbox 3336 5508 3395 5554; x_wconf 90' lang='lat' dir='ltr'><strong>et</strong></span> <span class='ocrx_word' id='word_1_938' title='bbox 3414 5513 3604 5554; x_wconf 87' lang='lat' dir='ltr'><strong>amara</strong></span> <span class='ocrx_word' id='word_1_939' title='bbox 3636 5499 3826 5565; x_wconf 89' lang='lat' dir='ltr'><strong>sentit,</strong></span> 
     </span>
    </p>
   </div>
   <div class='ocr_carea' id='block_1_58' title="bbox 544 5588 3831 5661">
    <p class='ocr_par' dir='ltr' id='par_1_58' title="bbox 544 5588 3831 5661">
     <span class='ocr_line' id='line_1_58' title="bbox 544 5588 3831 5661; baseline 0.002 -19"><span class='ocrx_word' id='word_1_940' title='bbox 544 5595 702 5643; x_wconf 89' lang='lat' dir='ltr'><strong>erant</strong></span> <span class='ocrx_word' id='word_1_941' title='bbox 727 5588 784 5644; x_wconf 88' lang='lat' dir='ltr'><strong>hi</strong></span> <span class='ocrx_word' id='word_1_942' title='bbox 814 5592 907 5661; x_wconf 92' lang='lat' dir='ltr'><strong>qui</strong></span> <span class='ocrx_word' id='word_1_943' title='bbox 948 5592 1004 5646; x_wconf 89' lang='lat' dir='ltr'><strong>in</strong></span> <span class='ocrx_word' id='word_1_944' title='bbox 1040 5606 1167 5647; x_wconf 89' lang='lat' dir='ltr'><strong>eum</strong></span> <span class='ocrx_word' id='word_1_945' title='bbox 1190 5590 1449 5647; x_wconf 89' lang='lat' dir='ltr'><strong>credituri</strong></span> <span class='ocrx_word' id='word_1_946' title='bbox 1479 5601 1657 5647; x_wconf 91' lang='lat' dir='ltr'><strong>erant.</strong></span> <span class='ocrx_word' id='word_1_947' title='bbox 1690 5593 1938 5649; x_wconf 85' lang='lat' dir='ltr'><strong>Nondum</strong></span> <span class='ocrx_word' id='word_1_948' title='bbox 1981 5594 2127 5651; x_wconf 88' lang='lat' dir='ltr'><strong>enim</strong></span> <span class='ocrx_word' id='word_1_949' title='bbox 2234 5596 2291 5645; x_wconf 72' lang='lat' dir='ltr'><strong>et</strong></span> <span class='ocrx_word' id='word_1_950' title='bbox 2335 5588 2579 5645; x_wconf 83' lang='lat' dir='ltr'><strong>omnium</strong></span> <span class='ocrx_word' id='word_1_951' title='bbox 2629 5603 2881 5659; x_wconf 74' lang='lat' dir='ltr'><strong>saporum</strong></span> <span class='ocrx_word' id='word_1_952' title='bbox 2930 5588 3093 5644; x_wconf 67' lang='lat' dir='ltr'><strong>habet</strong></span> <span class='ocrx_word' id='word_1_953' title='bbox 3144 5602 3394 5644; x_wconf 69' lang='lat' dir='ltr'><strong>examen.</strong></span> <span class='ocrx_word' id='word_1_954' title='bbox 3443 5588 3679 5655; x_wconf 65' lang='lat' dir='ltr'><strong>Quintus</strong></span> <span class='ocrx_word' id='word_1_955' title='bbox 3726 5601 3831 5659; x_wconf 71' lang='grc' dir='ltr'><strong>ρα-</strong></span> 
     </span>
    </p>
   </div>
   <div class='ocr_carea' id='block_1_59' title="bbox 543 5678 3826 5758">
    <p class='ocr_par' dir='ltr' id='par_1_59' title="bbox 543 5678 3826 5758">
     <span class='ocr_line' id='line_1_59' title="bbox 543 5678 3826 5758; baseline -0.001 -24"><span class='ocrx_word' id='word_1_956' title='bbox 543 5688 669 5737; x_wconf 86' lang='lat' dir='ltr'><strong>erat</strong></span> <span class='ocrx_word' id='word_1_957' title='bbox 693 5681 930 5753; x_wconf 87' lang='lat' dir='ltr'><strong>Spiritus</strong></span> <span class='ocrx_word' id='word_1_958' title='bbox 956 5684 1139 5750; x_wconf 90' lang='lat' dir='ltr'><strong>datus,</strong></span> <span class='ocrx_word' id='word_1_959' title='bbox 1169 5683 1295 5753; x_wconf 89' lang='lat' dir='ltr'><strong>quia</strong></span> <span class='ocrx_word' id='word_1_960' title='bbox 1323 5680 1479 5739; x_wconf 83' lang='lat' dir='ltr'><strong>Jesus</strong></span> <span class='ocrx_word' id='word_1_961' title='bbox 1516 5685 1752 5740; x_wconf 90' lang='lat' dir='ltr'><strong>nondum</strong></span> <span class='ocrx_word' id='word_1_962' title='bbox 1796 5685 1974 5743; x_wconf 84' lang='lat' dir='ltr'><strong>fuerat</strong></span> <span class='ocrx_word' id='word_1_963' title='bbox 2016 5686 2131 5758; x_wconf 84' lang='lat' dir='ltr'><strong>glo-</strong></span> <span class='ocrx_word' id='word_1_964' title='bbox 2237 5688 2409 5737; x_wconf 90' lang='lat' dir='ltr'><strong>totum</strong></span> <span class='ocrx_word' id='word_1_965' title='bbox 2461 5696 2656 5751; x_wconf 89' lang='lat' dir='ltr'><strong>corpus</strong></span> <span class='ocrx_word' id='word_1_966' title='bbox 2698 5679 2967 5752; x_wconf 88' lang='lat' dir='ltr'><strong>tangendo</strong></span> <span class='ocrx_word' id='word_1_967' title='bbox 3010 5679 3267 5747; x_wconf 85' lang='lat' dir='ltr'><strong>dijudicat</strong></span> <span class='ocrx_word' id='word_1_968' title='bbox 3306 5694 3370 5735; x_wconf 91' lang='lat' dir='ltr'><strong>ca</strong></span> <span class='ocrx_word' id='word_1_969' title='bbox 3393 5679 3480 5734; x_wconf 86' lang='lat' dir='ltr'><strong>ida</strong></span> <span class='ocrx_word' id='word_1_970' title='bbox 3515 5686 3569 5734; x_wconf 88' lang='lat' dir='ltr'><strong>et</strong></span> <span class='ocrx_word' id='word_1_971' title='bbox 3609 5678 3826 5748; x_wconf 81' lang='lat' dir='ltr'><strong>frigida,</strong></span> 
     </span>
    </p>
   </div>
   <div class='ocr_carea' id='block_1_60' title="bbox 544 5769 3833 5851">
    <p class='ocr_par' dir='ltr' id='par_1_60' title="bbox 544 5769 3833 5851">
     <span class='ocr_line' id='line_1_60' title="bbox 544 5769 3833 5851; baseline -0.003 -14"><span class='ocrx_word' id='word_1_972' title='bbox 544 5770 811 5837; x_wconf 61' lang='lat' dir='ltr'><strong>tilium.</strong></span> <span class='ocrx_word' id='word_1_973' title='bbox 841 5773 1191 5851; x_wconf 50' lang='grc' dir='ltr'><strong>Καρ-ξηαπ</strong></span> <span class='ocrx_word' id='word_1_974' title='bbox 1236 5776 1437 5834; x_wconf 87' lang='lat' dir='ltr'><strong>donum</strong></span> <span class='ocrx_word' id='word_1_975' title='bbox 1481 5775 1713 5850; x_wconf 86' lang='lat' dir='ltr'><strong>Spiritus</strong></span> <span class='ocrx_word' id='word_1_976' title='bbox 1758 5788 1978 5836; x_wconf 80' lang='lat' dir='ltr'><strong>sanctus</strong></span> <span class='ocrx_word' id='word_1_977' title='bbox 2024 5790 2128 5849; x_wconf 87' lang='lat' dir='ltr'><strong>est,</strong></span> <span class='ocrx_word' id='word_1_978' title='bbox 2236 5773 2422 5834; x_wconf 88' lang='lat' dir='ltr'><strong>mollia</strong></span> <span class='ocrx_word' id='word_1_979' title='bbox 2449 5782 2505 5830; x_wconf 91' lang='lat' dir='ltr'><strong>et</strong></span> <span class='ocrx_word' id='word_1_980' title='bbox 2530 5774 2695 5841; x_wconf 87' lang='lat' dir='ltr'><strong>dura,</strong></span> <span class='ocrx_word' id='word_1_981' title='bbox 2734 5773 2874 5831; x_wconf 88' lang='lat' dir='ltr'><strong>levia</strong></span> <span class='ocrx_word' id='word_1_982' title='bbox 2901 5780 2956 5830; x_wconf 92' lang='lat' dir='ltr'><strong>et</strong></span> <span class='ocrx_word' id='word_1_983' title='bbox 2987 5785 3217 5848; x_wconf 81' lang='lat' dir='ltr'><strong>aspera,</strong></span> <span class='ocrx_word' id='word_1_984' title='bbox 3270 5779 3326 5830; x_wconf 89' lang='lat' dir='ltr'><strong>et</strong></span> <span class='ocrx_word' id='word_1_985' title='bbox 3370 5769 3636 5846; x_wconf 74' lang='lat' dir='ltr'><strong>quidquid</strong></span> <span class='ocrx_word' id='word_1_986' title='bbox 3678 5769 3833 5830; x_wconf 78' lang='lat' dir='ltr'><strong>aliud</strong></span> 
     </span>
    </p>
   </div>
  </div>
