3994 6354
122 411 212 466 s'n
1308 405 1615 467 umnle
1656 405 1748 465 nn
1783 402 2132 464 TEMPORE.
3269 374 3383 461 at!

123 538 196 587 est
221 523 356 596 quod
378 522 645 595 tangendo
674 521 957 587 sentimus.
1008 521 1130 581 latis
1166 523 1347 594 itaque
1375 522 1688 581 carnalibus
1714 525 1767 585 Α
1790 522 1918 578 bere
1937 519 2288 583 connubium,
2322 517 2416 574 sed
2445 533 2600 574 error
2626 518 2822 575 diaboli
2846 516 3025 590 potius
3052 518 3380 589 dominatur,

125 622 345 697 quinque
389 618 638 676 sensibus
662 620 836 690 prima
863 620 1100 677 hominis
1126 628 1257 676 tetas
1281 621 1562 687 imbuitur,
1595 634 1690 675 ne-
1793 616 1885 686 qui
1917 623 1969 672 te
1996 613 2303 670 adulterina
2332 613 2793 669 contaminatione
2822 613 3138 683 corrumpit.
3180 613 3248 669 Et
3274 613 3386 671 for-

125 714 596 772 eessitatenaturae
622 712 865 771 mortalis
895 730 911 767 :
940 713 1066 784 quia
1115 715 1190 770 ita
1235 722 1360 785 post
1401 724 1689 785 peccatum
1795 715 1939 762 tasse
1974 701 2400 775 intelligentibus
2438 702 2725 767 indicaret,
2754 704 2993 774 quinque
3012 704 3253 759 virorum
3283 720 3386 763 no-

123 802 266 876 primi
313 800 548 857 hominis
592 801 706 857 uati
754 816 958 869 sumus,
985 802 1305 861 utnondum
1333 803 1541 859 reddita
1569 802 1692 860 luce
1794 797 1964 862 mine,
2007 794 2298 867 significari
2341 794 2579 865 quinque
2622 805 2951 852 memoratos
2995 797 3240 868 corporis
3263 811 3389 853 sen-

124 892 663 960 ntcntis,,carnalibus
698 895 947 950 sensibus
991 894 1178 960 dediti,
1222 894 1498 951 carnalem
1525 896 1692 951 vitam
1796 902 1910 945 sus.
1950 888 2079 945 Post
2101 887 2343 958 quinque
2363 885 2611 943 carnales
2634 890 3035 957 τθεροηείοηθε,
3063 891 3167 946 ἰδίει
3196 890 3391 947 mune!

126 990 231 1045 sine
277 986 384 1043 ulla
433 986 681 1043 veritatis
728 986 1078 1059 intelligentia
1122 996 1484 1044 transeamus.
1534 986 1694 1047 Tales
1798 990 1953 1039 sexta
1995 979 2352 1050 responsione
2392 978 2643 1034 nominat
2676 977 2974 1035 Christum.
3032 980 3166 1035 Nam
3207 983 3390 1052 prima

126 1094 335 1138 necesse
383 1086 468 1136 est
513 1094 637 1137 esse
686 1077 939 1145 infantes,
981 1088 1037 1136 et
1076 1080 1331 1152 parvulos
1354 1095 1573 1152 pueros,
1600 1079 1694 1150 qui
1796 1076 1916 1146 eius
1962 1073 2242 1144 responsio
2280 1082 2409 1129 est:
2439 1092 2458 1124 ι
2487 1070 2567 1126 'l‘u
2597 1087 2721 1129 cum
2745 1073 2821 1128 sis
2845 1072 3084 1141 Judzeus,
3122 1077 3394 1145 quomodo

123 1173 350 1230 nondum
384 1178 613 1243 possunt
637 1170 885 1242 accipere
912 1172 1198 1229 rationem.
1252 1173 1320 1228 Et
1359 1172 1489 1244 quia
1536 1180 1694 1227 natu-
1800 1180 1833 1223 a
1862 1180 1949 1221 me
1980 1164 2165 1220 bibere
2188 1162 2369 1234 petis?
2404 1182 2424 1214 ι
2476 1161 2722 1219 Secunda
2756 1180 2770 1218 :
2804 1180 2823 1212 ι
2856 1163 3103 1230 Domine,
3135 1166 3395 1234 neque'in

122 1263 249 1321 rales
272 1270 404 1319 sunt
435 1261 523 1318 isti
549 1277 760 1328 sensus,
807 1263 900 1333 qui
945 1263 1176 1333 primam
1223 1272 1435 1319 aetatem
1480 1271 1695 1334 regunt,
1799 1273 1910 1329 quo
1949 1256 2170 1312 haurias
2208 1256 2397 1322 habes,
2448 1263 2505 1311 et
2535 1264 2732 1325 puteus
2780 1254 2920 1311 altus
2958 1264 3063 1310 est.
3093 1274 3111 1307 ι
3164 1256 3345 1311 Tertia
3379 1274 3393 1309 :

121 1364 168 1412 et
198 1355 314 1432 Deo
364 1353 574 1411 artifice
622 1354 778 1413 nobis
822 1357 1008 1412 tributi
1064 1364 1210 1423 sunt,
1256 1364 1402 1413 recte
1445 1355 1700 1412 dicuntur
1808 1368 1828 1402 ι
1860 1348 2111 1413 Domine,
2154 1346 2224 1402 da
2262 1346 2393 1402 mihi
2423 1346 2563 1401 hanc
2593 1361 2812 1416 aquam,
2849 1353 2910 1400 ut
2935 1360 3045 1401 non
3075 1346 3279 1411 sitiam,
3308 1360 3401 1401 ne-

121 1447 268 1503 iidem
296 1445 507 1512 mariti,
551 1453 804 1516 tanquam
843 1445 1089 1514 legitimi.
1143 1445 1409 1514 Quoniam
1455 1460 1562 1501 non
1605 1459 1701 1502 eos
1803 1456 1912 1513 que
1961 1440 2176 1496 veniam
2221 1439 2327 1495 huc
2376 1439 2613 1495 haurire.
2650 1457 2669 1491 ι
2729 1438 2974 1506 Quarta:
3013 1457 3032 1489 ι
3064 1436 3182 1492 Non
3224 1438 3400 1493 habeo

122 1552 327 1595 errores
374 1538 506 1593 vitio
544 1538 782 1609 proprio,
833 1538 931 1594 sed
961 1538 1058 1595 Dei
1085 1537 1543 1594 artificio'natura
1565 1552 1701 1593 con-
1804 1535 2003 1588 virum.
2036 1551 2057 1584 ι
2097 1532 2296 1599 Quinta
2325 1548 2339 1585 :
2377 1550 2396 1583 t
2429 1529 2597 1586 Video
2633 1531 2759 1601 quia
2785 1531 3049 1601 propheta
3078 1543 3139 1585 es
3164 1538 3224 1582 tu
3253 1568 3268 1593 ,
3305 1542 3401 1597 pa-

124 1631 318 1686 tribuit.
382 1629 515 1687 Cum
546 1640 727 1687 autem
750 1630 981 1701 quisque
1011 1632 1219 1688 venerit
1251 1631 1320 1686 ad
1359 1639 1576 1688 aetatem
1606 1644 1706 1686 cu-
1806 1630 1920 1678 tres
1948 1622 2120 1677 nostri
2160 1622 2213 1676 in
2250 1629 2434 1677 ιηοιιῑθ
2483 1622 2585 1676 hoc
2629 1621 3012 1676 ειάοηνθΐυῐη·
3046 1640 3065 1672 ³
3117 1619 3252 1673 Nam
3297 1618 3402 1674 is“

119 1718 199 1790 ius
218 1720 331 1776 vita
355 1719 525 1792 possit
549 1735 865 1791 capaxesse
896 1722 1147 1789 rationis,
1188 1724 1236 1778 si
1272 1724 1555 1779 veritatem
1592 1730 1707 1776 sta-
1810 1712 2091 1784 responsio
2115 1711 2352 1768 carnalis
2381 1719 2486 1766 est.
2540 1710 2861 1766 Carnalbus
2898 1711 3045 1765 enim
3088 1710 3244 1762 datus
3279 1706 3402 1761 fue-

128 1811 214 1867 tim
241 1810 701 1881 comprehendere
738 1812 957 1885 poterit,
999 1829 1107 1870 non
1145 1814 1258 1885 iam
1308 1814 1413 1870 illis
1459 1812 1709 1869 sensibus
1813 1814 1901 1860 rat
1952 1805 2106 1861 locus
2155 1812 2402 1859 terrenus
2440 1803 2533 1858 ubi
2564 1811 2786 1859 orarent
2816 1818 2831 1856 :
2856 1801 3165 1871 spirituales
3220 1808 3403 1855 autem

126 1900 421 1958 rectoribus
445 1908 649 1968 utetur,
672 1903 768 1958 sed
794 1902 1013 1959 habebit
1045 1904 1224 1960 virum
1246 1903 1498 1974 spiritum
1533 1904 1703 1960 ratio-
1732 1897 1785 1959 Β
1810 1897 2005 1967 spiritu
2032 1905 2088 1953 et
2109 1898 2341 1953 veritate
2363 1904 2612 1953 oraturos
2640 1911 2758 1952 esse
2780 1896 3040 1950 Dominus
3063 1894 3219 1949 dixit.
3252 1894 3408 1961 Quod

125 1990 318 2059 nalem,
350 1992 436 2048 cui
471 2007 664 2050 sensus
689 1993 885 2051 illosin
908 1994 1226 2051 famulatum
1254 1996 1464 2067 redigat
1486 1996 1714 2052 servitu-

126 2079 207 2142 tis,
251 2081 544 2153 subiiciens
589 2097 786 2154 corpus
829 2099 987 2139 suum
1037 2101 1162 2140 cum
1198 2086 1404 2152 anima,
1448 2101 1555 2142 non
1599 2085 1713 2156 iam

124 2171 247 2228 viris
266 2173 530 2244 quinque,
551 2173 605 2230 id
632 2184 723 2230 est
742 2176 981 2247 quinque
1005 2179 1283 2248 corporeis
1311 2179 1579 2245 sensibus,
1595 2178 1717 2249 qui-

121 2260 215 2318 bus
254 2263 473 2320 subdita
511 2273 639 2321 est:
668 2266 773 2327 sed,
804 2267 1028 2323 verbum
1069 2267 1309 2324 divinum
1341 2268 1505 2324 habet
1542 2267 1719 2337 legitio

122 2368 266 2408 mum
298 2354 498 2418 virum,
527 2356 617 2411 cui
648 2356 903 2425 copulata
931 2365 1015 2413 est
1046 2358 1341 2424 inhaerens,
1366 2374 1492 2414 cum
1520 2368 1577 2414 et
1603 2358 1719 2427 ipse

122 2443 348 2513 spiritus
375 2444 611 2500 hominis
648 2446 867 2502 haeserit
914 2446 1166 2514 Christo;
1197 2468 1217 2500 t
1254 2449 1381 2519 quia
1419 2458 1580 2518 caput
1613 2449 1719 2504 viri

122 2531 370 2588 Christus
394 2542 500 2598 est,
529 2553 550 2587 ι
581 2533 861 2605 amplexus
888 2536 1192 2606 spiritualia
1217 2548 1432 2594 aeternae
1444 2539 1721 2605 vitamsine

127 2625 225 2681 ullo
246 2626 609 2696 separationis
647 2628 842 2684 timore
866 2628 1186 2699 perfruitur,
1213 2632 1362 2685 utait
1389 2632 1677 2700 Apostolus
1700 2649 1716 2685 :

134 2735 149 2769 ι
177 2716 309 2785 Quis
333 2732 434 2774 nos
455 2732 711 2787 separare
730 2719 931 2789 poterit
951 2736 983 2774 a
1008 2721 1278 2777 charitate
1299 2720 1501 2776 Christi
1536 2720 1716 2791 (Rom.

130 2808 287 2883 vni)?
314 2829 334 2862 ι
374 2808 714 2875 subauditur,
738 2809 883 2865 nulla
904 2826 1011 2867 res.
1052 2810 1156 2867 Sed
1203 2812 1457 2874 quoniam
1484 2812 1574 2867 illa
1603 2828 1721 2866 mu-

129 2892 225 2955 lier
251 2914 439 2956 errore
469 2898 779 2965 tenebatur,
809 2916 929 2972 qua:
952 2901 1294 2972 significabat
1315 2902 1718 2960 multitudinem

135 2990 307 3046 saeculi
349 2990 514 3046 variis
552 2991 1030 3062 superstitionibus
1074 2992 1389 3064 subjugari,
1428 3002 1551 3063 post
1589 3002 1721 3049 tem-

132 3095 259 3150 pora
290 3078 377 3135 illa
401 3079 642 3150 quinque
669 3079 967 3136 carnalium
1022 3095 1279 3137 sensuum
1321 3080 1519 3151 quibus
1545 3082 1721 3153 prima

136 3182 263 3227 tetas
291 3172 373 3244 (ut
397 3173 652 3244 diximus)
685 3174 921 3245 regitur,
960 3190 1067 3229 non
1093 3190 1157 3229 ea
1187 3174 1409 3231 verbum
1446 3176 1541 3233 Dei
1570 3191 1723 3235 acce-

135 3271 288 3333 perat
317 3263 369 3318 in
396 3262 698 3336 coniugium
721 3306 737 3331 ,
768 3264 861 3321 sed
890 3266 1176 3336 complexu
1201 3267 1508 3324 adulterino
1530 3268 1721 3326 diabo-

136 3349 227 3405 lus
258 3367 376 3406 eam
404 3353 692 3411 obtinebat.
741 3354 927 3427 Itaque
957 3356 1031 3411 illi
1063 3357 1324 3413 Dominus
1352 3358 1501 3425 dicit,
1530 3359 1720 3419 videns

147 3453 266 3495 eam
297 3456 412 3498 esse
441 3443 726 3514 carnalem,
754 3445 808 3502 id
827 3454 911 3503 est
934 3447 1227 3505 carnaliter
1247 3464 1477 3518 sapere:
1508 3467 1528 3502 ι
1547 3448 1719 3521 Vade,

143 3547 277 3589 voca
311 3533 482 3590 virum
511 3543 674 3604 tuum,
698 3545 753 3593 et
779 3538 903 3595 veni
931 3537 1058 3606 huc,
1094 3559 1114 3592 ι
1164 3539 1219 3595 id
1261 3548 1347 3597 est
1395 3555 1615 3598 remove
1667 3549 1722 3599 te

143 3626 211 3683 ab
259 3625 539 3685 affectione
573 3630 801 3698 carnali,
852 3631 907 3686 in
948 3648 1065 3703 qua
1110 3649 1255 3689 nunc
1298 3633 1593 3690 constituta
1636 3648 1720 3702 es,

143 3719 278 3777 unde
316 3738 421 3779 non
450 3732 605 3795 potes
630 3723 930 3797 intelligere
956 3740 1078 3795 quae
1101 3724 1313 3798 loquor.
1363 3725 1430 3782 Et
1460 3741 1594 3783 voca
1633 3727 1720 3782 vi-

144 3829 257 3869 rum
284 3822 455 3881 tuum,
484 3814 537 3870 id
564 3824 648 3872 est
677 3815 868 3888 spiritu
899 3815 1269 3887 iatelligentim
1296 3832 1537 3887 praesens
1578 3825 1719 3875 esto.

145 3903 234 3960 Est
266 3906 408 3961 enim
432 3907 626 3962 anima:
652 3907 808 3977 quasi
835 3908 1064 3963 maritus
1084 3909 1477 3978 quodammodo
1500 3909 1723 3978 spiritus

150 3997 392 4064 hominis,
421 3998 514 4071 qui
548 3997 838 4055 animalem
867 3997 1206 4055 affectionem
1241 4008 1493 4071 tanquam
1530 3999 1719 4070 coitiu-

148 4106 258 4161 gem
304 4091 443 4165 regit
467 4111 478 4146 :
505 4107 611 4147 non
640 4091 729 4147 ille
757 4090 988 4164 Spiritus
1015 4104 1259 4160 sanctus,
1284 4095 1376 4165 qui
1405 4110 1529 4150 cum
1561 4093 1725 4151 Patre

150 4190 196 4235 et
228 4180 360 4238 Filio
383 4183 896 4241 incommutabiliter
911 4184 1089 4252 datur,
1103 4185 1199 4242 sed
1219 4185 1442 4256 spiritus
1466 4184 1722 4251 hominis.

150 4272 208 4328 de
226 4290 328 4346 quo
346 4274 636 4348 Apostolus
654 4276 785 4333 dicit
810 4295 824 4331 :
852 4296 870 4328 t
904 4275 1073 4333 Nemo
1098 4278 1202 4333 scit
1222 4277 1351 4348 quid
1373 4285 1451 4334 est
1471 4277 1523 4332 in
1551 4277 1727 4333 homi-

153 4380 232 4433 ne,
268 4366 371 4424 nisi
405 4367 629 4440 spiritus
658 4368 893 4426 hominis
919 4369 1012 4439 qui
1040 4378 1127 4426 est
1157 4370 1212 4425 in
1239 4384 1304 4425 eo
1332 4368 1384 4441 (l
1422 4368 1544 4425 Cor.
1586 4370 1671 4441 ιι).
1700 4388 1721 4423 ι

148 4452 273 4512 Nam
318 4458 407 4515 ille
455 4457 689 4531 Spiritus
732 4470 972 4528 sanctus,
1016 4462 1237 4532 spiritus
1261 4461 1357 4518 Dei
1384 4469 1490 4527 est,
1522 4461 1589 4523 de
1618 4476 1727 4532 quo

152 4550 338 4608 iterum
385 4553 517 4610 dicit
542 4572 554 4609 :
585 4574 603 4607 ι
634 4554 725 4611 Sic
767 4564 826 4611 et
857 4570 977 4626 qua:
1005 4552 1101 4611 Dei
1128 4564 1257 4611 sunt
1277 4569 1438 4612 nemo
1465 4554 1587 4621 scit,
1617 4554 1725 4611 nisi

153 4639 382 4714 Spiritus
402 4646 516 4701 Dei.
550 4666 569 4701 ι
603 4642 705 4703 Hic
731 4661 861 4719 ergo
893 4646 1116 4719 spiritus
1152 4647 1389 4704 hominis
1423 4663 1546 4705 cum
1583 4663 1725 4718 pra:-

152 4748 267 4791 sens
297 4745 407 4804 est,
448 4737 503 4797 id
545 4745 628 4794 est
662 4724 925 4805 inuentus,
952 4746 1008 4793 et
1040 4753 1101 4794 se
1125 4737 1328 4809 pietate
1348 4737 1567 4809 subiicit
1591 4738 1721 4804 Deo,

151 4824 394 4897 intelligit
424 4828 587 4885 homo
616 4844 736 4900 qua:
762 4828 1116 4899 spiritualiter
1140 4828 1427 4897 dicuntur;
1478 4846 1600 4887 cum
1628 4846 1729 4889 au-

153 4927 251 4974 tem
293 4918 496 4977 diaboli
543 4937 716 4990 error,
764 4929 1017 4993 tauquam
1067 4921 1291 4978 absente
1329 4921 1628 4989 intellectu,
1670 4924 1731 4983 in

152 5011 320 5071 anima
351 5012 684 5083 dominatur,
712 5014 924 5072 adulter
949 5023 1053 5073 est.
1093 5033 1112 5068 t
1146 5013 1291 5073 Voca
1334 5031 1466 5090 ergo
1506 5017 1728 5090 (inquit)

152 5102 319 5160 virum
352 5114 527 5174 tuum,
555 5126 574 5161 ι
605 5106 661 5163 id
690 5115 773 5163 est
793 5107 1063 5179 spiritum,
1093 5108 1187 5179 qui
1212 5108 1372 5164 estin
1401 5117 1475 5175 te,
1504 5124 1613 5180 quo
1632 5124 1730 5181 po-

156 5203 252 5252 test
279 5186 443 5256 ὴοιιιὸ
480 5197 780 5272 intelligere
801 5199 1124 5270 spiritualia.
1156 5198 1222 5257 Si
1251 5215 1375 5257 eum
1400 5200 1494 5256 lux
1523 5201 1728 5257 verita-

159 5286 219 5343 tis
244 5289 498 5360 illustret,
533 5299 588 5348 et
613 5291 728 5361 ipse
755 5291 918 5359 adsit,
955 5292 1232 5365 colloquar
1258 5293 1375 5367 tibi,
1399 5302 1460 5350 ut
1480 5293 1733 5366 spiritua-

1812 1996 2167 2059 posteaquam
2194 1987 2407 2043 locutus
2448 1984 2554 2053 est,
2603 1995 2756 2043 sexta
2814 1986 3058 2041 mulieris
3103 1990 3408 2055 responsio,

1815 2076 2090 2134 Christum
2144 2075 2343 2133 fatetur
2374 2077 2618 2133 omnium
2646 2075 2916 2146 iustorum
2960 2091 3079 2132 esse
3108 2076 3407 2132 doctorem.

1814 2169 1958 2229 Dicit
1999 2170 2144 2225 enim
2171 2185 2186 2223 :

1896 2279 1915 2310 ι
1947 2260 2075 2316 Scio
2108 2260 2234 2329 quia
2266 2259 2492 2317 Messias
2535 2261 2705 2326 venit,
2755 2260 2850 2331 qui
2897 2261 3096 2316 dicitur
3140 2260 3410 2317 Christus.

1825 2372 1845 2405 ι
1871 2350 2007 2406 Cum
2044 2365 2175 2421 ergo
2201 2351 2445 2414 venerit,
2481 2350 2572 2405 ille
2600 2350 2756 2407 nobis
2785 2351 3128 2407 aununtiabit
3155 2350 3359 2406 omnia.
3386 2367 3409 2401 ι

1818 2441 1925 2497 Sed
1976 2439 2154 2496 adhuc
2194 2448 2360 2505 errat,
2390 2440 2519 2509 quia
2548 2454 2672 2495 eum
2694 2455 2857 2510 quem
2885 2450 3173 2498 venturum
3204 2448 3413 2510 sperat,

1820 2532 2036 2588 venisse
2081 2545 2188 2585 non
2236 2530 2398 2586 videt.
2457 2528 2838 2587 Verumtamen
2880 2531 3253 2586 misericordia
3302 2533 3407 2587 Do-

1822 2624 1957 2679 mini
2013 2637 2156 2678 nunc
2202 2636 2358 2677 error
2423 2620 2526 2677 iste
2566 2662 2582 2688 ,
2639 2630 2895 2692 tanquam
2957 2622 3172 2679 adulter
3234 2621 3400 2693 expel-

1822 2714 1971 2769 litur.

1899 2824 1918 2855 ‹
1948 2804 2086 2859 Dicit
2128 2805 2178 2859 ei
2214 2804 2423 2861 Jesus:
2465 2805 2578 2876 Ego
2624 2821 2743 2862 sum
2790 2807 2883 2876 qui
2924 2806 3117 2877 loquor
3160 2814 3359 2863 tecum.
3386 2828 3411 2865 ι

1821 2895 1941 2963 Quo
1978 2896 2186 2961 audito,
2226 2896 2316 2951 illa
2366 2912 2473 2952 non
2514 2898 2810 2968 respondit,
2859 2899 2954 2955 sed
2999 2898 3184 2954 statim
3225 2899 3416 2957 relicta

1820 2988 2016 3057 hydria
2040 3003 2158 3053 sua,
2186 2988 2322 3044 abiit
2351 2987 2405 3043 in
2438 2989 2713 3045 civitatem
2744 2990 3040 3059 festinans,
3075 2999 3137 3047 ut
3174 2991 3415 3065 Evange-

1820 3078 1953 3135 lium
1983 3088 2041 3134 et
2058 3079 2272 3135 Domini
2300 3079 2590 3137 adventum
2614 3095 2723 3137 non
2753 3090 2960 3138 tantum
3003 3084 3272 3153 crederet,
3321 3087 3418 3143 sed

1822 3170 1987 3225 etiam
2008 3169 2347 3241 praedicaret.
2382 3168 2492 3226 Nec
2518 3172 2621 3227 hoc
2642 3170 2807 3242 quod,
2844 3171 3032 3229 relicta
3055 3173 3268 3245 hydria,
3307 3176 3417 3232 dis-

1746 3246 1792 3311 C
1823 3261 2009 3326 cessit,
2056 3261 2391 3331 negligenter
2426 3263 2860 3332 praetereundum
2893 3272 2995 3321 est.
3051 3265 3257 3337 Hydria
3305 3267 3419 3326 for-

1822 3363 1971 3411 tasse
1996 3353 2144 3410 enim
2181 3368 2423 3411 amorem
2473 3356 2658 3413 saeculi
2696 3357 2871 3428 huius
2900 3358 3192 3429 signiticet,
3233 3361 3289 3417 id
3335 3370 3420 3419 est

1823 3446 2195 3517 cupiditatem,
2226 3445 2355 3516 quia
2385 3446 2487 3503 sibi
2508 3446 2758 3504 homines
2790 3448 2859 3504 de
2886 3450 3172 3506 tenebrosa
3196 3449 3420 3521 profun-

1823 3538 2012 3603 ditate,
2051 3536 2205 3607 cuius
2253 3537 2548 3609 imaginem
2601 3546 2797 3609 puteus
2847 3540 3011 3613 gerit,
3062 3539 3170 3598 hoc
3219 3548 3307 3599 est
3352 3541 3422 3599 de

1822 3638 2040 3688 terrena
2095 3629 2509 3687 conversatione
2563 3630 2820 3687 hauriunt
2874 3631 3204 3703 voluptatem
3237 3672 3255 3701 ,
3313 3647 3421 3705 qua

1822 3728 2110 3791 percepta,
2158 3720 2359 3776 iterum
2412 3720 2466 3774 in
2508 3718 2629 3790 ejus
2683 3722 2983 3792 appetitum
3033 3722 3421 3792 inardescant;

1822 3812 1966 3870 sicut
1989 3813 2056 3869 de
2085 3826 2224 3882 aqua
2258 3809 2348 3866 illa
2384 3810 2480 3881 qui
2516 3810 2737 3879 biberit,
2766 3812 2914 3871 sitiet
2935 3813 3153 3870 iterum.
3191 3812 3422 3885 Oporte-

1822 3904 1919 3961 bat
1939 3911 2121 3958 autem
2147 3911 2207 3960 ut
2233 3902 2451 3960 Christo
2479 3902 2708 3961 credens
2739 3904 2935 3961 δέξαιο
2969 3907 3422 3977 renuntiaret,et,

1824 4000 2016 4057 relicta
2051 4000 2266 4071 hydria,
2297 3998 2648 4070 cupiditatem
2684 4000 2999 4058 saecularem
3034 4017 3096 4059 se
3131 4002 3423 4075 reliquisse

1828 4099 2175 4156 monstraret.
2204 4106 2308 4147 non
2343 4091 2518 4147 solum
2549 4092 2714 4148 corde
2745 4094 2975 4150 credens
3013 4094 3081 4149 ad
3126 4093 3420 4164 iustitiam,

1826 4185 1926 4241 sed
1954 4185 2119 4241 etiam
2140 4178 2211 4239 ad
2245 4183 2474 4239 salutem
2498 4198 2596 4240 ore
2621 4184 2938 4242 confessura
2990 4187 3135 4258 quod
3167 4188 3420 4245 credidit.

1834 4297 1853 4330 ι
1882 4278 2027 4335 Dicit
2067 4280 2211 4336 enim
2258 4278 2455 4335 mulier
2485 4296 2499 4334 :
2527 4280 2753 4337 Domine
2772 4322 2787 4347 ,
2813 4280 2973 4338 video
2998 4282 3127 4353 quia
3153 4284 3424 4353 propheta

1836 4391 1855 4425 ι
1888 4385 1950 4427 es
1974 4381 2053 4426 tu.
2074 4390 2096 4424 ι
2113 4370 2292 4442 Coepit
2317 4371 2505 4428 venire
2535 4371 2641 4438 vir,
2667 4373 2906 4428 nondum
2922 4373 3080 4443 plene
3101 4374 3270 4439 venit,
3290 4372 3423 4442 quia

1829 4462 2150 4532 prophetam
2175 4460 2463 4519 Dominum
2485 4463 2717 4533 putavit.
2767 4462 2901 4519 Erat
2937 4463 3157 4533 quidem
3199 4470 3258 4516 et
3298 4473 3425 4532 pto-

1830 4553 2011 4623 pheta,
2054 4567 2182 4609 nam
2219 4553 2287 4608 de
2320 4554 2498 4626 seipse
2534 4554 2610 4610 ait
2639 4572 2652 4609 :
2690 4576 2710 4608 ι
2735 4553 2855 4609 Νοιι
2880 4563 2971 4610 est
3001 4552 3266 4624 propheta
3307 4554 3427 4611 sine

1831 4645 2058 4708 honore,
2093 4645 2199 4719 nisi
2228 4646 2284 4701 in
2322 4647 2500 4716 patria
2525 4661 2622 4702 sua
2652 4645 2848 4715 (Herc.
2873 4643 2973 4713 vr).
3004 4663 3024 4696 ι
3076 4644 3207 4700 Item
3238 4644 3305 4701 de
3332 4643 3426 4701 illo

1833 4738 2038 4796 dictum
2063 4740 2238 4796 estad
2264 4739 2481 4811 Moysen
2511 4759 2523 4793 :
2558 4758 2580 4792 ι
2606 4738 2934 4807 Prophetam
2954 4738 3037 4793 eis
3058 4738 3332 4796 suscitabo
3355 4741 3427 4797 de

1833 4832 2093 4889 fratribus
2127 4847 2317 4889 eorum
2355 4832 2585 4888 similem
2621 4830 2698 4887 tui
2734 4830 2916 4903 (Deut.
2968 4831 3149 4902 mn).
3179 4850 3199 4885 ο
3261 4831 3427 4890 Simia-

1834 4925 1940 4982 lem
1963 4923 2170 4982 scilicet
2196 4925 2264 4981 ad
2293 4924 2522 4981 formam
2558 4923 2758 4989 carnis,
2806 4938 2916 4979 non
2961 4924 3031 4981 ad
3073 4923 3427 4981 eminentiam

1835 5017 2155 5089 maiestatis.
2204 5016 2345 5088 Ergo
2378 5016 2680 5072 invenimus
2703 5016 2988 5072 Dominum
3008 5015 3195 5073 Jesum
3219 5016 3427 5072 dictum

1829 5113 2169 5184 prophetam.
2213 5110 2444 5168 Proinde
2476 5108 2589 5179 iam
2614 5126 2727 5167 non
2767 5110 2997 5166 multum
3045 5118 3195 5167 errat
3232 5108 3429 5172 mulier

1833 5203 1958 5260 ista.
2019 5223 2037 5256 ι
2074 5202 2261 5269 Video,
2292 5221 2311 5256 ι
2365 5201 2581 5271 inquit,
2639 5203 2812 5272 «quia
2861 5202 3124 5272 propheta
3173 5215 3234 5257 es
3282 5207 3363 5256 tu.
3397 5217 3420 5253 ι

1833 5292 2028 5364 Incipit
2081 5294 2255 5349 virum
2316 5290 2623 5347 adulterum
2668 5291 2979 5356 excludere,
3032 5291 3248 5363 quando
3300 5290 3426 5345 ait:

154 5377 253 5437 lem
303 5400 504 5454 aquam
559 5384 738 5456 possis
797 5385 1066 5457 accipere.
1120 5385 1189 5441 Et
1234 5401 1357 5443 cum
1405 5386 1524 5453 illa,
1577 5403 1595 5436 ι
1625 5399 1735 5441 non
1842 5402 1861 5438 ι
1888 5383 2062 5441 Video
2104 5385 2234 5455 quia
2276 5382 2537 5454 propheta
2581 5397 2641 5440 es
2692 5393 2772 5451 tu,
2803 5405 2821 5437 ι
2862 5391 2918 5441 et
2956 5384 3147 5455 incipit
3180 5392 3431 5453 quaerere

155 5472 343 5541 habeo,
380 5495 400 5527 ι
460 5470 556 5543 ait,
613 5494 631 5529 t
662 5476 876 5542 virum,
927 5474 1097 5542 bene,
1127 5496 1146 5529 ›
1205 5477 1414 5553 inquit,
1474 5495 1492 5529 t
1521 5476 1765 5543 dixisti,‘
1838 5475 1979 5546 quod
2005 5474 2150 5529 illam
2185 5475 2391 5530 solebat
2414 5489 2652 5531 movere.
2698 5475 2994 5545 Contentio
3014 5471 3432 5545 quippe-fuerat

154 5566 389 5636 quinque
413 5566 559 5622 enim
587 5565 733 5622 viros
754 5564 1011 5631 habuisti,
1042 5585 1061 5618 ι
1095 5566 1147 5621 id
1173 5575 1258 5623 est
1284 5567 1520 5639 quinque
1541 5580 1734 5625 sensus
1841 5567 1981 5623 inter
2009 5565 2379 5622 Samaritanos
2406 5576 2461 5623 et
2479 5566 2694 5623 Judazos
2720 5608 2736 5635 ,
2770 5568 2901 5638 quia
2930 5566 3095 5623 Judaei
3134 5566 3190 5619 in
3228 5560 3430 5631 templo

154 5657 329 5712 carnis
353 5655 407 5711 in
430 5657 603 5726 prima
631 5664 788 5712 aetate
817 5663 1072 5713 rexerunt
1108 5664 1185 5723 te,
1237 5676 1255 5709 ι
1284 5664 1339 5711 et
1383 5671 1527 5712 nunc
1573 5670 1734 5727 quem
1842 5675 1874 5714 a
1897 5658 2184 5714 Salomone
2213 5658 2478 5715 fabricato
2500 5659 2800 5716 adorabant
2822 5659 3130 5714 Dominum.
3179 5652 3427 5718 Samari-

154 5748 337 5817 hahes,
371 5765 476 5805 non
508 5759 589 5806 est
621 5758 741 5806 tuus
767 5750 885 5816 vir,
917 5768 937 5802 ι
965 5750 1092 5819 quia
1117 5764 1225 5804 non
1250 5758 1336 5805 est
1355 5750 1408 5805 in
1436 5758 1489 5805 te
1513 5748 1738 5821 spiritus
1842 5750 1977 5815 tani,
2007 5749 2166 5820 longe
2196 5749 2320 5806 inde
2345 5752 2527 5821 positi,
2562 5767 2667 5808 non
2708 5753 2765 5807 in
2800 5767 2866 5807 eo
2902 5748 3217 5805 adorabant.
3255 5744 3335 5801 Ex
3361 5760 3431 5802 eo

154 5844 242 5915 qui
287 5842 551 5917 intelligat
603 5843 794 5911 Deum,
827 5858 952 5900 cum
982 5858 1097 5916 quo
1130 5841 1427 5918 legitimum
1449 5849 1605 5918 potes
1639 5843 1737 5901 ha—
1843 5841 2014 5902 Iudaei
2038 5841 2293 5901 meliores
2324 5859 2442 5901 esse
2476 5845 2825 5910 tenebantur,
2856 5843 2985 5915 quia
3012 5841 3067 5897 in
3094 5840 3295 5913 templo
3335 5839 3432 5895 ad-
