3994 6354
564 433 662 489 279

1163 419 1518 480 llAYMONlS
1552 416 2037 477 HALBERSTAT.
2077 414 2292 473 EPISC.
2336 415 2487 473 OPP.
2524 415 2705 473 PARS
2740 416 2806 472 Π.
2845 445 2919 459 —-
2957 413 3192 473 llOMlL.

3782 414 3894 476 ξω

568 545 787 604 irabant
811 545 1003 601 Deum.
1050 539 1168 594 Non
1200 538 1343 593 enim
1381 543 1678 593 coutuntur
1705 534 1876 593 Judaei
1909 530 2150 587 Samari-
2176 532 2231 592 Α
2256 528 2419 584 ritate
2466 529 2780 584 noverimus
2808 527 3058 584 adorare.
3087 527 3307 585 Sciebat
3333 528 3458 601 quis
3501 545 3651 587 eam
3693 543 3887 602 posset

567 639 725 704 .anis,
767 636 894 706 quia
930 632 1181 689 dicebant
1208 648 1220 683 :
1256 629 1538 695 Quomodo
1567 642 1663 681 vos
1692 626 1918 691 lanatis,
1944 633 2000 679 et
2029 624 2149 678 ideo

568 746 657 786 vos
696 728 850 783 nobis
895 723 1146 779 meliores
1188 736 1309 777 esse
1357 719 1677 790 perhibetis,
1718 719 1845 787 quia
1890 715 2149 786 templum

567 819 791 883 habetis,
828 816 972 886 quod
1008 828 1110 869 nos
1156 829 1265 868 non
1311 811 1613 866 habemus?
1662 808 2151 877 Nunquid-patres

565 909 752 975 nostri,
777 906 869 977 qui
916 906 1027 960 Deo
1064 905 1405 974 placuerunt,
1436 906 1490 956 in
1518 900 1718 971 templo
1745 896 2151 954 adoraverunt?

564 1004 746 1058 Nonne
796 1001 851 1055 in
890 1001 993 1055 isto
1026 1008 1211 1055 monte
1239 997 1640 1060 adoraveruut,
1670 993 1759 1048 ubi
1795 1006 1895 1047 nos
1924 990 2153 1046 sumus?

564 1098 750 1153 Melius
778 1111 908 1166 ergo
936 1095 1036 1150 nos
1068 1090 1363 1165 (inquiunt)
1403 1090 1456 1143 in
1502 1089 1606 1143 hoc
1642 1095 1826 1142 monte
1856 1086 2026 1140 Deum
2064 1097 2154 1138 ro—

563 1206 769 1262 gamus,
804 1188 894 1244 ubi
923 1194 1107 1256 patres
1132 1184 1302 1240 nostri
1337 1188 1686 1254 rogaverunt.
1744 1176 2153 1235 Coutendebant

564 1283 779 1351 utrique
810 1279 1004 1350 ignari,
1044 1277 1194 1347 quia,
1243 1275 1419 1330 virum
1460 1289 1568 1330 non
1608 1272 1892 1335 habentes,
1933 1267 2008 1323 illi
2056 1280 2156 1336 pro

564 1373 787 1442 templo,
816 1371 904 1426 isti
931 1383 1030 1438 pro
1050 1375 1235 1435 monte
1260 1364 1588 1419 inflabantur
1615 1363 1871 1417 adversus
1901 1359 2154 1415 invicem.

567 1463 825 1518 Dominus
853 1470 1032 1525 tamen
1059 1459 1219 1513 modo
1249 1457 1406 1512 docet
1429 1454 1733 1517 mulierem,
1769 1462 2025 1521 tanquam
2058 1465 2157 1504 cu-

567 1569 649 1624 |US
671 1553 757 1606 vir
780 1550 1005 1621 coeperit
1026 1562 1268 1619 praesens
1296 1560 1439 1600 esse.
1491 1563 1509 1596 ι
1536 1541 1677 1599 Dicit
1700 1542 1751 1596 ei
1777 1539 1970 1595 mulier
1999 1539 2157 1593 :-Do—

571 1665 591 1698 ι
628 1645 792 1708 mine,
823 1642 982 1697 video
1006 1640 1132 1710 quia
1166 1639 1428 1708 propheta
1471 1650 1530 1691 es
1570 1642 1648 1688 tu.
1679 1632 1869 1687 Patres
1896 1630 2068 1687 nostri
2106 1629 2162 1684 in

572 1756 593 1788 ‹
631 1744 814 1791 monte
842 1734 947 1789 hoc
971 1733 1352 1794 adoraverunt,
1369 1736 1424 1783 et
1449 1742 1547 1782 vos
1561 1725 1740 1781 dicitis
1760 1725 1886 1794 quia
1910 1723 2166 1779 Hieroso-

2254 622 2473 688 doeere,
2503 623 2599 677 sed
2628 622 2742 692 jam
2787 622 3017 678 docente
3057 624 3295 679 nondum
3346 625 3753 694 agnoscebat;
3773 626 3885 695 jam

2252 729 2382 785 ergo
2408 714 2572 786 digna
2602 722 2724 769 erat
2762 714 2851 769 cui
2874 713 3340 771 manifestaretur.
3392 716 3641 773 Messias
3699 727 3883 773 anim

2254 815 2451 862 unctus
2503 815 2607 863 est.
2670 806 2880 863 Unctus
2937 806 3156 872 Latine,
3207 806 3398 865 Graece
3444 812 3704 888 χρία-τος
3765 820 3882 874 est,

2254 900 2518 958 Hebraice
2562 901 2788 957 Messias
2835 910 2938 957 est.
2986 918 3007 953 ι
3064 902 3208 973 Ergo
3238 903 3373 959 dicit
3392 904 3441 960 ei
3474 904 3725 970 mulier,
3762 903 3884 960 Scio

2255 993 2382 1063 quia
2413 990 2640 1047 Messias
2657 992 2826 1057 venit,
2851 992 2945 1063 qui
2989 992 3192 1048 dicitur
3233 993 3507 1051 Christus.
3539 992 3709 1050 Cum
3756 1012 3881 1067 ergo

2255 1084 2470 1139 venerit
2496 1123 2517 1146 ,
2569 1084 2674 1140 iste
2728 1084 2885 1140 nobis
2949 1086 3296 1142 annuntiabit
3347 1088 3554 1144 omnia.
3620 1088 3788 1144 Dicit
3835 1090 3880 1145 ei

2257 1171 2416 1228 Jesus
2460 1174 2617 1245 :Ego
2661 1189 2780 1229 sum
2820 1174 2914 1244 qui
2955 1173 3152 1245 loquor
3193 1184 3395 1231 tecum.
3437 1197 3457 1229 ι
3496 1176 3635 1233 Jam
3684 1177 3882 1233 mulier

2259 1264 2543 1319 ordinatur
2563 1265 2619 1318 in
2638 1263 2746 1319 fide
2767 1273 2824 1320 et
2847 1265 3055 1336 regitur
3073 1266 3211 1321 bene
3229 1266 3463 1323 victura.
3492 1267 3876 1339 Posteaquam

2261 1356 2467 1411 audivit
2494 1356 2626 1411 hoc:
2652 1375 2671 1408 ι
2698 1356 2810 1426 Ego
2825 1371 2943 1412 sum
2962 1357 3057 1428 qui
3079 1357 3273 1427 loquor
3297 1366 3501 1425 tecum,
3532 1377 3552 1410 ι
3576 1356 3718 1427 jam
3744 1359 3877 1413 ultra

2262 1447 2390 1518 quid
2413 1448 2651 1503 diceret?
2675 1448 2894 1517 quando
2915 1448 3167 1503 Christus
3194 1448 3458 1505 Dominus
3500 1451 3878 1507 manifestare

2265 1555 2325 1596 se
2345 1541 2514 1596 voluit
2536 1540 2775 1607 mulieri,
2798 1540 2888 1597 cui
2916 1542 3129 1597 dixerat
3153 1560 3167 1597 :
3202 1561 3223 1594 ι
3252 1542 3428 1599 Crede
3453 1543 3621 1599 mihi.
3670 1564 3696 1597 ι

2282 1708 2290 1713 .
2342 1654 2362 1687 ι
2399 1634 2467 1689 Ει
2501 1634 2758 1690 continuo
2802 1643 3070 1690 venerunt
3108 1635 3377 1705 discipuli,
3418 1645 3475 1691 et
3507 1636 3869 1693 mirabantur

2273 1747 2293 1781 ι
2328 1729 2455 1799 quia
2503 1744 2627 1784 cum
2667 1726 2896 1784 muliere
2942 1726 3283 1798 loquebatur.
3332 1746 3354 1781 ι
3403 1726 3544 1794 Quia
3586 1730 3873 1798 querella

575 1846 595 1880 ι
634 1827 791 1898 lymis
807 1826 1279 1894 adorareoportet.
1306 1821 1446 1875 Dicit
1474 1821 1524 1876 ei
1553 1816 1980 1883 JesuszMulier,
2001 1815 2164 1872 crede
2265 1820 2559 1889 perditam,
2592 1820 2686 1889 qui
2714 1828 2941 1875 venerat
2984 1835 3232 1890 quaerere
3262 1821 3406 1890 quod
3448 1822 3731 1892 perierat,
3778 1822 3873 1876 hoc

576 1940 596 1973 ι
635 1919 785 1975 mihi.
822 1939 839 1971 ι
879 1916 1072 1972 Veniet
1096 1917 1240 1972 enim
1281 1915 1543 1978 Ecclesia,
1578 1914 1720 1968 sicut
1757 1912 1960 1966 dictum
1980 1916 2063 1966 est
2103 1909 2159 1964 in
2188 1904 2238 1965 Β
2268 1910 2345 1966 illi
2374 1912 2732 1966 mirabantur.
2773 1911 2984 1967 Bonum
3005 1911 3151 1968 enim
3189 1912 3559 1978 mirabantur,
3600 1928 3727 1969 non
3764 1928 3873 1969 ma-

572 2010 814 2068 Canticis
841 2010 1173 2065 canticorum
1210 2007 1387 2079 (Cant.
1414 2006 1477 2076 ιι)
1511 2024 1525 2060 :
1565 2024 1583 2056 ι
1613 2004 1849 2060 Dilectus
1890 2018 2045 2058 meus
2089 2002 2167 2057 lo-
2265 2007 2375 2061 lum
2399 2006 2835 2077 suspicabantur.
2860 2005 3033 2060 Nemo
3063 2014 3247 2060 tamen
3280 2002 3440 2071 dixit,
3469 2002 3618 2071 Quid
3648 2003 3871 2075 quaeris,

570 2106 755 2175 quitur
790 2104 941 2158 mihi.
973 2123 991 2155 ι
1034 2103 1102 2158 Ει
1149 2102 1344 2157 iterum
1377 2115 1393 2154 :
1425 2118 1442 2151 ι
1473 2098 1666 2169 Surge,
1711 2111 1965 2167 propera,
1989 2094 2164 2149 amica
2266 2083 2510 2167 autquid
2545 2098 2784 2168 loqueris
2826 2112 2949 2153 cum
2976 2097 3080 2151 ea?
3198 2150 3203 2155 .

573 2212 712 2261 mea,
740 2195 981 2250 formosa
1009 2209 1153 2259 mea,
1187 2191 1435 2247 columba
1461 2206 1614 2253 mea,
1643 2187 1989 2243 immaculata
2020 2183 2163 2250 mea,
2343 2211 2361 2243 ι
2391 2191 2629 2261 Reliquit
2670 2204 2801 2262 ergo
2841 2190 3092 2261 hydriam
3125 2204 3280 2246 suam
3321 2189 3539 2246 mulier.
3576 2209 3599 2245 ι
3639 2189 3871 2256 Audito,

574 2298 631 2345 et
675 2288 817 2344 veni.
873 2287 993 2343 Jam
1020 2287 1165 2341 enim
1191 2286 1382 2356 hyems
1413 2282 1647 2346 transiit,
1678 2278 1854 2334 imber
1878 2277 2029 2339 abiit,
2064 2276 2164 2330 flo-
2198 2343 2207 2353 .
2272 2301 2292 2336 ι
2323 2283 2437 2353 Ego
2457 2299 2576 2338 sum
2601 2282 2694 2353 qui
2724 2283 2917 2351 loquor
2956 2290 3157 2347 tecum,
3190 2301 3211 2335 ι
3250 2289 3305 2338 et
3340 2290 3561 2353 recepto
3605 2281 3664 2336 in
3705 2282 3869 2339 corde

573 2399 663 2438 res
689 2387 1056 2452 apparuerunt
1094 2378 1149 2431 in
1195 2384 1338 2431 terra
1379 2381 1584 2436 nostra,
1624 2380 1839 2439 tempus
1869 2366 2167 2439 putationis

572 2475 808 2530 advenit.
870 2472 985 2527 Vox
1018 2469 1245 2526 turturis
1274 2468 1458 2523 audita
1496 2474 1578 2520 est
1614 2464 1669 2519 in
1713 2471 1859 2517 terra
1899 2471 2117 2527 nostra.
2140 2479 2158 2512 ι

574 2567 765 2621 Merito
809 2566 921 2637 jam
969 2569 1236 2632 praesente
1282 2560 1401 2613 viro
1458 2557 1608 2613 audit
1652 2554 1849 2610 mulier
1880 2593 1896 2619 ,
1950 2572 1969 2604 ι
2003 2551 2166 2607 crede

576 2659 727 2714 mihi.
757 2678 775 2710 ι
819 2655 939 2711 Jam
971 2656 1118 2710 enim
1143 2660 1227 2710 est
1250 2653 1304 2707 in
1336 2660 1387 2705 te
1415 2649 1507 2720 qui
1533 2646 1899 2716 crcdat,_quia
1926 2657 2167 2715 priesens

575 2761 658 2806 est
704 2751 789 2804 vir
828 2757 970 2803 tuus.
1019 2744 1242 2814 Cmpisli
1275 2742 1463 2798 adesse
1501 2738 1796 2802 intellectu,
1834 2736 2052 2807 quando
2080 2747 2167 2788 me

576 2840 895 2912 prophetam
927 2834 1227 2906 appellasti.
1269 2832 1477 2897 Mulier,
1508 2830 1668 2886 crede
1695 2826 1851 2892 mihi,
1880 2825 2030 2896 quia,
2063 2822 2167 2878 nisi

577 2931 894 2993 credideris,
920 2944 1025 2983 non
1053 2926 1339 2997 intelliges.
1392 2925 1534 2995 Ergo
1575 2921 1737 2977 crede
1778 2917 1936 2974 mihi.
1987 2915 2166 2984 (Quia

584 3044 603 3075 ι
638 3024 787 3078 venit
829 3006 987 3087 hora,
1031 3020 1243 3092 quando
1268 3032 1444 3088 neque
1466 3018 1518 3071 in
1545 3021 1729 3071 monte
1753 3014 1875 3075 hoc,
1908 3025 2082 3080 neque
2110 3010 2168 3065 in

585 3138 607 3172 ι
643 3115 1028 3188 Hierosolymis
1057 3113 1351 3170 adorabitis
1381 3110 1620 3165 Patrem.
1640 3107 1747 3163 Vos
1767 3105 2002 3162 adoratis
2023 3103 2167 3175 quod

586 3233 605 3265 ‹
648 3212 891 3279 nescitis,
919 3226 1017 3266 nos
1047 3210 1336 3265 adoramus
1360 3206 1504 3278 quod
1534 3205 1754 3270 scimus,
1779 3203 1905 3273 quia
1929 3202 2075 3257 salus
2098 3216 2163 3255 ex

584 3325 603 3357 ι
636 3304 836 3360 Iudaeis
858 3265 960 3360 est.
991 3302 1099 3359 Sed
1127 3301 1277 3356 venit
1303 3265 1438 3354 hora
1460 3306 1515 3353 et
1540 3311 1684 3351 nunc
1705 3304 1806 3350 est.
1835 3313 1854 3347 ι
1882 3292 2011 3360 Quae
2036 3306 2167 3362 ergo
2194 3265 2241 3329 (ἶ

542 3388 545 3397 “
578 3397 753 3453 hora?
802 3415 821 3448 ι
854 3395 1080 3463 Quando
1112 3394 1229 3449 veri
1266 3392 1582 3447 adoratores
1624 3388 1928 3444 adorabunt
1953 3386 2170 3441 Patrem

576 3491 627 3545 in
672 3490 865 3560 spiritu
901 3496 957 3543 et
1004 3486 1247 3541 veritate.
1281 3504 1298 3535 ι
1357 3483 1479 3538 Non
1508 3483 1564 3537 in
1591 3490 1773 3537 monte
1802 3480 1939 3545 isto,
1970 3493 2075 3533 non
2114 3477 2170 3532 in

572 3581 791 3651 templo,
823 3579 918 3633 sed
950 3578 1003 3631 in
1039 3575 1232 3646 spiritu
1262 3581 1317 3629 et
1348 3573 1598 3628 veritate.
1635 3571 1872 3640 Spiritus
1895 3577 1979 3624 est
2003 3569 2166 3623 Deus.

570 3671 634 3725 Si
686 3684 885 3737 corpus
933 3674 1077 3721 esset
1133 3664 1296 3729 Deus,
1353 3661 1640 3731 oportebat
1684 3675 1809 3713 cum
1851 3656 2067 3711 adorari
2113 3657 2171 3712 in

573 3771 786 3823 monte,
808 3757 935 3826 quia
957 3768 1253 3823 corporeus
1273 3761 1358 3806 est
1376 3764 1565 3815 mons;
1598 3748 1884 3818 oportebat
1914 3760 2036 3801 eum
2069 3746 2169 3802 ad-

575 3851 722 3905 orari
746 3850 800 3902 in
823 3844 1044 3916 templo,
1060 3843 1188 3914 quia
1204 3856 1527 3912 corporeum
1541 3847 1625 3895 est
1640 3837 1917 3908 templum.
1934 3836 2170 3906 Spiritus

2266 2377 2485 2432 Christo
2511 2376 2759 2441 Domino,
2790 2376 2920 2447 quid
2958 2374 3183 2441 faceret,
3224 2376 3330 2432 nisi
3362 2374 3475 2444 jam
3501 2377 3759 2447 hydriam
3786 2378 3869 2432 di-

2267 2468 2509 2522 mitteret
2532 2475 2588 2520 et
2607 2465 2986 2537 evangelizare
3024 2467 3307 2522 curreret?
3334 2464 3568 2535 Projecit
3592 2467 3867 2538 cupidita-

2271 2565 2403 2622 tem,
2429 2563 2484 2610 et
2510 2556 2821 2625 properavit
2849 2555 3176 2610 annuntiare
3197 2556 3502 2612 veritatem.
3528 2556 3729 2627 Hydria
3760 2571 3866 2612 vas

2266 2656 2387 2701 erat
2415 2647 2559 2701 unde
2586 2661 2725 2715 aqua
2759 2646 3135 2712 hauriebatur,
3168 2644 3362 2702 Graeco
3383 2636 3585 2701 nomine
3608 2646 3865 2717 appella-

2270 2751 2359 2795 tur
2383 2740 2560 2818 ὑδρία,
2602 2740 2858 2810 quoniam
2906 2738 3096 2795 Graece
3136 2753 3279 2808 aqua
3322 2737 3460 2815 ὕδωρ
3489 2739 3703 2804 dicitur,
3734 2747 3867 2793 tan-

2269 2848 2433 2903 quam
2473 2847 2570 2887 vas
2626 2847 2891 2901 aquarum
2937 2832 3236 2887 diceretur.
3290 2830 3528 2903 Projecit
3578 2832 3863 2902 hydriam,

2269 2939 2391 2995 qua:
2419 2938 2527 2978 non
2560 2921 2675 2991 jam
2697 2923 2841 2989 usui,
2872 2921 2967 2977 sed
2994 2923 3150 2978 oneri
3175 2921 3296 2977 fuit.
3328 2921 3501 2977 Avida
3529 2923 3731 2993 quippe
3772 2922 3869 2978 de-

2271 3017 2545 3073 siderabat
2569 3029 2709 3085 aqua
2739 3013 2830 3068 illa
2853 3013 3063 3079 satiari,
3097 3021 3158 3068 ut
3183 3013 3529 3069 annuntiaret
3559 3011 3867 3079 Christum,

2270 3124 2438 3165 onere
2466 3107 2694 3179 abjerto.
2722 3106 2977 3164 Cucurrit
3018 3107 3088 3162 ad
3131 3106 3439 3174 civitatem,
3482 3114 3538 3162 et
3583 3107 3727 3163 dicit
3766 3107 3871 3163 illis

2272 3203 2613 3260 hominibus:

2347 3319 2368 3353 ι
2400 3299 2592 3354 Venite
2616 3307 2673 3354 et
2693 3298 2875 3355 videte
2901 3297 3199 3365 hominem,
3230 3297 3324 3368 qui
3349 3296 3481 3353 dixit
3504 3296 3648 3351 mihi
3682 3298 3871 3353 omnia

2275 3410 2296 3443 ι
2329 3404 2664 3462 qutccunque
2694 3387 2818 3445 feci.
2864 3409 2884 3442 ι
2937 3389 3300 3456 Pedetentim,
3348 3404 3420 3445 ne
3449 3387 3524 3443 illi
3551 3391 3721 3459 quasi
3770 3390 3871 3444 ira-
3910 3454 3925 3467 ε

2270 3490 2553 3539 scerentur
2587 3491 2645 3538 et
2682 3482 3119 3555 indignarentur,
3161 3490 3219 3538 et
3253 3481 3663 3553 perquirerent,
3713 3481 3869 3537 addi-

2271 3573 2351 3628 dit
2375 3588 2392 3627 :

2349 3684 2369 3717 ι
2403 3663 2656 3735 Nunquid
2694 3666 2810 3736 ipse
2856 3674 2941 3722 est
2980 3665 3270 3723 Christus?
3313 3664 3580 3722 Exierunt
3623 3680 3763 3735 ergo
3806 3666 3871 3721 de

2276 3776 2295 3808 ι
2327 3757 2568 3821 civitate,
2612 3766 2667 3812 et
2693 3756 2986 3813 veniebant
3024 3757 3091 3811 ad
3136 3772 3282 3812 eum.
3320 3756 3387 3811 Et
3432 3755 3703 3827 rogabant
3748 3771 3873 3812 eum

2274 3866 2297 3900 ι
2346 3847 2619 3916 discipuli,
2672 3846 2957 3902 dicentes:
3015 3846 3212 3913 Rabbi,
3259 3846 3550 3902 manduca.
3607 3864 3628 3897 ι
3685 3844 3872 3902 [erant

576 3948 659 3996 est
681 3941 841 4001 Deus,
870 3945 926 3991 et
948 3951 1043 3991 eos
1064 3934 1155 4005 qui
1184 3933 1412 3988 adorant
1433 3946 1581 3997 eum,
1599 3931 1651 3985 in
1666 3931 1860 4000 spiritu
1872 3930 2173 3986 etveritate
2270 3953 2454 3995 emere
2476 3939 2649 4004 cibos,
2678 3948 2735 3995 ei,
2753 3948 3040 3995 venerunt.

577 4032 1052 4102 oportetadorare.
1076 4046 1094 4078 ι
1115 4026 1226 4082 Nos
1240 4026 1531 4082 adoramus
1553 4024 1697 4093 quod
1724 4023 2060 4089 scimus,vos
2079 4022 2171 4077 ad-

578 4124 750 4180 oratis
763 4122 904 4192 quod
921 4119 1163 4184 nescitis,
1179 4119 1305 4188 quia
1323 4117 1466 4173 salus
1481 4132 1546 4172 ex
1561 4113 1761 4170 Iudaeis
1777 4123 1881 4170 est.
1902 4134 1921 4168 ι
1942 4114 2168 4170 Multum

576 4213 959 4277 deditJudaeis,
993 4211 1089 4267 sed
1116 4209 1227 4265 noli
1252 4210 1386 4265 istos
1409 4210 1671 4278 reprobos
1692 4207 1961 4285 accipere,
1985 4206 2170 4277 parie-

575 4314 687 4361 tem
716 4304 866 4359 illum
894 4302 1104 4359 scilicet
1139 4299 1305 4355 Israel
1366 4297 1652 4367 adjunctus
1709 4306 1813 4364 est,
1863 4305 1925 4352 ut
1963 4296 2167 4367 placati

576 4400 631 4455 in
666 4398 844 4468 lapide
895 4393 1164 4465 angula‘ri,
1190 4392 1286 4463 qui
1333 4400 1419 4447 est
1464 4389 2165 4460 Christus,copularentur.

576 4488 727 4547 Unus
753 4488 899 4542 enim
941 4486 1123 4556 paries
1149 4501 1179 4538 a
1205 4480 1427 4544 Iudaeis.
1455 4496 1597 4537 unus
1625 4498 1658 4535 a
1702 4481 1974 4551 gentibus,
2005 4479 2167 4550 longe

573 4578 751 4637 dissiti
782 4578 1040 4648 parietes,
1065 4576 1160 4631 sed
1188 4575 1361 4629 donec
1401 4573 1457 4628 in
1502 4572 1699 4644 angulo
1740 4570 2162 4643 conjungantur.

571 4670 900 4739 Alienigena:
933 4676 1115 4721 autem
1157 4673 1214 4720 et
1252 4664 1493 4734 hospites
1546 4673 1725 4730 erant,
1780 4672 1837 4719 et
1890 4663 2163 4735 peregrini

574 4778 605 4816 a
639 4759 978 4815 testamentis
1008 4757 1129 4823 Dei,
1169 4757 1466 4813 secundum
1495 4757 1599 4811 hoc
1635 4771 1766 4827 ergo
1798 4756 2001 4811 dictum
2054 4764 2159 4823 est,

579 4870 600 4904 ι
633 4866 733 4906 nos
759 4850 1048 4905 adoramus
1073 4849 1219 4918 quod
1244 4848 1467 4904 scimus.
1500 4867 1521 4901 ι
1565 4847 1647 4902 Ex
1677 4862 1908 4917 persona
1940 4847 2161 4918 quidem

571 4942 880 5000 Iudaeorum
911 4940 1115 4994 dictum
1142 4946 1259 5006 est,
1287 4940 1384 4995 sed
1414 4955 1521 4995 non
1541 4939 1785 4994 omnium
1822 4937 2155 5005 Iudaeorum,

574 5050 684 5089 non
733 5032 1086 5103 reproborum
1110 5030 1441 5098 Iudaeorum,
1474 5032 1569 5088 sed
1617 5032 1685 5087 de
1725 5031 1927 5087 talibus
1968 5031 2159 5100 quales

574 5124 800 5179 fuerunt
829 5122 1076 5192 apostoli,
1120 5122 1310 5193 quales
1359 5122 1581 5177 fuerunt
1627 5122 1927 5191 propheta},
1972 5121 2165 5191 quales

572 5218 794 5272 fuerunt
824 5232 1012 5271 onmes
1052 5216 1126 5271 illi
1168 5216 1361 5282 sancti,
1392 5217 1485 5287 qui
1533 5215 1714 5271 omnia
1759 5230 1857 5272 sua
1904 5218 2165 5274 vendide-

576 5318 719 5371 runt,
745 5318 798 5363 et
825 5310 998 5381 pretia
1024 5325 1207 5365 rerum
1229 5324 1451 5365 suarum
1482 5308 1551 5363 ad
1577 5307 1743 5377 pedes
1791 5311 2162 5379 apostolorum

572 5410 871 5473 posuerunt
917 5401 1058 5474 (Act.
1108 5403 1195 5472 ιι).
1242 5400 1359 5456 Non
1394 5399 1539 5455 enim
1564 5401 1924 5470 repulitDeus
1948 5403 2160 5475 plebem

572 5512 751 5564 suum,
772 5512 936 5567 quam
985 5494 1258 5566 przcscivit
1298 5492 1472 5563 (Psal.
1508 5494 1678 5564 xcnt).
1713 5514 1730 5547 ι
1761 5496 1902 5552 Dicit
1938 5499 1989 5554 ei
2038 5516 2158 5555 mu-

573 5589 711 5646 lier:
742 5587 870 5645 Scio
894 5588 1019 5659 quia
1056 5587 1280 5643 Messias
1314 5586 1484 5653 venit,
1515 5588 1609 5657 qui
1652 5590 1850 5646 dicitur
1889 5592 2159 5650 Christus.

573 5682 707 5738 Cum
734 5699 867 5753 ergo
894 5680 1125 5745 venerit,
1151 5680 1239 5734 ille
1267 5680 1424 5734 nobis
1464 5682 1645 5736 omnia
1690 5684 2101 5741 demonstrabit.
2135 5706 2156 5741 ι

574 5771 710 5828 Cum
773 5774 859 5827 ille
900 5772 1133 5835 venerit,
1195 5780 1431 5826 montem
1485 5783 1737 5844 spernet,
1794 5787 1846 5831 ct
1904 5779 2163 5849 templum

578 5871 807 5924 evertet.
838 5862 1064 5920 Docebit
1093 5879 1192 5921 nos
1221 5863 1310 5922 ille
1336 5868 1538 5935 omnia,
1569 5876 1625 5921 ut
1654 5867 1706 5923 in
1736 5869 1926 5941 spiritu
1972 5880 2027 5926 et
2066 5887 2163 5929 ve-

2347 4051 2367 4084 ι
2400 4031 2494 4088 Ille
2531 4039 2712 4087 autem
2743 4031 2881 4088 dixit
2907 4032 2989 4088 eis
3013 4050 3028 4086 :
3054 4031 3170 4103 Ego
3203 4031 3384 4087 cibum
3410 4032 3591 4089 habeo
3637 4033 3869 4088 mandu-

2276 4140 2297 4175 ι
2327 4136 2454 4178 care
2492 4137 2653 4192 quem
2709 4138 2808 4178 vos
2853 4123 3102 4179 nescitis.
3145 4122 3409 4178 Dicebant
3435 4138 3568 4195 ergo
3609 4124 3871 4196 discipuli

2275 4230 2297 4263 ι
2325 4212 2392 4266 ad
2419 4211 2651 4268 invicem
2672 4229 2686 4267 :
2704 4211 2961 4282 Nunquid
2976 4212 3174 4282 aliquis
3192 4211 3373 4268 attulit
3387 4214 3439 4270 ei
3467 4215 3826 4271 manducare.
3846 4232 3865 4266 ο

2271 4303 2414 4372 Quid
2449 4305 2650 4361 mirum
2682 4305 2728 4360 si
2758 4304 2951 4361 mulier
2978 4305 3071 4361 illa
3101 4321 3213 4361 non
3259 4305 3600 4379 intelligebat
3644 4323 3868 4379 aquam,

2270 4412 2398 4455 ecce
2423 4397 2674 4468 discipuli
2716 4398 2953 4453 nondum
2995 4397 3373 4470 intelligebant
3403 4414 3613 4455 escam.
3646 4398 3873 4454 Audivit

2271 4499 2454 4547 autem
2501 4491 2859 4562 cogitationes
2887 4488 3126 4555 illorum,
3157 4490 3323 4546 etiam
3353 4490 3575 4546 instruit
3612 4499 3674 4545 ut
3696 4490 3873 4561 magi-

2270 4591 2401 4649 ster,
2427 4598 2534 4638 non
2562 4597 2660 4652 per
2685 4581 2997 4647 circuitum,
3036 4582 3178 4638 sicut
3202 4580 3372 4650 illam,
3398 4581 3556 4653 cujus
3582 4582 3768 4639 adhuc
3792 4583 3873 4637 vi-

2271 4689 2393 4730 rum
2418 4673 2746 4743 requirebat,
2774 4672 2870 4728 sed
2897 4672 3060 4727 etiam
3086 4681 3291 4744 aperte.

2348 4786 2368 4819 ι
2401 4766 2550 4821 Meus
2579 4764 2797 4838 (inquit)
2824 4765 2978 4821 cibus
3020 4777 3105 4820 cst
3155 4778 3171 4819 :
3202 4772 3262 4820 ut
3300 4762 3498 4821 faciam
3532 4765 3871 4822 voluntatem

2277 4875 2296 4910 ι
2331 4855 2448 4926 ejus
2476 4857 2569 4927 qui
2594 4871 2680 4910 me
2709 4855 2876 4910 misit.
2916 4873 2934 4905 ι
2970 4855 3113 4926 Ergo
3137 4863 3193 4910 et
3213 4864 3372 4925 potus
3394 4855 3513 4925 ipse
3535 4865 3660 4911 erat
3687 4857 3748 4911 in
3776 4857 3871 4911 illa

2268 4949 2522 5014 muliere,
2557 4956 2616 5002 ut
2644 4947 2847 5002 faceret
2877 4946 3214 5003 voluntatem
3250 4947 3368 5017 ejus
3402 4947 3495 5017 qui
3536 4961 3665 5002 eum
3693 4949 3868 5005 misit.

2268 5042 2394 5098 Ideo
2419 5042 2672 5098 dicebat:
2707 5024 2928 5105 (Sitio,
2951 5040 3019 5094 da
3057 5039 3189 5095 mihi
3220 5040 3428 5096 bibere.
3469 5059 3488 5092 ι
3528 5039 3778 5109 Scilicet,
3812 5049 3873 5095 ut

2269 5133 2432 5189 fidem
2468 5133 2523 5188 in
2572 5148 2636 5189 ea
2680 5140 3022 5202 operaretur,
3062 5141 3120 5185 et
3163 5131 3323 5185 fidem
3364 5129 3482 5199 ejus
3526 5132 3764 5197 biberet,
3818 5139 3873 5187 et

2267 5239 2388 5281 eam
2418 5226 2472 5280 in
2516 5241 2716 5298 corpus
2756 5242 2917 5281 suum
2968 5227 3262 5298 trajiceret.
3305 5227 3517 5299 Corpus
3569 5228 3715 5283 enim
3747 5228 3872 5299 ejus

2266 5315 2354 5376 est
2395 5319 2654 5376 Ecclesia.
2707 5339 2728 5373 ι
2775 5320 2918 5393 Ergo
2963 5321 3184 5394 (inquit)
3228 5323 3346 5392 ipse
3387 5322 3543 5379 cibus
3583 5338 3739 5377 meus
3785 5330 3872 5377 est

2266 5420 2329 5466 ιιι
2376 5412 2571 5467 faciam
2602 5412 2936 5469 voluntatem
2963 5413 3084 5483 ejus
3105 5414 3197 5485 qui
3227 5430 3317 5471 me
3346 5416 3520 5481 misit,
3558 5435 3578 5468 ι
3608 5424 3671 5470 ιιι
3692 5415 3870 5486 perti-

2266 5505 2405 5561 ciam
2428 5521 2563 5576 opus
2586 5505 2725 5577 ejus.
3110 5576 3117 5581 ἠ

2345 5614 2365 5647 ι
2397 5595 2585 5652 Nonne
2605 5613 2703 5654 vos
2729 5598 2911 5654 dicitis
2951 5599 3096 5670 quod
3142 5599 3321 5656 adhuc
3361 5608 3602 5670 quatuor
3646 5614 3873 5655 nienses

2275 5707 2294 5739 ι
2331 5698 2459 5743 sunt
2485 5699 2542 5745 et
2564 5689 2755 5746 messis
2775 5691 2957 5745 venit?
2986 5712 3003 5744 ι
3051 5690 3108 5745 In
3135 5707 3270 5761 Opus
3295 5689 3564 5757 fervebat,
3594 5698 3654 5746 et
3672 5704 3874 5759 opera-

2271 5779 2382 5835 rios
2422 5780 2637 5836 mittere
2668 5782 3002 5852 disponebat.
3034 5782 3144 5837 Vos
3188 5794 3423 5854 quatuor
3455 5795 3677 5837 menses
3712 5795 3873 5835 com-

2268 5873 2474 5947 putatis
2504 5873 2570 5929 ad
2598 5891 2829 5937 messem
2854 5891 2869 5931 :
2892 5892 2993 5946 ego
3017 5876 3172 5933 vobis
3210 5875 3372 5932 aliam
3401 5890 3636 5935 messem
3678 5872 3869 5937 albam
