3994 6354
187 367 317 425 281

1444 369 1749 427 ΗΟΜΠΛᾹΞ
1786 371 1878 427 DE
1914 372 2262 430 TEMPORE.

3393 382 3505 443 282

189 490 259 537 et
289 489 554 552 paratam
580 484 825 540 ostendo.
861 500 882 535 ι
918 481 1060 539 Ecce
1083 483 1205 539 dico
1226 482 1383 540 vobis
1409 501 1423 539 :
1448 484 1651 540 Levate
1679 500 1808 543 ocu-
1833 491 1886 552 Α
1911 484 2045 542 foris
2070 495 2216 553 sunt,
2241 495 2297 542 et
2322 488 2561 543 nondum
2587 497 2713 547 sunt
2734 490 3050 549 Christiani.
3077 491 3329 551 Christus
3354 511 3499 553 nun-

194 591 221 626 ς
274 574 373 633 los
407 584 621 633 vestros
639 585 696 632 et
711 576 893 633 videte
918 577 1188 646 regiones,
1212 576 1343 647 quia
1365 574 1480 645 jam
1508 577 1644 632 alba
1685 587 1813 633 sunt

195 686 221 721 ε
256 670 337 724 ad
363 684 626 726 messem.
660 689 681 722 ι
711 670 854 741 Ergo
888 684 1160 726 messores
1197 670 1463 725 missurus
1491 677 1595 725 est.

276 779 302 812 ι
344 760 411 815 In
442 761 548 816 hoc
583 761 729 816 enim
753 769 839 817 est
877 762 1105 817 verbum
1132 775 1348 826 verum,
1394 762 1523 831 quia
1560 760 1699 818 alius
1728 768 1816 818 est

196 868 221 903 α
260 851 373 922 qui
406 852 659 917 seminat,
682 861 740 906 et
765 851 906 909 alius
931 852 1026 922 qui
1065 852 1241 908 metit.
1275 871 1296 904 ι
1332 851 1402 909 Ut
1435 860 1490 909 et
1512 853 1607 924 qui
1648 853 1815 908 semi-

189 951 297 997 nat
341 944 515 999 simul
544 945 797 1015 gaudeat,
827 954 883 1000 et
904 944 998 1013 qui
1026 944 1206 1000 metit.

275 1055 300 1089 ι
348 1037 472 1108 Ego
498 1037 621 1093 misi
653 1052 753 1093 vos
792 1045 1021 1103 metere,
1047 1037 1193 1108 quod
1220 1051 1316 1093 vos
1346 1051 1457 1093 non
1498 1034 1807 1091 laborastis.

193 1148 215 1182 ι
254 1129 379 1185 Alii
412 1130 818 1196 laboraverunt,
844 1138 901 1187 et
922 1145 1021 1186 vos
1051 1131 1106 1186 in
1142 1130 1360 1187 labores
1405 1144 1596 1184 eorum
1640 1129 1812 1184 intro-

192 1240 215 1273 ι
244 1221 410 1277 istis.
440 1241 462 1276 ι
492 1221 627 1277 Nam
664 1221 756 1276 ubi
790 1220 906 1291 jam
928 1222 1232 1277 laboratum
1270 1229 1409 1287 erat,
1437 1221 1625 1292 utique
1648 1220 1809 1276 semi-

186 1321 410 1367 natum
433 1319 553 1368 erat
574 1328 590 1378 ;
615 1320 672 1368 et
696 1312 843 1382 quod
881 1312 1209 1367 semiustum
1233 1323 1374 1377 erat,
1392 1310 1505 1380 jam
1536 1321 1807 1367 maturum

187 1401 424 1458 factum
468 1401 663 1458 falcem
708 1412 766 1459 et
813 1403 1068 1458 trituram
1106 1402 1470 1459 desiderabat.
1514 1402 1636 1469 Quo
1675 1418 1807 1473 ergo

184 1503 365 1549 erant
412 1508 684 1552 messores
710 1493 1001 1550 mittendi?
1028 1494 1129 1552 Ubi
1152 1493 1267 1564 jam
1307 1495 1584 1565 propheta
1612 1495 1806 1564 pradi-

186 1595 495 1641 caverunt.
526 1586 629 1655 Ipsi
680 1586 828 1641 enim
875 1584 1232 1642 seminatores
1276 1585 1514 1640 fuerunt.
1572 1583 1707 1640 Nam
1759 1584 1805 1639 si

184 1679 301 1748 ipsi
330 1693 451 1734 non
488 1679 866 1743 seminatores,
904 1678 1048 1733 unde
1078 1678 1147 1733 ad
1190 1677 1337 1732 illam
1371 1676 1654 1732 mulierem
1681 1691 1806 1745 per-

182 1779 461 1837 venerat,
490 1789 510 1822 ι
546 1769 673 1826 Scio
695 1771 824 1840 quia
838 1767 1065 1825 Messias
1088 1768 1277 1824 venit?
1296 1788 1315 1820 ι
1334 1767 1453 1823 iam
1482 1768 1586 1822 ista
1608 1767 1803 1822 mulier

1919 579 2083 633 tiatur
2110 593 2208 647 per
2235 577 2572 636 Christianos
2601 584 2828 651 amicos,
2873 594 3128 657 tanquam
3156 589 3224 644 ab
3246 589 3339 645 illa
3378 605 3501 645 mu-

1914 671 2071 737 liere,
2092 672 2195 728 hoc
2218 680 2320 737 est,
2336 672 2581 728 Ecclesia
2605 677 2985 745 annuntiante,
3012 680 3079 734 ad
3099 677 3375 736 Christum
3399 693 3497 736 ve-

1913 766 2089 829 niunt,
2117 773 2173 821 et
2214 767 2441 822 credunt
2463 783 2561 837 per
2589 768 2751 824 istam
2781 770 3004 827 famam.
3035 772 3216 830 Manet
3241 774 3383 846 apud
3403 788 3500 832 eos

1913 858 2097 924 biduo,
2124 860 2230 914 hoc
2260 868 2345 916 est
2378 860 2469 916 dat
2504 860 2610 917 illis
2650 863 2759 918 duo
2780 876 3052 936 pracepta
3081 866 3386 923 charitatis.
3430 867 3503 923 Et

1911 955 2081 1011 multo
2099 956 2284 1026 plures
2318 956 2548 1011 credunt
2587 957 2645 1013 in
2667 971 2795 1015 eum
2820 957 3053 1028 ﬁrmius,
3087 961 3345 1032 quoniam
3381 960 3500 1032 ipse

1910 1059 2038 1101 vere
2055 1056 2141 1101 est
2163 1044 2412 1103 Salvator
2433 1047 2639 1104 mundi.

2418 1179 2703 1237 HOMILIA
2736 1180 2968 1240 XLVIII.

2388 1309 2626 1352 saasa'ro
2664 1309 2799 1351 ros'r
2841 1294 3017 1351 Oculi.

1981 1402 2156 1475 (Jour.
2193 1403 2337 1476 vm.)
2374 1422 2393 1454 ι
2430 1404 2488 1460 ln
2531 1405 2625 1459 illo
2667 1413 2931 1476 tempore,
2960 1407 3206 1476 perrexit
3240 1407 3400 1467 Jesus
3440 1411 3497 1467 in

1913 1511 1932 1545 ι
1967 1503 2205 1550 montem
2236 1493 2450 1561 Oliveti,
2498 1502 2554 1549 et
2593 1494 2828 1550 diluculo
2867 1496 3066 1551 iterum
3090 1497 3237 1552 venit
3275 1498 3330 1552 in
3363 1508 3500 1554 tem-

1912 1602 1932 1635 ι
1962 1584 2129 1654 plum,
2174 1605 2194 1638 ι
2225 1594 2280 1640 et
2307 1586 2537 1656 reliqua.
2560 1585 2713 1642 Mons
2737 1587 2936 1658 quippe
2957 1586 3153 1644 Oliveti
3194 1589 3501 1646 sublimita-

1906 1684 2017 1731 tem
2049 1677 2340 1733 Dominica
2369 1678 2659 1748 passionis,
2690 1687 2747 1733 et
2769 1680 3204 1735 misericordiam
3228 1680 3495 1752 designat.

1904 1766 2040 1833 Quia
2061 1776 2115 1821 et
2142 1767 2328 1823 Graece
2348 1767 2486 1830 ἕλεος
2512 1769 2964 1836 misericordiam,
2984 1771 3241 1827 olivetum
3268 1779 3500 1827 vocatur

180 1860 426 1918 fructus
451 1871 698 1918 maturus
733 1870 875 1926 erat,
907 1869 962 1917 et
987 1868 1146 1917 erant
1180 1858 1317 1914 alba
1352 1873 1579 1925 messes,
1620 1866 1677 1912 et
1703 1856 1803 1911 fal-
1830 1853 1879 1913 B
1906 1860 2089 1925 ἐλαῶν,
2129 1867 2185 1913 et
2208 1861 2327 1930 ipsa
2380 1860 2566 1915 unctio
2611 1859 2831 1934 ἄλειμμα
2872 1861 3033 1918 fessis
3083 1878 3149 1919 ac
3190 1862 3497 1919 dolentibus

179 1966 318 2007 cem
360 1953 700 2022 quaerebant.
736 1971 755 2004 ‹
790 1951 911 2006 Misi
956 1965 1056 2006 vos
1084 1958 1290 2006 metere
1335 1948 1480 2020 quod
1506 1964 1616 2003 non
1643 1946 1805 2003 semi-

182 2043 402 2099 nastis.
436 2042 543 2098 Alii
587 2042 1016 2108 seminaverunt,
1055 2049 1113 2098 et
1137 2055 1235 2096 vos
1263 2041 1320 2095 in
1355 2054 1545 2098 eorum
1588 2038 1804 2094 labores

179 2133 502 2189 introistis.
558 2153 578 2186 ι
656 2132 795 2200 Quid
855 2133 1241 2188 laboraverunt
1299 2131 1416 2201 ipse
1481 2130 1757 2185 Abraham
1783 2168 1800 2195 ,

177 2225 358 2281 Isaac
385 2233 440 2279 et
475 2224 677 2280 Jacob?
706 2224 893 2297 Legite
937 2224 1155 2279 labores
1192 2238 1401 2279 eorum.
1452 2222 1513 2277 ln
1552 2220 1804 2276 omnibus

174 2317 355 2371 enim
385 2316 661 2372 laboribus
686 2316 969 2387 prophetia
1002 2323 1087 2370 est
1120 2315 1344 2379 Christi,
1393 2322 1449 2369 et
1495 2314 1617 2369 ideo
1647 2312 1803 2367 semi-

181 2414 434 2461 natores
467 2405 681 2476 Moyses
716 2411 773 2459 et
796 2404 980 2460 cateri
1009 2404 1354 2473 patriarcha,
1377 2412 1435 2458 et
1455 2417 1647 2461 omnes
1671 2416 1800 2473 pro-

183 2500 385 2569 pheta
408 2498 580 2553 multa
619 2497 960 2568 pertulerunt
987 2499 1044 2552 in
1079 2498 1170 2554 illo
1198 2497 1420 2570 frigore,
1467 2494 1683 2567 quando
1708 2510 1797 2551 se-

182 2590 516 2645 minabant.
562 2588 707 2659 Ergo
725 2587 844 2657 jam
884 2588 940 2643 in
981 2587 1166 2643 Judaa
1195 2590 1390 2644 messis
1428 2596 1619 2659 parata
1660 2594 1795 2642 erat.

187 2679 396 2735 Merito
430 2677 506 2733 ibi
535 2686 793 2746 tanquam
841 2685 1054 2731 matura
1096 2691 1253 2747 seges
1292 2676 1414 2742 fuit,
1464 2676 1681 2746 quando
1716 2683 1797 2730 tot

186 2770 374 2826 millia
394 2768 678 2826 hominum
712 2768 889 2838 pretia
909 2782 1092 2823 rerum
1129 2782 1352 2823 suarum
1392 2766 1715 2831 aﬁ‘erchant,
1739 2774 1796 2822 et

190 2866 266 2919 ad
304 2863 474 2935 pedes
518 2860 883 2932 apostolorum
912 2867 1174 2930 ponentes
1213 2859 1354 2931 (Act.
1399 2858 1486 2931 ιι),
1528 2860 1795 2929 expeditis

193 2954 445 3010 humeris
468 2967 501 3007 a
533 2950 770 3007 sarcinis
788 2950 1161 3015 sacularibus,
1200 2950 1477 3007 Christum
1501 2952 1791 3008 Dominum

188 3046 587 3117 sequebantur.
617 3045 757 3101 Vere
778 3052 991 3099 matura
1015 3045 1229 3101 messis.
1256 3044 1396 3111 Quid
1418 3044 1545 3099 inde
1582 3043 1789 3102 factum

192 3140 324 3193 est?
347 3138 423 3193 De
446 3137 562 3208 ipsa
588 3151 769 3192 messe
786 3136 961 3207 ejecta
982 3142 1108 3191 sunt
1131 3150 1304 3206 pauca
1334 3143 1597 3205 grana,et
1618 3137 1789 3191 semi-

1905 1949 2165 2005 membris
2210 1949 2348 2004 solet
2387 1949 2584 2006 all'erre
2633 1950 2903 2007 levamen.
2945 1951 3053 2008 Sed
3098 1954 3314 2020 ethoc,
3353 1953 3499 2024 quod

1904 2038 2082 2093 oleum
2128 2047 2184 2093 et
2203 2038 2401 2093 virtute
2431 2054 2496 2094 ac
2533 2039 2772 2109 puritate
2810 2041 3151 2110 praeminet,
3201 2049 3256 2095 et
3304 2056 3497 2109 quem-

1902 2145 2115 2201 cunque
2138 2133 2189 2187 ei
2216 2130 2482 2201 liquorem
2509 2132 2900 2203 superfundere
2922 2133 3179 2203 volueris,
3210 2132 3496 2189 confestim

1902 2220 2047 2276 hunc
2075 2224 2479 2288 transcendere,
2519 2224 2680 2293 eique
2714 2224 3012 2295 superferri
3046 2225 3348 2292 consuevit,
3375 2239 3496 2297 gra-

1903 2311 2035 2366 tiam
2076 2313 2465 2368 misericordia
2516 2315 2758 2370 calestis
2784 2332 2890 2371 non
2934 2317 3380 2372 inconvenienter
3416 2317 3499 2370 in-

1901 2401 2105 2467 sinuat,
2134 2403 2200 2457 de
2225 2418 2332 2472 qua
2361 2403 2626 2472 scriptum
2650 2412 2733 2460 est
2765 2422 2778 2458 :
2809 2423 2828 2456 t
2866 2405 3061 2460 Suavis
3082 2406 3345 2461 Dominus
3372 2405 3495 2462 uni-

1898 2493 2094 2558 versis,
2137 2502 2193 2548 et
2238 2494 2614 2550 miserationes
2638 2496 2756 2566 ejus
2781 2510 2944 2565 super
2969 2498 3152 2552 omnia
3179 2512 3344 2567 opera
3377 2499 3497 2569 ejus

1900 2578 2075 2652 (Psal.
2126 2583 2327 2654 cxmv).
2362 2603 2381 2633 ι
2426 2584 2661 2655 Tempus
2698 2601 2915 2656 quoque
2963 2587 3203 2652 diluculi,
3245 2596 3495 2643 exortum

1898 2669 2140 2739 ejusdem
2157 2673 2345 2743 gratia
2363 2672 2536 2742 (quia,
2565 2684 2775 2731 remota
2805 2676 2939 2747 legis
2964 2678 3179 2744 umbra,
3203 2678 3295 2733 lux
3316 2679 3495 2734 Evan-

1897 2764 2082 2834 gelica
2125 2765 2372 2819 veritatis
2403 2775 2523 2820 erat
2566 2767 2879 2839 revelanda)
2910 2769 3267 2824 demonstrat.
3309 2770 3496 2842 Pergit

1894 2869 2025 2926 ergo
2049 2857 2309 2911 Dominus
2337 2858 2390 2911 in
2416 2867 2653 2914 montem
2686 2858 2904 2926 Oliveti,
2948 2870 3008 2917 ut
3042 2877 3225 2918 arcem
3270 2863 3487 2919 miseri-

1893 2945 2092 3001 cordia
2128 2946 2183 3000 in
2209 2961 2267 3000 se
2308 2955 2563 3018 constare
2607 2949 2910 3005 denuntiet.
2941 2949 3106 3006 Venit
3131 2952 3328 3006 iterum
3355 2951 3522 3007 dilu-'

1894 3037 2017 3093 culo
2054 3038 2109 3093 in
2161 3038 2445 3109 templum,
2477 3048 2536 3093 ut
2562 3042 2813 3096 eamdem
2852 3041 3309 3108 misericordiam,
3365 3057 3491 3098 cum

1893 3131 2186 3201 incipiente
2222 3131 2358 3186 Novi
2382 3132 2715 3189 Testamenti
2742 3132 2963 3199 lumine,
2990 3133 3190 3203 templo
3219 3131 3492 3204 (ﬁdelibus

200 3228 475 3287 navet-um,
509 3231 697 3286 orbem
745 3241 1057 3297 ten-arum;
1102 3237 1159 3286 et,
1203 3231 1379 3303 surgit,
1421 3231 1527 3286 alia
1566 3233 1783 3301 messis,
1811 3209 1859 3274 C
1892 3223 2165 3293 videlicet)
2207 3237 2306 3277 suo
2338 3223 2683 3292 pandendam
2714 3225 3170 3295 prabendamque
3198 3223 3487 3295 signiﬁcet.

208 3334 334 3389 qua
376 3320 432 3374 in
460 3320 616 3376 ﬁnem
656 3321 841 3376 saeuli
874 3320 1124 3376 metenda
1171 3329 1275 3376 est.
1319 3321 1403 3376 Ad
1450 3322 1611 3377 istam
1659 3338 1790 3394 ergo

208 3427 440 3467 messem
465 3427 570 3468 non
604 3413 850 3483 apostoli,
902 3414 996 3469 sed
1028 3412 1205 3484 angeli
1247 3414 1556 3469 mittuntur.
1588 3413 1792 3471 Messo-

201 3518 295 3559 res
322 3504 539 3577 (inquit)
567 3506 742 3577 angeli
770 3514 917 3561 sunt.
958 3504 1065 3561 [sta
1103 3520 1233 3578 ergo
1257 3507 1453 3563 messis
1484 3508 1683 3562 crescit
1709 3508 1791 3563 in-

198 3604 286 3650 ter
307 3596 537 3663 zizania,
584 3606 641 3653 et
679 3604 961 3667 exspectat
1006 3597 1227 3668 purgari
1267 3597 1326 3652 in
1369 3597 1497 3654 ﬁne.
1539 3597 1630 3653 llla
1658 3614 1790 3656 vero

192 3690 393 3753 messis
410 3689 526 3759 jam
554 3699 767 3747 matura
799 3700 941 3756 erat,
970 3706 1080 3762 quo
1102 3692 1256 3762 prius
1278 3691 1433 3748 missi
1467 3700 1594 3748 sunt
1621 3693 1788 3749 disci-

193 3781 329 3849 puli,
368 3782 463 3837 ubi
494 3783 772 3853 propheta
810 3782 1217 3840 laboraverunt.
1250 3781 1360 3839 Sed
1396 3783 1581 3839 tamen
1608 3784 1789 3840 videte

191 3873 324 3940 quid
356 3873 560 3929 dictum
581 3874 676 3939 sit,
709 3893 729 3926 ι
750 3873 823 3928 At
846 3874 1007 3930 simul
1032 3874 1280 3945 gaudeat,
1312 3882 1369 3929 et
1400 3874 1493 3946 qui
1527 3874 1786 3942 seminat,

191 3975 253 4022 et
274 3969 368 4038 qui
397 3968 574 4024 metit.
613 3987 634 4020 ι
662 3969 906 4041 Disparis
928 3968 1189 4040 temporis
1217 3968 1432 4025 labores
1454 3969 1785 4037 habuerunt,

193 4060 287 4114 sed
313 4060 512 4131 gaudio
536 4061 743 4131 pariter
764 4061 1130 4132 perfruentur,
1167 4059 1475 4117 mercedem
1498 4059 1662 4132 simul
1690 4075 1787 4117 ac-

194 4130 406 4220 cepturi
426 4130 556 4208 sunt
582 4152 752 4209 vitam
764 4130 1065 4208 aeternam.
1620 4130 1639 4159 λ

184 4260 193 4273 ·
269 4261 289 4296 ι
324 4244 408 4300 Ex
435 4245 656 4301 civitate
681 4253 864 4301 autem
894 4245 985 4299 illa
1011 4243 1169 4300 multi
1194 4244 1543 4302 crediderunt
1579 4244 1635 4299 in
1660 4258 1787 4300 eum

205 4355 225 4389 ι
274 4335 775 4403 Samaritanorum,
822 4345 1046 4407 propter
1078 4337 1302 4394 verbum
1338 4336 1586 4392 mulieris
1634 4337 1788 4392 testi-

208 4447 228 4480 ι
258 4430 496 4486 monium
523 4429 884 4499 perhibentis,
904 4427 1043 4495 Quia
1065 4428 1205 4484 dixit
1241 4427 1377 4483 mihi
1417 4427 1600 4483 omnia
1638 4442 1786 4497 qua-

206 4540 230 4573 c
257 4537 467 4593 cunque
491 4521 620 4578 feci.
639 4521 778 4579 Cum
802 4524 1083 4577 venissent
1109 4527 1294 4577 autem
1316 4520 1384 4574 ad
1415 4518 1567 4574 illum
1593 4519 1784 4575 Sama-

204 4630 227 4663 α
259 4613 443 4677 ritani,
473 4619 805 4684 rogaverunt
827 4626 953 4667 eum
1001 4618 1062 4669 ut
1088 4611 1232 4680 apud
1266 4623 1361 4665 eos
1395 4616 1665 4665 maneret.
1715 4609 1787 4665 Et

202 4723 226 4757 ι
257 4707 459 4762 mansit
485 4705 559 4761 ibi
592 4707 727 4761 duos
761 4704 899 4760 dies.
934 4702 1002 4758 Et
1034 4701 1204 4758 multo
1228 4702 1411 4773 plures
1438 4701 1787 4757 crediderunt

206 4814 229 4847 ι
258 4805 482 4869 propter
498 4809 804 4852 sermonem
830 4792 967 4864 ejus.
1004 4792 1072 4847 Et
1090 4791 1305 4846 mulieri
1333 4791 1621 4846 dicebant:
1647 4788 1785 4856 Quia

203 4901 225 4934 ι
249 4884 363 4954 jam
378 4900 484 4941 non
498 4892 719 4955 propter
734 4892 882 4939 tuam
903 4880 1172 4952 loquelam
1193 4880 1490 4945 credimus,
1514 4879 1616 4949 ipsi
1635 4879 1786 4934 enim

205 4993 227 5029 ι
260 4977 589 5043 audivimus,
627 4984 684 5032 et
725 4975 928 5031 scimus
957 4973 1085 5043 quia
1129 4972 1221 5027 hic
1250 4981 1336 5028 est
1370 4986 1497 5028 vere
1535 4971 1788 5028 Salvator

205 5085 226 5121 ε
257 5068 465 5124 mundi.
498 5088 517 5121 ι
548 5068 619 5124 Et
662 5068 766 5124 hoc
810 5065 1069 5137 paulatim
1110 5063 1648 5119 animadvertendum
1673 5071 1779 5129 est,

202 5163 319 5230 quia
348 5162 511 5217 lectio
540 5161 832 5217 terminata
875 5167 979 5215 est.
1027 5157 1220 5215 Mulier
1268 5172 1444 5228 prima
1489 5156 1780 5222 nuntiavit,

201 5264 251 5310 et
274 5255 344 5311 ad
368 5254 615 5311 mulieris
643 5252 1011 5309 testimonium
1035 5250 1388 5307 crediderunt
1420 5247 1777 5313 Samaritani,

203 5354 252 5400 et
270 5355 599 5417 rogaverunt
647 5358 772 5401 eum
801 5351 862 5397 ut
885 5342 1027 5412 apud
1057 5357 1154 5398 eos
1176 5348 1440 5397 maneret.
1482 5338 1552 5393 Et
1581 5337 1782 5392 mansit

205 5435 270 5490 ibi
313 5436 497 5502 biduo,
524 5444 581 5491 et
624 5434 810 5506 plures
835 5432 1199 5489 crediderunt.
1240 5431 1308 5484 Et
1354 5444 1478 5485 cum
1523 5426 1782 5482 credidis-

206 5536 341 5594 sent,
368 5526 621 5583 dicebant
649 5523 863 5581 mulieri
891 5541 905 5577 :
939 5542 957 5574 ι
1008 5521 1127 5577 Νοιι
1167 5521 1279 5590 jam
1307 5529 1528 5591 preptcr
1553 5519 1780 5574 verbum

203 5627 349 5674 tuum
379 5620 669 5681 credimus,
694 5617 788 5673 sed
814 5616 918 5688 ipsi
949 5613 1320 5685 cognovimus,
1346 5622 1399 5667 et
1429 5612 1631 5667 scimus
1652 5611 1778 5682 quia

203 5706 285 5765 hic
311 5717 398 5765 est
418 5724 547 5765 vere
593 5709 843 5765 Salvator
873 5704 1078 5761 mundi.
1129 5723 1148 5754 ι
1195 5703 1378 5757 Primo
1420 5718 1516 5773 per
1556 5700 1777 5766 famam,

199 5810 386 5877 postea
413 5816 511 5876 per
534 5800 895 5873 praesentiam,
933 5797 1011 5855 sic
1045 5795 1225 5868 agitur
1250 5795 1410 5851 hodie
1436 5810 1557 5851 cum
1582 5794 1663 5853 eis
1683 5793 1776 5864 qui

1900 3332 1918 3365 ‹
1967 3310 2035 3366 Et
2061 3312 2241 3366 omnis
2271 3311 2492 3382 (inquit)
2522 3313 2750 3382 populus
2779 3314 2930 3368 venit
2974 3317 3044 3368 ad
3088 3329 3236 3367 eum.
3289 3312 3358 3367 Et
3404 3327 3491 3368 se-

1898 3422 1917 3455 ‹
1946 3402 2100 3467 dens,
2147 3403 2374 3457 docebat
2416 3416 2530 3457 eos.
2567 3422 2586 3454 ›
2644 3401 2828 3457 Sessio
2854 3402 3093 3469 Domini,
3126 3403 3488 3459 humilitatem

1896 3494 2287 3551 incarnationis
2309 3494 2447 3565 ejus,
2476 3509 2576 3564 per
2602 3509 2763 3564 quam
2788 3495 2945 3550 nobis
2967 3494 3215 3551 misereri
3235 3493 3488 3565 dignatus

1891 3594 1995 3650 est,
2034 3585 2295 3640 insinuat.
2326 3584 2471 3640 Bene
2499 3594 2679 3639 autem
2708 3586 2907 3641 dicitur
2943 3586 3095 3658 quia,
3142 3600 3266 3641 cum
3290 3585 3489 3642 sedens

1891 3679 2111 3733 doceret
2145 3675 2325 3743 Jesus,
2370 3677 2549 3732 omnis
2589 3677 2820 3749 populus
2863 3677 3011 3733 venit
3050 3678 3118 3733 ad
3148 3691 3308 3733 eum:
3335 3677 3486 3749 quia,

1889 3780 2180 3840 postquam
2237 3768 2546 3824 humilitate
2592 3784 2705 3824 sua
2754 3769 3149 3825 incarnationis
3207 3768 3488 3839 proximus

1892 3859 2171 3915 hominum
2201 3857 2376 3913 factus
2411 3866 2516 3923 est,
2552 3857 2810 3913 libentius
2833 3868 2918 3914 est
2942 3875 2973 3913 a
3014 3858 3200 3914 multis
3220 3857 3338 3930 ejus
3372 3875 3488 3915 ser-

1889 3967 1980 4006 mo
2003 3958 2252 4023 receptus
2280 3968 2293 4004 :
2332 3966 2364 4004 a
2390 3950 2596 4015 multis,
2630 3951 2872 4021 inquam,
2921 3960 3005 4007 est
3033 3950 3153 4020 ejus
3193 3966 3374 4006 sermo
3401 3966 3488 4007 re-

1888 4055 2100 4116 ceptus,
2145 4059 2381 4115 namque
2425 4060 2456 4099 a
2500 4043 2748 4113 pluribus
2794 4046 2881 4099 ‘est
2930 4045 3160 4116 superba
3207 4043 3486 4114 impietate

1888 4145 2250 4207 contemptus.
2305 4136 2609 4190 Audierunt
2665 4136 2809 4191 enim
2862 4133 3155 4199 mansueti,
3200 4141 3257 4189 et
3314 4133 3486 4188 latati

1887 4236 2035 4283 sunt.
2066 4227 2310 4297 Denique
2335 4224 2528 4293 Judai,
2576 4234 2867 4292 tentantes,
2913 4227 3258 4282 adduxerunt
3287 4224 3485 4279 mulie-

1888 4335 2003 4374 rem
2036 4319 2090 4373 in
2135 4317 2405 4373 adulterio
2444 4317 2860 4389 deprehensam,
2912 4317 3312 4388 interrogantes
3353 4313 3485 4385 quid

1888 4412 1956 4468 de
1980 4426 2044 4466 ea
2086 4410 2204 4466 ﬁeri
2238 4411 2484 4482 jnberct,
2515 4412 2771 4482 quoniam
2811 4409 3024 4482 Moyses
3045 4409 3209 4464 talem
3241 4407 3484 4477 lapidare

1888 4505 2259 4563 mandaverat.
2300 4502 2371 4562 Ut
2410 4504 2456 4560 si
2496 4512 2553 4559 et
2594 4504 2710 4574 ipse
2739 4504 2882 4559 hanc
2922 4498 3268 4568 lapidandam
3297 4495 3485 4551 decer-

1889 4607 2062 4664 neret,
2097 4598 2409 4654 deriderent
2455 4611 2605 4662 eum,
2646 4594 2802 4663 quasi
2855 4585 3268 4649 misericordia,
3314 4600 3481 4655 quam

1889 4708 2104 4763 semper
2134 4692 2385 4752 docebat,
2419 4688 2647 4744 oblitum
2683 4703 2696 4737 :
2729 4685 2776 4739 si
2803 4682 3048 4753 lapidare
3089 4685 3325 4743 vetaret,
3360 4677 3483 4734 stri-

1890 4785 2081 4840 dercnt
2106 4783 2163 4835 in
2189 4795 2313 4836 eum
2350 4777 2600 4834 dentibus
2631 4775 2767 4841 suis,
2795 4782 2852 4830 et
2880 4770 3036 4843 quasi
3075 4769 3345 4826 fautorem
3362 4783 3483 4825 sce-

1890 4874 2061 4928 lerum
2090 4912 2107 4938 ,
2159 4870 2372 4941 legique
2422 4867 2761 4924 contrarium
2809 4863 2960 4920 velut
3015 4861 3213 4918 merito
3253 4860 3478 4917 damna—

1889 4976 2033 5023 rent.
2232 5017 2236 5021 «

1966 5076 1984 5109 ι
2019 5056 2178 5112 .lesus
2207 5063 2413 5121 autem,
2442 5051 2711 5108 inclinans
2734 5064 2794 5106 se
2826 5049 3101 5117 deorsum,
3143 5047 3314 5119 digito
3342 5046 3480 5104 scri-

1895 5171 1914 5205 ι
1951 5152 2113 5208 bebat
2142 5151 2386 5205 interra.
2418 5168 2438 5201 ι
2466 5146 2570 5202 Per
2607 5146 3015 5202 inclinationem
3063 5143 3215 5203 Jesu.
3256 5142 3481 5198 humili-

1888 5252 1974 5298 tas
2018 5257 2033 5296 :
2083 5257 2178 5313 per
2221 5240 2471 5310 digitum,
2529 5238 2621 5309 qui
2689 5237 3041 5292 articulorum
3081 5234 3477 5305 compositione

1798 5342 1810 5351 ‘
1886 5333 2139 5390 ﬂexibilis
2188 5343 2292 5399 est,
2351 5330 2621 5387 subtilitas
2690 5330 3036 5387 discretionis
3099 5328 3475 5400 exprimitur;
3556 5372 3567 5383 .

1888 5444 2052 5500 porro
2078 5441 2175 5497 per
2202 5434 2424 5491 terram,
2457 5440 2553 5482 cor
2574 5425 2894 5491 humanum,
2921 5424 3065 5494 quod
3100 5422 3182 5478 vel
3207 5421 3476 5476 bonarum

1889 5519 1973 5574 vel
2002 5518 2267 5572 malarum
2312 5518 2583 5573 actionum
2607 5517 2743 5573 solet
2774 5516 3001 5571 reddere
3028 5513 3254 5574 fructus,
3285 5519 3477 5566 osten-

1888 5612 2053 5665 ditur.
2086 5609 2395 5665 Postulatus
2422 5626 2553 5680 ergo
2583 5609 2844 5664 Doruiuus
2878 5607 3124 5678 judicare
3173 5603 3240 5658 de
3280 5617 3480 5673 pecca-

1889 5706 2045 5773 tricc,
2076 5720 2184 5758 non
2226 5704 2410 5759 statim
2454 5703 2547 5757 dat
2587 5702 2874 5772 judicium,
2918 5699 3013 5753 sed
3041 5696 3195 5766 prius
3237 5710 3295 5751 se
3324 5695 3482 5751 incli-

1886 5812 2023 5853 nans
2052 5797 2326 5864 deorsum,
2353 5795 2521 5867 digito
2545 5793 2733 5849 scribit
2759 5792 2815 5846 in
2845 5799 3010 5856 terra,
3052 5801 3119 5845 ac
3154 5786 3234 5844 sic
3258 5787 3478 5861 demum
