3994 6354
530 406 645 472 ⁷883
1171 411 1527 469 HAYMONIS
1564 405 2045 467 HALBERS’I'AT.
2086 400 2301 460 EPISC.
2344 403 2494 460 OPP.
2530 403 2710 459 MR5
2744 403 2806 458 ll.
2847 430 2917 442 --
2951 401 3184 458 HOMIL.
3778 393 3891 449 881

541 543 706 600 quam
734 520 931 585 obnixe
974 534 1190 599 rogatus
1214 527 1442 597 iudicat.
1470 526 1581 583 Nos
1604 526 1877 593 videlicet,
1919 539 2018 580 nos
2052 531 2133 594 ty-
2158 522 2211 583 Δ
2240 522 2383 577 mine
2407 522 2591 577 solerti
2610 535 2924 591 pensemus,
2954 534 3129 590 neque
3162 518 3310 575 enim
3340 513 3751 589 reprehendit
3788 529 3887 569 nos

539 626 663 696 pice
688 624 993 689 instituens,
1021 630 1081 677 ut
1104 637 1231 677 cum
1263 621 1515 691 quaelibet
1548 621 1920 692 proximorum
1949 625 2131 674 errata
2235 628 2332 669 eor
2359 618 2604 668 nostrum
2645 613 2699 668 in
2723 613 2872 668 omni
2904 611 2992 666 via
3029 621 3239 667 nostra.
3271 610 3439 686 Bene,
3468 610 3580 680 qui
3627 608 3884 663 inclina-

541 714 928 786 conspicimus,
968 727 1079 769 non
1117 712 1234 768 haec
1266 720 1392 767 ante
1432 711 1878 784 reprehendendo
1922 707 2133 779 judice—
2238 714 2322 761 tus
2346 706 2567 777 scripsit
2592 706 2649 761 in
2684 714 2853 771 terra,
2883 712 3100 760 erectus
3126 703 3519 759 misericordiae
3550 698 3767 759 verba
3791 700 3881 757 de-

2231 800 2432 869 promit
2457 817 2472 855 :
2495 800 2622 871 quia
2653 801 2798 870 quod
2824 814 2923 870 per
2942 799 3193 854 humanae
3223 796 3573 853 inﬁrmitatis
3612 795 3877 850 societa-

2232 898 2343 947 tem
2365 892 2639 963 promisit,
2678 904 2779 962 per
2806 891 3002 946 divinae
3025 890 3283 945 virtutem
3304 888 3576 959 potentia
3612 886 3875 943 homini—

2232 982 2333 1039 bus
2354 984 2555 1040 donum
2583 984 2802 1054 pietatis
2826 983 3108 1055 impendit.

2311 1092 2332 1126 ι
2377 1074 2627 1147 Erigens,
2663 1075 2858 1145 inquit,
2894 1089 2955 1131 se
2983 1072 3162 1141 Jesus,
3199 1073 3336 1130 dixit
3360 1073 3412 1129 ei
3441 1091 3455 1126 :
3493 1071 3751 1137 Mulier,
3782 1071 3867 1126 ubi

2238 1184 2258 1218 ι
2303 1174 2429 1220 sunt
2457 1167 2550 1235 qui
2603 1174 2657 1222 te
2698 1167 3061 1223 accusabant?
3108 1165 3279 1222 Nemo
3314 1175 3369 1222 te
3407 1166 3867 1223 condemnavit!

2238 1273 2257 1307 ι
2303 1255 2436 1323 Qua:
2460 1256 2632 1311 dixit:
2657 1255 2846 1323 Nemo,
2870 1256 3116 1313 Domine.
3147 1275 3167 1309 ι
3185 1255 3357 1312 Nemo
3379 1265 3434 1312 te
3457 1256 3863 1312 condemnare

2232 1362 2399 1402 ausus
2441 1355 2528 1404 est
2574 1348 2957 1418 peccatricem,
2990 1348 3119 1418 quia
3165 1348 3221 1403 in
3267 1363 3328 1404 se
3372 1347 3581 1419 singuli
3616 1364 3861 1403 cernere

2233 1448 2509 1510 cteperant
2554 1441 2697 1510 quod
2751 1441 2925 1512 magis
2982 1441 3352 1497 damnandum
3399 1451 3852 1511 cognoscerent.

611 1551 631 1585 ι
670 1533 805 1590 Cum
846 1543 1025 1591 autem
1072 1542 1489 1606 perseverarent
1523 1536 1925 1605 interrogantes
1974 1548 2126 1600 eum,
2234 1529 2339 1585 Sed
2367 1531 2460 1600 qui
2483 1533 2857 1587 accusantium
2888 1531 3074 1588 turbas
3092 1531 3306 1602 prolato
3327 1530 3562 1601 iustitiae
3592 1533 3855 1603 pondere

541 1646 561 1680 ‹
599 1628 775 1683 erexit
823 1643 882 1684 se
915 1636 972 1683 et
1017 1629 1155 1683 dixit
1185 1629 1266 1685 eis
1306 1643 1324 1682 :
1371 1628 1471 1696 Qui
1504 1628 1622 1683 sine
1662 1636 1890 1698 peccato
1915 1634 1994 1682 est
2038 1641 2131 1681 ve-
2232 1621 2456 1694 fugavit,
2498 1623 2780 1679 videamus
2820 1634 3135 1679 accusatam
3173 1632 3382 1694 quanto
3428 1624 3853 1680 misericordi:

542 1734 562 1768 ι
599 1726 795 1787 strum,
826 1718 977 1788 prius
1005 1719 1059 1772 in
1085 1719 1233 1773 illam
1279 1718 1512 1788 lapidem
1535 1717 1738 1772 mittat.
1777 1736 1799 1771 ι
1834 1716 1971 1784 Quia
2004 1716 2132 1770 hinc
2230 1728 2459 1769 munere
2507 1715 2771 1770 sublevet.
2817 1713 3118 1785 Sequitur:
3155 1734 3175 1768 ι
3214 1716 3364 1771 Dixit
3398 1724 3589 1772 autem
3623 1715 3846 1773 Iesus:

532 1816 592 1863 et
637 1809 763 1865 inde
808 1810 1039 1865 Domino
1085 1812 1282 1866 scriba:
1326 1819 1384 1866 et
1430 1809 1688 1866 Pharisaei
1730 1810 2022 1866 tendebant
2048 1810 2127 1864 la-
2237 1825 2255 1858 ‹
2300 1805 2412 1862 Nec
2457 1822 2558 1878 ego
2602 1816 2653 1862 te
2692 1808 3088 1864 condemnabo.
3135 1807 3305 1878 Vade,
3338 1807 3547 1877 etiam
3595 1809 3848 1880 amplius

535 1914 704 1971 queas
721 1886 1060 1966 insidiarum,
1097 1910 1354 1972 putantes
1378 1916 1503 1958 eum
1527 1903 1612 1959 vel
1639 1903 2129 1960 immisericordem
2156 1912 2207 1973 Β
2240 1917 2259 1951 ι
2305 1900 2413 1957 noli
2451 1916 2701 1970 peccare.
2744 1921 2764 1955 ι
2799 1900 3068 1969 Quoniam
3115 1903 3431 1960 misericors
3457 1913 3516 1960 et
3560 1905 3705 1975 pius
3740 1914 3843 1971 est,

536 1991 777 2048 futurum
816 1993 872 2047 in
898 1992 1215 2064 iudicando,
1246 1994 1331 2050 vel
1370 1995 1652 2066 iniustum,
1698 1996 2000 2064 praevidens
2036 1995 2126 2050 ille
2226 1998 2452 2061 peccata
2500 1993 2779 2062 praeterita
2832 1994 3063 2050 relaxat.
3108 1994 3379 2064 Quoniam
3425 1998 3618 2068 iustus
3658 2006 3757 2054 est
3790 2004 3846 2052 et

542 822 685 875 tuus,
713 819 896 878 quam,
938 806 1007 860 ad
1048 802 1441 862 conscientiam
1464 812 1709 860 nostram
1739 801 2016 857 humiliter
2045 815 2132 855 re-

534 897 701 962 versi,
747 894 914 968 digito
935 909 1059 950 eam
1091 894 1440 950 discretionis
1463 894 1694 950 solerter
1720 892 2050 964 sculpamus,
2075 896 2131 945 et

536 991 668 1061 quid
695 990 751 1045 in
776 1003 843 1045 ea
882 987 1162 1049 Gonditori
1200 987 1432 1057 placeat,
1474 987 1672 1057 quidve
1713 984 2016 1055 displiceat.
2045 998 2132 1039 se-

538 1082 662 1136 dula
691 1080 1094 1137 examinatione
1118 1079 1458 1144 dirimamus,
1478 1077 1637 1148 juxta
1678 1078 1809 1133 illud
1842 1075 2125 1147 Apostoli:

542 1193 559 1223 ι
593 1171 839 1237 Fratres,
867 1170 972 1226 etsi
1012 1177 1421 1239 praeoccupatus
1462 1167 1628 1225 fuerit
1651 1168 1814 1223 homo
1854 1168 1908 1222 in
1949 1167 2131 1236 aliquo

536 1264 755 1330 delicto,
777 1279 875 1319 vos
899 1263 990 1334 qui
1014 1260 1323 1332 spirituales
1349 1261 1501 1327 estis,
1530 1262 1781 1316 instruite
1821 1258 2130 1329 huiusmodi

534 1351 589 1406 in
640 1355 837 1424 spiritu
878 1352 1138 1417 lenitatis,
1188 1350 1542 1408 considerans
1580 1352 1834 1422 teipsum,
1874 1366 1944 1405 ne
1988 1359 2045 1405 et
2074 1357 2130 1404 tu

498 1445 767 1518 .tenteris
802 1441 946 1517 (Gal.
970 1444 1069 1515 vr).
1102 1462 1122 1496 ι

534 2082 890 2156 dolos,_quasi
921 2085 1012 2141 illa
1040 2087 1239 2142 transit
1267 2102 1505 2154 araneae,
1535 2096 1591 2143 et
1616 2087 2126 2159 iudiciumiustitise

533 2189 632 2246 per
677 2176 883 2242 omnia,
923 2185 980 2231 et
1030 2178 1505 2232 mansuetudinem
1551 2178 1769 2247 pietatis
1807 2178 2121 2234 ostendens.

533 2268 676 2326 Ecce
703 2270 1060 2339 temperantia
1097 2270 1413 2334 miserendi,
1452 2289 1470 2321 ι
1501 2271 1603 2336 Qui
1645 2272 1763 2326 sine
1791 2278 2015 2340 peccato
2042 2278 2128 2326 est

531 2370 810 2427 vestrum;
858 2380 878 2413 ι
905 2376 1034 2417 εεεε
1061 2361 1259 2415 iterum
1280 2360 1494 2431 iustitia
1517 2360 1815 2431 iudicandi,
1854 2380 1873 2413 ‹
1909 2362 2125 2419 Primus

531 2453 587 2508 in
620 2453 765 2508 illam
796 2452 1028 2523 lapidem
1060 2453 1259 2508 mittat.
1307 2471 1327 2505 ι
1355 2454 1433 2508 Ac
1463 2452 1511 2509 si
1533 2453 1801 2510 dixisset:
1828 2454 1886 2510 Si
1913 2452 2126 2525 Moyses

531 2542 813 2597 mandavit
838 2542 994 2598 vobis
1013 2541 1296 2597 mulierem
1321 2541 1627 2611 huiusmodi
1653 2543 1919 2613 lapidare,
1944 2541 2125 2597 videte

533 2632 660 2703 quia
688 2647 798 2687 non
842 2632 947 2687 hoc
996 2639 1337 2701 peccatores,
1372 2632 1468 2687 sed
1502 2632 1680 2702 iustos
1718 2632 1899 2687 facere
1926 2646 2126 2701 prmce-

530 2725 629 2795 pit.
666 2723 852 2779 Primo
884 2739 981 2779 vos
1011 2723 1115 2795 ipsi
1137 2724 1407 2796 justitiam
1445 2724 1579 2795 legis
1611 2724 1848 2795 implete,
1876 2733 1932 2780 et
1964 2725 2123 2779 inno-

533 2823 720 2871 centes
746 2815 1000 2872 manibus
1021 2825 1076 2871 et
1099 2817 1298 2872 mundo
1323 2816 1485 2871 corde
1514 2817 1582 2871 ad
1596 2815 1945 2887 lapidandam
1972 2829 2125 2870 ream

532 2905 862 2961 concurrite.
919 2905 1105 2961 Primo
1153 2904 1454 2976 spiritualia
1511 2904 1645 2976 legis
1693 2906 1888 2969 edicta,
1938 2904 2122 2972 fidem,

533 2997 964 3054 misericordiam
994 3004 1050 3053 et
1076 2998 1400 3054 charitatem
1428 2999 1693 3069 perlicite,
1718 3006 1773 3053 et
1803 2998 1882 3053 sic
1912 2998 1981 3053 ad
2000 3013 2125 3054 car-

532 3088 679 3144 nalia
700 3089 995 3159 iudicanda
1024 3090 1296 3146 divertite.
1326 3091 1464 3145 Dato
1502 3098 1682 3146 autem
1707 3089 1914 3162 iudicio
1946 3109 1962 3146 :

610 3196 629 3231 ‹
676 3170 937 3234 Dominus
998 3177 1198 3235 iterum
1249 3193 1310 3235 se
1363 3180 1634 3237 inclinans
1668 3222 1682 3248 ,
1739 3181 2016 3238 scribebat
2070 3181 2127 3237 in

2221 2082 2495 2153 justitiam
2539 2084 2755 2153 dilexit,
2804 2100 2875 2143 ne
2931 2087 3164 2159 amplius
3203 2087 3324 2159 iam
3392 2099 3589 2161 peccet
3668 2091 3843 2147 inter-

2226 2174 2377 2230 dicit.

2762 2312 3051 2372 HOMILIA
3090 2312 3278 2372 XLIX.

2274 2460 2537 2504 noumca
2572 2462 2788 2513 ausura
2827 2464 2884 2505 IN
2924 2463 3335 2514 QUADBAGIISIIA
3373 2465 3493 2509 sm
3530 2452 3768 2511 Laure.

2297 2627 2477 2701 (loss.
2503 2630 2605 2702 vi.)
2640 2647 2661 2682 ε
2696 2629 2757 2685 In
2804 2631 2896 2687 illo
2947 2638 3195 2703 tempore
3240 2650 3257 2687 :
3293 2633 3446 2691 Abiit
3476 2634 3633 2692 Iesus
3660 2646 3819 2693 trans

2230 2737 2251 2771 ι
2272 2734 2422 2775 mare
2435 2719 2687 2788 Galilaeaa,
2704 2721 2850 2791 quod
2860 2729 2947 2777 est
2962 2721 3286 2791 Tiberiadis,
3306 2743 3328 2779 ι
3349 2725 3630 2796 etreliqua.
3656 2727 3828 2784 Mare

2224 2811 2481 2878 Galilzeae,
2515 2813 2661 2883 quod
2710 2822 2768 2869 et
2821 2814 3122 2870 Tiberiadis
3158 2815 3380 2883 dicitur,
3420 2834 3516 2888 pro
3550 2818 3827 2889 qualitate

2227 2906 2732 2976 circumiacentium
2786 2907 3068 2979 regionum
3100 2909 3271 2964 variis
3307 2918 3564 2966 censetur
3590 2911 3822 2968 nomini-

2226 2999 2351 3056 bus.
2394 2999 2604 3055 Dicitur
2641 3007 2820 3055 autem
2850 3014 3005 3056 mare
3028 2999 3283 3068 Galilm,
3314 3013 3535 3073 propter
3560 3003 3823 3073 adjacen-

2228 3096 2339 3144 tem
2365 3088 2625 3160 patriam,
2655 3089 2741 3144 vel
2766 3089 3106 3159 provinciam
3142 3091 3437 3149 Galilaeam.
3469 3095 3694 3151 Dicitur
3728 3111 3826 3151 au-

2232 3187 2343 3236 tem
2372 3194 2524 3236 mare
2553 3180 2879 3249 Tiberiadis,
2905 3195 3129 3254 propter
3149 3184 3483 3242 Tiberiadem
3506 3187 3825 3255 civitatem.

540 3290 559 3324 ι
598 3279 763 3327 terra.
818 3291 838 3325 ι
882 3272 951 3328 Ει
996 3273 1237 3344 quidem,
1278 3274 1436 3346 juxta
1484 3290 1694 3331 morem
1720 3276 2128 3332 consuetudinis
2150 3264 2202 3329 C
2232 3288 2356 3344 quae
2383 3274 2535 3345 prius
2556 3274 2766 3332 Paucas
2788 3286 2980 3332 vocata
3018 3276 3142 3346 fuit,
3175 3280 3273 3335 sed
3306 3287 3587 3352 postquam
3606 3282 3691 3337 ab
3720 3282 3827 3338 He-

533 3362 805 3433 humanae,
844 3374 1024 3437 potest
1072 3366 1300 3439 intelligi
1331 3367 1475 3439 quod
1519 3368 1642 3424 ideo
1678 3382 1864 3425 coram
1890 3377 2126 3427 tentato-

532 3453 683 3511 ribus
733 3454 995 3527 improbis
1048 3457 1313 3514 inclinare
1379 3473 1439 3515 se
1495 3466 1551 3516 et
1590 3461 1646 3516 in
1692 3469 1836 3516 terra
1882 3462 2125 3518 scribere

532 3546 787 3614 voluerit,
820 3556 901 3616 ut,
936 3548 1044 3606 alio
1071 3549 1223 3606 vultu
1256 3551 1559 3619 intendens,
1605 3551 1835 3609 liberam
1862 3554 1943 3611 eis
1972 3555 2127 3610 daret

531 3639 761 3693 exeundi
791 3637 1130 3707 facultatem,
1169 3658 1326 3712 quos,
1358 3658 1457 3699 sua
1509 3645 1861 3713 responsione
1907 3646 2125 3715 percul-

532 3742 645 3795 sos,
678 3726 840 3786 Citius
889 3731 1133 3786 exituros
1158 3748 1322 3801 quam
1349 3734 1505 3803 plura
1532 3735 1963 3808 interrogatums
2001 3750 2126 3795 esse

531 3822 883 3891 praeviderat.
1265 3891 1269 3895 ἢ

608 3930 627 3962 ι
666 3910 912 3982 Denique
958 3913 1261 3983 audientes,
1304 3932 1446 3974 unus
1482 3927 1608 3991 post
1660 3936 1829 3977 unum
1877 3924 2119 3994 exibant,

538 4022 558 4055 ι
598 4003 921 4075 incipientes
951 4020 981 4060 a
1008 4007 1333 4066 senioribus.
1373 4029 1392 4062 ›
1422 4009 1530 4067 Sed
1561 4010 1789 4083 ﬁgurate
1810 4030 1911 4072 nos
1937 4015 2123 4074 admo-

533 4103 629 4149 net
659 4095 716 4150 in
745 4109 813 4153 eo
855 4096 1021 4168 quod,
1068 4107 1123 4154 et
1148 4109 1274 4156 ante
1321 4101 1503 4157 datam
1555 4112 1611 4159 et
1634 4113 1759 4174 post
1783 4107 1970 4162 datam
1999 4123 2123 4165 scn-

534 4184 777 4253 tentiam,
830 4186 1099 4245 inclinans
1153 4190 1374 4261 scripsit
1402 4193 1457 4247 in
1504 4203 1670 4261 terra,
1708 4204 1769 4252 ut
1801 4198 2121 4271 priusquam

531 4284 850 4345 peccantem
908 4279 1216 4349 proximum
1273 4283 1667 4354 corripiamus,
1725 4296 1780 4343 et
1832 4302 2122 4362 postquam

533 4368 731 4426 debitae
760 4372 1133 4443 castigationis
1177 4375 1255 4432 illi
1287 4377 1651 4435 ministerium
1699 4381 2117 4454 reddiderimus,

533 4476 633 4519 nos
660 4463 807 4534 ipsos
827 4464 987 4536 digna
1015 4466 1336 4526 humilitatis
1365 4470 1783 4545 investigatione
1807 4477 2117 4546 perpenda-

533 4568 672 4621 mus,
718 4567 788 4610 ne
835 4554 976 4612 forte
1022 4567 1116 4613 aut
1140 4556 1344 4615 eisdem
1371 4575 1494 4632 qua:
1518 4562 1573 4617 in
1613 4564 1745 4635 ipsis
1772 4568 2120 4637 reprehendi-

530 4661 671 4713 mus,
702 4655 795 4704 aut
820 4648 941 4705 aliis
964 4649 1293 4723 quibuslibet
1323 4655 1496 4711 simus
1542 4656 1871 4715 facinoribus
1896 4661 2116 4731 irretiti,

532 4740 674 4795 sicut
698 4740 839 4797 forte
860 4741 982 4798 ﬁeri
1020 4746 1223 4815 poterit
1266 4740 1326 4802 ut
1346 4748 1462 4819 ipse
1486 4749 1578 4820 qui
1600 4751 1927 4810 homicidam
1962 4772 2116 4814 reum

532 4831 727 4885 mortis
768 4846 888 4888 esse
933 4834 1282 4904 iudicaverit,
1345 4840 1461 4910 ipse
1506 4842 1561 4897 in
1597 4844 1774 4914 seipse
1807 4860 1905 4917 per
1932 4846 2118 4904 odium
2163 4890 2171 4898 .

530 4919 785 4977 fraterna:
828 4926 1021 4981 mortis
1070 4942 1195 4983 reus
1220 4943 1343 4986 esse
1384 4940 1512 4989 ante
1552 4935 1769 4992 oculum
1808 4938 2118 4998 Conditoris

534 5010 881 5079 inveniatur;
938 5014 1206 5086 similiter,
1263 5022 1356 5091 qui
1401 5023 1775 5084 fornicationis
1824 5030 2031 5088 crimen
2060 5033 2118 5088 in

514 5101 704 5158 ‘fratre
726 5112 963 5173 accusat,
980 5105 1035 5161 in
1063 5109 1239 5180 seipso
1259 5115 1524 5183 superbiat
1549 5117 1764 5177 facinus
1786 5136 1890 5177 non
1914 5125 2116 5182 videat.

533 5193 663 5249 ldeo
685 5192 909 5265 juhetur
937 5198 1104 5269 iudex
1137 5201 1297 5257 alieni
1328 5206 1570 5265 criminis
1591 5209 1758 5281 digito
1780 5211 2124 5274 discretionis

518 5287 589 5375 ‘in
613 5285 779 5341 corde
804 5300 901 5344 suo
935 5289 1265 5362 describere,
1308 5312 1377 5353 ne
1413 5298 1554 5357 forte
1584 5304 1639 5359 in
1668 5305 1847 5376 seipse
1880 5320 2005 5367 reus
2030 5311 2117 5366 in-'

533 5380 802 5436 veniatur.
851 5381 989 5450 Quid
1034 5387 1197 5457 igitur
1224 5390 1381 5447 nobis
1425 5392 1479 5448 in
1523 5395 1831 5467 huiusmodi
1862 5403 2124 5473 periculis
2171 5422 2180 5428 ’

532 5473 781 5542 remedii,
813 5474 942 5547 quid
969 5486 1141 5534 restat
1174 5481 1386 5549 salutis,
1413 5484 1516 5540 nisi
1541 5496 1621 5553 ut,
1653 5506 1776 5547 cum
1800 5503 2120 5564 peccantem

532 5567 916 5638 conspicimus,
949 5568 1014 5624 ad
1046 5570 1193 5656 illum
1241 5589 1365 5630 mox
1396 5574 1724 5635 inclinemur
1744 5582 1997 5641 deorsum
2039 5586 2120 5659 (id
2153 5612 2168 5627 ο

532 5666 637 5725 est,
666 5674 829 5729 quam
874 5650 1067 5732 deiecti
1109 5678 1176 5719 ex
1223 5675 1423 5722 nostra:
1462 5669 1773 5728 conditione
1806 5650 2121 5747 fragilitatis

532 5763 721 5841 simus,
754 5752 798 5807 si
825 5766 927 5810 nos
954 5754 1133 5811 divina
1171 5756 1348 5827 pietas
1386 5774 1493 5816 non
1525 5772 1811 5834 sustentet,
1842 5768 2129 5825 humiliter
2153 5817 2179 5841 _.

2138 4618 2204 4685 'D

2222 3366 2362 3424 rode
2391 3366 2718 3423 reaediticata
2746 3376 2831 3423 est
2876 3368 2933 3423 in
2984 3368 3192 3426 honore
3221 3370 3423 3427 Tiberii
3451 3370 3715 3440 Caesaris,
3741 3372 3828 3429 Ti-

2226 3464 2411 3521 berias
2429 3473 2513 3521 est
2534 3464 2796 3535 appellata
2828 3482 2842 3519 :
2868 3464 3069 3524 dicitur
3093 3467 3261 3522 etiam
3285 3476 3342 3523 et
3372 3478 3625 3541 stagnum
3643 3468 3830 3526 Gene-

2224 3562 2436 3628 sareth,
2465 3577 2530 3618 eo
2557 3563 2702 3633 quod
2722 3579 2789 3619 ex
2817 3577 2878 3621 se
2904 3565 3275 3637 crispantibus
3300 3567 3462 3624 undis
3498 3581 3690 3623 auram
3724 3583 3819 3639 ge-

2226 3664 2424 3707 nerare
2441 3652 2709 3708 videatur.
2741 3653 2950 3709 Dicitur
2975 3664 3030 3711 et
3052 3654 3206 3711 lacus
3232 3656 3566 3722 Cennereth,
3596 3666 3823 3728 propter

2226 3743 2503 3799 civitatem
2548 3742 2853 3801 Cennereth
2888 3745 3256 3815 adiacentem,
3284 3756 3343 3804 et
3381 3756 3825 3820 propteroppor-

2226 3836 2521 3891 tunitatem
2558 3845 2773 3906 portus.
2812 3836 2963 3892 Mare
3005 3850 3221 3908 quoque
3265 3839 3587 3909 Asphaltum
3631 3855 3662 3894 a
3702 3840 3825 3910 qni-

2227 3924 2458 3981 busdam
2484 3927 2817 3982 nominatur.
2870 3927 3198 3983 Extenditur
3224 3930 3372 3984 enim
3400 3930 3454 3985 in
3487 3928 3826 4001 longitudine

2224 4028 2450 4076 centum
2470 4020 2827 4091 quadraginta
2853 4020 3118 4087 stadia,in
3140 4020 3823 4093 latitudinequadraginta.

2228 4109 2342 4166 Nec
2352 4120 2652 4203 propterea
2674 4125 2828 4167 mare
2851 4119 3105 4203 vocatum
3132 4121 3237 4178 est,
3264 4125 3332 4167 eo
3356 4113 3502 4183 quod
3528 4126 3684 4182 aqua
3702 4112 3825 4183 eius

2230 4202 2432 4259 amarae
2465 4203 2605 4270 sint;
2638 4212 2764 4259 sunt
2814 4203 2960 4259 enim
2995 4202 3184 4259 dulces
3221 4204 3293 4259 ad
3318 4204 3644 4273 potandum,
3668 4204 3825 4259 habi-

2229 4296 2415 4366 lesque
2462 4297 2530 4350 ad
2558 4294 2917 4367 piscantium:
2954 4296 3052 4352 sed
3100 4295 3303 4352 idioma
3346 4294 3588 4352 Hebraeae
3626 4295 3826 4366 linguae

2228 4396 2332 4453 est,
2363 4388 2813 4459 congregationes
2854 4400 3121 4459 aquarum
3145 4387 3421 4459 appellare
3446 4387 3645 4453 maria,
3670 4385 3825 4442 sicut

2212 4478 2494 4549 scriptum
2533 4486 2618 4534 est
2652 4478 2708 4533 in
2737 4478 2958 4535 Genesi.
2992 4499 3016 4533 ‹
3057 4478 3518 4552 Congregationes
3556 4492 3822 4549 aquarum

2212 4566 2520 4641 appellavit
2560 4570 2734 4625 maria
2760 4569 2916 4640 (Gen.
2944 4570 3009 4640 ιι).
3049 4588 3070 4623 ι
3099 4569 3491 4641 Spiritualitcr,
3530 4570 3639 4627 hoc
3673 4583 3824 4625 male

2216 4661 2546 4731 {navigerum
2590 4675 2829 4732 prasens
2875 4661 3151 4734 significat
3200 4661 3471 4729 mulum,
3498 4663 3666 4733 quod,
3691 4676 3823 4718 cou-

2229 4766 2474 4818 cussum,
2502 4752 2747 4823 quietum
2787 4768 3111 4824 permanere
3135 4768 3244 4810 non
3269 4761 3470 4825 potest.
3500 4752 3659 4810 Unde
3688 4752 3827 4809 bello

2230 4858 2387 4900 mare
2411 4844 2611 4900 dicitur
2650 4860 2684 4899 a
2731 4846 2983 4913 meando,
3011 4859 3078 4903 eo
3102 4846 3248 4918 quod
3281 4860 3499 4916 semper
3528 4844 3753 4903 accedat
3772 4853 3826 4900 et

2197 5000 2201 5005 η
2231 4936 2473 4992 recedat.
2529 4935 2684 4992 Sicut
2735 4937 2882 4993 enim
2926 4950 3079 4993 mare
3107 4937 3353 5009 quietum
3383 4946 3442 4993 et
3469 4935 3826 5007 tranquillum

2176 5092 2179 5095 ἤ
2230 5038 2383 5087 stare
2433 5043 2542 5084 non
2590 5027 2750 5097 valet,
2796 5030 2874 5085 sic
2920 5030 3157 5085 mundus
3204 5028 3722 5086 conturbationibus
3772 5034 3824 5084 et

2234 5121 2747 5178 tumultuationibus
2796 5130 3210 5188 cotumovetur;
3262 5132 3413 5178 nunc
3454 5120 3830 5193 prosperitati-

2234 5212 2340 5270 bus
2364 5213 2623 5279 elevatur,
2663 5227 2810 5269 nunc
2848 5212 3267 5270 adversitatibus
3296 5209 3583 5282 'dejicitur,
3629 5211 3826 5268 crescit

2186 5309 2191 5317 '
2233 5306 2533 5371 nascendo,
2555 5303 2820 5360 decrescit
2839 5304 3143 5361 moriendo.
3168 5303 3285 5359 Hoc
3308 5317 3439 5374 ergo
3463 5317 3622 5358 mare
3645 5301 3828 5357 Domi-

2234 5413 2340 5454 nus
2366 5396 2701 5468 pertransiit,
2745 5396 2986 5466 quando,
3033 5395 3259 5452 calcatis
3310 5392 3498 5450 mundi
3545 5392 3825 5457 ﬁuctibs,

2236 5491 2347 5546 iter
2369 5490 2495 5544 vita:
2519 5487 2755 5544 caelestis
2801 5487 2958 5544 nobis
2995 5487 3252 5543 ostendit.
3296 5485 3374 5543 De
3402 5484 3559 5555 cujus
3590 5484 3827 5539 transitu

2238 5581 2433 5637 Petrus
2469 5578 2745 5651 apostolus
2774 5580 2853 5634 ait
2899 5597 2914 5634 :
2966 5599 2986 5633 ι
3030 5579 3131 5647 Qui
3175 5578 3531 5650 pertransivit
3567 5578 3710 5634 bene
3740 5575 3823 5631 fa-

2236 5673 2456 5740 ciendo,
2487 5681 2542 5728 et
2570 5671 2809 5727 sanando
2838 5686 3027 5728 omnes
3066 5685 3353 5743 oppressos
3379 5686 3409 5725 a
3432 5670 3649 5728 diabolo
3682 5668 3822 5741 (Aet.

2239 5764 2323 5839 ι).
2367 5784 2387 5819 ι

528 5840 933 5922 inspiciamus)?
957 5847 1136 5927 Digito
1154 5850 1455 5915 scribamus
1475 5855 1533 5917 in
1551 5863 1720 5927 terra,
1752 5859 1808 5917 id
1832 5869 1916 5918 est
1929 5862 2125 5920 discri-
2150 5852 2177 5937 ἕ
2202 5880 2229 5947 ,ι
2322 5878 2343 5917 t
2386 5856 2455 5916 Et
2476 5857 2802 5930 sequebatur
2823 5870 2947 5915 cum
2968 5855 3257 5914 multitudo
3288 5868 3502 5928 magna,
3531 5856 3658 5928 quia
3679 5854 3827 5912 vide-1

2184 5974 2216 6001 θ’
2293 6002 2297 6007 .

2212 6016 2309 6087 ,Ἣ
