3994 6354
113 320 234 380 235

1387 325 1691 382 HOMILIIE
1733 326 1818 382 DE
1855 327 1941 381 TE
1950 326 2203 383 MPORE.

3334 335 3440 393 286

125 457 146 492 ι
194 441 349 497 bant
391 442 552 514 signa
591 457 711 513 quae
760 442 993 498 faciebat
1039 457 1206 514 super
1246 443 1330 498 bis
1361 445 1452 514 qui
1497 446 1738 500 infirma-
1769 451 1821 512 Α
1847 443 2196 513 pauperibus,
2229 452 2284 498 et
2313 444 2539 500 habebis
2573 445 2886 502 thesaurum
2919 445 2971 500 in
3006 445 3170 511 coelo,
3203 456 3257 502 et
3288 452 3436 518 veni,

123 554 145 586 α
193 534 447 591 bantur.
494 556 512 588 ι
546 536 888 606 Turbae‘quae
909 553 1032 592 eum
1051 548 1250 594 secutae
1275 547 1421 605 sunt,
1450 539 1745 599 electorum

118 626 394 682 Ecclesia
450 629 790 701 intelligitur,
842 645 910 686 ex
939 631 1191 686 omnibus
1218 632 1466 702 gentibus
1495 631 1741 686 collecta.

119 718 255 774 llaec
284 721 454 775 enim
506 721 793 776 Dominum
841 722 1082 792 quotidie
1116 723 1384 793 sequitur,
1409 738 1518 778 non
1554 737 1746 793 gressu

115 809 309 881 pedis,
340 812 450 867 sed
482 813 787 869 imitatione
816 813 1018 884 operis.
1056 813 1222 885 Sequi
1255 815 1402 871 enim
1434 816 1743 881 Dominum,

119 902 342 957 imitari
376 911 494 970 est,
543 906 685 961 sicut
724 907 839 977 ipse
863 907 995 962 dicit
1031 925 1046 961 :
1089 927 1109 961 ‹
1150 907 1253 976 Qui
1283 909 1419 964 mihi
1445 909 1740 976 ministrat,

119 1007 212 1048 me
243 1005 536 1064 sequatur
564 995 747 1068 (loan.
794 997 913 1070 xu).
956 1015 975 1050 ι
1010 998 1162 1056 Unde
1191 1009 1247 1056 et
1272 999 1327 1056 in
1352 1001 1470 1072 lege
1492 1001 1742 1072 prazcipi-

123 1091 257 1137 tur:
292 1101 314 1135 c
352 1083 498 1140 Post
541 1086 831 1143 Dominum
871 1089 1042 1145 Deum
1080 1099 1232 1145 tuum
1264 1091 1568 1148 ambulabis
1596 1091 1738 1162 (Leu.

116 1173 320 1245 xvur).
367 1195 389 1228 ι
432 1176 572 1232 Hinc
614 1194 714 1233 nos
747 1177 984 1236 Joannes
1019 1183 1296 1248 admonet,
1325 1183 1512 1238 dicens
1543 1201 1555 1237 :
1587 1203 1606 1235 ‹
1639 1183 1741 1252 Qui

119 1268 257 1322 dicit
295 1284 362 1324 se
402 1271 459 1324 in
483 1271 700 1327 Christo
730 1288 970 1339 manere,
999 1275 1157 1331 debet
1191 1277 1333 1332 sicut
1381 1276 1471 1331 ille
1500 1277 1742 1332 ambula-

117 1359 202 1413 vit
241 1370 302 1415 et
326 1361 456 1432 ipse
486 1363 762 1420 ambulare
793 1365 846 1436 (I
867 1366 1027 1420 Joan.
1053 1369 1134 1438 ιι).
1165 1387 1184 1420 ι
1217 1368 1449 1438 Reprobi
1476 1376 1655 1423 autem
1683 1367 1739 1423 in

120 1449 232 1504 hoc
269 1451 428 1506 mari
469 1455 625 1523 quasi
663 1456 841 1524 pisces
876 1457 1187 1524 volvuntur,
1212 1460 1324 1528 qui,
1367 1475 1397 1514 a
1431 1459 1740 1516 carnalibus

121 1541 433 1600 desideriis
457 1545 736 1615 implicati,
784 1547 932 1603 littus
974 1556 1190 1604 arternte
1237 1550 1363 1604 vitae
1397 1558 1616 1620 tangere
1647 1565 1742 1605 ne-

125 1648 422 1703 quaquam
472 1636 676 1691 valent.
729 1637 882 1694 Unde
926 1640 1065 1695 bene
1097 1655 1248 1695 mare
1271 1638 1504 1695 Galilazze
1535 1641 1738 1696 dictum

120 1733 231 1788 est,
267 1740 404 1795 quae
459 1736 577 1781 rota
621 1729 736 1784 sive
784 1729 1082 1784 volubilitas
1129 1732 1541 1801 interpretatur.
1583 1731 1738 1787 Sicut

1846 549 2074 603 sequere
2101 549 2206 589 me.
2255 553 2273 585 ›
2301 533 2408 589 Sed
2435 537 2559 605 quia
2584 536 2799 592 difﬁcile
2833 539 2925 607 qui
2961 538 3181 593 divitias
3211 539 3432 606 habent,

1845 624 2152 690 vclamant,
2176 626 2318 679 hunc
2340 633 2578 680 montem
2594 627 2912 692 ascendunt,
2943 648 2961 678 ‹
2987 629 3117 683 abiit
3149 627 3338 692 tristis,
3372 643 3438 685 eo

1845 719 1989 787 quod
2006 719 2156 773 dives
2182 726 2324 773 esset
2351 717 2523 772 valde.
2549 736 2566 769 ι
2593 718 2755 785 Quasi
2780 719 2980 775 Paulus
3001 736 3125 776 cum
3154 720 3436 790 discipulis

1846 810 1901 864 in
1930 809 2264 866 convallibus
2303 809 2638 876 morabatur,
2692 812 2906 880 quando
2943 813 3159 868 dicebat
3190 831 3202 867 :
3245 832 3263 864 ‹
3303 814 3434 885 Ego,

1843 901 2063 968 fratres,
2095 918 2200 957 non
2225 903 2376 973 potui
2397 902 2551 959 vobis
2576 903 2722 973 loqui
2752 913 3007 973 tanquam
3035 907 3431 975 spiritualibus,

1845 997 1941 1052 sed
1976 1006 2231 1066 tanquam
2286 997 2616 1074 carnalibus.
2648 997 2815 1064 Quasi
2862 999 3098 1068 parvulis
3148 1001 3232 1056 lac
3280 1003 3438 1056 vobis

1843 1100 2031 1161 potum
2069 1090 2212 1155 dedi,
2241 1105 2349 1144 non
2372 1105 2551 1145 escam
2581 1088 2634 1161 (Ι
2660 1089 2780 1145 Cor.
2815 1090 2922 1161 ιιι).
2957 1111 2974 1142 ›
3003 1093 3165 1159 Quasi
3198 1103 3433 1148 montem

1844 1184 2188 1248 ascenderat,
2230 1184 2448 1253 quando
2488 1183 2593 1238 illis
2630 1185 2890 1240 dicebat:
2928 1203 2946 1236 ‹
2990 1184 3320 1255 Sapientiam
3352 1187 3433 1243 lo-

1843 1272 2065 1339 quimur
2086 1272 2229 1326 inter
2253 1272 2526 1342 perfectos
2551 1273 2602 1344 (I
2626 1274 2749 1327 Cor.
2777 1274 2862 1345 ιι).
2898 1293 2915 1326 ι
2945 1274 3109 1342 Quasi
3141 1275 3193 1329 in
3225 1277 3438 1330 conval-

1840 1361 1984 1417 libus
2011 1363 2346 1428 morabatur,
2381 1364 2596 1432 quando
2624 1364 2806 1418 aiebat
2835 1382 2848 1417 :
2881 1383 2899 1415 ‹
2938 1363 3166 1434 Pmpter
3198 1363 3436 1422 fornica-

1841 1454 2048 1510 tionem
2098 1455 2465 1524 unusquisque
2507 1457 2780 1526 propriam
2815 1457 3048 1527 accipiat
3095 1472 3343 1524 uxorem,
3379 1467 3436 1514 et

1842 1564 2178 1619 unaquaeque
2205 1564 2342 1604 uxor
2371 1565 2527 1603 suum
2555 1549 2731 1604 virum
2777 1550 2974 1604 habeat
3005 1549 3057 1619 (Ι
3078 1550 3202 1604 Cor.
3242 1549 3362 1620 vn).
3405 1569 3424 1602 ι

1842 1640 2010 1708 Quasi
2035 1649 2276 1694 montem
2299 1641 2639 1705 ascenderat,
2669 1641 2796 1694 dum
2822 1640 3037 1695 dicebat
3070 1658 3082 1693 :
3115 1659 3132 1690 ι
3167 1640 3242 1694 De
3269 1640 3435 1710 virgi-

1842 1732 2004 1787 nibus
2035 1739 2215 1785 autem
2252 1739 2581 1800 praeceptum
2619 1730 2833 1785 Domini
2874 1746 2981 1785 non
3022 1731 3212 1792 habeo,
3253 1730 3432 1786 consi-

120 1818 271 1871 enim
323 1827 457 1874 rota
498 1821 714 1876 mobilis
767 1822 820 1875 in
869 1822 1072 1877 circulo
1101 1823 1353 1888 volvitur,
1390 1823 1485 1877 sed
1526 1824 1731 1878 nullum
1760 1809 1807 1869 Β
1837 1822 1968 1877 lium
1996 1829 2177 1876 autem
2215 1823 2302 1877 do.
2336 1822 2544 1877 Bonum
2601 1831 2685 1878 est
2733 1823 2838 1878 illis
2869 1823 2913 1877 si
2955 1823 3033 1877 sic
3076 1831 3433 1892 permaneant

119 1908 229 1962 iter
264 1911 514 1979 perﬁcit,
564 1913 643 1968 sic
689 1913 764 1968 illi
808 1914 899 1983 qui
948 1915 1005 1968 in
1033 1915 1220 1969 mundi
1262 1929 1475 1971 amores
1523 1916 1737 1974 radices

120 1999 310 2055 cordis
361 2002 766 2072 plantaverunt,
810 2020 934 2060 cum
987 2006 1097 2061 sint
1140 2006 1370 2062 mobiles
1395 2015 1451 2061 et
1484 2007 1734 2077 inquieti,

121 2097 317 2146 tamen
366 2092 475 2148 iter
521 2094 763 2150 caelestis
791 2095 915 2150 vitae
947 2095 1097 2151 nullo
1134 2098 1294 2152 modo
1331 2098 1619 2166 arripiunt.
1659 2097 1738 2155 De

117 2182 332 2251 quibus
385 2199 485 2254 per
523 2185 855 2255 Prophetam
887 2187 1087 2243 dicitur
1118 2205 1132 2241 :
1174 2207 1192 2239 ι
1229 2187 1288 2242 In
1324 2189 1556 2244 circuitu
1585 2189 1736 2259 impii

119 2274 423 2328 ambulant
449 2275 620 2345 (Psal.
651 2277 751 2346 xi).
782 2296 799 2328 ι
827 2276 936 2331 Nos
964 2287 1167 2342 autem,
1195 2279 1287 2347 qui
1312 2279 1403 2333 hic
1425 2289 1737 2336 manentem

119 2362 427 2417 civitatem
467 2377 572 2418 non
605 2365 889 2431 habemus,
929 2369 1022 2424 sed
1051 2368 1290 2424 futuram
1321 2378 1432 2424 toto
1463 2371 1736 2426 desiderio

123 2452 494 2524 inquirimus,
555 2455 744 2510 talium
783 2458 1028 2528 exempla
1068 2459 1448 2528 despicientes,
1482 2475 1604 2516 cum
1635 2463 1739 2516 Do-

127 2547 280 2601 mino
329 2561 486 2600 mare
520 2551 1017 2622 transnavigemus,
1050 2561 1105 2608 et
1147 2569 1211 2609 ea
1259 2570 1380 2624 quae
1429 2565 1576 2611 retro
1610 2565 1740 2612 sunt

130 2639 540 2706 obliviscentes,
589 2643 658 2696 ad
699 2657 765 2697 ea
803 2660 923 2714 quae
953 2654 1080 2700 ante
1111 2655 1238 2700 sunt
1273 2649 1502 2713 extenti,
1543 2663 1737 2703 secun-

132 2729 258 2782 dum
298 2730 643 2786 vocationem
676 2747 967 2801 sequamur
997 2749 1122 2789 eum
1153 2735 1220 2788 ad
1243 2737 1492 2790 bravium
1514 2745 1734 2794 acterna:

1842 1914 2140 1971 secundum
2182 1927 2362 1967 meum
2391 1913 2696 1969 consilium.
2729 1912 2864 1968 Volo
2900 1923 3081 1967 autem
3113 1928 3302 1968 omnes
3331 1914 3431 1968 ho-

1841 2006 2017 2060 mines
2072 2019 2196 2061 esse
2248 2006 2388 2060 sicut
2429 2014 2483 2059 et
2523 2021 2610 2060 me
2659 2003 2872 2076 (Ibid.).
2924 2025 2942 2056 ι
2986 2003 3103 2058 Non
3146 2004 3289 2058 enim
3323 2018 3431 2058 una

1839 2097 2140 2168 eademque
2193 2099 2440 2154 doctrina
2499 2097 2782 2168 aequaliter
2832 2096 3083 2152 omnibus
3137 2097 3430 2166 congruit,

1839 2190 1966 2258 quia
1997 2189 2155 2244 aliter
2177 2189 2502 2244 admonendi
2527 2197 2654 2244 sunt
2677 2203 2851 2258 nuper
2890 2186 3162 2251 conversi,
3186 2193 3243 2242 et
3269 2184 3430 2240 aliter

1837 2279 2066 2349 perfecti
2093 2296 2107 2344 ;
2142 2280 2302 2334 aliter
2345 2280 2643 2350 coniugati,
2673 2289 2728 2334 et
2758 2279 2917 2334 aliter
2947 2277 3188 2347 virgines
3214 2293 3228 2341 ;
3272 2275 3432 2331 aliter

1840 2371 2006 2438 casti,
2039 2380 2096 2426 ct
2124 2371 2283 2426 aliter
2316 2371 2580 2425 luxuriosi
2605 2386 2620 2434 ;
2652 2371 2811 2424 aliter
2833 2369 3054 2433 ebriosi,
3083 2376 3137 2424 et
3164 2367 3323 2422 aliter
3349 2382 3431 2422 so-

1838 2463 1942 2518 brii
1972 2480 1986 2528 ;
2018 2463 2175 2518 aliter
2210 2463 2451 2533 superbi,
2477 2469 2533 2518 et
2563 2462 2719 2517 aliter
2746 2461 2978 2516 humiles
3006 2477 3021 2525 ;
3059 2459 3216 2514 aliter
3246 2459 3422 2514 aliena

1837 2555 2135 2622 rapientes,
2189 2563 2247 2608 et
2298 2553 2454 2626 aliter
2503 2569 2595 2609 sua
2642 2553 3051 2608 distribuentes.
3099 2549 3428 2619 Plerumque

1835 2660 1966 2700 vero
1995 2646 2276 2700 medicinae
2295 2645 2597 2700 antidotum
2619 2660 2786 2699 unum
2815 2644 3065 2698 morbum
3087 2650 3264 2706 curat,
3287 2642 3425 2698 alte—

1835 2751 1954 2789 rum
1978 2735 2302 2790 accumulat.
2351 2734 2418 2788 Et
2460 2734 2637 2803 panis,
2672 2749 2796 2788 cum
2828 2733 3052 2788 fortium
3079 2732 3244 2785 vitam
3268 2731 3429 2786 robo-

137 2821 614 2887 rcmunerationis,
661 2832 930 2892 quatenus
959 2839 1081 2878 cum
1108 2825 1210 2880 hac
1236 2826 1394 2881 turba
1423 2827 1732 2896 specialiter
1828 2835 1934 2892 ret,
1965 2826 2312 2895 parvulorum
2354 2835 2534 2880 necat.
2584 2825 2651 2879 Et
2690 2840 2980 2892 venenum,
3026 2840 3150 2880 cum
3189 2824 3297 2880 vita
3351 2823 3422 2879 sit

138 2911 204 2963 ab
234 2911 329 2966 illo
356 2911 570 2977 instrui,
605 2913 788 2968 curari
811 2924 866 2969 et
895 2915 1044 2970 refici
1075 2915 1374 2971 valeamus.

1831 2919 2120 2988 serpentis,
2153 2933 2303 2973 mors
2328 2926 2412 2974 est
2445 2919 2701 2974 hominis.
2741 2918 2868 2975 Hch
2896 2935 3025 2992 ergo
3058 2927 3143 2974 est
3170 2919 3427 2974 discretio

216 3017 234 3052 ι
281 2999 465 3057 Subiit
511 3018 642 3075 ergo
688 3005 742 3058 in
781 3014 1022 3061 montem
1062 3004 1242 3072 Jcsus,
1287 3015 1342 3062 et
1397 3008 1468 3064 ibi
1509 3008 1732 3067 sedebat
1831 3008 1885 3062 in
1916 3009 2300 3078 praedicatione
2339 3008 2701 3075 observanda,
2741 3018 2801 3064 ut
2837 3026 2975 3080 quos
3010 3010 3209 3064 viderit
3235 3009 3426 3065 doctor

145 3109 165 3142 ι
213 3107 338 3147 cum
392 3094 673 3164 discipulis
719 3097 852 3152 suis.
899 3118 918 3151 ι
956 3098 1109 3154 Mons
1141 3100 1196 3153 in
1245 3115 1404 3170 quem
1442 3102 1724 3170 Dominus,

1831 3097 2169 3168 spiritualem
2219 3097 2631 3166 intelligentiam
2667 3113 2862 3167 capere
2903 3115 3011 3154 non
3052 3113 3234 3168 posse,
3265 3095 3424 3165 juxta

147 3185 548 3255 transnavigato
572 3187 939 3254 mari,snbiit,
957 3189 1156 3244 celum
1189 3169 1478 3260 significat,
1505 3191 1560 3246 in
1583 3169 1728 3262 quod
1754 3169 1799 3233 (ἶ
1831 3191 2067 3247 litteram
2093 3192 2300 3254 doceat,
2346 3205 2449 3246 nec
2481 3199 2701 3260 propter
2726 3205 2820 3247 eos
2849 3200 3028 3246 tamen
3058 3191 3416 3260 perfectiores

146 3280 428 3342 postquam
469 3291 568 3344 per
618 3277 950 3347 triumphum
987 3289 1188 3335 sancta:
1213 3282 1414 3347 crucis,
1449 3281 1730 3339 frementis

157 3365 340 3418 mundi
377 3365 623 3424 ﬂuctibus
662 3370 908 3436 calcatis,
941 3371 1117 3427 victor
1145 3374 1412 3428 ascendit.
1447 3374 1601 3440 Quod
1634 3389 1731 3428 au—

157 3462 265 3508 tem
294 3456 370 3511 ibl
419 3474 540 3513 cum
581 3459 856 3531 discipulis
895 3465 1142 3531 sedebat,
1184 3465 1419 3520 ostendit
1455 3467 1603 3536 quia,
1635 3466 1729 3522 ubi

149 3551 420 3618 praecessit
465 3564 646 3623 caput,
678 3565 928 3612 secutura
988 3567 1144 3612 erant
1183 3568 1238 3613 et
1285 3559 1560 3623 membra,
1589 3559 1732 3614 sicut

153 3641 262 3711 ipse
284 3643 360 3698 ait
380 3644 433 3698 in
456 3645 746 3718 Evangelio
771 3667 784 3701 :
817 3666 837 3700 ι
860 3648 1011 3715 Volo,
1036 3649 1219 3717 Pater,
1245 3658 1324 3716 ut,
1355 3651 1442 3705 ubi
1465 3666 1566 3722 ego
1585 3667 1726 3717 sum,

152 3732 217 3787 ibi
243 3735 315 3788 sit
341 3745 395 3791 et
433 3738 682 3794 minister
727 3755 882 3794 meus
923 3741 1103 3811 (Joan.
1154 3740 1277 3811 xu).
1327 3759 1345 3792 ι
1377 3741 1447 3796 Ει
1477 3741 1676 3796 iterum
1710 3758 1724 3795 :

159 3840 175 3873 ι
211 3824 307 3881 Ubi
335 3825 499 3883 fuerit
546 3843 767 3900 corpus,
808 3830 918 3887 illic
951 3832 1422 3903 congregabuntur
1450 3840 1507 3887 et
1535 3831 1728 3901 aquilae

153 3914 292 3981 (Luc.
323 3918 482 3989 xvn).
538 3940 556 3973 ι
600 3921 795 3988 Aliter,
827 3938 925 3993 per
971 3925 1116 3979 hunc
1167 3933 1406 3980 montem
1448 3925 1729 3981 sublimior

156 4000 388 4058 doctrina
414 4005 753 4076 intelligitur.
786 4007 1048 4064 Dominus
1071 4009 1127 4063 in
1159 4018 1366 4074 monte,
1389 4011 1613 4065 verbum
1645 4017 1728 4064 est

154 4095 201 4148 in
222 4097 365 4165 alto;
399 4100 491 4170 qui
527 4115 657 4170 ergo
707 4099 1077 4157 sublimiorem
1113 4101 1416 4157 doctrinam
1439 4101 1554 4156 vult
1577 4102 1725 4180 apci-

155 4201 282 4255 pere,
314 4205 414 4245 cor
435 4191 504 4244 de
528 4199 674 4246 terra
697 4192 763 4246 ad
787 4193 984 4247 celum
1012 4193 1205 4258 elevet,
1236 4193 1290 4249 id
1319 4201 1405 4248 est
1443 4193 1508 4248 de
1533 4207 1722 4248 amore

155 4282 322 4337 mundi
361 4290 602 4338 transeat
629 4285 698 4339 ad
722 4300 962 4341 amorem
1003 4287 1121 4343 Dei.
1155 4285 1365 4342 Turbas
1388 4303 1518 4358 ergo
1547 4287 1728 4342 Domi-

157 4386 241 4426 nus
282 4374 340 4428 in
382 4375 714 4432 convallibus
766 4378 946 4443 docet,
991 4386 1148 4433 curat
1193 4387 1251 4433 et
1288 4378 1489 4444 reficit,
1516 4387 1724 4432 etcum

154 4461 412 4533 discipulis
454 4466 512 4520 in
566 4475 805 4522 montem
851 4468 1114 4533 ascendit,
1181 4475 1244 4521 ut
1301 4466 1554 4522 ostendat
1594 4467 1719 4536 quia

149 4548 284 4617 juxta
315 4557 670 4626 capacitatem
719 4557 1028 4615 auditorum
1081 4558 1400 4614 formandus
1427 4567 1512 4615 est
1540 4573 1722 4615 sermo

156 4641 200 4696 in
223 4647 600 4715 pmdicatioue
641 4651 948 4706 doctorum.
996 4649 1112 4706 Non
1161 4651 1308 4706 enim
1345 4659 1566 4722 propter
1599 4667 1723 4722 per-

158 4730 304 4792 lectos
335 4738 620 4795 deserendi
661 4748 786 4795 sunt
832 4741 1051 4804 infirmi,
1089 4741 1187 4795 sed
1231 4741 1412 4811 potius
1455 4757 1577 4796 cum
1616 4741 1722 4798 illis

160 4823 402 4884 tolerandi
432 4837 487 4885 et
534 4831 860 4903 corrigendi.
905 4830 1071 4898 Quasi
1124 4846 1245 4886 cum
1273 4832 1508 4901 quodam
1541 4831 1722 4887 Domi-

157 4929 240 4975 nus
262 4921 319 4976 in
342 4923 678 4980 convallibus
712 4925 1048 4990 morabatur,
1069 4923 1286 4995 quando
1328 4923 1407 4978 illi
1431 4924 1716 4994 quaerenti,

157 5007 272 5074 Quid
296 5012 543 5070 faciendo
582 5016 752 5070 vitam
785 5023 1043 5071 aeternam
1080 5014 1403 5085 possidebo?
1441 5014 1720 5086 respondit

159 5103 286 5172 (Luc.
323 5108 438 5180 xtx)
469 5127 484 5163 :
518 5129 536 5162 ί
561 5109 618 5165 Si
648 5110 732 5166 vis
767 5111 1008 5166 invenire
1030 5109 1216 5175 vitam,
1241 5123 1398 5163 serva
1425 5110 1717 5164 mandata:

161 5193 256 5254 Non
281 5201 525 5268 occides,
560 5217 670 5257 non
723 5204 1106 5269 moechaberis,
1135 5218 1242 5258 non
1282 5201 1486 5256 furtum
1530 5202 1718 5270 facies,

162 5305 247 5346 non
275 5295 624 5363 adulterabis,
673 5312 781 5353 non
817 5298 1169 5368 concupisces
1207 5313 1322 5352 rem
1356 5297 1592 5367 proximi
1620 5297 1719 5366 tui,

163 5381 342 5441 honora
369 5397 579 5459 patrem
603 5399 656 5445 et
682 5397 929 5444 matrem.
968 5411 986 5444 ›
1029 5391 1094 5444 Ει
1129 5391 1203 5444 illi
1231 5390 1549 5446 sublimiora
1571 5405 1720 5460 quaa-

161 5482 304 5548 renti,
335 5491 389 5539 et
411 5483 610 5539 dicenti
646 5501 657 5537 :
699 5502 717 5536 ι
776 5482 901 5538 Haec
943 5483 1126 5537 omnia
1171 5483 1434 5538 custodivi
1467 5498 1495 5536 a
1523 5482 1718 5552 juven-

162 5578 255 5629 tute
284 5588 424 5642 mea,
462 5595 482 5629 ι
508 5576 758 5648 protinus
796 5585 1030 5630 montem
1059 5574 1408 5643 perfectionis
1439 5573 1511 5627 illi
1539 5581 1722 5629 osten-

163 5663 245 5734 (lit,
268 5669 492 5725 dicens:
536 5687 555 5720 ι
607 5669 797 5725 Adhuc
827 5668 921 5723 tibi
970 5681 1133 5721 unum
1163 5666 1334 5721 deest.
1381 5665 1439 5721 Si
1479 5667 1560 5721 vis
1599 5683 1723 5738 per-

161 5753 314 5822 lectus
337 5777 484 5834 esse,
529 5762 667 5820 vade
709 5769 767 5820 et
803 5760 975 5818 vende
1000 5758 1180 5816 omnia
1211 5772 1331 5830 qua:
1354 5756 1538 5821 babes,
1569 5767 1624 5815 et
1653 5761 1720 5818 da

1745 4525 1800 4587 D

1832 3283 2120 3350 relinquat.
2155 3281 2307 3346 Quod
2336 3282 2583 3351 exemplo
2607 3297 2706 3337 suo
2739 3282 2900 3336 nobis
2922 3281 3088 3337 Jacob
3112 3281 3424 3353 patriarcha

1831 3373 2088 3440 ostendit,
2107 3373 2222 3442 qui,
2246 3389 2369 3427 cum
2392 3388 2520 3428 oves
2548 3371 2729 3428 Laban
2755 3372 3006 3426 avunculi
3041 3373 3122 3427 sui
3150 3380 3421 3441 pasceret,

1830 3474 1886 3519 et
1919 3463 2066 3518 varia
2095 3478 2323 3532 quaeque
2343 3477 2442 3532 pro
2465 3463 2716 3517 mercede
2757 3447 3051 3532 acciperet,
3080 3462 3205 3516 tulit
3239 3462 3424 3531 virgas

1830 3553 2109 3625 populeas,
2160 3562 2218 3609 et
2262 3553 2652 3624 amygdalinas,
2685 3567 2820 3622 quas
2845 3569 2911 3608 ex
2939 3560 3094 3622 parte
3121 3551 3424 3608 decortica-

1830 3647 1924 3710 vit,
1976 3653 2032 3701 et
2074 3661 2139 3700 ex
2182 3653 2336 3716 parte
2373 3660 2495 3700 cum
2527 3645 2822 3700 corticibus
2874 3643 3114 3714 reliquit,
3146 3651 3204 3699 et
3242 3643 3424 3713 posuit

1829 3753 1922 3794 eas
1948 3736 2003 3792 in
2032 3736 2334 3802 canalibus,
2379 3743 2441 3791 ut
2470 3737 2526 3790 in
2562 3743 2785 3805 aspectu
2821 3735 3034 3791 illarum
3083 3751 3212 3794 oves
3239 3737 3422 3792 varios

1831 3829 1994 3884 foetus
2043 3827 2388 3898 conciperent
2432 3825 2586 3898 (Gen.
2631 3829 2786 3899 xxx).
2837 3826 2973 3894 Quid
3021 3827 3189 3884 Jacob
3233 3835 3424 3897 pastor

1827 3921 2034 3986 ovium,
2063 3920 2168 3975 nisi
2199 3928 2473 3990 pastorem
2494 3918 2750 3974 Ecclesia:
2770 3919 3074 3990 significat?
3103 3919 3242 3986 Quid
3265 3933 3417 3984 oves,

1829 4011 1934 4065 nisi
1983 4010 2169 4066 ﬁdeles
2217 4009 2531 4066 auditores?
2567 4009 2724 4065 Unde
2768 4009 2945 4079 primo
2976 4010 3184 4079 pastori
3213 4010 3423 4065 dictum

1827 4108 1912 4156 est
1945 4119 1958 4154 :
1997 4119 2014 4152 ι
2047 4099 2105 4154 Si
2135 4098 2314 4169 diligis
2343 4114 2452 4163 me,
2482 4113 2648 4169 pasce
2674 4113 2805 4154 oves
2832 4113 2982 4154 meas
3011 4097 3194 4169 (Joan.
3223 4102 3362 4170 xxx).
3393 4118 3415 4152 ο

1827 4190 1981 4260 Aqua
2012 4205 2143 4244 vero
2166 4187 2506 4258 Scripturam
2548 4203 2760 4244 sacram
2799 4189 3070 4260 designat,
3098 4189 3164 4244 de
3188 4204 3294 4259 qua
3322 4203 3422 4259 per

1829 4283 2173 4338 Salomonem
2195 4281 2432 4337 dicitur:
2467 4301 2486 4332 ί
2520 4282 2673 4351 Aqua
2703 4281 2968 4353 profunda
2998 4297 3182 4338 sermo
3219 4298 3287 4338 ex
3322 4297 3418 4338 ore

1825 4375 1951 4439 viri,
2003 4383 2058 4430 et
2107 4383 2318 4429 torrens
2365 4373 2676 4431 redundans
2720 4374 2844 4431 fons
2894 4376 3177 4444 sapientia:
3221 4372 3408 4444 (Prov.

1827 4465 2006 4536 xvm).
2049 4486 2068 4519 ι
2105 4465 2282 4537 Virgae
2308 4475 2510 4533 autem,
2530 4465 2774 4535 ejusdem
2800 4467 3101 4537 Scriptura:
3131 4465 3416 4520 sententia

1827 4566 1972 4624 sunt,
1996 4574 2118 4624 quae
2154 4573 2218 4615 ex
2269 4565 2430 4627 parte
2465 4566 2590 4615 sunt
2622 4557 3040 4620 decorticandae,
3066 4563 3121 4609 et
3161 4571 3228 4609 ex
3262 4561 3419 4623 parte

1827 4669 1950 4708 cum
1979 4652 2273 4708 corticibus
2303 4651 2687 4721 relinquendae,
2723 4658 2782 4704 ut
2831 4645 3188 4717 perfectiores
3215 4645 3416 4717 allego-

1826 4749 1940 4803 rice
1969 4747 2327 4808 instruantur,
2380 4743 2561 4798 minus
2585 4755 2812 4813 capaces
2839 4739 2994 4810 juxta
3031 4737 3268 4795 litteram
3294 4754 3417 4795 eru-

1826 4837 2063 4892 diantur.

1902 4949 1922 4982 ‹
1957 4929 2089 4983 Erat
2117 4936 2297 4984 autem
2332 4927 2639 4999 proximum
2664 4924 2874 4980 Pascha
2895 4964 2910 4991 ,
2949 4923 3066 4979 dies
3106 4922 3276 4979 festus
3323 4921 3417 4978 Ju-

1835 5037 1856 5071 (
1889 5019 2147 5075 decorum.
2179 5037 2199 5072 ι
2224 5018 2374 5086 Νοιι,
2395 5025 2457 5073 ιιι
2485 5017 2704 5087 quidam
2733 5023 2953 5085 putant,
2985 5013 3193 5070 Pascha
3225 5030 3254 5068 a
3290 5029 3416 5083 pas-

1831 5114 2002 5180 sione,
2026 5113 2121 5168 sed
2144 5129 2171 5167 a
2197 5112 2447 5177 transitu,
2477 5118 2560 5165 est
2580 5109 2802 5164 dictum.
2823 5108 2902 5162 Ex
2930 5123 2994 5162 eo
3016 5122 3146 5162 vero
3172 5117 3416 5176 tempore

1831 5219 1940 5274 quo
1977 5204 2260 5271 Dominus,
2288 5218 2384 5274 per
2420 5201 2710 5274 .Egyptum
2740 5201 3028 5265 transiens,
3059 5198 3414 5269 primogenita

1832 5294 2205 5367 IEgyptiorum
2236 5293 2532 5365 percussit,
2561 5300 2616 5348 et
2649 5291 2788 5347 filios
2815 5290 2982 5346 lsrael
3002 5289 3272 5353 liberavit,
3305 5287 3410 5342 Pa-

1832 5385 1962 5442 scha
2004 5386 2215 5456 iussum
2259 5391 2344 5440 est
2389 5383 2684 5449 celebrari,
2737 5381 2878 5451 quod
2923 5380 3188 5436 Hebraice
3218 5378 3412 5448 phase,

1825 5477 2019 5534 Latine
2058 5477 2310 5531 transitus
2341 5476 2557 5531 dicitur.
2588 5475 2842 5530 Dicturus
2870 5473 3195 5544 evangelista
3231 5467 3416 5523 Domi-

1826 5585 1956 5625 num
1996 5585 2066 5624 ex
2107 5569 2348 5639 quinque
2382 5567 2610 5637 panibus
2638 5567 2878 5636 quinque
2923 5563 3088 5618 millia
3131 5558 3413 5615 hominum

1825 5664 2081 5725 satiasse,
2123 5660 2424 5731 praemisit:
2456 5679 2474 5712 ς
2518 5659 2651 5716 Erat
2685 5658 2987 5729 proximum
3020 5651 3250 5715 Pascha,
3289 5649 3408 5706 dies

1826 5758 1995 5814 festus
2023 5754 2354 5823 Judaaorum,
2389 5771 2408 5807 ι
2435 5762 2498 5811 ιιι
2525 5751 2886 5826 intelligamus
2921 5745 3047 5819 quia
3102 5753 3230 5802 tunc
3257 5742 3326 5802 ab
3345 5755 3416 5808 to
