3994 6354
579 356 684 419 287

579 471 1240 550 spiritualiterpascimur,
1257 467 1472 538 quando
1496 465 1781 519 transitum
1805 460 2162 522 celebramus,
2191 459 2242 523 Α
2271 455 2418 518 dum,
2464 455 2588 522 quia
2635 453 2738 506 alia
2782 460 2866 507 est
2912 453 3139 506 tentatio
3183 448 3418 513 diaboli,
3447 463 3560 550 qua
3601 447 3875 505 hominem

582 570 634 624 id
680 577 765 622 est
811 564 1023 636 quando
1069 563 1135 616 de
1178 561 1324 614 vitiis
1378 557 1444 610 ad
1499 557 1726 609 virtutes
1771 561 1826 608 et
1866 553 1933 606 de
1979 564 2164 604 amore

580 661 764 716 mundi
794 659 857 712 ad
887 671 1124 711 amorem
1158 653 1453 707 transimus
1479 649 1594 704 Dei.

657 770 677 803 ι
711 752 841 805 Cum
889 749 1225 803 sublevasset
1257 757 1386 814 ergo
1412 741 1570 796 Jcsus
1614 739 1798 794 oculos
1817 780 1832 805 ,
1860 746 1915 791 et
1943 736 2167 791 vidisset

586 861 605 893 ‹
643 843 768 910 quia
799 839 1086 894 multitudo
1112 837 1349 891 maxima
1374 833 1522 888 venit
1552 833 1617 886 ad
1653 847 1796 886 eum.
1829 850 1846 880 ι
1882 828 2034 883 Oculi
2064 827 2167 881 Do-

580 937 708 991 mini
740 936 794 989 in
828 934 1125 1004 Scripturis
1163 931 1428 1001 duplicem
1458 931 1658 983 habent
1692 925 2164 996 signiﬁcationem.

579 1029 884 1098 Aliquando
905 1028 1051 1082 enitn
1080 1026 1221 1080 dona
1253 1024 1488 1093 Spiritus
1511 1019 1681 1075 sancti
1713 1015 2168 1088 signiﬁcant,’ali—

578 1120 796 1189 quando
830 1125 1135 1185 respectum
1175 1111 1556 1168 miserationis.
1591 1109 1738 1163 Dona
1781 1107 2014 1177 Spiritus
2043 1121 2168 1159 san-

579 1211 670 1273 cti,
696 1211 834 1263 sicut
865 1209 919 1262 in
943 1207 1208 1262 Zacharia
1242 1205 1435 1274 legitur
1461 1221 1472 1256 :
1504 1221 1521 1252 (
1551 1203 1608 1255 lu
1637 1201 1810 1270 lapide
1834 1215 1940 1253 uno
1961 1207 2167 1268 septem

577 1303 717 1359 oculi
751 1311 876 1356 sunt
919 1299 1106 1372 (Zach.
1145 1298 1250 1369 ιιι).
1291 1316 1307 1348 ι
1345 1297 1408 1350 Et
1438 1294 1674 1348 Joannes
1711 1290 2114 1360 in'Apocalypsi
2148 1304 2163 1341 :

581 1414 602 1448 ι
642 1396 706 1448 Ει
734 1394 863 1457 vidi,
897 1399 952 1446 et
976 1406 1103 1445 ecce
1136 1391 1188 1443 in
1213 1388 1390 1442 medio
1417 1385 1598 1440 throni
1626 1394 1681 1439 et
1707 1392 1936 1452 quatuor
1963 1381 2168 1434 anima-

579 1491 731 1552 lium,
754 1497 808 1542 et
837 1487 889 1540 iu
915 1485 1091 1539 medio
1120 1483 1392 1537 seniorum
1415 1494 1613 1549 agnum
1644 1485 1876 1530 stantem
1907 1483 2165 1543 tanquam

578 1583 848 1643 occisum,
897 1579 1180 1633 habentem
1227 1590 1426 1629 cornua
1476 1580 1702 1641 septem,
1752 1578 1807 1623 et
1849 1568 2033 1623 oculos
2083 1581 2168 1621 se-

578 1685 746 1744 ptem,
780 1672 869 1742 qui
897 1679 1023 1725 sunt
1054 1677 1257 1738 septem
1285 1667 1510 1736 spiritus
1540 1666 1656 1728 Dei,
1682 1663 1830 1718 missi
1861 1663 1914 1715 in
1950 1675 2166 1714 omnem

582 1773 778 1817 terram
816 1761 998 1831 (Apoc.
1025 1760 1100 1830 v).
1135 1779 1152 1809 ι
1181 1758 1504 1826 Respectum
1536 1752 1918 1814 miserationis,
1947 1751 2086 1803 sicut
2111 1748 2164 1801 in

2268 556 2440 602 tentat
2487 555 2540 600 ut
2576 547 2799 614 perdat,
2841 554 2895 600 et
2925 545 3033 598 alia
3063 545 3189 607 Dei,
3235 558 3341 611 qua
3379 542 3684 595 hominem
3723 550 3874 596 tentat

2266 649 2326 694 ut
2358 639 2572 710 probet.
2603 639 2760 706 Quod
2810 637 3001 692 melius
3038 636 3437 705 cognoscimus,
3465 633 3508 688 si
3548 634 3873 688 earumdem

2267 735 2624 790 tentationum
2671 731 2860 786 modos
2899 731 3152 785 subtilius
3189 727 3720 794 discutiamus.__Est
3747 729 3869 781 enim

2267 827 2496 881 tentatio
2528 823 2750 887 diaboli,
2782 838 2889 893 qua
2921 822 3194 877 hominem
3224 828 3397 876 tentat
3434 828 3491 873 ut
3540 819 3793 890 perdat;
3821 820 3870 872 de

2268 934 2372 986 qua
2399 916 2620 971 liberari
2645 914 2947 986 cupientes,
2973 914 3025 967 in
3051 912 3299 968 oratione
3319 911 3568 982 quotidie
3602 909 3864 964 dicimus:

2275 1029 2294 1060 ε
2326 1010 2394 1064 Et
2423 1024 2490 1062 ne
2517 1022 2615 1062 nos
2637 1007 2861 1060 inducas
2885 1006 2940 1060 in
2963 1005 3315 1060 tentationem
3342 1001 3564 1074 (Matth.
3601 1001 3713 1070 vi).
3747 1019 3765 1052 ι
3791 1000 3868 1054 Est

2269 1108 2448 1154 autem
2494 1107 2550 1152 et
2579 1097 2685 1151 alia
2712 1139 2727 1163 ,
2774 1111 2894 1166 quae
2923 1111 2991 1150 ex
3034 1094 3324 1165 fragilitate
3367 1093 3451 1148 vel
3505 1090 3864 1146 delectatione

2269 1190 2449 1245 carnis
2475 1189 2673 1254 oritur,
2701 1188 2769 1242 de
2807 1203 2912 1256 qua
2939 1186 3172 1242 Jacobus
3203 1186 3334 1240 dicit
3363 1201 3377 1238 :
3415 1202 3433 1235 ι
3471 1183 3763 1239 Tentatur
3783 1184 3862 1235 ali-

2268 1283 2418 1352 quis,
2466 1299 2498 1336 a
2549 1281 2984 1352 concupiscentia
3035 1295 3131 1333 sua
3177 1277 3508 1342 abstractus,
3557 1276 3781 1330 solutus
3820 1285 3863 1330 et

2269 1375 2479 1428 illectus
2509 1372 2649 1444 (Jac.
2677 1373 2739 1442 ι).
2777 1393 2796 1424 ι
2829 1373 2898 1426 Et
2919 1370 3209 1441 Apostolus
3243 1389 3255 1424 :
3291 1389 3308 1421 ι
3341 1369 3606 1422 Tentatio
3646 1383 3746 1421 vos
3773 1383 3859 1421 non

2268 1463 2659 1534 apprehendat,
2690 1463 2793 1516 nisi
2824 1463 3058 1516 humana
3091 1461 3140 1531 (Ι
3173 1461 3295 1515 Cor.
3327 1461 3406 1531 χ).
3439 1481 3456 1512 ι
3497 1459 3601 1514 Est
3629 1461 3794 1515 etiam
3817 1467 3858 1513 et

2269 1555 2394 1618 alia,
2422 1571 2526 1624 qua
2571 1554 2714 1609 Deus
2747 1555 3021 1608 hominem
3070 1562 3242 1607 tentat
3272 1563 3329 1606 ut
3369 1554 3614 1623 probet;
3670 1554 3738 1608 de
3775 1568 3854 1620 qua

2267 1661 2366 1716 per
2394 1647 2612 1717 Moysen
2643 1647 2903 1701 lsraelitis
2929 1647 3126 1700 dicitur
3159 1660 3174 1698 :
3212 1665 3229 1695 ι
3262 1645 3458 1699 Tentat
3485 1659 3590 1698 vos
3613 1644 3851 1697 Dominus

2271 1737 2414 1792 Deus
2443 1748 2640 1802 vester,
2676 1746 2736 1791 ut
2767 1738 2902 1791 sciat
2927 1737 2970 1790 si
3001 1737 3235 1806 diligatis
3257 1750 3403 1801 eum,
3441 1752 3513 1789 an
3547 1753 3661 1789 non
3696 1735 3847 1806 (Deut.

578 1855 792 1909 Psalmo
824 1823 1071 1923 legitur;
1108 1871 1126 1902 ι
1155 1823 1308 1907 Oculi
1334 1848 1543 1903 Domini
1588 1844 1946 1916 superjustos
1987 1840 2163 1913 (Psal.
2193 1823 2240 1883 Β
2269 1829 2412 1923 ΜΠ)-
2456 1829 2573 1923 ἈΕί
2623 1844 2722 1896 νει·
2758 1829 3062 1923 (Ιᾉυθιιξάθηι-
3091 1827 3385 1896 εθβίεηῑοηι
3485 1846 3506 1877 ⁸
3731 1827 3851 1923 “Sull

580 1944 765 2014 xxxv).
797 1963 814 1996 ι
847 1943 913 1996 Et
960 1943 1155 1996 iterum
1181 1982 1194 2004 ,
1242 1959 1259 1991 ι
1300 1940 1376 1993 De
1418 1937 1558 1992 etelo
1601 1935 1838 2004 respexit
1884 1933 2166 1993 Dominus,

575 2038 711 2092 vidit
753 2050 941 2091 omnes
988 2035 1126 2089 ﬁlios
1163 2033 1443 2089 hominum
1488 2028 1660 2093 (Psal.
1708 2027 1907 2095 xxxii).
1945 2046 1964 2078 ›
2001 2025 2168 2091 Cujus

577 2129 721 2182 enim
746 2127 916 2181 oculis
945 2126 1085 2180 nuda
1115 2134 1170 2179 et
1197 2134 1379 2193 aperta
1409 2130 1533 2176 sunt
1565 2119 1777 2183 omnia,
1809 2127 1939 2171 tunc
1960 2131 2060 2170 nos
2093 2115 2170 2167 vi-

577 2219 710 2272 dere
754 2219 973 2281 dicitur,
1002 2217 1218 2285 quando
1264 2215 1417 2269 nobis
1465 2215 1603 2267 dona
1652 2227 1762 2267 suae
1804 2209 2168 2265 miserationis

579 2309 790 2373 tribuit,
825 2307 909 2362 vel
959 2323 989 2360 a
1037 2322 1292 2376 pressura
1343 2303 1706 2359 tribulationis
1753 2301 1978 2363 liberat,
2030 2299 2170 2354 sicut

577 2399 744 2470 lloysi
777 2401 906 2454 dicit
937 2419 948 2453 :
986 2418 1004 2450 ι
1043 2399 1244 2454 Videtis
1280 2399 1389 2452 vidi
1440 2396 1781 2450 aﬁlictionem
1825 2394 2005 2464 populi
2037 2393 2166 2456 mei,
2218 2439 2223 2442 _

574 2492 666 2559 qui
693 2492 850 2546 estin
882 2483 1139 2562 Egypto,
1168 2499 1222 2544 et
1251 2490 1508 2560 gemitum
1535 2504 1721 2542 eorum
1749 2487 1956 2550 audivi,
1989 2495 2042 2540 et
2070 2486 2164 2540 de-

576 2581 760 2635 scendi
795 2581 1025 2636 liberare
1071 2598 1194 2636 eum
1221 2581 1418 2651 (Exod.
1446 2580 1550 2651 ιιι).
1589 2600 1608 2632 ι
1639 2581 1694 2634 ln
1739 2581 1843 2634 hoc
1887 2595 2017 2648 ergo
2050 2579 2168 2633 loco

575 2671 874 2726 sublevatio
919 2673 1201 2727 oculorum
1229 2672 1440 2725 Domini
1471 2682 1774 2740 respectum
1804 2670 2169 2724 miserationis

575 2762 863 2830 significat,
892 2763 1018 2832 quia
1055 2763 1258 2824 turbas,
1289 2777 1424 2830 quas
1455 2771 1638 2831 postea
1669 2761 1847 2830 pavit,
1878 2761 2028 2830 prius
2061 2759 2166 2812 mi-

576 2853 925 2907 sericorditer
951 2853 1204 2924 inspexit.
1243 2851 1340 2906 His
1381 2853 1526 2905 enim
1567 2850 1736 2904 oculis
1767 2849 2026 2904 Dominus
2063 2848 2166 2902 Pe-

575 2951 722 2996 trutn
771 2943 1026 3012 respexit,
1075 2941 1292 3010 quando
1321 2957 1573 3009 egressus
1622 2939 1770 2994 foras
1813 2953 1997 2993 amare
2022 2938 2168 2993 ﬂevit

577 3030 794 3102 (Matth.
826 3034 997 3103 xxw).
1035 3051 1054 3083 ι
1087 3033 1227 3087 Dicit
1262 3034 1329 3088 ad
1359 3033 1662 3101 Philippum
1699 3048 1714 3086 :
1750 3030 1902 3086 Unde
1926 3045 2168 3085 ememus

583 3140 603 3172 ι
641 3137 839 3192 panes,
889 3132 948 3178 ut
989 3125 1317 3179 manducent
1354 3124 1446 3177 hi?
1476 3141 1495 3175 ›
1523 3122 1876 3192 Interrogavit
1908 3121 2166 3175 Dominus

2269 1921 2464 1990 probat
2481 1920 2694 1984 foruax,
2710 1929 2764 1975 et
2788 1919 3221 1987 hominesjustos
3246 1921 3472 1974 tentatio
3499 1921 3851 1974 tribulationis

2272 2010 2460 2082 (Ecclt'.
2490 2011 2682 2080 χχιιι).
2719 2029 2736 2061 ι
2763 2012 2882 2077 Quo
2905 2026 3103 2081 genere
3131 2011 3442 2065 tentationis
3471 2011 3710 2064 tentavit
3733 2009 3851 2063 Deus

2268 2101 2562 2164 Abraham,
2589 2109 2668 2166 ut,
2702 2100 2794 2170 qui
2844 2109 3004 2155 notus
3039 2112 3159 2154 erat
3187 2101 3315 2163 Deo,
3358 2100 3676 2154 hominibus
3710 2116 3846 2169 appao

2270 2202 2415 2248 reret
2440 2195 2722 2262 probatus.
2753 2193 2957 2248 Taliter
2983 2195 3127 2248 enim
3166 2208 3224 2249 se
3259 2194 3481 2263 optabat
3513 2195 3715 2248 tentari
3736 2193 3848 2247 Pro-

2268 2285 2466 2354 pheta,
2496 2301 2618 2340 cum
2646 2284 2860 2340 dicebat
2899 2302 2914 2339 :
2949 2303 2967 2336 ι
3001 2285 3178 2340 Proba
3205 2300 3312 2349 me,
3348 2285 3599 2349 Domine,
3634 2297 3690 2340 et
3715 2296 3844 2340 tenta

2268 2392 2355 2429 me
2383 2375 2555 2445 (Psal.
2581 2377 2730 2445 xxv).
2771 2395 2790 2428 ›
2822 2375 2937 2432 Hoc
2961 2377 3124 2446 igitur
3153 2377 3314 2431 modo
3335 2375 3601 2431 Dominus
3635 2377 3846 2430 tentavit

2267 2464 2607 2534 Philippum,
2657 2475 2715 2520 ut
2757 2467 2851 2537 qui
2910 2467 3134 2537 ignarus
3180 2476 3299 2521 erat
3353 2469 3486 2522 tanti
3537 2469 3842 2533 ministerii,

2266 2557 2464 2612 sciolus
2494 2567 2550 2612 et
2575 2558 2764 2613 doctus
2788 2559 3124 2624 redderetur,
3151 2568 3206 2614 et
3229 2561 3481 2624 disceret,
3502 2575 3571 2614 eo
3595 2569 3845 2630 prasente

2267 2650 2358 2717 qui
2389 2648 2571 2704 educit
2598 2665 2790 2720 panem
2820 2651 2886 2705 de
2915 2661 3092 2715 terra,
3129 2662 3183 2706 et
3212 2652 3339 2706 vino
3368 2651 3606 2706 laetificat
3642 2667 3736 2707 cor
3757 2651 3842 2704 ho-

2259 2743 2449 2806 minis,
2484 2759 2590 2797 non
2613 2743 2862 2798 dubitare
2889 2744 2953 2798 de
2977 2743 3164 2814 paucis
3196 2743 3427 2813 panibus
3451 2742 3635 2798 multas
3657 2741 3844 2796 turbas

2267 2831 2548 2885 hominum
2579 2834 2779 2887 satiare
2807 2848 2985 2904 posse.
3016 2833 3142 2889 Haec
3174 2833 3341 2903 igitur
3379 2832 3602 2886 tentatio
3627 2846 3732 2885 non
3764 2838 3849 2885 est

2269 2925 2530 2990 timenda,
2568 2926 2663 2981 sed
2699 2926 2877 2996 potius
2905 2934 3127 2996 propter
3151 2926 3523 2995 probationem
3554 2924 3846 2987 toleranda,

2268 3027 2427 3086 atque
2451 3020 2708 3089 optanda,
2744 3018 2946 3074 Iacobo
2973 3019 3216 3087 apostolo
3243 3019 3588 3082 admonente,
3618 3018 3711 3088 qui
3737 3017 3843 3070 ait:

2273 3130 2290 3160 ι
2327 3109 2500 3166 Omne
2543 3112 2797 3182 gaudium
2826 3111 3156 3175 existimate,
3194 3111 3408 3177 fratres,
3436 3125 3561 3165 cum
3595 3112 3652 3164 in
3682 3111 3848 3165 varias

576 3189 905 3283 Philippum,
930 3231 1037 3269 non
1064 3225 1124 3268 ut
1147 3216 1214 3269 ab
1242 3230 1306 3268 eo
1331 3213 1531 3282 aliquid
1551 3189 1804 3276 (ιίερει-έι,
1837 3213 1930 3266 sed
1959 3220 2019 3265 ιιι
2042 3227 2164 3266 eum
2192 3189 2238 3252 C
2271 3202 2596 3256 teutatioucs
2619 3202 2936 3267 incideritis,
2960 3201 3194 3256 scientes
3231 3201 3368 3270 quod
3396 3201 3630 3255 tentatio
3648 3201 3848 3271 patien-

577 3304 818 3357 doceret.
843 3304 995 3370 Quod
1044 3303 1256 3358 facilius
1285 3302 1660 3372 intelligimus,
1689 3302 1732 3356 si
1764 3302 1958 3370 quibus
1992 3300 2167 3354 modis

578 3393 934 3463 interrogatio
960 3393 1058 3448 fiat
1084 3395 1500 3465 perpendamus.
1530 3392 1617 3446 Fit
1651 3393 1796 3446 enim
1825 3392 2000 3446 tribus
2029 3408 2042 3444 :
2075 3398 2169 3445 aut

576 3482 756 3535 studio
787 3483 1248 3552 reprehendentis,
1279 3493 1372 3537 aut
1397 3491 1521 3538 voto
1548 3483 1827 3545 discentis,
1852 3489 1946 3537 aut
1973 3480 2168 3535 affectu

575 3572 836 3626 docentis.
858 3571 1047 3627 Studio
1070 3573 1531 3643 reprehendentis,
1555 3573 1696 3627 sicut
1729 3571 1925 3626 scriba:
1947 3577 2003 3624 et
2030 3569 2169 3623 Pha-

576 3664 721 3718 risaei
744 3664 1030 3719 Dominum
1056 3665 1546 3734 interrogaverunt,
1570 3674 1631 3717 ut
1649 3677 1773 3717 eum
1807 3661 2170 3732 reprehende-

575 3763 722 3818 rent,
738 3754 902 3808 veluti
915 3756 980 3809 de
995 3756 1227 3823 quadam
1242 3755 1468 3810 muliere
1483 3755 1536 3808 in
1551 3754 1817 3808 adulterio
1833 3755 2169 3823 deprehensa

577 3843 922 3916 (Joan.vm),
942 3853 998 3898 et
1025 3845 1093 3900 de
1107 3845 1332 3900 denario
1353 3845 1569 3918 (Matth.
1600 3846 1760 3915 xxu),
1787 3853 1841 3899 et
1870 3855 2064 3900 uetera
2097 3848 2170 3902 si-

579 3933 748 3987 milia.
770 3931 902 3988 Voto
923 3933 1198 3999 discentis,
1220 3935 1360 3990 sicut
1376 3935 1606 4006 apostoli
1635 3936 1917 3990 Dominum
1943 3935 2171 3992 interro-

579 4032 863 4094 gaverunt,
885 4026 1158 4081 dicentes:
1183 4046 1200 4077 (
1230 4026 1478 4091 Domine,
1495 4029 1708 4096 quando
1728 4029 1841 4084 haec
1862 4031 2058 4083 erunt?
2074 4029 2169 4086 Vel

577 4115 722 4184 quod
750 4117 962 4185 signum
1004 4117 1267 4172 adventus
1295 4118 1406 4171 tui?
1435 4117 1630 4187 (Marc.
1659 4119 1803 4190 xui),
1835 4139 1854 4172 ι
1887 4130 1942 4174 et
1971 4129 2168 4176 caetera

577 4207 724 4260 talia.
769 4206 978 4262 Atl'ectu
1025 4207 1300 4274 docentis,
1351 4209 1492 4264 sicut
1539 4209 1760 4281 angelus
1798 4211 2061 4266 Joannem
2113 4212 2167 4267 in

575 4297 899 4370 Apocalypsi
945 4300 1332 4369 interrogavit,
1376 4301 1563 4356 dicens
1608 4302 1791 4372 (Apoc.
1837 4304 1935 4373 vu)
1979 4321 1992 4357 :
2033 4321 2053 4355 ι
2102 4303 2168 4358 ili

577 4389 761 4442 amicti
788 4388 942 4444 stolis
969 4388 1105 4444 albis
1132 4390 1225 4459 qui
1253 4398 1399 4456 sunt,
1421 4397 1476 4445 et
1506 4390 1646 4445 unde
1677 4392 1971 4446 venerunt?
1999 4411 2017 4442 ι
2050 4392 2168 4459 Quo

577 4480 955 4552 reSpondente,
988 4481 1216 4536 Domine
1245 4482 1351 4547 mi,
1396 4491 1453 4536 tu
1484 4483 1662 4547 nosti,
1702 4483 1958 4538 continuo
1987 4485 2168 4540 docuit

2271 3295 2399 3348 tiam
2429 3303 2705 3363 operatur,
2743 3295 2999 3364 patientia
3021 3311 3150 3352 vero
3177 3295 3540 3366 probationem
3562 3335 3578 3359 ,
3601 3295 3846 3363 probatio

2270 3394 2451 3440 autetn
2498 3400 2669 3454 spem.
2715 3385 2912 3441 Beatus
2959 3387 3043 3441 vir
3093 3387 3185 3456 qui
3235 3385 3424 3442 suffert
3460 3388 3847 3451 mutationem,

2269 3480 2546 3549 quoniam,
2599 3493 2722 3532 cum
2770 3480 3026 3548 probatus
3059 3479 3259 3546 fuerit,
3315 3479 3544 3549 accipiet
3596 3492 3845 3534 coronam

2267 3577 2410 3635 vitaz.
2435 3589 2595 3642 quam
2622 3573 2933 3642 repromisit
2955 3572 3096 3628 Deus
3123 3571 3468 3643 diligentibus
3488 3586 3544 3625 se
3569 3569 3712 3640 (Jac.
3746 3569 3805 3638 t).
3825 3588 3841 3620 ι

2345 3687 2363 3719 ι
2397 3668 2693 3738 Respondit
2731 3667 2781 3722 ei
2826 3667 3106 3736 Philippus
3147 3685 3160 3722 :
3194 3667 3556 3722 Dueentorum
3599 3663 3844 3718 denario-

2276 3777 2295 3810 ‹
2332 3774 2450 3812 rum
2480 3772 2649 3827 panes
2675 3773 2781 3811 non
2811 3757 3081 3812 sutIiciunt
3116 3755 3217 3820 eis,
3248 3764 3309 3810 ut
3336 3754 3711 3824 unusquisque
3737 3767 3847 3806 mo-

2275 3868 2295 3902 ‹
2329 3851 2506 3904 dicum
2535 3850 2664 3918 quid
2686 3850 2937 3920 accipiat.
2970 3869 2988 3902 ι
3018 3848 3298 3918 Philippus
3326 3863 3383 3902 οε
3408 3847 3671 3916 lampadis
3697 3847 3847 3900 inter-

2268 3949 2512 4011 pretatur
2545 3958 2557 3994 :
2589 3940 2860 4010 signiﬁcat
2881 3941 2984 3994 hoc
3011 3940 3064 3993 in
3088 3939 3206 3994 loco
3239 3937 3493 4009 populum
3523 3935 3844 3997 Iudaeorum,

2269 4032 2361 4100 qui
2385 4032 2656 4100 quondam
2681 4047 2742 4086 os
2770 4030 3031 4102 lampadis
3052 4030 3176 4095 fuit,
3201 4029 3417 4099 quando
3449 4035 3640 4097 aperto
3667 4041 3764 4081 ore
3788 4025 3845 4078 ad

2269 4121 2595 4193 laudandum
2643 4121 2810 4177 Deum
2857 4120 3140 4190 prosilivit.
3187 4119 3247 4173 In
3292 4134 3358 4174 eo
3407 4133 3538 4171 vero
3585 4117 3732 4186 quod
3779 4117 3847 4168 ait

2275 4231 2294 4265 ι
2327 4213 2679 4268 ducentorum
2703 4213 3046 4267 denariorum
3073 4225 3242 4281 panes
3267 4225 3373 4266 non
3397 4229 3417 4262 ι
3437 4206 3682 4264 sufficere
3701 4227 3720 4258 ι
3750 4206 3846 4268 eis,

2269 4316 2330 4360 ut
2358 4306 2728 4376 unusquisque
2754 4305 3023 4359 modicum
3061 4303 3190 4374 quid
3204 4302 3476 4373 ‘accipiat,
3507 4320 3528 4354 ι
3561 4315 3743 4356 raram
3770 4298 3848 4352 vel

2271 4397 2535 4452 modicam
2583 4396 2822 4467 ejusdem
2873 4395 3053 4466 pepuli
3082 4393 3352 4466 signiﬁcat
3390 4394 3582 4458 fidem,
3610 4409 3728 4464 qua:
3758 4404 3846 4464 per

2267 4485 2602 4554 corporalem
2632 4484 2841 4539 Domini
2864 4485 3207 4553 prasentiam
3241 4491 3298 4538 et
3315 4498 3543 4552 parvum
3568 4499 3842 4539 numerum

577 4589 736 4642 eum,
766 4576 992 4631 dicens:
1025 4593 1044 4627 ι
1083 4573 1150 4628 Hi
1177 4583 1304 4630 sunt
1326 4575 1417 4644 qui
1455 4584 1718 4630 venerunt
1741 4591 1808 4631 ex
1836 4590 2026 4646 magna
2065 4578 2161 4631 tri-
2190 4562 2240 4622 Π
2265 4577 2652 4646 apostolorum,
2683 4577 2750 4630 ad
2796 4577 3078 4644 utriusque
3121 4573 3455 4629 Testamenti
3495 4574 3745 4628 notitiam
3785 4589 3865 4650 ac.-

575 4667 878 4731 bulatione,
907 4674 962 4721 et
991 4666 1240 4722 laverunt
1283 4665 1448 4721 stolas
1481 4681 1608 4720 suas
1630 4706 1646 4730 ,
1673 4674 1728 4720 et
1771 4665 2163 4720 dealbaverunt

576 4774 670 4812 eas
715 4760 770 4812 in
812 4760 1072 4829 sanguine
1100 4759 1242 4829 agni.
1278 4777 1298 4810 ›
1327 4758 1682 4830 Interrogavit
1705 4758 1964 4813 Dominus
2000 4757 2159 4812 disci-

578 4849 763 4918 pulum
783 4889 798 4913 ,
829 4865 934 4903 non
965 4859 1022 4904 ut
1066 4865 1189 4904 eum
1224 4851 1676 4920 reprehenderet,
1705 4866 1880 4920 neque
1912 4860 1970 4906 ut
2004 4851 2074 4906 ab
2097 4867 2162 4907 eo

579 4937 782 5007 aliquid
815 4938 1076 5003 disceret,
1105 4938 1198 4992 sed
1238 4948 1296 4993 ut
1336 4956 1459 4995 eum
1487 4941 1722 4996 doceret.
1754 4940 1906 5007 Quod
1933 4941 2163 4997 sollicite

577 5027 912 5106 evangelista
941 5029 1288 5085 manifestare
1314 5031 1544 5097 curavit,
1586 5047 1707 5088 cum
1745 5030 1995 5100 protinus
2021 5032 2163 5101 :sutt-

570 5117 753 5187 junxit
785 5135 798 5170 :

653 5228 672 5260 ι
705 5208 818 5264 Hoc
837 5217 1016 5265 autem
1043 5210 1255 5266 dicebat
1276 5219 1492 5266 tentans
1515 5225 1659 5265 eum.
1691 5227 1710 5260 ι
1751 5207 1888 5276 Quid
1910 5217 1994 5264 est
2019 5211 2160 5279 quod

576 5301 836 5356 Dominus
871 5302 1193 5373 discipulum
1238 5312 1476 5358 tentasse
1518 5301 1735 5368 dicitur,
1774 5316 1896 5356 cum
1926 5301 2162 5360 Jacobus

575 5394 852 5465 apostolus
865 5395 1038 5451 dicat:
1061 5417 1077 5448 ‹
1101 5395 1293 5458 Nemo,
1309 5409 1431 5448 cum
1459 5401 1715 5458 tentatur,
1745 5395 2159 5465 dicatquoniam

577 5507 607 5545 a
633 5493 742 5547 Deo
774 5501 1031 5555 tentatur,
1071 5493 1195 5561 quia
1237 5491 1377 5544 Deus
1408 5490 1703 5544 intentatur
1749 5490 2012 5545 malorum
2051 5501 2154 5547 est.

578 5585 718 5640 Deus
739 5587 882 5640 enim
913 5586 1185 5639 nemiuem
1211 5590 1381 5637 tentat
1411 5580 1551 5649 (Jac.
1583 5582 1643 5652 t).
1684 5602 1701 5633 ι
1733 5582 1789 5638 Si
1820 5584 1983 5654 igitur
2019 5585 2160 5640 Deus

573 5679 844 5731 nemiuem
871 5685 1063 5741 tentat,
1090 5690 1257 5744 quare
1277 5673 1602 5742 evangelista
1630 5675 1778 5740 dicit,
1805 5695 1822 5726 ι
1855 5677 1956 5729 hoc
1977 5686 2158 5732 autem

573 5767 788 5824 dicebat
811 5780 1022 5825 tentans
1055 5768 1213 5823 eum?
1245 5787 1264 5822 ι
1291 5767 1374 5822 Ad
1396 5767 1539 5838 quod
1567 5769 1806 5824 breviter
1834 5770 2162 5839 responden-

2262 4667 2626 4735 cognitionem
2676 4667 2951 4720 hominem
3000 4665 3186 4720 venire
3243 4679 3402 4736 posse
3451 4680 3561 4720 non
3597 4659 3864 4720 credidit.l

2265 4757 2492 4811 Ducenti
2517 4756 2661 4812 enim
2690 4756 2900 4811 denarii
2924 4764 3214 4826 utrumque
3254 4753 3663 4812 Testamentum
3686 4739 3861 4824 signiJ

2265 4848 2447 4902 ficant.

2343 4956 2361 4988 ι
2402 4937 2540 4992 Dicit
2567 4939 2617 4993 ei
2643 4955 2782 4994 unus
2812 4955 2880 4995 ex
2907 4938 3188 5009 discipulis
3215 4938 3360 5008 ejus,
3395 4937 3646 4994 Andreas
3683 4937 3846 4991 frater

2271 5046 2289 5080 ε
2326 5027 2562 5082 Simonis
2595 5028 2738 5083 Petri
2767 5047 2779 5082 :
2813 5029 2907 5084 Est
2929 5045 3063 5098 puer
3088 5045 3228 5084 unus
3257 5029 3365 5094 hic,
3390 5030 3480 5098 qui
3510 5030 3674 5084 habet
3695 5029 3846 5097 quin—

2270 5139 2288 5169 ι
2323 5135 2428 5188 que
2470 5134 2637 5189 panes
2668 5121 3002 5175 hordeaceos
3049 5129 3105 5175 et
3158 5121 3292 5176 duos
3337 5120 3534 5190 pisces.
3576 5119 3684 5175 Sed
3733 5121 3844 5174 htec

2269 5231 2287 5263 ι
2321 5212 2448 5282 quid
2492 5221 2618 5267 sunt
2665 5212 2806 5266 inter
2850 5213 3062 5266 tantos?
3113 5231 3133 5264 ι
3184 5212 3244 5267 Si
3288 5212 3466 5267 littera
3511 5212 3842 5282 inspiciatur,

2261 5303 2508 5358 Andreas
2542 5303 2644 5357 hoc
2684 5303 2737 5357 in
2768 5302 2886 5357 loco
2921 5300 3179 5370 majorem
3209 5301 3370 5358 ﬁdem
3400 5302 3845 5371 quantulamcun—

2263 5412 2369 5465 que
2399 5395 2611 5450 videtur
2641 5396 2841 5450 habere
2881 5394 3159 5464 Philippo,
3182 5408 3306 5448 cum
3338 5392 3507 5448 dicit:
3545 5411 3563 5443 ι
3600 5392 3688 5445 Est
3712 5405 3845 5460 puer

2265 5502 2406 5542 unus
2438 5488 2558 5549 hic,
2589 5486 2679 5554 qui
2729 5484 2889 5538 habet
2936 5485 3176 5552 quinque
3222 5499 3390 5552 panes
3435 5485 3764 5538 hordeaceos
3791 5490 3847 5536 et

2267 5579 2400 5634 dttos
2435 5579 2627 5648 pisces.
2663 5598 2679 5628 ι
2715 5576 2819 5630 Sed
2850 5577 2903 5629 in
2934 5577 3036 5630 ﬁde
3061 5577 3343 5640 dubitavit,
3374 5593 3499 5630 cutn
3529 5575 3841 5643 subjunxit:

2270 5690 2287 5720 ‹
2319 5671 2425 5723 Sed
2458 5670 2570 5723 lucc
2599 5669 2724 5736 quid
2759 5675 2881 5721 sunt
2909 5667 3050 5721 inter
3097 5668 3306 5721 tantos?
3347 5686 3365 5718 ι
3395 5667 3674 5736 Significat
3698 5665 3844 5719 enim

2266 5765 2634 5836 propheticum
2667 5779 2991 5828 sermonem,
3024 5762 3116 5834 qui
3145 5777 3267 5817 cum
3297 5761 3409 5818 Deo
3437 5762 3492 5816 in
3529 5775 3691 5816 carne
3713 5773 3846 5812 ven-
