3994 6354
1316 347 1621 411 ΗΟΜΙΙΛΔΕ
1660 346 1752 405 DE
1788 345 2138 405 TEMPORE.

3283 351 3394 414 290

42 500 47 513 ·
115 488 294 532 turum
325 471 597 545 praedixit,
621 472 780 531 fidem
805 472 1014 529 habuit.
1048 470 1155 528 Sed
1174 486 1297 527 cum
1330 486 1455 527 eum
1476 468 1696 524 venien-
1722 463 1777 525 Δ
1801 461 1993 516 durius
2021 468 2223 531 portet,
2251 461 2439 519 dicens
2468 476 2593 519 cum
2618 461 2891 534 Propheta
2922 480 2935 517 :
2967 480 2986 514 α
3006 462 3272 522 ἰηάυιίειὶ
3292 484 3395 526 nos

116 577 221 623 tem
247 566 389 622 idem
409 564 638 634 papulas
663 579 856 634 magna
883 578 950 618 ex
974 572 1129 634 parte
1154 562 1378 618 credere
1404 559 1617 625 renuit,
1642 558 1698 613 in

42 680 45 683 ·
113 658 218 713 [ide
239 654 525 711 dubitavit.
544 653 690 721 Quos
709 651 1074 724 prmﬁguravit
1090 652 1258 717 lsaac,
1283 652 1398 722 qui,
1427 666 1552 707 cum
1567 650 1701 706 cali-

114 750 367 821 gantibus
400 748 572 804 oculis
608 748 775 802 lilium
804 749 1184 815 benediceret,
1210 748 1381 804 multa
1422 748 1473 803 ei
1516 745 1699 802 futura

114 838 383 912 praedixit,
415 838 510 893 sed
535 846 712 893 tamen
751 837 874 908 quis
908 852 1145 908 praesens
1170 846 1315 893 esset
1340 853 1448 893 non
1480 836 1701 908 agnovit

115 928 265 999 (Gen.
289 927 440 1000 xxv).
454 927 599 983 Puer
618 928 676 983 in
697 928 993 998 Scripturis
1011 928 1299 998 aliquando
1317 941 1418 998 pro
1437 927 1697 997 puritate,

114 1019 401 1089 aliquando
421 1033 522 1090 pro
542 1018 759 1074 levitate
782 1017 979 1073 mentis
997 1017 1279 1089 accipitur.
1310 1015 1417 1071 Pro
1435 1016 1698 1087 puritate,

113 1112 250 1167 sicut
282 1111 352 1166 de
380 1110 610 1166 Domino
633 1110 835 1165 dicitur
862 1125 878 1163 :
910 1128 931 1163 ς
958 1109 1098 1165 Ecce
1123 1124 1259 1180 puer
1292 1124 1446 1165 meus
1471 1109 1696 1176 electus,

113 1218 272 1274 quem
303 1201 441 1272 elegi
469 1199 605 1271 (Isa.
629 1201 788 1272 mi).
817 1220 838 1255 ι
855 1202 922 1257 Et
949 1201 1090 1257 sicut
1111 1202 1228 1273 ipse
1247 1202 1526 1273 discipulis
1545 1201 1694 1258 suis:

116 1312 135 1346 ι
154 1293 335 1356 Pueri,
354 1293 596 1365 nunquid
616 1292 1041 1362 pulmentarium
1059 1293 1305 1349 habetis?
1324 1294 1506 1364 (Joan.
1522 1291 1694 1364 nn):

110 1384 211 1440 Pro
243 1383 500 1450 levitate,
527 1383 613 1439 vel
638 1384 994 1440 instabilitate
1022 1387 1238 1451 mentis,
1272 1386 1414 1440 sicut
1438 1386 1698 1441 Dominus

108 1476 171 1531 de
193 1474 399 1531 Iudaeis
419 1475 553 1530 dicit
582 1492 602 1526 ι
633 1491 648 1529 :
675 1473 775 1530 Cui
795 1474 1107 1531 assimilabo
1131 1476 1271 1532 hanc
1291 1476 1697 1548 generationem

107 1569 424 1640 pessimam,
453 1568 537 1623 vel
575 1569 663 1624 cui
708 1584 827 1625 eam
865 1570 1096 1625 similem
1130 1569 1462 1627 dixerimus?
1491 1569 1699 1627 Similis

108 1669 185 1715 est
208 1660 396 1730 pueris
424 1660 736 1717 sedentibus
754 1661 807 1716 iu
824 1660 965 1727 foro,
994 1661 1301 1718 ludentibus
1330 1671 1492 1733 atque
1513 1663 1698 1718 dicen-

108 1753 276 1808 tibus:
303 1750 632 1807 Saltavimus
650 1752 825 1818 vobis,
848 1761 905 1808 et
923 1766 1029 1808 non
1052 1754 1342 1808 cantastis:
1363 1752 1693 1823 planximus,

1801 552 1857 607 in
1906 552 2185 623 laqueum,
2234 554 2462 623 posuisti
2510 554 2884 611 tribulationes
2910 555 2963 610 in
2992 556 3153 612 dorso
3176 569 3387 626 nostro,

1800 642 2109 714 imposuisti
2138 645 2387 701 homines
2409 660 2572 715 super
2592 646 2770 716 capita
2791 656 2997 703 nostra.
3019 647 3397 709 Transivimus

1798 752 1897 810 per
1935 740 2114 812 ignem
2144 752 2198 796 et
2224 754 2453 810 aquam,
2484 748 2541 795 et
2567 740 2801 796 eduxisti
2832 757 2932 798 nos
2958 743 3016 797 in
3045 742 3394 815 refrigerium

1800 827 1977 902 (Psal.
2007 832 2156 902 uv).
2187 850 2207 884 ι
2241 830 2309 886 Et
2361 830 2503 886 sicut
2529 830 2715 885 mundi
2740 831 2919 901 pisces
2942 847 3039 903 per
3067 833 3270 889 coitum
3294 848 3401 890 nec

1800 930 2061 994 generant
2091 938 2191 980 nec
2234 931 2588 996 generantur,
2636 923 2713 977 ita
2747 939 2962 995 quoque
2989 935 3047 981 et
3070 927 3125 981 in
3151 926 3394 984 Ecclesia

1800 1014 1939 1072 tales
1981 1017 2251 1073 habentur
2278 1018 2395 1088 qui,
2442 1015 2780 1088 coniugalem
2822 1017 3260 1087 conjunctionem
3312 1034 3400 1076 re-

1800 1119 2076 1185 spuentes,
2103 1112 2472 1183 integritatem
2497 1108 2816 1182 virginalem
2842 1118 3142 1179 sectantur,
3167 1112 3397 1184 implen-

1800 1212 1884 1261 tes
1927 1204 2059 1260 illud
2089 1204 2236 1275 quod
2265 1204 2527 1260 Dominus
2574 1202 2706 1259 dicit
2749 1201 2806 1256 in
2850 1202 3185 1273 Evangelia:
3217 1224 3236 1258 ι
3274 1204 3400 1260 Sint

1799 1295 1969 1353 lumbi
2003 1298 2171 1353 vestri
2224 1297 2528 1369 praecincti,
2554 1306 2612 1352 et
2663 1296 2900 1351 lucerna:
2944 1295 3197 1353 ardentes
3240 1296 3395 1369 (Luc.

1799 1388 1923 1461 xu).
1956 1408 1976 1441 ι
2000 1387 2209 1444 Aliter:
2238 1403 2340 1458 per
2368 1389 2503 1444 duos
2531 1389 2743 1459 pisces,
2777 1390 3159 1446 duos'ordines
3205 1393 3298 1461 qui
3340 1393 3396 1448 in

1797 1484 1989 1537 eodem
2038 1480 2237 1552 populo
2298 1480 2630 1538 celebriores
2689 1481 3031 1537 habebantur
3095 1480 3398 1555 intelligere

1797 1588 2109 1645 possumus,
2142 1572 2378 1644 regalem
2429 1573 2643 1629 scilicet
2666 1581 2722 1629 et
2751 1570 3144 1629 sacerdotalem
3163 1612 3181 1639 ,
3211 1589 3242 1628 a
3270 1574 3397 1645 qui-

1797 1664 1900 1719 bus
1949 1663 2279 1735 regebantur
2335 1671 2392 1719 et
2448 1662 2895 1729 instruebantur;
2946 1677 3091 1734 quos
3128 1661 3396 1720 Dominus

1797 1755 1956 1813 Jesus
1985 1757 2024 1812 ir
2079 1772 2139 1812 se
2182 1756 2456 1827 suscipere
2490 1755 2776 1826 dignatus,
2807 1764 2868 1809 ut
2915 1755 3070 1811 tieret
3113 1755 3271 1812 nobis
3295 1771 3394 1812 rex

104 1851 156 1900 et
196 1860 308 1901 non
337 1843 681 1900 lamentastis
716 1844 932 1917 (Matth.
964 1844 1065 1916 ιι).
1107 1863 1127 1898 ι
1156 1845 1253 1902 Est
1282 1845 1426 1901 enim
1471 1844 1695 1916 puerilis
1720 1841 1773 1904 B
1797 1850 2005 1921 pariter
2034 1857 2091 1905 et
2124 1849 2382 1906 sacerdos
2407 1866 2422 1903 :
2469 1864 2591 1915 rex,
2620 1863 2721 1903 nos
2745 1848 2885 1904 bene
2907 1849 3178 1919 regendo;
3208 1863 3394 1906 sacer-

102 1946 231 1993 :etas
252 1937 474 2009 garrula
514 1945 571 1994 et
602 1938 758 2006 levis,
797 1939 901 1996 nisi
926 1939 1222 2011 disciplinae
1264 1941 1495 1996 verbere
1535 1955 1690 1996 coer-

103 2040 307 2086 ccatur.
341 2030 486 2087 Puer
521 2047 756 2103 namque
783 2032 886 2089 iste
924 2032 1182 2103 populum
1211 2032 1481 2104 signiﬁcat
1507 2031 1693 2088 Judai—

103 2138 242 2189 cum,
268 2124 386 2193 qui,
412 2139 512 2195 pro
535 2124 758 2180 levitate
782 2123 867 2179 vel
890 2123 1243 2179 instabilitate
1264 2124 1482 2190 mentis,
1502 2124 1559 2179 in
1587 2123 1692 2179 lide

99 2221 152 2265 et
176 2213 492 2283 cognitione
514 2213 612 2269 Dei
633 2212 823 2269 firmus
847 2228 956 2268 non
979 2213 1301 2283 permansit.
1326 2213 1427 2280 Qui
1452 2212 1693 2284 quinque

101 2318 265 2372 panes
297 2305 509 2369 habuit,
552 2305 679 2374 quia
693 2296 966 2360 'Judaicus
1004 2304 1233 2374 populus
1261 2305 1501 2373 quinque
1524 2303 1695 2360 libros

99 2392 271 2464 Moysi
318 2395 556 2463 accepit,
584 2395 870 2461 videlicet,
905 2394 1155 2451 Genesim
1176 2434 1192 2460 ,
1222 2394 1498 2458 Exodum,
1531 2393 1692 2448 Levi-

102 2486 295 2551 ticum,
341 2485 639 2551 Numeros,
669 2494 725 2540 et
748 2485 1226 2541 Deuteronomium
1245 2525 1261 2552 ,
1304 2484 1395 2555 qui
1425 2483 1693 2539 Hebraica

102 2577 278 2650 lingua
322 2578 594 2645 Beresitlt,
636 2576 1078 2643 Veellehsemotlt,
1118 2577 1331 2645 Vaicra,
1375 2576 1692 2643 Vaidabber,

104 2667 563 2725 Ellehaddebarim
614 2667 983 2722 nominantur.
1034 2667 1101 2721 Et
1148 2668 1288 2722 bene
1344 2667 1560 2736 quidem
1615 2667 1692 2722 illi

105 2774 266 2832 panes
301 2757 596 2814 hordeacei
633 2756 803 2813 fuisse
827 2756 1157 2821 referuntur,
1183 2765 1407 2827 propter
1432 2758 1691 2813 duritiam

106 2853 252 2926 legis.
282 2851 557 2908 Hordeum
597 2864 832 2919 namque
858 2850 1094 2919 spissum
1128 2850 1293 2905 habet
1330 2858 1605 2921 tegumen,
1634 2858 1691 2905 et

107 2961 208 3001 non
253 2943 414 3000 facile
441 2942 530 2997 ‘ad
576 2940 694 3011 ejus
724 2941 1039 3011 pervenitur
1077 2939 1399 3006 medullam,
1441 2940 1692 2996 obscuri-

107 3043 267 3092 tatem
296 3035 431 3105 legis
457 3033 791 3104 significans,
831 3032 956 3103 quia
983 3032 1070 3087 lex
1101 3041 1228 3088 ante
1259 3033 1548 3088 adventum
1585 3033 1691 3089 Do-

109 3129 236 3183 mini
275 3127 330 3183 in
356 3136 563 3183 tantum
607 3126 787 3184 velata
826 3126 1037 3183 exstitit
1069 3137 1128 3181 ut
1173 3125 1354 3182 nullus
1377 3127 1541 3181 homo
1566 3141 1689 3181 eam

109 3219 453 3290 spiritualiter
483 3218 786 3290 intelligere
811 3226 1017 3288 posset,
1040 3217 1414 3288 quoadusque,
1440 3218 1686 3283 veniens,
1715 3202 1761 3267 C

109 3310 533 3365 benedictionem
559 3310 716 3366 daret
739 3310 830 3379 qui
865 3309 1039 3381 legem
1065 3309 1310 3364 dederat.
1339 3308 1396 3364 Si
1420 3310 1565 3364 enim
1590 3324 1689 3379 per

114 3398 349 3467 quinque
393 3413 555 3468 panes
588 3400 838 3470 quinque
884 3399 1009 3453 libri
1060 3399 1229 3470 Moysi
1277 3399 1685 3471 intelliguntur,

114 3504 400 3561 possumus
426 3502 481 3545 et
510 3506 605 3561 per
646 3493 780 3548 duos
825 3492 1002 3562 pisces
1045 3492 1179 3546 alios
1215 3492 1350 3547 duos
1385 3491 1689 3562 intelligere

112 3581 296 3648 libros,
320 3584 536 3639 oracula
556 3585 761 3641 scilicet
789 3586 1199 3655 prophetarum,
1222 3592 1276 3638 et
1302 3584 1514 3639 cantica
1540 3583 1691 3640 Psal-

114 3691 347 3742 morum,
379 3677 468 3746 qui
498 3686 624 3747 post
666 3679 1043 3734 auctoritatem
1091 3678 1224 3747 legis
1258 3678 1587 3735 sacratiores
1634 3680 1689 3734 in

115 3766 291 3820 eodem
322 3765 516 3836 populo
543 3767 899 3833 habebantur,
927 3782 1157 3837 quorum
1187 3783 1353 3822 unum
1375 3769 1693 3823 memoriter

118 3855 457 3923 decantaudo,
490 3855 723 3913 alterum
744 3872 875 3912 vero
902 3857 956 3911 in
982 3857 1268 3929 synagogis
1297 3857 1410 3912 suis
1441 3856 1694 3928 frequen-

120 3953 191 3999 ter
211 3943 454 4017 legendo,
478 3947 800 4003 recitabant.
832 3946 901 4001 Et
923 3956 1070 4002 recte
1090 3963 1188 4018 per
1215 3949 1316 4003 hos
1343 3947 1479 4003 duos
1513 3948 1693 4018 pisces

119 4033 165 4088 1ιὶ
209 4036 311 4091 duo
347 4036 471 4092 libri
515 4037 910 4107 intelliguntur,
941 4038 1071 4109 quia
1121 4038 1283 4093 talem
1332 4039 1588 4111 populum
1636 4040 1690 4095 in

121 4124 344 4181 Ecclesia
383 4125 625 4183 futurum
664 4128 1063 4197 praedixerunt,
1090 4130 1184 4199 qui
1213 4130 1318 4186 hoc
1362 4140 1606 4187 servaret
1636 4132 1691 4186 in

124 4217 346 4272 moribus
371 4219 514 4289 quod
540 4220 706 4290 piscis
731 4220 895 4275 habet
922 4221 976 4274 in
1001 4228 1215 4276 natura.
1240 4221 1414 4278 Piscis
1455 4238 1692 4293 namque

124 4317 335 4374 quatuor
354 4310 519 4367 habet
547 4320 769 4367 naturas
795 4329 808 4366 :
838 4328 1022 4377 unam,
1048 4314 1175 4383 quia
1198 4314 1314 4369 sine
1342 4329 1482 4384 aqua
1509 4316 1693 4371 vivere

124 4413 216 4454 non
258 4403 552 4473 praevalet;
612 4404 926 4471 secundam,
960 4404 1086 4475 quia
1129 4421 1291 4475 super
1329 4420 1451 4460 eam
1494 4406 1692 4461 saltum

125 4488 241 4546 dare
284 4494 605 4563 consuevit;
662 4496 901 4562 tertiam,
927 4496 1056 4564 quia
1095 4510 1204 4567 quo
1247 4496 1422 4566 magis
1451 4498 1695 4553 tunditur

1797 1942 1896 1996 dos
1922 1981 1937 2007 ,
1987 1940 2339 2009 semetipsum
2385 1939 2497 1994 Deo
2549 1938 2786 1995 hostiam
2842 1938 3246 1995 immaculatam
3293 1953 3398 2011 pro

1792 2035 1952 2095 nobis
1980 2032 2277 2090 oll‘erendo.
3120 2042 3126 2048 ί

1869 2144 1889 2178 ι
1927 2125 2074 2181 Dixit
2098 2140 2230 2196 ergo
2255 2123 2452 2182 Iesus:
2482 2124 2671 2181 Facite
2697 2124 2948 2180 homines
2972 2124 3338 2181 discumbere.
3363 2146 3384 2179 ι

1796 2217 2155 2273 Discumbere
2182 2216 2454 2283 homines,
2481 2206 2566 2271 est
2593 2216 2953 2286 spiritualiter
2989 2218 3047 2272 in
3092 2216 3199 2274 fide
3243 2218 3391 2289 quie-

1794 2321 1972 2362 scere.
2005 2305 2160 2361 Tune
2185 2306 2329 2361 enim
2379 2305 2664 2374 discipulis
2694 2315 2757 2360 ut
2782 2306 3032 2362 homines
3056 2307 3399 2363 discumbere

1795 2395 2041 2452 facerent
2076 2395 2338 2451 Dominus
2372 2394 2651 2466 praecepit,
2680 2395 2900 2466 quando
2927 2409 3023 2451 eos
3054 2396 3108 2451 in
3135 2399 3395 2452 mundum

1795 2489 1865 2543 ad
1913 2487 2316 2555 praedicandum
2368 2485 2683 2550 destinavit,
2736 2486 2960 2542 dicens:
3017 2503 3037 2537 ι
3089 2486 3294 2541 Euntes
3340 2486 3397 2541 in

1796 2582 2056 2635 mundum
2106 2579 2440 2643 universum,
2499 2578 2691 2634 docete
2720 2592 2914 2633 omnes
2967 2586 3178 2649 gentes,
3213 2578 3394 2648 bapti-

1742 2686 1752 2705 '
1796 2683 1988 2729 zantes
2016 2688 2111 2728 eos
2140 2672 2195 2726 in
2223 2672 2445 2727 nomine
2473 2670 2655 2726 Patris
2681 2678 2736 2725 et
2764 2670 2890 2725 Filii
2918 2678 2975 2725 et
3002 2668 3238 2740 Spiritus
3267 2685 3397 2727 san-

1795 2764 1890 2819 cti.
1929 2761 2031 2830 Qui
2061 2761 2359 2817 crediderit
2405 2769 2462 2816 et
2514 2761 2823 2830 baptizatus
2855 2759 3038 2826 fuerit,
3068 2761 3251 2817 salvus
3294 2762 3403 2818 erit

1796 2855 1991 2928 (Marc.
2037 2852 2176 2923 xvi).
2216 2872 2235 2904 ι
2293 2851 2448 2907 Tunc
2481 2860 2665 2907 autem
2720 2840 3064 2907 discumbere
3121 2851 3394 2918 fecerunt,

1794 2945 2010 3016 quando
2040 2963 2059 2996 ι
2093 2943 2324 3014 profecti
2358 2944 2792 3015 praedicaverunt
2809 2943 3032 3013 ubique,
3062 2943 3175 3000 Deo
3201 2957 3401 3015 coope-

1792 3044 1972 3099 rante,
1999 3045 2055 3092 et
2078 3050 2384 3092 sermonem
2415 3035 2773 3092 conﬁrmante
2795 3037 3149 3106 sequentibus
3172 3038 3396 3109 signis.)

1794 3128 1902 3184 Sed
1937 3128 2069 3184 illud
2098 3129 2621 3198 praetermittendum
2664 3145 2772 3185 non
2804 3137 2888 3185 est
2928 3131 3094 3199 quod,
3124 3131 3270 3186 sicut
3293 3132 3403 3188 alio

1793 3220 2127 3290 evangelista
2168 3228 2431 3275 narrante
2485 3220 2874 3291 cognovimus:
2919 3238 2937 3271 α
2989 3220 3263 3277 Fecerunt
3302 3238 3399 3279 eos

1794 3310 2135 3366 discumbere
2154 3324 2254 3379 pro
2272 3299 2543 3373 convivio,
2561 3309 2972 3380 quinquagenos
2991 3318 3046 3364 et
3071 3321 3346 3368 centenos.
3375 3332 3393 3364 ι

1792 3400 1939 3456 Ordo
1961 3402 2104 3455 enim
2133 3400 2239 3456 iste
2286 3400 2744 3456 discumbentium
2773 3400 3091 3455 varietatem
3132 3402 3403 3471 signiﬁcat

1792 3490 1848 3545 in
1889 3489 2131 3546 Ecclesia
2158 3489 2621 3545 conversantium.
2664 3489 3040 3560 Quinquageui
3087 3489 3254 3561 igitur
3282 3490 3398 3545 dis-

1793 3582 2054 3637 cumbunt
2122 3581 2496 3652 pcenitentes;
2568 3579 3065 3657 quinquagenarius
3137 3595 3400 3636 numerus

1791 3671 2181 3744 paenitentibus
2208 3671 2479 3743 congruit,
2534 3671 2660 3740 quia
2713 3670 3196 3742 quinquagesimus
3249 3672 3398 3741 psal-

1793 3778 1916 3820 mus
1938 3763 1992 3818 in
2015 3763 2335 3835 paenitentia
2361 3770 2446 3819 est
2472 3763 2814 3829 decantatus,
2844 3770 2899 3818 et
2921 3763 3403 3835 quinquagesimus

1794 3870 1970 3911 annus
1999 3857 2052 3910 in
2084 3856 2202 3927 lege
2243 3854 2496 3927 jubilaeus
2526 3862 2611 3910 est
2650 3853 2845 3918 dictus,
2893 3853 2947 3909 id
2992 3862 3077 3911 est
3103 3870 3278 3911 annus
3311 3872 3402 3912 re-
3430 3866 3436 3874 ‘

1795 3947 2104 4014 missionis;
2136 3946 2352 4003 centeni
2379 3947 2493 4017 qui,
2525 3962 2586 4002 se
2615 3947 2728 4002 Deo
2750 3953 3086 4018 protegente,
3113 3948 3258 4003 nulla
3277 3963 3402 4020 pa:-

1794 4042 2022 4097 nitentia
2059 4040 2273 4112 publica
2318 4041 2580 4112 indigent.
2633 4040 2842 4095 Aliter:
2884 4040 3258 4113 Quinquageni
3287 4034 3406 4099 dis-

1795 4133 2056 4189 cumbunt
2092 4131 2388 4204 conjugati,
2411 4133 2623 4188 centeni
2667 4133 2922 4204 virgines.
2950 4132 3049 4188 Vel
3070 4143 3218 4190 certe
3240 4135 3404 4205 quin-

1795 4226 2049 4297 quageni,
2089 4225 2181 4295 qui
2223 4233 2468 4280 terrenas
2496 4240 2584 4280 res
2627 4226 2765 4280 bene
2796 4226 3125 4295 disponunt;
3159 4227 3401 4295 centeni,

1801 4317 1893 4387 qui
1921 4316 2273 4387 perfectionis
2299 4329 2486 4370 amore
2520 4315 2703 4370 omnia
2727 4325 2950 4386 prapter
2978 4314 3144 4370 Deum
3167 4315 3402 4370 derelin-

1797 4418 1991 4482 quunt.
2012 4427 2033 4461 ι
2060 4408 2195 4466 Erat
2218 4417 2399 4464 autem
2422 4408 2608 4465 fenum
2630 4409 2860 4465 multum
2882 4410 2937 4465 in
2965 4410 3106 4467 loco.
3136 4428 3158 4463 ι
3188 4410 3397 4466 Fenum

1797 4501 1968 4558 herba
1989 4509 2073 4556 est
2095 4509 2397 4572 pratorum,
2425 4515 2568 4571 quae,
2594 4502 2723 4557 dum
2744 4501 2935 4556 viridis
2960 4509 3065 4565 est,
3089 4508 3144 4555 et
3167 4501 3288 4554 visu
3318 4511 3404 4556 est

124 4581 393 4651 ﬂuctibus,
444 4600 511 4642 eo
560 4588 792 4659 amplius
834 4586 1208 4654 convalescit;
1259 4596 1542 4658 quartam,
1575 4587 1701 4659 quia
1724 4580 1782 4643 D
1808 4593 2162 4660 delectabilis,
2195 4601 2251 4650 et
2288 4594 2518 4651 sessioni
2539 4604 2700 4664 atque
2722 4594 3141 4651 deambulationi
3172 4593 3355 4649 suavis
3382 4610 3399 4650 :

126 4677 281 4745 pisces
325 4694 425 4749 per
470 4681 671 4737 coitum
718 4695 822 4737 nec
869 4689 1150 4754 generant,
1193 4696 1297 4737 nec
1339 4694 1697 4754 generantur.

128 4766 261 4825 Sicut
288 4771 455 4842 igitur
496 4773 612 4829 sine
653 4787 792 4844 aqua
822 4773 1005 4829 vivere
1047 4790 1155 4830 non
1201 4782 1413 4844 potest,
1446 4775 1520 4830 ita
1555 4777 1698 4831 idem

128 4865 337 4935 populus
368 4867 487 4923 sine
517 4866 664 4923 fonte
684 4868 1028 4938 baptismatis
1052 4868 1107 4923 in
1136 4869 1304 4923 vitam
1340 4870 1545 4925 intrare
1571 4885 1699 4942 per-

128 4966 327 5025 petuam
364 4960 572 5031 nequit,
602 4961 831 5017 Domino
855 4961 1071 5017 dicente
1101 4976 1116 5015 :
1145 4980 1164 5014 ‹
1192 4962 1303 5017 Nisi
1330 4964 1452 5032 quis
1478 4974 1702 5020 renatus

129 5046 272 5106 fuerit
293 5068 365 5109 ex
399 5068 539 5123 aqua
570 5062 626 5109 et
650 5052 853 5124 Spiritu
887 5062 1097 5119 saneto,
1129 5068 1237 5109 non
1278 5062 1456 5123 potest
1494 5056 1698 5110 intrare

79 5120 178 5194 Jin
203 5157 425 5217 regnum
450 5120 563 5199 Dei
609 5120 805 5216 (Joan.
838 5144 953 5217 ιιι).
993 5164 1014 5199 ι
1046 5144 1134 5211 Et,
1168 5120 1309 5199 sicut
1344 5146 1508 5216 piscis
1535 5162 1699 5217 super

129 5246 282 5305 aquas
309 5236 479 5293 saltus
517 5237 736 5302 emittit,
764 5236 845 5292 sic
870 5237 987 5307 ipse
1019 5236 1244 5307 spiritus
1271 5243 1485 5292 terrena
1516 5236 1698 5307 despi-

129 5325 280 5395 ciens,
309 5344 488 5400 penna
513 5328 982 5398 contemplationis
1009 5344 1130 5385 sese
1149 5329 1220 5384 ad
1245 5327 1490 5384 caelestia
1517 5328 1699 5385 suble-

129 5429 229 5486 vat,
258 5421 445 5478 dicens
480 5437 603 5477 cum
649 5420 909 5492 Apostolo
936 5438 950 5474 :
979 5438 998 5472 ι
1030 5418 1225 5477 Nostra
1250 5428 1433 5476 autem
1475 5434 1701 5476 conver-

131 5511 256 5567 satio
298 5512 353 5567 in
381 5511 536 5568 ctelis
573 5520 658 5566 est
701 5509 921 5583 (Philip.
965 5509 1070 5583 tn).
1100 5531 1119 5564 ι
1147 5510 1217 5566 Ει
1250 5511 1704 5582 quemadmodum

131 5602 279 5673 piscis
324 5614 529 5674 quanto
562 5605 736 5677 magis
783 5602 1035 5659 fluctibus
1075 5603 1342 5669 tunditur,
1384 5618 1450 5659 eo
1478 5604 1706 5673 amplius

131 5698 482 5765 convalescit,
512 5699 591 5754 sic
621 5707 677 5754 et
721 5697 993 5769 perfectus
1021 5695 1367 5752 Christianus
1398 5704 1605 5752 tantum
1648 5698 1703 5753 in

132 5783 234 5846 Deo
256 5791 495 5869 prolicit,
526 5798 789 5865 quantum
818 5791 875 5849 in
925 5790 1030 5847 hoc
1078 5787 1278 5848 saaculo
1317 5789 1526 5847 invenit
1561 5789 1706 5865 quod

1804 4685 1921 4753 sed,
1960 4702 2084 4741 cum
2106 4684 2245 4742 falce
2266 4695 2448 4742 secata
2470 4685 2654 4751 fuerit,
2679 4685 2858 4740 subito
2902 4683 3187 4751 pristinam
3215 4685 3406 4753 viridi-

1805 4788 1970 4835 tatem
2018 4779 2238 4833 amittit.
2270 4778 2375 4833 Per
2421 4777 2607 4832 fenum
2638 4790 2770 4846 ergo
2806 4773 3098 4831 delectatio
3145 4779 3401 4846 carnalis,

1805 4870 1921 4925 sive
1959 4866 2202 4936 ejusdem
2240 4866 2508 4938 fragilitas
2534 4866 2717 4921 carnis
2751 4865 3086 4937 designatur,
3119 4883 3242 4938 qua:
3262 4884 3401 4931 cum

1806 4957 2144 5013 amatoribus
2178 4956 2294 5012 suis
2334 4954 2575 5027 jucunda
2621 4954 2873 5011 videatur
2898 4964 2954 5011 et
2982 4956 3233 5028 pulchra,
3263 4956 3404 5013 falce

1804 5049 2001 5107 mortis
2052 5048 2299 5120 praecisa,
2358 5049 2414 5103 in
2470 5047 2780 5103 ariditatem
2821 5047 3060 5118 pulveris
3117 5048 3401 5119 redigitur,

1804 5142 1944 5200 lsaia
1973 5142 2223 5199 dicente:
2263 5159 2283 5193 ι
2320 5140 2511 5198 Omnis
2536 5154 2666 5197 caro
2702 5139 2909 5206 fenum,
2939 5149 2996 5195 et
3022 5140 3201 5195 omnis
3230 5139 3402 5211 gloria

1806 5236 1924 5305 ejus
1942 5238 2097 5307 quasi
2120 5235 2217 5292 nos
2250 5235 2380 5291 feni.
2402 5234 2751 5291 Exsiccatum
2775 5243 2861 5290 est
2898 5232 3104 5299 fenum,
3128 5242 3184 5290 et
3203 5233 3404 5290 decidit

1806 5329 1926 5397 llos,
1954 5331 2081 5402 quia
2104 5330 2327 5401 spiritus
2354 5329 2450 5385 Dei
2480 5326 2715 5385 sumavit
2736 5328 2792 5383 in
2819 5342 2888 5385 eo
2909 5327 3046 5399 (lsa.
3071 5327 3184 5397 ιι).
3216 5347 3235 5380 ι
3263 5325 3405 5382 Vere

1806 5423 1991 5479 fenum
2022 5431 2107 5478 est
2133 5420 2384 5492 populus.
2416 5420 2581 5493 Cujus
2608 5419 2716 5476 feni
2748 5419 3054 5474 ariditatem
3094 5418 3405 5487 inspexerat

1809 5513 2102 5584 Propheta,
2145 5528 2271 5569 cum
2298 5512 2549 5571 dicebat:
2600 5530 2619 5565 ι
2657 5510 2830 5567 Homo
2877 5511 3019 5567 sicut
3063 5509 3249 5565 fenum
3286 5506 3404 5562 dies

1808 5608 1948 5679 ejus,
1980 5617 2241 5678 tanquam
2294 5605 2393 5662 llos
2434 5605 2573 5678 agri,
2619 5606 2698 5662 sic
2742 5603 3011 5660 eiﬁorebit
3039 5598 3211 5671 (Paul.
3235 5596 3397 5668 eu)”

1808 5702 1877 5757 Et
1905 5701 2044 5756 Job:
2086 5719 2105 5752 ι
2166 5700 2340 5756 Homo
2396 5708 2556 5754 natus
2609 5699 2676 5754 de
2711 5697 2959 5760 muliere,
3007 5690 3159 5748 brevi
3215 5688 3405 5745 vivens

1808 5801 2074 5869 tempore,
2121 5792 2363 5868 repletur
2393 5791 2582 5850 multis
2626 5789 2863 5848 miseriis
2907 5785 3030 5860 (Job
3065 5783 3200 5857 xiv).
3235 5801 3257 5837 ›
3300 5780 3403 5853 Qui
3486 5814 3495 5817 ν
