3994 6354
582 342 686 400 291

1196 339 1547 397 ιιΑγιιοΝιδ
1582 335 2060 394 HALBERSTAT.
2104 333 2158 389 El

2262 333 2318 388 Ε.
2358 330 2507 387 ΟΡΡ.
2546 331 2727 391 PARS
2762 335 2826 391 ll.
2864 367 2936 378 —
2971 335 3185 394 HOMIL

585 463 742 536 quasi
785 464 884 521 ﬂos
910 446 1182 534 egreditur
1223 467 1279 513 et
1327 442 1642 521 conteritur,
1682 464 1739 510 et
1783 454 1943 508 velut
1972 454 2161 506 umbra
2191 452 2241 511 Α
2266 447 2335 501 ab
2364 446 2565 502 illicitis
2593 448 2872 516 odoribus,
2904 464 2974 505 ne
2993 465 3091 520 per
3122 451 3402 509 illecebras
3428 453 3643 511 odoris
3660 455 3743 510 ad
3763 472 3886 527 pec.

586 556 744 629 lbgit,
768 565 824 611 et
847 567 1117 623 nunquam
1149 551 1202 604 iu
1240 550 1430 604 eodem
1462 558 1602 603 statu
1652 553 1951 616 permanet.
1981 542 2160 599 Turba

584 648 731 703 enim
761 660 920 714 quam
949 640 1208 697 Dominus
1237 640 1407 710 pavit,
1452 651 1614 707 super
1658 635 1840 691 fenum
1869 634 2158 701 discubuit,

584 746 650 795 ut
695 736 1055 805 intelligamus
1105 732 1257 801 quia,
1297 730 1344 784 si
1395 727 1748 800 spiritualiter
1796 727 1864 781 ab
1917 739 1982 780 eo
2011 724 2162 779 refici

585 828 846 898 cupimus,
896 838 1121 880 necesse
1178 831 1260 878 est
1305 830 1365 875 ut
1412 819 1796 875 delectationes
1839 816 2019 872 carnis
2062 815 2165 873 sub

582 919 784 975 mentis
809 915 1052 971 dominio
1080 913 1521 983 comprimamus,
1541 911 1695 980 juxta
1731 907 1861 964 illud
1878 905 2117 977 Apostoli
2143 922 2158 960 :

589 1028 608 1063 ι
648 1009 767 1064 Νοιι
818 1014 1008 1078 regnet
1040 1012 1321 1075 peccatum
1367 1004 1423 1057 in
1465 1009 1646 1056 vestro
1671 998 1885 1055 mortali
1913 1009 2159 1067 corpore,

579 1110 642 1156 ut
694 1098 961 1157 obediatis
1007 1093 1464 1166 concupiscentiis
1513 1093 1663 1163 ejus;
1692 1091 1786 1147 sed
1838 1088 2162 1147 mortiﬁcata

580 1190 825 1247 membra
852 1196 1054 1253 vestra,
1083 1201 1204 1256 quae
1230 1193 1356 1240 sunt
1387 1198 1549 1254 super
1587 1193 1806 1246 terram,
1834 1180 1887 1235 id
1916 1188 2002 1234 est
2046 1179 2159 1234 for-

581 1284 931 1346 nicationem,
963 1277 1375 1341 immunditiam,
1423 1275 1703 1331 avaritiam
1729 1273 1902 1347 (Rom.
1923 1287 2010 1339 v1;
2042 1269 2156 1326 Coi.

580 1377 690 1448 ιιι),
721 1396 740 1428 ι
802 1383 858 1430 et
909 1381 1103 1428 caetera
1154 1370 1478 1443 bujusmodi.
1507 1386 1527 1421 ε
1584 1366 1979 1422 Discahuerunt
2032 1377 2162 1432 ergo

583 1484 603 1519 ι
648 1466 773 1531 viri,
803 1478 1028 1519 numero
1056 1461 1211 1533 quasi
1238 1461 1476 1530 quinque
1526 1457 1710 1513 millia.
1743 1475 1764 1510 ι
1800 1455 1917 1511 Νοιι
1958 1454 2162 1522 absque

577 1556 1010 1614 consideratione
1034 1552 1464 1624 prmtereundum
1515 1561 1600 1605 est
1651 1547 1795 1619 quod
1848 1546 1903 1602 in
1948 1546 2050 1600 hac
2076 1560 2167 1599 re-

580 1646 814 1702 fectione
855 1645 1067 1701 Domini
1115 1642 1262 1699 nulla
1298 1640 1497 1697 femina
1546 1638 1857 1694 interfuisse
1886 1649 2157 1692 memora-

580 1748 687 1803 tur,
717 1735 812 1793 sed
851 1733 1226 1791 tantummodo
1268 1732 1395 1787 viri.
1426 1731 1521 1786 Vir
1545 1730 1744 1800 quippe
1786 1743 1817 1781 a
1844 1726 2048 1782 viribus
2077 1725 2160 1781 di-

2265 539 2495 593 candum
2517 539 2915 608 pcrtrahamur,
2945 541 3059 605 sed,
3086 542 3230 598 sicut
3255 544 3331 598 ait
3351 545 3671 615 Apostolus
3705 566 3721 600 :
3756 568 3777 600 ο
3804 550 3884 605 Si-

2262 643 2383 683 mus
2404 628 2605 684 Christi
2632 630 2804 684 bonus
2847 632 2983 685 odor
3022 630 3154 698 Deo,
3184 635 3240 688 in
3285 638 3428 691 omni
3459 637 3593 693 loco
3631 638 3734 708 (11
3760 640 3878 696 Cor.

2261 719 2344 789 ιι).
2363 738 2382 773 ι
2397 719 2771 777 Custodiamus
2786 721 3019 793 linguam
3036 738 3066 777 a
3083 724 3876 800 maledictione,detractione,

2261 808 2513 876 falsitate,
2541 812 2966 868 murmuratione
2991 822 3047 867 et
3072 815 3247 870 otioso
3275 831 3527 873 sermone
3556 837 3574 875 :
3632 828 3725 886 et,
3761 838 3877 891 pro-

2260 909 2379 972 pter
2406 902 2786 959 tacituruitatis
2826 906 3149 974 custodiam,
3181 910 3450 966 interdum
3481 927 3514 966 a
3538 914 3731 970 bonis
3762 932 3870 971 ees-

2266 1007 2448 1051 senius
2469 993 2717 1064 eloquiis,
2735 993 2889 1063 juxta
2916 997 3047 1053 illud
3077 999 3359 1071 Propheta:
3384 1020 3398 1057 :
3427 1023 3446 1056 ι
3483 1004 3647 1071 Dixi,
3679 1006 3868 1063 Custo-

2262 1084 2405 1141 diam
2432 1087 2551 1142 vias
2572 1102 2741 1153 meas,
2771 1095 2832 1142 ut
2880 1104 2988 1145 on
3035 1089 3342 1162 delinquam
3392 1094 3445 1149 in
3486 1095 3697 1167 lingua
3732 1116 3862 1156 mea.

2259 1174 2420 1231 Posui
2451 1176 2534 1232 ori
2560 1192 2679 1232 meo
2706 1178 3034 1242 custodiam,
3065 1187 3115 1236 et
3128 1182 3411 1251 .obmutui,
3435 1195 3493 1241 et
3532 1188 3867 1248 humiliatus

2262 1279 2403 1330 sum,
2432 1275 2486 1321 ct
2506 1267 2627 1322 silui
2653 1283 2684 1322 a
2711 1269 2867 1324 bonis
2892 1267 3066 1340 (Paul.
3098 1274 3350 1344 xxxvm).
3381 1292 3401 1326 ι
3434 1275 3589 1332 lora
3634 1280 3792 1335 enim
3814 1293 3861 1337 et

2261 1357 2394 1422 vita,
2424 1366 2482 1412 ιιι
2512 1357 2766 1413 Salomon
2793 1360 2892 1425 ait,
2939 1380 2956 1413 ι
3012 1361 3069 1416 in
3116 1363 3367 1420 manibus
3414 1365 3631 1439 lingua:
3680 1370 3857 1439 (Prov.

2259 1450 2438 1518 svnt).
2472 1468 2491 1500 ι
2519 1451 2621 1505 Et:
2652 1470 2673 1504 ι
2725 1450 2826 1519 Qui
2859 1453 3096 1509 custodit
3147 1469 3209 1510 os
3262 1472 3441 1525 suum,
3495 1464 3759 1518 custodit
3799 1468 3857 1518 ab

2262 1540 2527 1609 angustiis
2555 1542 2793 1599 animam
2849 1558 3003 1599 suam
3056 1544 3404 1620 (Promxxt).
3437 1570 3458 1604 ι
3518 1552 3673 1607 Tota
3723 1556 3854 1609 enim

2260 1640 2443 1689 nostra
2507 1633 2696 1704 religio
2750 1636 3153 1705 quodammodo
3212 1643 3663 1699 commaculatur
3689 1687 3707 1710 ,
3763 1648 3852 1702 nisi

2261 1721 2459 1793 linguae
2487 1725 2910 1783 moderationem
2957 1732 3316 1799 posuerimus.
3368 1733 3530 1803 Quia,
3584 1740 3745 1793 sicut
3787 1744 3852 1795 ait

578 1831 742 1885 citur.
774 1827 930 1885 Unde
974 1827 1236 1883 Dominus
1281 1825 1350 1880 ad
1377 1825 1593 1880 beatum
1645 1822 1747 1878 Job
1793 1821 1959 1877 dicit:
1998 1837 2016 1871 ι
2049 1818 2159 1873 Ac-
2185 1813 2589 1884 IApostolus:
2644 1835 2663 1869 ι
2721 1817 3084 1889 Corrumpunt
3130 1823 3303 1880 bonos
3346 1840 3528 1882 mores
3576 1830 3849 1901 colloqma

577 1919 739 1990 cinge
783 1919 925 1974 sicut
951 1918 1036 1972 vir
1069 1916 1284 1971 lumbos
1324 1923 1444 1970 tuos
1471 1913 1592 1984 (Job
1620 1917 1873 1979 sxxvtn),
1923 1929 1942 1962 ι
1975 1910 2026 1965 id
2055 1917 2158 1973 est,

577 2013 729 2070 Sicut
763 2010 919 2068 fortis
946 2011 1211 2081 restringe
1225 2007 1510 2064 luxuriam.
1542 2007 1610 2061 Et
1634 2005 1686 2061 in
1714 2005 2024 2075 Sapientia:
2060 2021 2080 2055 ι
2115 2001 2160 2059 Ο

574 2102 700 2168 viri,
741 2102 808 2157 ad
858 2116 956 2157 vos
985 2101 1206 2155 clamito
1252 2096 1436 2169 (Prov.
1460 2098 1601 2168 vin).
1635 2116 1654 2150 ι
1714 2096 1791 2152 Ac
1841 2097 1885 2150 si
1914 2095 2155 2151 diceret:

574 2194 674 2261 Qui
696 2193 838 2249 iluxa
857 2203 913 2248 et
950 2193 1183 2248 feminea
1210 2200 1390 2246 mente
1433 2197 1577 2256 sunt,
1606 2204 1724 2244 mea
1773 2188 1937 2243 verba
1974 2187 2161 2243 audire

573 2301 684 2341 non
731 2294 975 2355 possunt.
1017 2283 1157 2339 Hinc
1180 2290 1235 2338 et
1278 2281 1333 2336 in
1363 2282 1518 2337 laude
1543 2280 1741 2352 Joseph
1790 2280 2161 2334 tribulationcs

572 2374 859 2447 Egyptias
880 2373 1094 2430 fortiter
1119 2372 1398 2429 tolerantis
1425 2372 1660 2427 dicitur:
1700 2389 1718 2424 ι
1747 2370 1887 2426 Misit
1915 2379 2038 2425 ante
2065 2384 2160 2425 eos

570 2470 746 2525 virum
769 2467 922 2539 (Gen.
950 2467 1098 2537 xcv).
1126 2486 1145 2519 ι
1167 2466 1300 2523 Cum
1322 2480 1452 2537 ergo
1473 2467 1531 2521 in
1546 2465 1649 2520 hoc
1670 2464 1918 2521 convivio
1945 2462 2160 2518 Domini

570 2559 940 2616 tantummodo
964 2559 1067 2613 viri
1094 2556 1260 2612 fuisse
1288 2557 1564 2622 dicuntur,
1596 2556 1824 2626 mystice
1876 2567 2160 2610 monemur

575 2659 654 2717 ut,
679 2652 725 2707 si
757 2666 922 2721 quam
943 2650 1128 2705 suavis
1146 2649 1217 2703 sit
1245 2648 1502 2704 Dominus
1524 2655 1743 2717 gustare
1769 2646 2157 2710 desideramus,

570 2742 674 2797 viri
703 2741 891 2805 simus,
924 2739 976 2793 id
1021 2744 1109 2793 est.
1142 2738 1309 2792 fortes
1360 2744 1551 2793 contra
1580 2736 1775 2791 diaboli
1809 2736 2157 2801 tentationcs,

573 2827 834 2899 Apostolo
866 2834 1158 2881 monente:
1188 2846 1208 2878 ι
1229 2824 1473 2881 Virililer
1486 2825 1649 2895 agite,
1681 2833 1737 2879 et
1754 2822 2155 2891 confortamini,

570 2919 752 2976 omnia
776 2927 958 2973 vestra
985 2918 1038 2973 in
1065 2917 1335 2973 cbaritate
1365 2916 1494 2970 fiant
1520 2915 1569 2987 (1
1593 2913 1717 2970 Cor.
1741 2915 1875 2986 xvi).
1905 2936 1929 2968 ι
1961 2915 2030 2970 Et
2058 2930 2159 2973 an-

568 3012 690 3084 gelo
708 3012 765 3067 in
792 3013 1147 3085 Apocalypsi:
1182 3014 1364 3069 Estote
1388 3012 1554 3069 fortes
1574 3014 1628 3068 in
1655 3013 1816 3079 bello,
1840 3020 1896 3068 et
1920 3021 2156 3084 pugnate

568 3113 759 3161 contra
790 3104 1072 3172 antiquum
1105 3114 1432 3175 serpentem.
1464 3104 1575 3162 Nec
1619 3105 1688 3160 ab
1728 3105 1829 3160 hac
1860 3103 2153 3161 refectione

2264 1905 2405 1961 mala
2433 1905 2487 1977 (Ι
2516 1904 2640 1963 Cor.
2679 1908 2790 1978 xv).
2820 1928 2840 1965 ι
2895 1910 2964 1965 Ει
3008 1911 3278 1970 Iacobus:
3309 1932 3330 1966 ι
3362 1916 3422 1971 Si
3446 1919 3573 1987 quis
3612 1930 3849 1990 [mtatse

2263 1996 2575 2067 religiosum
2614 2012 2755 2064 esse,
2802 2014 2910 2057 non
2944 2001 3227 2061 refrenans
3261 2004 3499 2077 linguam
3545 2025 3739 2075 suam,
3764 2014 3849 2065 sed

2261 2089 2527 2149 seducens
2573 2104 2668 2144 cor
2721 2106 2899 2157 suum,
2949 2093 3111 2162 hujus
3151 2111 3289 2153 vana
3334 2106 3419 2153 est
3449 2099 3655 2171 religio
3710 2102 3845 2169 (Jac.

2261 2179 2322 2252 ι).
2352 2199 2371 2233 ι
2429 2179 2809 2240 Custodiamus
2836 2200 3029 2242 manus
3065 2189 3133 2244 ab
3175 2187 3440 2246 eﬂ‘usione
3482 2195 3791 2264 sanguinis,
3815 2211 3843 2249 a

2260 2277 2638 2346 persecutione
2658 2283 2712 2331 et
2740 2276 2963 2334 laesione
3002 2280 3254 2349 proximi,
3283 2289 3339 2337 et
3362 2297 3457 2338 eas
3503 2299 3732 2355 semper
3755 2304 3843 2357 pa-

2266 2376 2414 2422 ratas
2458 2368 2525 2422 ad
2574 2368 2976 2440 eleemosynam
3032 2370 3352 2438 habeamus,
3398 2383 3459 2429 et
3495 2376 3565 2430 ad
3604 2377 3665 2432 id
3703 2380 3840 2447 quod

2258 2459 2459 2515 bonum
2496 2470 2581 2515 est
2627 2461 2958 2531 operandum
2986 2464 3434 2532 promptissimam
3464 2476 3527 2522 ιιι
3550 2484 3680 2524 eum
3708 2469 3839 2525 Pre-

2258 2551 2422 2622 pbeta
2457 2552 2637 2608 dicere
2687 2553 2993 2623 possimus:
3035 2572 3054 2605 ι
3089 2555 3305 2612 Lavabo
3334 2557 3476 2615 inter
3523 2560 3840 2618 innocentes

2258 2658 2451 2699 manus
2495 2653 2754 2711 meas,_et
2804 2645 3155 2701 circumdabb
3191 2648 3366 2705 altare
3394 2659 3564 2717 tuum,
3608 2652 3837 2709 Domine

2260 2729 2431 2801 (Paul.
2456 2733 2608 2804 xxv).
2641 2751 2659 2785 ι
2699 2732 2853 2800 Quod
2893 2735 2939 2790 si
2973 2733 3280 2803 fecerimus,
3308 2739 3376 2793 ad
3409 2740 3692 2797 millenarii
3742 2760 3841 2798 nn-

2258 2822 2393 2877 meri
2429 2822 2817 2892 perfectionem
2868 2827 3233 2895 pervenimus.
3284 2828 3605 2887 Millenarius
3627 2833 3840 2903 quippe

2258 2927 2535 2978 numerus,
2572 2913 2710 2973 ultra
2742 2930 2903 2984 quem
2931 2916 3077 2973 nulla
3107 2919 3439 2989 computatio
3483 2920 3703 2988 crescit,
3748 2936 3841 2978 eo-

2258 3019 2378 3061 rum
2420 3004 2810 3074 perfectionem
2865 3007 3136 3076 significat
3169 3009 3261 3080 qui
3300 3011 3556 3080 perfectae
3581 3028 3839 3069 consum-

2257 3101 2522 3165 matteque
2563 3106 2692 3151 sunt
2730 3097 2968 3153 virtutis.
3013 3096 3222 3163 Quibus
3278 3100 3359 3170 (ut
3404 3100 3480 3155 ait
3520 3100 3839 3174 Apostolus)

569 3194 849 3253 Dominiea
892 3194 1091 3251 femina
1117 3165 1299 3265 jejuna
1327 3196 1649 3262 remanebit,
1679 3196 1723 3252 si
1756 3212 1889 3252 sexu
1915 3195 2148 3252 femineo

2262 3185 2389 3239 nihil
2407 3185 2557 3243 deest
2576 3186 2629 3242 in
2645 3187 2751 3243 ulla
2773 3189 2967 3258 gratia,
2984 3165 3415 3260 exspectantibus
3442 3165 3839 3257 revelationeni

571 3285 808 3342 viriliter
860 3294 1191 3342 tentamenta
1242 3287 1442 3343 diaboli
1503 3289 1885 3357 compresserit
1934 3306 1946 3342 :
2009 3288 2150 3343 sicut

566 3389 598 3431 e
617 3384 806 3431 contra
841 3375 925 3430 vir
945 3389 1078 3430 sexu
1103 3374 1351 3431 feminea:
1369 3376 1565 3432 mentis
1602 3376 1848 3441 efﬁcitur,
1886 3376 1932 3432 si
1957 3384 2147 3432 contra

2252 3274 2461 3331 Domini
2484 3278 2655 3334 nostri
2686 3277 2813 3335 Jesu
2841 3278 3044 3336 Christi
3076 3279 3126 3351 (I
3160 3280 3283 3336 Cor.
3307 3280 3369 3352 ι).

2324 3385 2344 3419 ι
2376 3367 2598 3438 Accepit
2623 3384 2753 3441 ergo
2772 3368 2930 3431 Jesus
2960 3386 3149 3442 panes,
3175 3381 3264 3439 et,
3296 3388 3417 3430 eum
3452 3376 3664 3446 gratias
3694 3379 3836 3449 egis-

564 3467 824 3537 ίηιρθιωη
854 3466 1167 3523 muttonis
1197 3466 1371 3523 monis
1398 3465 1839 3523 ειάίεεοιυιιιείη
1864 3481 2028 3537 opere
2048 3480 2148 3523 su.
2252 3475 2270 3509 ι
2306 3467 2389 3547 set
2416 3498 2430 3524 ,
2482 3459 2756 3517 distribuit
2807 3460 3289 3519 discumbentibus.
3351 3463 3611 3521 Similiter
3665 3476 3730 3522 et
3775 3484 3837 3525 ex

564 3558 857 3614 invenitur.
894 3559 975 3613 Ad
1003 3574 1234 3628 quorum
1264 3558 1719 3628 vituperationem
1765 3558 1962 3615 dicitur
1987 3576 2001 3612 :
2028 3575 2048 3609 ι
2078 3558 2146 3615 Ει
2253 3567 2272 3600 ί
2304 3550 2542 3620 PiSCibUS
2593 3559 2855 3621 quantum
2913 3552 3182 3609 volebant.
3222 3575 3242 3607 ι
3293 3554 3448 3611 Alius
3500 3558 3832 3628 evangelista

563 3651 859 3707 efeminati
882 3651 1303 3708 dominabuntur
1325 3651 1408 3706 eis
1436 3650 1573 3720 (Ira.
1596 3650 1703 3721 ιιι).
1731 3668 1751 3701 ι
1781 3650 1925 3705 Bene
1963 3658 2146 3706 autem
2247 3639 2376 3696 die“
2401 3642 2545 3712 quod
2591 3643 2863 3713 accipiens
2886 3643 3045 3702 Iesus
3071 3662 3258 3717 panes,
3311 3642 3518 3717 gratias
3544 3664 3717 3721 agens
3742 3652 3835 3707 he-

562 3743 805 3812 quinque
831 3740 1004 3796 millia
1035 3740 1318 3794 hominum
1354 3737 1524 3794 fuisse
1553 3737 1881 3803 referuntur,
1926 3747 2146 3809 propter
2247 3732 2476 3800 nedixit,
2516 3731 2697 3805 fregit,
2726 3736 2874 3791 dedit
2899 3736 3175 3806 discipulis
3203 3739 3336 3804 suis,
3368 3748 3429 3793 ut
3477 3751 3831 3810 apponerent,

564 3831 801 3901 quinarii
827 3829 1039 3885 numeri
1076 3828 1486 3900 perfectionem.
1538 3828 1828 3896 Quinarius
1871 3831 2015 3886 enim
2039 3848 2145 3886 nu-
2246 3832 2304 3881 el
2338 3835 2707 3895 apposuerunt
2742 3826 2912 3883 turba:
2969 3828 3185 3898 (Matth.
3212 3829 3346 3900 XN).
3388 3828 3509 3888 lam
3551 3833 3702 3888 enim
3750 3850 3837 3890 su-

565 3937 749 3978 inerus
786 3920 856 3977 ad
884 3920 1121 3991 quinque
1163 3932 1353 3977 sensus
1388 3920 1633 3991 corporis
1669 3921 1921 3991 pertinet,
1968 3921 2145 3977 visum
2242 3912 2425 3983 ρθτὶυε
2452 3928 2549 3984 per
2585 3929 2752 3984 panes
2788 3915 2960 3987 legem
3013 3916 3180 3989 Moysi
3225 3918 3515 3989 signiﬁcari
3556 3920 3834 3988 diximus.

567 4012 800 4079 scilicet,
825 4012 1087 4075 auditum,
1125 4020 1361 4082 gustum,
1400 4013 1680 4069 odoratum
1701 4020 1758 4068 et
1784 4022 2006 4073 tactum.
2032 4012 2146 4069 Hos
2245 4010 2301 4058 et
2332 4016 2430 4072 per
2456 4003 2631 4074 pisces
2656 4005 2874 4060 oracula
2920 4007 3306 4076 prophetarum
3336 4017 3395 4064 et
3430 4009 3639 4067 cantica
3682 4010 3834 4067 Psal-

564 4107 729 4175 igitur
749 4119 941 4161 sensus
966 4103 1195 4159 sollicite
1219 4104 1492 4160 custodire
1517 4103 1797 4171 debemus,
1819 4104 1865 4161 si
1896 4106 2147 4161 convivio
2244 4107 2479 4163 morum-
2516 4094 2740 4167 Αοοθρίι
2766 4111 2895 4168 Θιέο
2930 4096 3089 4154 185118
3112 4112 3301 4168 Palles.
3349 4099 3531 4172 0‘96“.
3580 4110 3638 4157 ει
3682 4103 3835 4159 dedit

564 4195 777 4250 Domini
807 4195 1075 4251 interesse
1120 4194 1384 4249 volumus.
1429 4194 1809 4252 Custodiamus
1841 4195 2025 4251 oculos
2074 4197 2153 4253 ab.

2262 4184 2540 4255 liscipulis,
2593 4188 2808 4257 quando
2860 4199 2983 4259 post
3017 4193 3470 4249 resurrectionem
3520 4208 3676 4250 suam
3710 4209 3836 4251 sen-

564 4288 749 4343 illtcito
781 4287 925 4353 visu,
960 4301 1030 4342 ne
1055 4285 1271 4342 videant
1305 4287 1447 4356 quod
1489 4287 1898 4356 concupiscant,
1920 4294 2144 4357 propter
2244 4291 2364 4332 sum
2390 4278 2443 4332 in
2473 4278 2588 4350 lege
2630 4278 2747 4349 ejus
2786 4281 3017 4351 aperuit,
3051 4283 3259 4339 scilicet
3294 4284 3533 4354 quando,
3564 4285 3833 4356 incipiens

565 4380 694 4435 illud
720 4378 865 4449 quod
892 4377 1156 4437 Βοωίηιιε
1192 4378 1302 4437 ait:
1334 4396 1354 4431 ι
1406 4376 1507 4444 Qui
1543 4378 1742 4435 viderit
1767 4378 2047 4437 mulierem
2071 4379 2144 4435 ad
2245 4383 2274 4423 a
2304 4368 2489 4442 Moyse
2511 4379 2568 4427 et
2595 4373 2848 4428 omnibus
2875 4374 3175 4444 prophetis,
3234 4375 3697 4446 interpretabatur
3728 4376 3833 4431 illis

561 4472 1048 4542 concupiscendum
1086 4485 1227 4537 eam,
1277 4469 1391 4538 jam
1442 4471 1745 4526 moechatus
1792 4479 1875 4525 est
1918 4484 2037 4526 eam
2088 4470 2143 4526 in
2171 4511 2221 4542 η
2248 4458 2558 4534 Scripturas
2584 4462 2641 4519 in
2673 4462 2924 4523 omnibus
2957 4479 3078 4534 quae
3137 4465 3202 4519 de
3252 4464 3343 4521 illo
3374 4472 3556 4521 erant.
3604 4464 3835 4535 Accepit

561 4566 723 4623 corde
774 4580 875 4621 suo
903 4563 1119 4641 (Matth.
1141 4562 1218 4634 ν).
1251 4582 1270 4615 ι
1306 4562 1373 4616 Ει
1425 4562 1618 4619 itewm
1646 4580 1660 4615 :
1696 4579 1715 4612 ι
1777 4561 1891 4617 Non
1936 4577 2139 4618 concu-
2168 4551 2220 4575 "
2245 4551 2407 4606 etiam
2437 4553 2633 4623 Pisces,
2661 4552 2844 4625 fregit,
2874 4554 3099 4615 etdedit
3127 4554 3423 4625 discipulis.
3448 4555 3664 4624 quando
3693 4565 3755 4612 et
3778 4557 3832 4613 in

562 4660 739 4729 pisces
766 4674 883 4717 rem
935 4657 1169 4727 proximi
1200 4656 1274 4711 tui
1317 4656 1513 4727 (Exod.
1559 4656 1672 4726 xx).
1704 4676 1722 4708 ι
1767 4656 1839 4714 Ut
1873 4672 1993 4713 cum
2042 4655 2143 4714 Job
2244 4643 2473 4700 Psalmis
2505 4653 2560 4701 et
2585 4644 2868 4715 Prophetis
2906 4646 3239 4715 spiritualem
3284 4647 3619 4705 intellectum
3641 4658 3832 4705 osten-

563 4751 743 4806 dicere
769 4750 1082 4806 valeamus:
1118 4766 1137 4801 ι
1174 4748 1357 4819 Pepigi
1396 4747 1572 4804 fmdus
1608 4764 1729 4811 cum
1759 4748 1930 4805 oculis
1981 4750 2138 4816 meis,
2244 4737 2322 4791 dit
2343 4736 2468 4803 illis,
2497 4736 2687 4802 dicens
2728 4736 2877 4808 (Luc.
2904 4736 3052 4809 χχιι)
3081 4755 3095 4792 :
3148 4736 3283 4805 Quia
3319 4738 3402 4794 sic
3435 4740 3699 4811 scriptum
3747 4749 3831 4797 est

563 4856 634 4897 ne
668 4840 964 4915 gnum-em
1000 4839 1218 4909 quidem
1251 4840 1316 4895 de
1343 4839 1546 4910 virgine
1572 4838 1696 4911 (Job
1740 4839 1911 4912 χχιι),
1943 4859 1960 4893 ι
1986 4839 2143 4907 Quod
2243 4828 2297 4883 in
2328 4827 2444 4898 lege
2472 4827 2641 4899 Moysi
2683 4837 2740 4883 et
2765 4828 3051 4901 PrOpbetis
3078 4837 3131 4885 et
3158 4827 3390 4886 Psalmis
3418 4831 3487 4887 de
3513 4848 3622 4887 me.
3650 4831 3724 4887 Et
3754 4836 3833 4891 sic

566 4941 626 4988 ut
672 4930 856 4988 facere
900 4931 1170 4999 possimus
1190 4968 1206 4995 ,
1250 4931 1465 4989 assidue
1517 4947 1639 4991 cum
1697 4931 1965 5003 Propheta
2011 4947 2136 4988 ore-

2262 4918 2481 4989 )portuit
2507 4918 2619 4988 pati
2663 4918 2959 4984 Christum,
2990 4927 3047 4975 et
3090 4934 3374 4992 resurgere
3415 4936 3447 4976 a
3495 4923 3734 4980 mortuis
3777 4932 3833 4981 et

566 5042 712 5094 mus,
764 5025 1043 5082 dicentes:
1076 5044 1095 5078 ι
1126 5025 1325 5089 Averte
1364 5027 1551 5083 oculos
1603 5041 1773 5091 meos,
1807 5041 1875 5083 ne
1923 5025 2142 5082 videant

2262 5017 2453 5065 .ntrare
2483 5008 2537 5063 in
2564 5008 2789 5079 gloriam
2843 5023 3018 5077 suam,
3066 5019 3121 5069 et
3168 5011 3452 5085 praedicari
3499 5014 3556 5069 in
3606 5017 3832 5073 nomine

563 5116 856 5173 vanitatem
904 5114 1077 5189 (Paul.
1128 5116 1338 5188 exvm).
1371 5137 1391 5171 ι
1421 5116 1799 5173 Custodiamus
1849 5128 2026 5179 aures,
2071 5126 2139 5169 ne

2262 5098 2363 5170 :jus
2414 5101 2788 5159 remissionem
2854 5105 3093 5165 omnium
3147 5114 3513 5177 peccatorum.
3569 5108 3834 5179 Discipuli

563 5211 797 5267 libenter
856 5210 1076 5266 audiant
1138 5211 1303 5287 verba
1362 5207 1793 5271 maledictiouis,
1845 5206 2141 5262 detractio-

2262 5200 2425 5249 intem
2445 5202 2810 5265 apposuerunt
2856 5195 3047 5264 turba,
3091 5196 3308 5268 quando
3351 5197 3600 5259 eamdem
3626 5200 3832 5259 intelli.

563 5302 669 5370 nis,
721 5301 972 5359 falsitatis
1004 5311 1060 5359 et
1114 5301 1483 5364 scurrilitatis,
1524 5297 1623 5357 sed
1669 5311 1882 5366 semper
1939 5306 2141 5369 aperta)

2262 5286 2479 5356 gentiam
2524 5286 2780 5359 universo
2821 5288 2943 5345 orbi
3000 5289 3448 5365 pradicaveruut.
3499 5291 3579 5349 De
3626 5293 3833 5365 quibus

563 5395 675 5451 sint
715 5394 785 5452 ad
828 5394 1069 5450 divinum
1120 5395 1346 5450 verbum
1397 5390 1742 5456 audiendum,
1782 5398 1844 5444 ut
1879 5405 2004 5447 cum
2038 5389 2149 5449 Job.
2245 5378 2473 5435 dicitur:
2511 5399 2529 5431 ι
2566 5379 2625 5435 ln
2647 5395 2865 5441 omnem
2892 5390 3094 5447 terram
3120 5384 3290 5441 exivit
3313 5401 3481 5443 sonus
3519 5403 3736 5455 eorum,
3774 5396 3835 5453 et

561 5486 745 5544 dicere
792 5491 1062 5557 possimus
1104 5504 1117 5540 :
1162 5503 1187 5538 α
1221 5482 1421 5539 Audito
1461 5482 1607 5537 auris
1667 5480 1845 5537 audivi
1895 5490 1969 5548 te,
2028 5480 2138 5536 Do-
2244 5472 2299 5528 in
2336 5473 2474 5531 ﬁnes
2492 5474 2643 5530 orbis
2673 5482 2833 5531 terra!
2853 5476 3019 5539 verba
3047 5491 3235 5532 eorum
3266 5478 3440 5545 (Ptol.
3465 5481 3644 5553 xvtn).
3674 5499 3693 5533 ι
3724 5481 3833 5539 Βι-

563 5578 708 5635 mine
769 5577 891 5650 (Job
930 5578 1084 5648 χιιι),
1142 5594 1163 5629 ι
1214 5574 1353 5630 Hinc
1405 5588 1504 5635 nos
1550 5573 1810 5643 propheta
1865 5573 2137 5642 admonet,
2242 5563 2483 5623 fecturus
2501 5575 2683 5624 autem
2711 5568 2970 5625 Dominus
3005 5570 3240 5634 turbam,
3267 5571 3474 5642 gratias
3517 5574 3631 5643 egit
3647 5573 3831 5643 Patri,

560 5671 784 5727 dicens:
817 5688 837 5720 ι
866 5668 993 5739 Sepi
1033 5681 1192 5722 aures
1230 5674 1350 5721 tuas
1391 5665 1582 5735 Spinis,
1608 5680 1675 5720 ne
1713 5666 1936 5721 audiant
1973 5666 2135 5720 verba
2242 5674 2347 5714 non
2370 5667 2431 5715 ut
2458 5659 2658 5731 aliquid
2691 5658 2956 5731 indigeret
2979 5660 3048 5716 ab
3075 5676 3143 5716 eo
3181 5660 3475 5733 postulare,
3509 5663 3603 5734 qui
3625 5673 3831 5721 cuncta

563 5761 965 5821 Mahentium
996 5756 1185 5831 (Eccli.
1238 5755 1448 5828 xxvnt).
1482 5776 1499 5811 ι
1554 5756 1933 5835 Custodiamus
1977 5770 2137 5823 nares
2240 5754 2509 5825 postulata
2534 5754 2625 5815 dat
2647 5768 2767 5815 cum
2796 5753 2993 5819 Patre:
3035 5755 3131 5811 sed
3181 5763 3242 5810 ut
3282 5756 3593 5815 ostenderet
3634 5757 3837 5829 omnia
