3994 6354
97 309 201 366 203

1304 294 1610 359 HOWLUE
1653 294 1742 350 DE
1783 293 2133 355 TEMPORE.

3283 246 3407 395 et

101 438 281 490 sancta
310 437 365 487 et
385 428 535 501 justa
560 429 629 484 ab
652 441 718 485 eo
741 440 862 483 esse
888 423 1205 498 quaerenda,
1229 422 1295 478 de
1320 436 1428 492 quo
1452 418 1686 474 Jacobus

1818 439 2000 493 atione
2019 438 2183 495 colles
2202 438 2572 511 accingentur.
2608 437 2786 496 lnduti
2804 446 2932 497 sunt
2953 437 3153 495 arietes
3170 437 3351 494 ovium
3367 478 3384 506 ,

104 523 372 599 apostolus
414 523 527 578 ait:
567 541 588 574 ι
644 520 816 579 Omne
867 520 1053 577 datum
1100 516 1366 589 optimum
1430 523 1484 570 et
1530 529 1695 568 omne

106 622 299 677 donum
326 614 625 690 perfectum
649 615 933 671 desursum
973 618 1076 681 est,
1110 609 1448 667 descendens
1470 624 1502 663 a
1533 608 1695 664 Patre

106 712 363 768 luminum
386 708 529 783 (Jac.
552 707 615 781 ι).
650 726 669 757 ι

177 825 197 859 ι
230 804 302 861 Ut
343 809 524 859 autem
557 798 763 872 impleti
812 807 960 865 sunt,
1010 797 1150 854 dixit
1202 794 1484 865 discipulis
1533 792 1694 848 suis:

114 896 404 969 «Colligite
457 888 578 965 qua:
633 900 1033 965 superaverunt
1077 890 1380 960 fragmenta
1411 928 1427 953 ,
1484 901 1551 942 ne
1572 901 1699 958 per-

113 997 300 1046 ceant.
342 1006 361 1040 ι
409 983 598 1057 Magna
655 984 745 1041 hic
795 981 1011 1038 Domini
1064 980 1307 1052 potentia
1368 977 1700 1039 ostenditur.

113 1080 200 1140 sed
233 1093 345 1134 non
379 1077 561 1133 minor
587 1075 705 1148 ejus
736 1073 1016 1131 humilitas
1036 1071 1363 1129 declaratur.
1397 1068 1589 1139 Magna
1618 1070 1704 1123 est

109 1171 248 1228 enim
298 1175 547 1241 potestas
585 1166 652 1222 de
679 1165 919 1236 quinque
965 1163 1198 1237 panibus
1240 1161 1482 1232 quinque
1531 1158 1700 1215 millia

110 1261 383 1317 hominum
432 1258 672 1326 satiare;
710 1256 806 1314 sed
853 1255 995 1312 mira
1048 1253 1343 1323 humilitas,
1399 1251 1701 1321 fragmenta

110 1368 221 1424 quae
271 1358 659 1408 remanserunt
705 1364 813 1405 non
866 1345 1004 1405 velle
1029 1346 1230 1419 perire.
1281 1344 1337 1399 Si
1376 1351 1555 1399 autem
1604 1357 1704 1413 per

109 1459 270 1515 panes
303 1441 585 1512 Scriptura
612 1438 956 1512 intelligitur,
976 1445 1037 1493 ut
1063 1436 1269 1492 dictum
1291 1442 1394 1500 est,
1415 1447 1701 1505 possumus

108 1546 157 1593 et
205 1552 305 1609 per
367 1534 676 1606 fragmenta
720 1547 841 1605 quae
896 1537 1301 1594 remanserunt,
1358 1525 1703 1583 obscuriores

110 1643 347 1701 quasque
398 1626 701 1691 sententias
748 1613 990 1697 ejusdém
1034 1621 1331 1691 Scriptura:
1377 1616 1697 1689 intelligere.

1802 537 1858 586 et
1888 528 2057 584 valles
2081 529 2433 586 abundabunt
2456 529 2726 587 frumento
2753 527 2925 601 (Psal'.
2951 527 3119 599 thv).
3153 547 3173 580 ι
3408 582 3413 589 ,

1877 637 1895 672 ι
1919 619 1998 675 llli
2019 635 2150 690 ergo
2176 620 2447 686 homines,
2465 634 2587 674 cum
2611 621 2872 676 vidissent
2898 619 3040 689 quod
3060 615 3221 674 Jesus
3248 615 3392 673 fece-

1810 733 1827 764 ι
1866 722 1950 767 rat
1967 712 2201 781 signum,
2219 710 2492 767 dicebant:
2511 710 2645 778 Quia
2665 711 2754 767 hic
2768 718 2850 767 est
2864 725 2992 768 vere
3004 710 3286 783 propheta,
3298 709 3403 781 qui-

1809 819 1828 851 ι
1868 810 2127 858 venturus
2150 809 2237 857 est
2259 801 2313 856 in
2342 801 2622 857 mundum.
2655 820 2676 852 ι
2711 801 2906 857 Merito
2932 802 3179 859 homines
3207 800 3391 874 appel-
3436 826 3445 835 -

1803 894 1984 951 lantur
2005 897 2074 951 ab
2096 895 2446 966 evangelista,
2465 895 2590 964 quia
2604 895 2843 959 humana
2859 905 3068 957 tantum
3088 896 3392 967 sepiebant.

1805 984 2066 1043 Videntes
2090 988 2234 1043 enim
2260 986 2364 1044 tale
2394 996 2710 1056 tantumque
2734 987 3076 1055 miraculum,
3098 988 3396 1045 debuerant

1804 1080 1986 1139 dicere
2029 1078 2185 1149 Quod
2237 1079 2327 1135 hic
2372 1086 2456 1137 est
2496 1091 2624 1134 vere
2662 1076 2834 1135 Filius
2872 1077 3001 1144 Dei,
3049 1079 3143 1149 qui
3165 1079 3315 1135 venit
3342 1078 3398 1135 in

1803 1173 2086 1227 mundum.
2106 1170 2237 1237 Sed,
2259 1171 2386 1240 quia
2414 1169 2663 1231 homines
2684 1176 2862 1235 erant,
2882 1177 2940 1225 et
2967 1169 3201 1225 humana
3227 1169 3401 1241 sapie—

1803 1263 1966 1329 bant,
2012 1261 2207 1317 Filium
2248 1261 2343 1318 Dei
2380 1268 2654 1327 tacentes,
2694 1259 3012 1330 prophetam
3048 1259 3397 1317 confitentur.

1805 1353 1914 1411 Sed
1935 1368 2037 1409 nec
2058 1354 2113 1409 in
2131 1359 2243 1409 toto
2256 1361 2464 1418 errant,
2478 1367 2602 1411 cum
2623 1351 2911 1408 Dominum
2932 1351 3251 1421 prophetam
3269 1365 3400 1407 con-

1805 1445 2051 1510 fitentur,
2079 1444 2205 1514 quia
2232 1443 2375 1499 sicut
2395 1443 2512 1513 ipse
2539 1443 2606 1498 de
2626 1442 2803 1513 seipso
2825 1441 2903 1496 ait
2930 1458 2941 1494 :
2972 1459 2989 1492 ι
3020 1438 3138 1497 Non
3161 1449 3245 1497 est
3271 1456 3401 1512 pro-

1802 1535 1965 1607 pheta
2014 1535 2134 1591 sine
2178 1534 2386 1589 honore
2409 1572 2428 1599 ,
2475 1532 2581 1589 nisi
2622 1532 2677 1587 in
2717 1531 2880 1591 domo
2922 1538 2979 1586 et
3020 1530 3072 1584 in
3101 1530 3277 1600 patria
3304 1545 3401 1586 sua

1805 1626 1997 1699 (Marc.
2026 1626 2124 1698 vr).
2160 1646 2178 1678 ›
2207 1626 2274 1681 Ει
2299 1626 2495 1681 iterum
2523 1643 2536 1681 :
2569 1645 2588 1677 ι
2626 1623 2744 1681 Non
2768 1630 2983 1694 oportet
3008 1620 3144 1679 mori
3163 1622 3399 1693 prophe-

110 1719 255 1787 Quod
283 1732 418 1789 ergo
467 1716 676 1788 plebeia
714 1715 1004 1773 multitudo
1062 1729 1172 1771 non
1227 1711 1387 1782 capit,
1441 1709 1700 1766 Dominus
1805 1725 1914 1773 tam
1961 1725 2118 1773 extra
2165 1715 2463 1772 Jerusalem
2506 1714 2672 1787 (Luc.
2699 1713 2856 1785 xm).
2890 1733 2907 1765 ι
2953 1711 3060 1769 Sed
3101 1728 3201 1769 nos
3230 1712 3298 1769 ab
3335 1728 3404 1769 eo

106 1812 364 1885 apostolis
399 1818 459 1868 ut
512 1810 828 1882 colligerent
852 1807 1148 1881 praecepit:
1192 1807 1317 1879 quia
1358 1805 1700 1860 obscuriores
1730 1794 1776 1854 Β
1803 1806 1971 1874 docti,
2000 1816 2054 1863 et
2100 1806 2305 1878 Spiritu
2352 1815 2539 1862 sancto
2586 1805 2874 1873 instructi,
2913 1804 3106 1860 horum
3156 1804 3405 1876 exempla

106 1904 423 1969 sententias,
476 1917 614 1975 quas
643 1901 875 1972 simplex
919 1898 1204 1955 multitudo
1234 1910 1430 1966 capere
1460 1910 1566 1950 non
1606 1908 1703 1963 po-
1805 1900 2136 1971 refugientes
2160 1940 2176 1966 ,
2219 1901 2577 1955 eontiteamur
2632 1915 2758 1955 cum
2797 1898 2960 1957 Petro
3017 1897 3145 1967 quia
3185 1896 3277 1953 hic
3317 1905 3406 1955 est

108 2003 222 2061 test,
276 1994 523 2067 magistri
552 1991 832 2057 Ecclesiae,
885 1988 1123 2062 episc0pi
1173 1986 1383 2043 scilicet
1433 1994 1489 2041 et
1516 1999 1701 2041 sacer-
1743 2055 1750 2064 _
1802 1992 1975 2047 Filius
2006 1991 2101 2046 Dei
2131 1992 2274 2057 vivi,
2306 1992 2399 2061 qui
2424 1999 2647 2062 propter
2688 2005 2795 2051 nos
2827 1998 2882 2047 et
2907 1997 3129 2061 propter
3155 1998 3402 2047 nostram

108 2087 280 2153 dotes,
325 2086 380 2141 in
404 2084 639 2159 propriis
690 2082 1002 2154 pectoribus
1051 2080 1251 2136 debent
1293 2078 1611 2143 recondere,
1642 2084 1704 2133 ut

108 2183 349 2249 tempore
378 2174 722 2231 necessitatis
766 2174 891 2230 non
917 2171 1092 2228 solum
1133 2169 1200 2226 ad
1231 2184 1353 2224 eam
1381 2169 1701 2234 docendam,

106 2266 193 2323 sed
225 2266 299 2323 ad
345 2264 741 2327 defendendam
772 2262 951 2319 idonei
999 2261 1364 2318 inveniantur.
1400 2258 1553 2315 Unde
1576 2271 1701 2329 apo-

105 2358 276 2414 stolus
341 2356 564 2423 Paulus,
603 2372 727 2413 cum
778 2356 1008 2411 virtutes
1058 2353 1297 2426 episcopi
1349 2351 1702 2417 describeret,

106 2448 394 2506 scientiam
422 2446 831 2519 Scripturarum
872 2447 926 2501 in
953 2460 1017 2502 eo
1049 2444 1347 2516 eligendam
1376 2457 1500 2499 esse
1526 2450 1708 2500 osten-

108 2540 199 2606 dit,
226 2540 457 2595 dicens:
493 2557 512 2591 (
570 2536 917 2593 Obtinentem
968 2550 1114 2602 eum,
1146 2534 1236 2604 qui
1285 2532 1582 2591 secundum
1611 2531 1708 2586 do-

110 2633 336 2689 ctrinam
367 2638 475 2697 est,
528 2630 743 2685 fidelem
799 2642 1131 2693 sermonem,
1177 2633 1239 2681 ut
1288 2632 1486 2695 potens
1511 2624 1583 2679 sit
1610 2638 1708 2678 ex-

113 2722 321 2779 hortari
354 2722 410 2778 in
450 2720 698 2776 doctrina
745 2734 901 2784 sana,
949 2727 1005 2773 et
1055 2716 1487 2772 contradicentes
1518 2715 1708 2770 redar-

115 2831 275 2887 guere
301 2813 434 2886 (Tit.
459 2810 522 2886 ι).
569 2831 587 2864 ι
646 2810 905 2883 Quamvis
953 2808 1096 2865 enim
1150 2807 1344 2863 melior
1393 2806 1467 2860 sit
1518 2813 1707 2860 sancta

118 2908 423 2980 simplicitas
493 2919 659 2976 quam
713 2902 871 2959 docta
926 2899 1155 2966 malitia,
1198 2906 1379 2954 tamen
1430 2895 1709 2971 magistris

116 2999 362 3055 Ecclesiae
395 3004 686 3065 utrumque
729 2992 1001 3056 convenit,
1044 2998 1104 3045 ut
1147 2997 1204 3049 et
1249 2996 1435 3045 saneta
1479 2989 1550 3043 sit
1596 2988 1709 3043 vita

120 3099 332 3161 propter
376 3087 708 3158 exemplum,
756 3095 814 3145 et
854 3084 1013 3140 docta
1057 3082 1238 3154 lingua
1274 3089 1495 3152 propter
1526 3078 1707 3136 erudi-

1804 2084 2035 2139 salutem
2058 2083 2206 2140 venit
2235 2084 2290 2139 in
2320 2083 2601 2151 mundum,
2628 2091 2685 2140 et
2705 2083 2905 2143 iterum
2924 2090 3187 2139 venturus
3207 2090 3294 2138 est
3311 2080 3403 2154 ju-

1805 2175 1988 2233 dicare
2016 2176 2165 2232 vivos
2192 2184 2250 2232 et
2270 2184 2539 2233 mortuos.

2416 2305 2699 2362 HOMILIA
2735 2305 2798 2362 L.
2828 2302 2837 2307 ﬁ

2173 2432 2332 2472 nam
2367 2431 2606 2472 securum
2640 2431 2773 2472 rosr
2809 2415 3031 2473 Laetare.

1881 2532 2057 2607 (JOAN.
2087 2532 2177 2603 ιι.)
2209 2552 2228 2584 ι
2262 2531 2555 2588 Descendit
2575 2530 2735 2588 Jesus
2765 2530 3179 2602 Capharnaum,
3211 2531 3327 2604 ipse
3349 2541 3406 2590 et
3478 2540 3489 2558 ‘

1816 2649 1834 2681 ι
1870 2638 2048 2684 mater
2076 2624 2217 2695 ejus,
2245 2634 2299 2681 et
2324 2625 2524 2681 fratres
2545 2624 2682 2695 ejus,
2699 2632 2756 2681 et
2783 2625 3031 2696 discipuli
3055 2625 3195 2696 ejus,
3223 2625 3405 2696 ibique

1816 2741 1834 2773 ι
1871 2728 2190 2776 manserunt
2218 2735 2323 2774 non
2351 2719 2537 2774 multis
2554 2720 2763 2774 diebus.
2789 2719 2856 2774 Et
2877 2733 3046 2789 prope
3064 2719 3403 2778 eratPascha

1816 2831 1839 2865 ι
1861 2812 2192 2877 Judaeorum,
2205 2818 2262 2864 et
2274 2807 2689 2865 ascenditJesus
2702 2807 3151 2880 Hierosolymam,
3174 2829 3192 2862 ι
3212 2810 3404 2867 etreli-

1809 2903 2098 2973 qua.Bene
2124 2901 2271 2957 enim
2303 2899 2633 2971 evangelista
2669 2899 2747 2954 ait
2769 2899 3116 2959 descendisse
3139 2900 3325 2957 Jesum
3344 2902 3409 2959 in.

1810 2995 2214 3066 Capharnaum.
2248 2992 2629 3064 Capharnaum
2652 3009 2783 3049 vero
2811 2993 2936 3049 vitta
2956 2995 3403 3065 pulcherrimam.

1812 3095 2106 3159 terpretatu
2114 3103 2160 3152 r,
2176 3086 2490 3158 signiﬁcans
2506 3087 2576 3142 bu
2584 3100 2650 3141 nc
2663 3086 2946 3152 mundum,
2963 3086 3030 3140 ad
3042 3102 3203 3157 quem
3218 3087 3403 3143 Domi-

123 3184 315 3238 tionem
342 3180 591 3237 aliorum.
626 3179 783 3237 Unde
820 3177 1078 3233 Dominus
1101 3176 1213 3230 ait:
1249 3194 1268 3227 ι
1303 3173 1493 3231 Omnis
1520 3174 1700 3231 scriba
1722 3149 1777 3221 Ω
1805 3149 1915 3236 nus
1929 3186 2114 3235 noster
2135 3149 2293 3233 lesus
2320 3175 2571 3234 Christus
2599 3192 2698 3248 pro
2720 3176 2893 3233 salute
2919 3149 3140 3235 humani
3159 3180 3399 3250 generis,

122 3277 309 3331 doctus
341 3276 397 3330 in
440 3288 609 3346 regno
636 3270 920 3336 caelorum,
952 3268 1144 3325 similis
1169 3275 1252 3325 est
1297 3267 1505 3325 homini
1529 3266 1701 3339 patri-

127 3366 374 3432 familias,
403 3365 494 3436 qui
518 3362 722 3436 profert
750 3363 816 3419 de
841 3363 1097 3417 thesauro
1117 3374 1218 3416 suo
1258 3373 1399 3413 nova
1435 3366 1491 3412 et
1519 3365 1702 3413 vetera

132 3458 342 3531 (Matth.
368 3457 509 3531 xm).
538 3477 557 3510 ι
598 3458 665 3513 Ει
685 3456 924 3512 iterum:
961 3473 979 3507 ι
1015 3453 1169 3523 Quis,
1199 3461 1383 3524 putas,
1406 3460 1492 3508 est
1532 3448 1711 3513 fidelis,

127 3566 316 3608 servus
360 3558 418 3606 et
449 3549 705 3621 prudens,
754 3562 917 3620 quem
943 3545 1222 3602 constituit
1246 3543 1509 3605 Dominus
1542 3555 1707 3612 super

127 3641 378 3700 familiam
405 3656 581 3705 suam,
612 3649 675 3697 ut
713 3640 803 3695 det
828 3637 936 3694 illis
963 3637 1017 3693 in
1048 3645 1289 3706 tempore
1337 3633 1505 3689 tritici
1555 3646 1708 3689 men-

130 3732 344 3788 suram?
378 3731 557 3787 Amen
599 3729 725 3786 dico
752 3728 931 3792 vobis,
985 3727 1110 3803 quia
1139 3741 1304 3797 super
1337 3724 1520 3781 omnia
1563 3724 1709 3779 bona

132 3822 412 3879 constituet
440 3835 564 3877 eum
595 3818 814 3891 (Matth.
839 3817 1012 3881 xxxv).
1039 3836 1058 3870 ι
1440 3888 1451 3891 _
1642 3816 1649 3829 ί

202 3934 218 3965 ι
249 3888 767 3985 Collegerunt'ergo
812 3919 869 3966 et
914 3908 1274 3981 impleverunt
1300 3888 1585 3966 duodecim
1610 3924 1713 3975 co-,

142 4023 159 4057 ι
188 4006 375 4077 phinos
417 4004 885 4075 fragmentorum,
929 4014 997 4055 ex
1035 3999 1272 4071 quinque
1311 4000 1539 4071 panibus
1578 4000 1708 4055 hor-

145 4115 160 4149 ι
192 4097 400 4154 deaceis
428 4104 484 4153 et
505 4094 715 4152 duobus
743 4092 983 4167 piscibus
1007 4131 1022 4159 ,
1053 4107 1173 4163 qua:
1211 4090 1594 4165 superfuerunt
1624 4092 1711 4157 his

146 4207 160 4242 ι
193 4190 279 4259 qui
320 4188 809 4244 manducaverant.
841 4204 861 4238 ι
907 4182 1014 4241 Sed
1050 4183 1220 4240 crevit
1265 4185 1517 4256 signum,
1562 4184 1713 4240 auxit

144 4279 540 4337 admirationem
563 4320 579 4346 ,
630 4278 757 4350 quia
785 4292 892 4333 non
919 4275 1093 4334 solum
1125 4278 1192 4333 de
1219 4277 1456 4348 quinque
1482 4278 1713 4349 panibus

144 4374 364 4444 quinque
386 4371 554 4429 millia
582 4370 865 4427 hominum
893 4370 1091 4426 satiata
1121 4376 1287 4435 sunt,
1316 4370 1411 4425 sed
1440 4370 1603 4425 etiam
1635 4378 1716 4429 tot

1806 3286 1836 3326 a
1862 3278 2086 3342 paterna
2115 3269 2245 3323 sede
2270 3281 2549 3336 nunquam
2575 3267 2856 3332 recedens,
2897 3267 3243 3325 descendisse
3266 3268 3402 3324 diei-

1807 3372 1914 3419 tur.
1962 3361 2068 3418 Sed
2112 3360 2251 3417 solet
2297 3374 2515 3415 movere
2559 3358 2857 3428 quosdam,
2897 3361 3043 3429 quod
3087 3361 3141 3415 in
3176 3362 3407 3419 exordio

1807 3454 2055 3513 lectionis
2083 3451 2244 3523 hujus
2271 3451 2597 3523 evangelicae
2640 3450 2844 3507 dictum
2873 3460 2959 3509 est
2995 3453 3144 3523 quia,
3173 3453 3398 3509 deseen.

1808 3550 1971 3606 dente
2014 3545 2395 3616 Capharnaum
2446 3543 2707 3609 Domino,
2759 3558 2873 3603 non
2915 3543 3091 3603 solum
3134 3552 3310 3602 mater
3346 3553 3405 3602 et

1809 3639 2091 3711 discipuli,
2128 3638 2223 3695 sed
2253 3646 2307 3694 et
2343 3636 2543 3699 fratres
2584 3636 2701 3706 ejus
2743 3638 2917 3699 secuti
2946 3644 3242 3701 suntcum.
3290 3636 3407 3697 Nec

1808 3732 2031 3790 defuere
2084 3729 2326 3786 haeretici
2394 3729 2491 3799 qui
2526 3728 2726 3801 Ioseph
2752 3729 2929 3791 virum
2972 3727 3153 3791 Marias
3191 3743 3407 3799 semper

1807 3823 2036 3895 virginis
2073 3827 2331 3894 putarent
2379 3834 2444 3879 ex
2485 3818 2595 3881 alia
2643 3833 2816 3879 uxore
2847 3818 3100 3890 genuisse
3139 3833 3235 3876 eos
3269 3834 3408 3891 quos

1809 3916 2010 3973 fratres
2036 3912 2251 3969 Domini
2279 3910 2561 3982 Scriptura
2584 3910 2853 3983 appellat;
2879 3910 2998 3980 alii,
3024 3911 3216 3984 majori
3243 3911 3407 3984 perfl-

1811 4010 1929 4075 dia,
1975 4008 2074 4065 hos
2111 4021 2236 4063 eum
2269 4021 2339 4062 ex
2374 4005 2492 4074 ipsa
2530 4003 2699 4063 Maria
2736 4013 2862 4075 post
2897 4012 3088 4060 natum
3117 4004 3407 4069 Dominum

1811 4113 2101 4173 generasse
2130 4106 2405 4170 putarent.
2440 4096 2549 4157 Sed
2569 4111 2692 4163 nos,
2720 4095 2920 4153 fratres
2934 4096 3262 4165 charissimi,
3278 4098 3407 4156 abs-.-

1813 4208 1918 4263 quc
1938 4190 2100 4247 ullius
2124 4189 2379 4260 scrupulo
2398 4189 2714 4259 quaestionis
2739 4189 2882 4245 scire
2902 4196 2959 4245 et
2976 4188 3225 4245 confiteri
3250 4204 3413 4260 oporo

1814 4292 1910 4351 tet,
1927 4299 2034 4340 non
2059 4292 2269 4339 tantum
2284 4283 2501 4338 beatam
2516 4280 2613 4341 Dei
2630 4280 2990 4347 Genitricem,
3003 4282 3100 4345 sed
3123 4290 3181 4343 et
3205 4282 3409 4338 beatis-

1815 4377 2015 4434 simum
2035 4374 2306 4432 castitatis
2321 4373 2440 4444 ejus
2468 4383 2662 4433 testem
2686 4383 2849 4446 atque
2877 4376 3156 4439 custodem
3183 4372 3411 4455 Ioseph,

144 4462 429 4538 fragmenta
452 4471 850 4529 remanserunt,
878 4478 947 4520 ex
966 4462 1164 4532 quibus
1189 4462 1470 4518 duodecim
1494 4461 1714 4533 cophini
1741 4516 1795 4539 ἢ
1819 4469 1888 4526 ab
1909 4468 2058 4524 omni
2086 4482 2310 4539 prorsus
2339 4468 2558 4527 actione
2591 4466 2858 4539 eonjngali
2895 4467 3164 4531 mansisse
3199 4478 3415 4534 semper

166 4516 849 4538 "o""""‘"'""——""“‘v
890 4516 939 4520 τί
976 4516 1001 4532 τ
1198 4516 1204 4518 -
1344 4516 1386 4517 η
1424 4516 1447 4517 η
1668 4516 1713 4519 η
1820 4516 1886 4526 -ν
1914 4516 2058 4524 nu-..
2086 4516 2308 4539 τ-τ---
2340 4516 2555 4527 ---η-ν
2593 4516 2858 4539 --ην-,σῇ
2896 4516 3157 4531 ...τ-η---
3200 4516 3410 4534 --ατ-ν

144 4557 488 4627 replerentur.
518 4556 622 4615 Per
636 4555 918 4613 duodecim
946 4570 1179 4625 namque
1203 4554 1488 4627 cophinos,
1510 4554 1715 4612 duode-
1741 4516 1796 4587 D
1821 4563 2141 4631 immunem,
2166 4576 2269 4619 nec
2280 4569 2457 4631 natos,
2472 4562 2568 4619 sed
2593 4569 2854 4633 cognatos
2868 4571 3248 4622 eorum,more
3270 4555 3418 4615 Serit-

147 4647 241 4702 cim
279 4647 505 4719 apostoli
541 4662 779 4718 congrua
828 4646 1035 4703 ratione
1080 4644 1400 4717 figurantur.
1442 4646 1717 4719 Cophinus

148 4739 275 4794 enim
298 4756 369 4797 ex
393 4739 591 4796 vilibus
609 4754 673 4794 ac
694 4737 1071 4795 minutissimis
1097 4738 1406 4795 contexitur
1429 4740 1614 4813 virgis,
1637 4740 1719 4801 sic

148 4831 390 4888 nimirum
418 4840 476 4889 et
511 4829 739 4905 apostoli
766 4831 895 4885 dum
941 4843 1048 4885 non
1083 4843 1153 4885 ex
1186 4829 1402 4901 regibus
1429 4839 1488 4887 et
1513 4832 1717 4903 princi-

149 4924 308 4993 pibus,
340 4940 452 4982 non
476 4938 543 4980 ex
565 4922 902 5001 philosophis
928 4930 984 4981 et
1012 4922 1345 4992 sapientibus
1372 4921 1533 4993 hujus
1566 4939 1720 4981 mun-

152 5017 227 5085 di,
264 5020 362 5077 sed
387 5030 455 5076 ex
501 5015 839 5091 simplicibus
870 5024 928 5073 et
964 5015 1329 5087 piscatoribus
1365 5025 1496 5073 sunt
1529 5017 1718 5086 electi,

151 5114 293 5183 quasi
331 5110 555 5185 cophini
582 5126 651 5168 ex
676 5110 875 5168 vilibus
901 5119 956 5166 et
993 5110 1372 5168 minutissimis
1398 5112 1566 5183 virgis
1598 5121 1725 5177 sunt

153 5206 402 5272 contexti,
430 5207 496 5263 de
520 5204 717 5276 quibus
746 5205 823 5261 ait
857 5204 1148 5276 Apostolus
1176 5221 1191 5259 :
1229 5222 1248 5259 ‹
1282 5204 1503 5262 lnfirma
1539 5207 1725 5263 mundi

155 5295 300 5370 elegit
341 5298 517 5368 Deus,
563 5306 626 5354 ut
666 5297 961 5355 confundat
1002 5297 1162 5355 fortia
1192 5298 1254 5373 (Ι
1279 5298 1401 5355 Cor.
1443 5298 1539 5370 ιι).
1577 5319 1597 5354 ι
1631 5300 1729 5365 Est

155 5388 305 5447 etiam
328 5399 389 5447 et
416 5390 520 5447 alia
550 5390 690 5447 ratio
708 5405 808 5467 per
832 5406 995 5462 quam
1019 5407 1255 5463 congrue
1277 5391 1506 5463 apostoli
1543 5392 1732 5464 cophi-

156 5480 236 5539 nis
254 5494 656 5555 comparantur.
680 5483 737 5540 ln
760 5484 1009 5555 cophinis
1035 5484 1201 5554 igitur
1230 5484 1390 5541 fimus
1413 5485 1654 5556 ponitur,
1675 5494 1733 5545 et

160 5574 211 5632 in
236 5586 480 5637 arentem
504 5587 730 5660 terram,
759 5576 815 5633 id
842 5584 925 5652 est
951 5576 1007 5632 in
1033 5576 1317 5658 gentilium
1336 5578 1501 5637 corda
1530 5576 1734 5641 detule-

161 5681 309 5742 runt,
342 5684 406 5731 ut
431 5673 642 5735 fructus
673 5675 956 5735 uberiores
978 5673 1295 5742 redderent,
1332 5682 1387 5730 et
1421 5675 1735 5747 impleretur

162 5768 438 5840 prophetia
465 5785 480 5827 :
515 5790 535 5821 ι
568 5769 934 5845 Pinguescent
957 5768 1203 5842 speciosa
1224 5769 1444 5831 deserti.
1472 5778 1527 5828 et
1555 5772 1732 5831 exsul—

1822 4663 1995 4726 pturze
2033 4644 2254 4719 usitato,
2285 4651 2486 4710 fratres
2525 4662 2583 4712 et
2623 4665 2843 4709 sorores
2887 4647 3186 4709 Salvatoris
3212 4647 3417 4713 vocari,

1821 4745 2066 4816 Denique
2089 4743 2365 4816 Abraham
2399 4744 2504 4799 hoc
2532 4740 2693 4803 modo
2720 4740 2963 4810 loquitur
2992 4739 3062 4797 ad
3087 4737 3229 4795 Lot:
3257 4757 3277 4793 ι
3312 4738 3415 4807 Ne.

1823 4852 2025 4909 quaeso,
2055 4837 2127 4893 sit
2144 4836 2385 4907 jurgium
2412 4836 2558 4893 inter
2585 4848 2675 4892 me
2708 4842 2765 4893 et
2786 4841 2860 4902 te,
2896 4842 2955 4891 et
2988 4841 3238 4904 pastores
3266 4848 3418 4909 meo;

1822 4940 1881 4989 et
1901 4938 2149 5002 pastores
2170 4937 2322 4987 tuos:
2350 4928 2550 4987 fratres
2571 4927 2720 4987 enim
2739 4942 2930 4987 sumus
2950 4923 3106 5000 (Gen.
3124 4926 3269 4998 xm).
3301 4944 3323 4978 r
3353 4925 3423 4991 Et

1826 5027 2014 5083 Laban
2049 5026 2117 5083 ad
2148 5024 2355 5082 Jacob:
2383 5044 2402 5079 ι
2431 5023 2595 5092 Num,
2618 5024 2746 5094 quia
2767 5021 2938 5081 frater
2958 5035 3191 5081 menses
3211 5062 3227 5088 ,
3253 5021 3426 5092 gratis

1830 5120 2039 5178 servies
2068 5116 2402 5192 mihi?(G¢n.
2430 5117 2605 5189 xxix).
2638 5137 2660 5171 ι
2688 5116 2759 5174 Et
2781 5116 3005 5188 quidem
3025 5122 3260 5179 constat,
3292 5114 3423 5184 quia

1832 5211 1937 5269 Lot
1985 5210 2128 5267 filius
2169 5211 2317 5267 Aran
2360 5209 2548 5265 fratris
2586 5207 2873 5269 Abraham
2897 5247 2925 5275 ,.
2961 5215 3020 5263 et
3070 5204 3239 5267 Jacob
3279 5204 3426 5263 filius

1835 5307 2096 5363 Rebeccae
2137 5304 2343 5363 sororis
2377 5303 2601 5371 laban;
2647 5304 2746 5363 sed
2779 5312 3002 5375 propter
3048 5300 3428 5373 cognationem

1838 5407 1971 5456 sunt
1996 5398 2197 5461 fratres
2228 5398 2546 5467 nuncupati.
2580 5396 2693 5455 Hac
2714 5411 2846 5468 ergo
2857 5395 3114 5468 regulam
3129 5391 3428 5463 Scripturis

1840 5494 2051 5552 sanctis
2074 5492 2169 5559 (ut
2196 5492 2338 5557 dixi)
2368 5492 2807 5564 frequentissime
2838 5492 3003 5549 etiam
3037 5495 3295 5559 cognatos
3317 5482 3427 5545 tta-

1842 5586 1939 5643 riae
1958 5585 2044 5642 vel
2065 5585 2268 5657 Joseph
2284 5585 2495 5644 Domini
2514 5584 3024 5657 fratresappellatos
3041 5588 3254 5653 oportet
3272 5575 3427 5641 intel~

1845 5680 1956 5752 ligi.
1990 5680 2144 5748 Quod
2166 5690 2348 5737 autem
2370 5683 2766 5753 propinquante
2780 5680 2989 5736 Pascha
3008 5676 3166 5732 Iesus
3185 5669 3428 5730 ascendit

1848 5773 2295 5847 Hierosolymam,
2328 5778 2487 5835 nobis
2504 5776 2856 5843 profecwdat
2886 5771 3189 5844 exemplum
3228 5772 3431 5844 quanta
