3994 6354
534 314 646 395 295'
1172 308 1529 382 HAYMONIS
1567 315 2048 376 HALBERSTAT.
2086 313 2302 374 EPISC.
2341 312 2714 375 oremus
2752 314 2818 370 ιι.
2853 341 2924 355 -
2959 313 3196 371 nomn.
3761 319 3862 376 295

538 449 707 507 animi
728 442 1004 518 vigilantia
1025 439 1320 495 Dominicis
1340 436 1534 506 subjici
1556 435 1849 490 debeamus
1871 432 2133 502 imperiis,
2162 441 2215 499 Α
2242 432 2446 487 sanctis
2472 429 2643 501 (Psal.
2673 430 2894 501 Lxxxvr)
2915 473 2928 497 ,
2961 451 2979 483 ι
3011 431 3065 486 id
3087 441 3173 487 est
3201 432 3552 490 fundamenta
3578 434 3864 496 Ecclesia:

539 559 664 599 cum
695 541 828 609 ipse,
848 530 1484 590 inhominisinhrmitate
1507 527 2134 598 apparens,eademqum
2236 523 2290 576 in
2319 523 2589 577 soliditate
2619 523 2739 576 fidei
2772 522 3144 592 apostolorum
3176 532 3231 578 et
3268 527 3714 596 prephetarum.
3757 530 3860 586 Sed

539 649 609 689 ex
658 627 954 686 divinitatis
997 625 1318 680 auctoritate
1366 621 1558 677 statuit
1588 619 1806 673 decreta
1842 617 2130 672 custodiat.

539 724 621 780 Ne
655 724 798 777 enim
833 724 1088 788 putarent
1144 715 1290 770 servi
1334 714 1540 782 absque
1578 711 1788 766 crebris
1823 709 2134 764 orationum

540 817 912 880 bonorumque
936 816 1157 863 actuum
1187 804 1424 859 victimis
1445 843 1460 869 ,
1508 801 1594 856 vel
1626 801 1835 871 ﬂagella
1862 797 2094 854 evadere
2117 837 2134 863 ,

540 907 626 963 vel
659 903 880 976 praemia
921 915 980 956 se
1007 913 1166 970 posse
1196 897 1476 966 percipere
1498 935 1512 961 ,
1561 894 1724 950 etiam
1769 893 1909 946 inter
1947 903 2136 944 servos

541 999 744 1072 ipse-ad
771 993 1037 1052 orandum
1067 990 1569 1059 immolandumque
1599 987 1693 1041 Dei
1731 985 1901 1040 Filius
1940 997 2132 1038 ascen-

542 1091 639 1147 dit.
688 1088 789 1156 Qui
830 1085 1056 1141 veniens
1109 1079 1543 1149 Hierosolymam
1587 1075 1717 1147 quid
1760 1074 1833 1128 ibi
1885 1080 2136 1144 gerentes

2234 629 2342 668 non
2388 613 2567 667 minus
2616 614 2956 668 tremendum
3012 615 3153 685 quod
3194 616 3462 684 praemisit
3507 618 3858 688 Apostolus,

2235 706 2461 760 dicens:
2505 725 2524 756 ι
2562 704 2618 760 Si
2666 705 2790 775 quis
2837 714 3020 760 autem
3063 705 3319 777 templum
3367 707 3459 763 Dei
3516 709 3857 779 violaverit,

2236 796 2510 866 disperdet
2533 795 2686 850 illum
2711 797 2853 852 Deus
2883 795 2935 866 (1
2965 796 3088 852 Cor.
3114 800 3221 869 ιιι).
3255 817 3274 852 ι
3315 799 3388 853 Et
3415 800 3531 869 ipse
3552 800 3750 869 judex
3773 803 3856 870 ju-

2235 901 2389 945 stus:
2422 908 2439 941 ι
2476 889 2818 959 Disperdam,
2846 889 3043 960 inquit,
3075 890 3140 945 de
3159 891 3378 946 civitate
3404 892 3635 948 Domini
3667 910 3858 952 omnes

2235 984 2328 1054 qui
2386 991 2682 1053 operantur
2737 982 3078 1051 iniquitatem
3119 982 3322 1055 (Psaf.
3389 985 3467 1055 e).
3521 1005 3541 1038 ι
3594 985 3855 1043 Gauden-

2234 1073 2364 1128 dum
2389 1075 2516 1144 quia
2540 1074 2596 1128 in
2626 1073 2782 1128 nobis
2804 1073 3030 1130 Pascha:
3053 1073 3368 1132 solenmitas
3396 1077 3608 1148 agitur,
3639 1093 3772 1136 cum
3795 1081 3853 1137 de

541 1178 833 1243 invenerit,
857 1175 988 1244 quid
1015 1172 1215 1228 ibidem
1241 1169 1472 1242 gesserit
1496 1167 1796 1221 videamus.

617 1289 636 1324 ι
676 1271 744 1324 Ει
771 1266 998 1330 invenit,
1028 1261 1225 1332 inquit,
1252 1261 1307 1315 in
1337 1259 1538 1328 templo
1566 1256 1864 1312 vendentes
1890 1254 2056 1308 boves
2081 1261 2137 1308 et

545 1383 568 1416 ι
602 1376 732 1417 oves
745 1367 800 1416 et
815 1357 1116 1421 columbas,
1139 1361 1192 1408 et
1210 1350 1604 1406 nummularios
1622 1349 1890 1404 sedentes.
1922 1347 1986 1400 Et
2012 1361 2135 1400 cum

547 1473 568 1507 ι
606 1453 825 1509 fecisset
869 1448 1024 1518 quasi
1055 1444 1320 1517 ﬂagellum
1349 1443 1415 1497 de
1443 1440 1728 1504 funiculis,
1763 1453 1953 1494 omnes
1979 1434 2139 1505 ejecit

548 1564 569 1599 ι
609 1545 675 1599 de
707 1542 929 1612 templo,
963 1554 1092 1596 oves
1115 1549 1330 1608 quoque
1358 1543 1411 1591 et
1438 1533 1624 1600 boves,
1661 1541 1717 1587 et
1745 1529 2138 1586 nummulario-

549 1653 572 1688 ‹
608 1649 730 1690 rum
769 1630 958 1687 effudit
986 1645 1090 1696 aes,
1139 1638 1194 1683 et
1234 1641 1452 1681 mensas
1499 1623 1784 1679 subvertit.
1817 1641 1836 1673 ι
1880 1620 2052 1676 Boves
2083 1628 2138 1673 et

542 1743 674 1784 oves
703 1735 758 1782 et
781 1722 1046 1782 columbae
1075 1722 1143 1776 ad
1165 1722 1267 1776 hoc
1290 1718 1613 1774 emebantur
1648 1724 1710 1770 ut
1735 1713 2060 1770 oﬂerrentur
2082 1711 2139 1766 in

2235 1167 2383 1222 vitiis
2405 1169 2474 1222 ad
2502 1167 2730 1221 virtutes
2756 1166 2994 1222 transire
3022 1169 3320 1238 satagimus
3350 1184 3364 1223 :
3392 1169 3620 1226 Pascha
3656 1174 3850 1244 quippe

2236 1258 2497 1312 transitus
2530 1257 2748 1312 dicitur.
2789 1256 3169 1322 Gaudendum,
3202 1259 3327 1328 quia
3355 1271 3544 1316 nostra
3594 1274 3845 1333 pectora,

2237 1349 2510 1404 civitatem
2538 1346 2787 1402 videlicet
2823 1363 2995 1411 suam,
3017 1348 3270 1416 visitare;
3291 1351 3417 1418 quia
3444 1352 3597 1406 idem
3635 1354 3836 1409 Pascha

2236 1451 2438 1498 nostrae
2458 1442 2610 1498 bonae
2633 1443 2861 1499 actionis
2885 1445 3171 1514 praesentia
3193 1461 3303 1500 suae
3321 1448 3542 1517 pietatis
3565 1449 3846 1505 illustrare

2237 1535 2508 1606 dignatur.
2543 1534 2649 1590 Sed
2680 1534 2978 1590 timendum
3008 1537 3141 1592 satis
3181 1547 3241 1591 ut
3274 1552 3342 1592 ne
3392 1554 3493 1594 nos
3536 1541 3598 1594 in
3634 1542 3843 1597 civitate

2237 1640 2335 1682 sua
2382 1626 2527 1681 aliud
2573 1641 2736 1697 quam
2790 1627 2908 1696 ipse
2954 1627 3128 1700 diligit
3175 1640 3396 1700 agentes
3449 1631 3757 1700 inveniat,
3797 1647 3843 1690 et

2238 1715 2354 1787 ipse
2376 1732 2435 1772 se
2456 1717 2613 1772 nobis
2629 1716 2844 1786 qualem
2867 1732 2976 1772 non
3005 1718 3279 1790 diligimus
3295 1721 3584 1779 districtus
3605 1725 3838 1780 creditor

545 1819 766 1890 ῑθῐηρίο·
812 1813 1168 1872 Nummulal‘ii
1200 1813 1267 1867 ad
1296 1812 1400 1866 Ιιοο
1424 1809 1687 1866 sedebam
1727 1808 1793 1861 ad
1834 1819 2051 1860 mensas
2076 1811 2137 1858 υῐ
2161 1814 2212 1876 Β
2238 1809 2520 1876 ostendat,
2564 1809 2614 1863 id
2643 1819 2748 1876 est,
2783 1825 2852 1865 ne
2875 1825 2973 1866 nos
3001 1810 3055 1865 in
3088 1812 3286 1883 templo
3315 1815 3748 1880 nummularios,
3781 1833 3840 1871 ne

547 1911 690 1967 inter
737 1917 1007 1979 emptores
1057 1907 1474 1974 venditoresque
1530 1902 1829 1958 hostiarum
1889 1906 2139 1970 prompta

547 2010 691 2058 esset.
714 2000 958 2071 pecuniae
989 1997 1217 2053 taxatio.
1253 1995 1590 2050 Videbantur
1632 2007 1762 2062 ergo
1795 1989 1943 2044 licite
1978 1987 2140 2044 vendi

547 2094 603 2149 in
632 2093 832 2163 templo
863 2105 982 2161 quae
1009 2091 1075 2145 ad
1115 2091 1220 2145 hoc
1248 2089 1573 2143 emebantur
1596 2093 1656 2142 ut
1690 2085 1744 2139 in
1775 2083 1964 2139 eodem
2003 2090 2142 2136 tem-

548 2186 639 2256 plo
662 2183 987 2240 offerrentur
1013 2181 1262 2235 Domino.
1279 2178 1387 2234 Sed
1418 2177 1607 2232 nolens
1629 2178 1742 2247 ipse
1760 2175 2019 2230 Dominus
2038 2172 2140 2226 ali-

547 2277 680 2348 quid
723 2276 778 2331 in
818 2274 978 2328 domo
1013 2287 1112 2326 sua
1149 2279 1378 2326 terrente
1413 2267 1800 2340 negotiationis
1838 2265 1993 2337 geri,
2040 2278 2143 2318 nec

546 2366 663 2436 ejus
710 2364 928 2434 quidem
969 2378 1090 2434 qua:
1130 2362 1356 2417 honesta
1411 2369 1716 2430 putaretur,
1771 2357 2142 2430 negotiatores

548 2459 779 2528 injustos
807 2456 955 2510 foras
982 2468 1172 2509 omnes
1210 2452 1370 2508 simul
1402 2467 1524 2530 cum
1551 2451 1635 2506 his
1664 2450 1755 2520 qui
1785 2448 2141 2520 negotiaban-

549 2559 638 2605 tur
683 2547 861 2618 ejecit.
887 2545 1028 2613 Quid
1071 2559 1220 2616 ergo,
1264 2543 1466 2598 fratres
1498 2543 1647 2597 mei?
1678 2541 1830 2611 quid,
1866 2548 2139 2609 putamus,

550 2639 758 2695 faceret
781 2638 1042 2694 Dominus
1061 2677 1076 2702 ,
1119 2638 1164 2691 si
1197 2635 1331 2690 rixis
1361 2635 1716 2698 dissidentes,
1751 2633 1795 2687 si
1824 2631 2021 2687 fabulis
2041 2645 2140 2684 va-

550 2739 759 2795 cantes,
804 2730 850 2784 si
882 2729 995 2783 risu
1025 2728 1320 2783 dissolutos
1341 2767 1355 2792 ,
1397 2725 1480 2781 vel
1524 2725 1632 2779 alio
1659 2723 1902 2794 quolibet
1940 2721 2146 2777 scelere

552 2823 824 2880 inveniret
873 2821 1145 2887 irretitus,
1177 2820 1268 2891 qui
1318 2819 1555 2883 hostias,
1593 2832 1713 2886 qua:
1749 2816 1852 2870 sibi
1891 2814 2142 2870 immola-

553 2925 764 2982 rentur,
789 2921 1030 2971 ementes
1056 2913 1110 2967 in
1133 2912 1331 2982 templo
1353 2911 1508 2975 vidit,
1532 2919 1588 2965 et
1609 2908 1891 2963 eliminare
1921 2905 2146 2960 festina-

552 3008 667 3063 vit?
689 3005 816 3061 Haec
835 3013 1056 3076 propter
1068 3001 1191 3057 illos
1205 3002 1439 3057 diximus
1452 3001 1564 3071 qui,
1581 2995 1868 3054 ecclesiam
1891 2995 2142 3066 ingressi,

557 3114 664 3153 non
688 3095 861 3152 solum
889 3095 1240 3150 intentionem
1261 3091 1450 3147 orandi
1475 3090 1771 3160 negligunt,
1791 3087 2146 3142 verumetiam

2241 1904 2551 1958 venditores
2579 1903 2760 1958 ovium
2790 1903 3234 1959 columbarumve
3268 1906 3570 1975 reperiens,
3600 1908 3835 1964 damnet.

2239 1993 2413 2050 Boves
2444 1995 2641 2066 quippe
2691 1996 2994 2051 doctrinam
3027 1996 3152 2050 vita:
3192 1997 3458 2062 cmlestis,
3506 2015 3648 2055 oves
3687 2017 3837 2071 opera

2242 2085 2519 2140 munditia:
2546 2095 2599 2140 et
2630 2085 2881 2154 pietatis,
2924 2086 3189 2142 columbae
3227 2090 3399 2143 sancti
3431 2087 3682 2160 Spiritus
3707 2091 3836 2146 dona

2242 2179 2548 2248 designant.
2581 2177 2719 2246 Quia
2750 2180 3007 2236 nimirum
3040 2181 3200 2236 boum
3225 2180 3505 2250 juvamine
3533 2183 3684 2239 solet
3721 2199 3837 2255 ager

2241 2270 2524 2338 exerceri,
2569 2286 2699 2341 ager
2745 2280 2831 2326 est
2879 2272 3093 2326 Domini
3141 2288 3237 2327 cor
3299 2273 3508 2328 cmlesti
3563 2272 3832 2329 excultum

2243 2362 2512 2428 doctrina,
2560 2371 2614 2417 et
2659 2363 3020 2432 suscipiendis
3072 2363 3299 2418 verbum
3339 2364 3434 2419 Dei
3472 2376 3832 2436 prmparatum

2242 2454 2347 2509 rite
2371 2454 2688 2509 seminibus.
2722 2453 2865 2509 Oves
2897 2455 3217 2510 innocenter
3239 2471 3336 2510 sua
3366 2455 3565 2512 vellera
3595 2458 3831 2514 vestien-

2245 2547 2328 2602 dis
2351 2546 2660 2602 hominibus
2688 2555 2968 2617 praestant.
3001 2548 3070 2603 Et
3095 2549 3331 2620 Spiritus
3360 2564 3522 2620 super
3546 2550 3831 2606 Dominum

2244 2637 2300 2693 in
2328 2637 2588 2694 columbae
2618 2639 2800 2710 specie
2831 2639 3131 2694 descendit.
3161 2638 3416 2695 Vendunt
3442 2650 3618 2697 autem
3648 2644 3827 2707 boves,

2246 2729 2339 2799 qui
2369 2730 2593 2783 verbum
2623 2728 2900 2799 Evangelii
2929 2743 3038 2783 non
3064 2728 3247 2784 divino
3272 2743 3480 2795 amore,
3505 2730 3594 2784 sed
3625 2733 3834 2786 terreni

2246 2827 2484 2890 quaestus
2505 2818 2702 2874 intuitu
2725 2820 3068 2876 audientibus
3082 2819 3419 2890 impendunt.
3439 2820 3621 2888 Quales
3641 2837 3836 2892 repre-

2247 2909 2435 2967 hendit
2461 2911 2769 2982 Apostolus,
2802 2913 2930 2982 quia
2951 2913 3229 2969 Christum
3254 2915 3568 2969 nuntiarent
3595 2930 3707 2969 non
3735 2917 3838 2970 sin-

2247 3020 2391 3061 cere.
2425 3004 2673 3060 Vendunt
2705 3021 2857 3072 oves,
2880 3007 2974 3076 qui
3001 3007 3252 3063 humana:
3278 3009 3448 3079 gratia
3473 3008 3654 3063 laudis
3677 3023 3841 3078 opera

2247 3096 2468 3166 pietatis
2496 3105 2774 3152 exercent.
2808 3097 2881 3152 De
2919 3096 3118 3167 quibus
3148 3097 3406 3154 Dominus
3431 3100 3507 3154 ait
3538 3100 3675 3169 quia
3703 3115 3844 3156 reue-

557 3187 985 3248 detractionibus
1023 3187 1402 3255 insequuntur,
1444 3182 1706 3238 addentes
1741 3179 1992 3234 videlicet
2017 3191 2144 3248 pec-
2173 3188 2452 3262 c-perum
2481 3192 2789 3246 mercedem
2813 3205 2966 3246 suam
2999 3190 3216 3262 (Matth.
3242 3193 3336 3262 vl).
3365 3193 3617 3248 Vendunt
3641 3196 3845 3252 colum-

555 3293 680 3339 cata
714 3280 989 3351 peccatis,
1035 3285 1091 3332 et
1118 3276 1273 3347 quasi
1309 3275 1489 3330 funem
1526 3273 1628 3328 sibi
1679 3271 2049 3342 longissimum
2092 3268 2146 3321 in

556 3375 730 3431 cauda
767 3386 953 3428 eorum
983 3369 1420 3439 augmentatione
1452 3372 1694 3421 texentes
1715 3403 1730 3429 ,
1770 3379 1870 3418 nec
1899 3361 2151 3416 timentes

557 3485 625 3524 ex
653 3482 718 3523 eo
756 3465 985 3521 districti
1025 3463 1226 3536 judicis
1267 3460 1668 3518 examinatione
1697 3456 1962 3512 damnari.
2013 3453 2148 3508 Nam

557 3561 643 3617 bis
659 3559 876 3629 quidem
903 3558 957 3612 in
987 3563 1176 3612 saneto
1197 3553 1490 3625 Evangelio
1508 3551 1740 3622 legimus
1763 3548 1907 3618 quod
1927 3547 2152 3601 veniens

557 3651 613 3706 in
650 3649 848 3721 templo
878 3648 1163 3711 Dominus,
1189 3645 1498 3714 hujusmudi
1521 3641 1886 3712 negotiatores
1906 3637 2150 3707 ejecerit.

556 3742 714 3800 Nunc
738 3739 991 3794 videlicet
1020 3737 1200 3808 (Joan.
1222 3737 1311 3804 ιι),
1338 3734 1394 3788 id
1413 3742 1497 3788 est
1519 3731 1679 3785 tertio
1704 3738 1829 3783 ante
1849 3727 2152 3798 passionem

560 3849 716 3891 suam
745 3846 918 3892 anno,
967 3829 1108 3884 sicut
1143 3835 1200 3882 et
1238 3823 1398 3895 hujus
1426 3822 1774 3893 evangelista:
1803 3819 2155 3890 sequentibus

559 3925 780 3996 scriptis
832 3922 1177 3993 agnoscimus
1195 3961 1210 3986 ,
1261 3928 1316 3976 et
1352 3920 1472 3991 ipso
1500 3932 1607 3989 quo
1636 3931 1831 3987 passus
1860 3923 1945 3970 est
1974 3928 2117 3969 anno
2135 3953 2151 3980 ,

559 4035 686 4076 cum
711 4026 838 4072 ante
865 4018 1101 4087 quinque
1129 4015 1244 4071 dies
1267 4013 1488 4068 Pascha:
1525 4011 1722 4067 sedens
1755 4011 1811 4066 in
1840 4010 1994 4065 asino
2015 4008 2152 4063 Hie-

563 4113 894 4184 rosolymam
935 4108 1177 4165 venisset
1212 4107 1429 4178 (Matth.
1456 4104 1580 4176 xu).
1634 4104 1740 4160 Sed
1771 4105 1874 4159 hoc
1910 4104 2052 4158 idem
2098 4102 2154 4156 in

563 4202 766 4272 templo
801 4209 1002 4257 sancta:
1035 4198 1292 4254 Ecclesia:
1336 4197 1550 4252 Domini
1592 4195 1842 4250 examine
1879 4210 1944 4248 ac
1980 4194 2156 4263 quoti-

562 4291 725 4346 diana
756 4289 1064 4345 visitatiune
1091 4288 1228 4358 geri,
1255 4287 1434 4343 omnis
1463 4285 1556 4356 qui
1584 4294 1734 4340 recte
1762 4283 1924 4353 sapit,
1955 4282 2154 4338 intelli-

564 4385 663 4458 git.
695 4382 850 4439 Uude
888 4381 1114 4437 multum
1143 4378 1420 4436 tremenda
1459 4385 1587 4433 sunt
1614 4377 1755 4440 haec,
1786 4373 2154 4439 dilectissimi,

563 4486 622 4534 et
647 4477 809 4548 digno
838 4471 1250 4544 expavescenda
1279 4471 1499 4535 timore,
1523 4467 1821 4536 sedulaque
1849 4480 2158 4536 praecaven-

2249 3281 2379 3348 bas,
2427 3281 2521 3351 qui
2549 3290 2829 3351 acceptam
2859 3281 3096 3352 Spiritus
3121 3282 3352 3352 gratiam
3376 3323 3389 3348 ,
3415 3297 3518 3337 non
3547 3287 3766 3353 gratis,
3795 3295 3846 3339 ut

2249 3379 2580 3442 praeceptum
2606 3379 2726 3438 est,
2762 3371 2859 3426 sed
2909 3371 2977 3426 ad
3030 3373 3316 3442 prmmium
3379 3372 3511 3428 dant
3546 3391 3560 3426 :
3599 3377 3704 3445 qui
3756 3376 3845 3431 im-

2248 3463 2572 3533 positiouem
2607 3477 2825 3529 manus,
2869 3477 2979 3533 qua
3015 3464 3240 3535 spiritus
3273 3465 3564 3536 accipitur,
3605 3469 3717 3523 etsi
3749 3485 3845 3523 non

2251 3557 2321 3608 ad
2363 3563 2634 3624 qumstum
2674 3555 2924 3624 pecunia:
2946 3595 2961 3621 ,
2999 3555 3067 3611 ad
3089 3555 3232 3627 vulgi
3263 3564 3445 3612 tamen
3485 3558 3731 3614 favorem
3761 3561 3846 3613 tri-

2252 3648 2447 3714 buunt,
2478 3649 2569 3718 qui
2599 3663 2787 3704 sacros
2808 3649 3032 3705 ordines
3054 3664 3163 3704 non
3190 3650 3258 3704 ad
3283 3651 3410 3705 vita:
3437 3652 3724 3719 meritum,
3762 3653 3845 3708 sed

2253 3742 2321 3796 ad
2359 3741 2588 3812 gratiam
2627 3740 2949 3811 largiuntur.
3004 3739 3268 3796 Nummos
3320 3750 3508 3797 mutuo
3550 3743 3686 3797 dant
3710 3785 3726 3805 ,
3761 3745 3846 3815 qui

2254 3849 2362 3888 non
2389 3831 2638 3888 simulate
2664 3831 2996 3898 coelestibus,
3021 3833 3116 3888 sed
3138 3841 3325 3904 aperte
3356 3833 3587 3889 terrenis
3609 3834 3780 3888 rebus
3800 3836 3846 3888 in

2255 3923 2487 3979 ecclesia
2513 3923 2860 3989 deserviunt,
2905 3938 3005 3979 sua
3046 3933 3387 3994 quaerentes,
3419 3941 3534 3981 .non
3567 3941 3696 3995 qua:
3730 3925 3847 3982 Jcsu

2255 4015 2479 4072 Christi.
2538 4015 2736 4072 Verum
2789 4015 3115 4086 hujusmodi:
3147 4018 3429 4089 operarios
3477 4017 3851 4075 fraudulentus

2259 4125 2381 4180 quae
2408 4125 2622 4165 merces
2647 4119 2865 4166 maneat
2885 4110 3122 4166 ostendit
3146 4111 3427 4178 Dominus,
3445 4127 3592 4177 cum,
3615 4111 3770 4168 facto
3791 4114 3850 4168 de

2257 4202 2515 4258 funiculis
2538 4202 2769 4274 ﬂagello,
2791 4219 2983 4259 omnes
3005 4204 3165 4275 ejecit
3193 4205 3262 4260 de
3295 4206 3511 4276 templo.
3547 4205 3853 4277 Ejiciuntur

2258 4295 2406 4350 enim
2442 4295 2508 4350 de
2543 4305 2702 4366 parte
2735 4297 2898 4351 sortis
2939 4305 3275 4364 sanctorum,
3319 4299 3432 4368 qui,
3469 4299 3611 4353 inter
3635 4311 3852 4355 sanctus

2257 4387 2441 4455 positi,
2474 4387 2558 4441 vel
2589 4387 2713 4441 ficte
2739 4388 2901 4455 bona,
2931 4388 3016 4442 vel
3051 4397 3234 4459 aperte
3259 4389 3467 4445 faciunt
3491 4405 3654 4460 opera
3691 4393 3851 4446 mala.

2260 4478 2403 4534 Oves
2427 4494 2646 4549 quoque
2669 4487 2725 4533 et
2748 4478 2913 4535 boves
2940 4480 3110 4550 ejicit,
3141 4481 3270 4550 quia
3299 4482 3482 4536 talium
3507 4483 3673 4537 vitam
3705 4486 3848 4555 pari-

564 4570 694 4628 dum
746 4567 1011 4624 industria
1048 4581 1118 4620 ne
1173 4563 1397 4620 veniens
1434 4561 1798 4632 improvisus,
1837 4573 2147 4630 perversum

2261 4578 2346 4625 ter
2375 4546 2775 4625 et_doclrinam
2817 4546 3052 4626 ostendit
3252 4575 3558 4645 reprobam.
3605 4546 3850 4630 Funiculi

564 4664 697 4736 quid
729 4663 785 4717 in
813 4660 1004 4726 bonis,
1031 4657 1174 4712 unde
1198 4655 1395 4710 merito
1419 4651 1708 4724 ﬂagellari,
1735 4667 1802 4708 ac
1821 4651 1888 4706 de
1913 4649 2151 4706 Ecclesia

565 4754 690 4826 ejici
720 4752 1046 4814 debeamus,
1091 4746 1354 4802 inveniat.
1404 4744 1473 4798 Et
1505 4743 1741 4804 maxime
1774 4743 1830 4798 in
1871 4742 1993 4807 illa,
2029 4757 2151 4812 qute

565 4843 876 4916 specialiter
901 4843 1094 4897 domus
1122 4838 1390 4894 orationis
1418 4836 1721 4902 vocabitur,
1753 4833 2152 4892 observandum

568 4956 640 4997 ne
669 4937 798 5008 quid
829 4937 1071 5004 ineptum
1097 4947 1371 5005 geramus,
1402 4948 1472 4988 ne
1498 4948 1620 4987 eum
1648 4929 1944 4986 Corinthiis
1969 4928 2154 4984 audia-

569 5046 694 5087 mus
721 5030 790 5083 ab
831 5025 1088 5098 Apostolo
1130 5024 1182 5096 (Ι
1203 5023 1325 5080 Cor.
1366 5025 1482 5098 x1):
1526 5023 1779 5094 Nunquid
1818 5024 2011 5078 domus
2045 5036 2152 5074 non

570 5120 784 5179 habetis
821 5119 887 5174 ad
915 5117 1122 5190 agenda
1147 5117 1234 5173 vel
1260 5118 1524 5189 loquenda
1557 5114 1897 5186 temporalia,
1938 5121 2032 5166 aut
2069 5126 2159 5166 ee-

571 5214 792 5271 clesiam
813 5212 911 5268 Dei
937 5213 1325 5268 contemnitis?
1364 5225 1420 5269 et
1447 5213 1733 5283 propheta,
1761 5223 1883 5262 cum
1913 5207 2159 5276 loquere—

549 5318 680 5375 -tur,
719 5309 903 5365 dicens
945 5305 1145 5364 Judaeis
1173 5326 1186 5362 :
1217 5327 1236 5360 ι
1265 5308 1503 5364 Dilectus
1543 5318 1696 5358 meus
1741 5301 1796 5355 in
1836 5302 1995 5356 domu
2041 5313 2160 5353 mea

571 5400 704 5457 fecit
726 5399 930 5456 scelera
956 5399 1123 5455 multa
1147 5398 1281 5471 (Jer.
1307 5401 1406 5468 χι).
1440 5415 1456 5448 ι
1488 5395 1556 5449 Et
1573 5393 1790 5464 quidem
1819 5391 2162 5461 gaudendum

571 5504 684 5560 est,
715 5496 842 5564 quia
866 5495 966 5566 ipsi
986 5509 1174 5549 sumus
1198 5493 1250 5548 iu
1279 5491 1550 5562 baptismo
1573 5489 1830 5560 templum
1856 5489 1983 5554 Dei,
2021 5495 2161 5544 teste

571 5587 853 5659 Apostolo,
876 5587 970 5659 qui
999 5587 1078 5641 ait
1107 5603 1159 5639 ε(
1193 5583 1475 5653 Templum
1501 5583 1646 5637 enim
1671 5583 1764 5638 Dei
1789 5594 2033 5638 sanctum
2055 5590 2160 5648 est,

573 5681 718 5751 quod
740 5681 874 5736 estis
893 5694 990 5733 vos
1016 5677 1068 5748 (I
1090 5675 1214 5730 Cor.
1244 5674 1349 5743 ιιι),
1383 5693 1401 5726 ι
1431 5674 1531 5744 ipsi
1558 5676 1750 5730 civitas
1770 5675 1933 5747 Regis
1958 5675 2162 5745 magni,

576 5770 647 5829 de
692 5786 799 5842 qua
848 5770 1110 5828 canitur:
1147 5786 1167 5821 ι
1204 5765 1580 5824 Fundamenta
1622 5768 1738 5840 ejus
1785 5769 1842 5826 iu
1887 5768 2163 5827 montibus

2261 4663 2458 4733 quibus
2499 4661 2819 4734 ﬂagellaudo
2865 4663 3058 4735 impios
3099 4665 3167 4720 de
3212 4665 3411 4735 templo
3453 4667 3691 4738 eXpulit,
3747 4685 3855 4724 cre-

2260 4762 2443 4812 menta
2481 4763 2608 4809 sunt
2635 4755 2913 4810 actionum
2947 4755 3248 4823 malarum,
3289 4759 3355 4813 de
3391 4758 3588 4827 quibus
3631 4763 3852 4815 materia

2261 4845 2552 4902 damnandi
2566 4848 2827 4916 reprobus
2853 4847 3100 4903 districto
3114 4846 3284 4918 judici
3309 4850 3485 4904 datur.
3504 4849 3852 4908 Hincetenim

2262 4933 2395 4992 dicit
2439 4934 2644 4989 Isaias:
2675 4953 2692 4986 ι
2725 4934 2821 4990 Vae
2859 4936 2951 5006 qui
2993 4937 3209 4992 trahitis
3239 4939 3578 5008 iniquitatem
3611 4941 3662 4995 in
3714 4942 3855 4996 funi-

2261 5029 2399 5084 culis
2427 5029 2683 5084 vanitatis
2714 5029 2850 5102 (Isa.
2875 5031 2938 5104 ι).
2981 5051 3002 5083 ι
3033 5031 3100 5086 Ει
3129 5033 3182 5087 in
3212 5033 3523 5091 Proverbiis
3553 5035 3816 5095 Salomon
3842 5060 3852 5093 :

2265 5142 2286 5176 α
2319 5123 2657 5195 Iniquitates,
2685 5127 2880 5198 inquit,
2914 5145 3024 5184 sua:
3053 5130 3273 5199 capiunt
3295 5132 3541 5200 impium,
3563 5141 3620 5188 et
3641 5134 3856 5189 funibus

2261 5226 2610 5287 peccatorum
2660 5234 2880 5273 suorum
2934 5222 3321 5291 constringitur
3360 5220 3557 5294 (Prov.
3586 5225 3662 5294 v).
3698 5246 3718 5280 ι
3760 5228 3856 5295 Qui

2265 5309 2412 5363 enim
2433 5317 2658 5378 peccata
2687 5311 2947 5379 peccatis,
2977 5328 3079 5382 pro
3103 5314 3299 5382 quibus
3325 5315 3509 5370 acrius
3547 5317 3858 5382 damnetur,

2267 5399 2594 5466 accumulat,
2627 5402 2784 5470 quasi
2812 5401 3082 5459 funiculus
3111 5403 3308 5474 quibus
3348 5405 3548 5474 ligetur
3576 5423 3641 5461 ac
3676 5408 3861 5482 ﬂagel-

2266 5491 2427 5558 letur,
2473 5491 2730 5562 paulatim
2767 5495 2976 5562 agendo
3003 5496 3310 5568 prolongat.
3360 5496 3864 5555 Nummulariorum

2269 5599 2516 5654 quoque,
2541 5599 2676 5655 quos
2704 5586 3011 5656 expulerat,
3042 5589 3226 5645 eﬂ‘udit
3258 5607 3365 5657 aes,
3395 5601 3451 5646 et
3494 5608 3715 5648 mensas
3742 5598 3870 5649 sub-

2269 5677 2451 5742 vertit,
2467 5678 2615 5747 quia,
2645 5678 2914 5735 damnatis
2937 5683 2988 5736 in
3018 5681 3123 5738 fine
3144 5686 3410 5754 reprohis,
3436 5687 3600 5740 etiam
3627 5687 3870 5757 ipsarum

2273 5784 2408 5841 quas
2439 5769 2676 5826 diiexcre
2715 5787 2897 5828 rerum
2931 5775 3081 5832 tollet
3111 5776 3370 5849 ﬁgurant,
3395 5775 3551 5846 juxta
3587 5777 3690 5836 hoc
3720 5778 3871 5850 quod
