3994 6354
168 373 264 430 297

1353 352 1656 416 ΗΟΜΙΜᾹΞ
1695 351 1784 408 DE
1821 350 2166 406 TEMPORE.

3301 344 3408 400 298

170 483 414 553 scriptum
443 483 525 534 est
550 494 564 533 :
585 495 601 529 ι
624 476 689 531 Ει
719 475 948 531 mundus
975 472 1244 537 transibit,
1265 478 1319 526 et
1341 468 1729 540 concupiscen-
1756 467 1806 527 Α
1832 480 2000 535 quare
2025 463 2181 518 solita
2208 464 2528 518 commercia
2558 462 2822 532 projicere
2854 459 3100 532 debuerit
3125 474 3156 514 e
3182 461 3408 541 templo,

170 577 238 632 tia
263 574 376 644 ejus
405 571 457 644 (1
481 571 639 626 Joan.
668 569 749 640 ιι).
785 589 802 622 ι

236 686 254 717 ι
285 665 350 719 Et
391 664 477 718 his
504 663 592 734 qui
630 661 906 718 columbas
934 659 1276 722 vendebant,
1309 657 1442 712 dixit
1470 674 1484 711 :
1515 654 1737 710 Auferte

172 778 191 810 ι
222 757 318 812 ista
339 754 484 820 hinc,
507 764 561 809 et
583 753 746 809 nolite
769 753 946 808 facere
962 753 1175 807 domum
1194 751 1370 806 Patris
1392 750 1494 803 mei
1519 749 1738 802 domum

171 872 191 904 ‹
222 849 614 921 negotiationis.
652 867 668 899 ι
701 848 1074 904 Venditionem
1112 846 1483 901 columbarum
1515 844 1579 896 de
1605 851 1740 896 tem-

166 943 247 1014 plo
273 941 476 997 auferri
509 941 793 1011 praecepit,
827 940 951 1009 quia
982 937 1152 1009 gratia
1184 936 1417 1006 Spiritus
1449 934 1617 1005 gratis
1650 948 1739 988 ac-

162 1033 290 1104 cipi,
325 1025 492 1104 gratis
531 1031 689 1087 debet
713 1031 849 1085 dari.
883 1029 1034 1086 Unde
1067 1028 1252 1084 Simon
1281 1028 1368 1082 ille
1397 1042 1618 1097 magus,
1649 1025 1740 1094 qui

160 1128 295 1182 hanc
319 1139 504 1180 emere
530 1124 756 1195 pecunia
791 1122 995 1188 voluit,
1036 1130 1092 1176 ut
1119 1120 1305 1189 majori
1334 1121 1507 1190 pretio
1547 1118 1744 1174 vende-

159 1228 257 1283 ret,
278 1217 489 1273 audivit
515 1235 528 1272 :
559 1235 577 1268 ι
606 1216 839 1272 Pecunia
868 1225 959 1270 tua
987 1224 1161 1270 tecum
1194 1215 1264 1269 sit
1284 1214 1338 1267 in
1363 1213 1739 1283 perditionem.

161 1308 270 1362 Non
303 1317 394 1362 est
425 1307 520 1362 tibi
548 1322 675 1378 pars
703 1321 881 1376 neque
910 1321 1030 1360 sors
1062 1305 1113 1358 in
1162 1319 1408 1359 sermone
1455 1302 1556 1356 hoc
1601 1300 1740 1369 (Act.

160 1397 291 1468 vm).
332 1416 350 1448 ›
385 1397 688 1451 Notandum
731 1405 908 1450 autem
936 1396 1059 1464 quia
1087 1411 1192 1448 non
1234 1394 1404 1448 solum
1438 1391 1745 1446 venditores

159 1487 692 1550 suntcolumbarum,
715 1496 769 1541 et
788 1487 1003 1540 domum
1040 1485 1133 1538 Dei
1167 1483 1371 1538 faciunt
1399 1483 1613 1537 domum
1644 1496 1744 1536 ne-

159 1577 483 1649 gotiationis,
499 1577 590 1647 qui
617 1591 803 1631 sacros
831 1576 1047 1630 ordines
1071 1574 1366 1644 largiendo,
1395 1573 1626 1642 pretium
1653 1587 1746 1642 pe-

154 1667 326 1722 cunize
351 1666 435 1722 vel
457 1665 633 1720 laudis
661 1665 743 1720 vel
771 1666 933 1720 etiam
967 1664 1188 1719 honoris
1214 1663 1529 1732 inquirunt;
1558 1675 1745 1715 verum

156 1756 207 1810 hi
245 1770 464 1826 quoque
494 1755 586 1824 qui
616 1754 840 1826 gradum
890 1752 972 1808 vel
1001 1752 1228 1823 gratiam
1270 1752 1324 1805 in
1367 1750 1606 1805 Ecclesia
1637 1750 1746 1819 spi-

1838 557 2112 628 respondit
2140 556 2438 610 rectissime
2467 556 2659 625 impios
2686 555 3051 611 exterminare
3076 558 3142 609 de
3177 555 3374 623 templo
3392 596 3408 621 ,

1837 653 1961 722 quia
1994 653 2165 723 ipsum
2198 650 2450 720 templum
2486 649 2866 719 significaverit
2895 649 3151 718 templum
3172 648 3415 719 corporis

1839 747 1943 810 sui,
1973 747 2026 800 in
2053 761 2159 815 quo
2197 743 2338 798 nulla
2381 757 2601 813 prorsus
2625 750 2770 798 esset
2803 742 3029 812 alicujus
3062 741 3266 812 peccati
3297 756 3414 795 ma.

1841 838 1977 893 cuia.
2009 837 2192 906 Neque
2227 835 2495 890 immerito
2532 835 2763 906 typicum
2800 835 3112 905 purgaverit
3142 850 3171 888 a
3195 833 3416 889 sceleri-

1841 931 1943 986 bus
1971 928 2225 998 templum
2251 967 2266 993 ,
2305 927 2394 998 qui
2420 925 2568 981 verbi
2599 924 2691 980 Dei
2728 924 2984 995 templum
3013 925 3080 980 ab
3110 925 3422 980 hominibus

1843 1030 2016 1077 morte
2055 1020 2285 1076 solutum
2326 1019 2518 1074 divinat
2560 1018 2794 1087 potentia
2835 1017 3135 1086 majestatis
3183 1018 3424 1073 excitare

1843 1122 2022 1184 posset
2054 1128 2082 1166 a
2110 1099 2356 1166 mortuis.

1923 1221 1940 1254 ι
1977 1203 2241 1257 Dixerunt
2286 1215 2413 1271 ergo
2457 1201 2507 1255 ei
2556 1199 2724 1255 Judaei
2753 1212 2769 1254 :
2803 1196 3172 1268 Quadraginta
3223 1207 3280 1253 et
3327 1214 3425 1254 sex

1851 1314 1867 1346 ι
1901 1294 2056 1348 annis
2097 1293 2418 1348 aedificatum
2464 1301 2545 1347 est
2592 1290 2847 1360 templum
2885 1290 3020 1355 hoc,
3053 1299 3109 1344 et
3152 1299 3207 1344 tu
3253 1291 3427 1347 tribus

1850 1402 1869 1434 ‹
1907 1385 2094 1439 diebus
2115 1382 2378 1437 excitabis
2399 1380 2562 1436 illud?
2590 1400 2607 1431 ‹
2635 1380 2787 1448 Quod
2813 1379 3210 1446 intellexerunt,
3240 1380 3314 1435 ita
3342 1394 3426 1436 re-

1846 1472 2050 1542 sponde
2058 1471 2312 1527 runt.Sed
2325 1487 2391 1528 ne
2406 1487 2503 1528 nos
2516 1486 2727 1542 quoque
2740 1470 3071 1541 spiritualem
3087 1471 3298 1526 Domini
3319 1488 3428 1529 ser-

1846 1579 2059 1619 monem
2085 1564 2373 1620 carnaliter
2391 1564 2734 1628 sentiremus,
2751 1563 3078 1634 evangelista
3105 1563 3430 1634 subsequen-

1847 1664 1930 1711 ter
1958 1657 2024 1712 de
2050 1671 2157 1726 quo
2187 1657 2383 1726 templo
2410 1655 2742 1726 loqueretur,
2770 1657 3036 1726 exposuit.
3065 1657 3216 1724 Quod
3249 1667 3429 1714 autem

1849 1748 2000 1801 aiunt
2021 1747 2086 1803 de
2109 1747 2703 1819 templo,qnadraginta
2732 1757 2785 1801 et
2811 1763 2901 1803 sex
2927 1749 3084 1803 annis
3105 1749 3430 1808 aediﬁcatum

155 1847 426 1912 ritualem,
444 1861 604 1916 quam
632 1845 741 1900 Deo
761 1845 1018 1915 largiente
1041 1857 1352 1913 percepere,
1379 1857 1483 1897 non
1511 1839 1742 1910 simplici
1773 1840 1820 1900 Β
1848 1847 1951 1902 est,
1983 1854 2090 1892 non
2123 1838 2377 1908 primam,
2409 1839 2501 1893 sed
2530 1839 2820 1894 secundam
2854 1839 2998 1894 illius
3017 1840 3430 1896 aedificationem

155 1937 472 2002 intentione,
496 1936 590 1991 sed
612 1933 898 2004 cujuslibet
920 1934 1168 1988 humanae
1188 1949 1350 1988 causa
1375 1931 1743 1986 retributionis

153 2035 436 2092 exercent,
467 2034 653 2082 contra
682 2025 811 2081 illud
839 2025 1064 2095 apostoli
1094 2024 1239 2078 Petri
1269 2041 1280 2078 :
1314 2045 1332 2074 ι
1365 2024 1465 2090 Qui
1506 2023 1744 2098 loquitur

150 2117 306 2186 quasi
340 2133 622 2174 sermones
663 2117 794 2183 Dei,
820 2117 912 2188 qui
944 2116 1221 2170 ministrat
1245 2123 1503 2185 tanquam
1533 2131 1598 2170 ex
1637 2114 1746 2169 vir-

153 2215 266 2263 tute
321 2223 484 2278 quam
514 2209 856 2263 administrat
881 2209 1043 2274 Deus,
1072 2217 1131 2262 ut
1159 2209 1214 2263 in
1240 2209 1491 2263 omnibus
1520 2209 1746 2264 honori-

151 2298 351 2354 licetur
383 2299 524 2354 Deus
555 2315 652 2369 per
675 2298 858 2354 Jesum
885 2298 1157 2354 Christum
1188 2299 1237 2368 (I
1262 2297 1408 2353 Petr.
1436 2300 1531 2367 iv).
1565 2318 1583 2349 ι
1619 2298 1749 2364 Qui—

147 2404 372 2458 cunque
400 2405 528 2460 ergo
558 2389 692 2444 tales
719 2389 844 2445 sunt
869 2391 1117 2444 veniente
1153 2390 1380 2444 Domino
1413 2389 1481 2443 de
1507 2389 1749 2444 Ecclesia

149 2479 361 2535 auferri
385 2492 434 2546 ι,
457 2479 705 2535 auferant
729 2480 832 2534 ista
858 2480 922 2535 de
947 2481 1058 2535 suis
1084 2481 1311 2545 actibus,
1336 2497 1403 2535 ne
1423 2479 1625 2534 faciant
1651 2480 1750 2536 do-

153 2583 303 2622 mum
336 2569 431 2622 Dei
468 2569 686 2625 domum
716 2569 1114 2640 negotiationis.
1165 2569 1276 2625 Nec
1319 2571 1750 2641 praetereundum

155 2661 281 2732 quia
320 2658 551 2716 sollicite
597 2659 752 2715 nobis
803 2659 1086 2730 Scriptura
1123 2669 1407 2730 utramque
1453 2660 1751 2716 Salvatoris

157 2752 328 2808 nostri
354 2760 627 2815 naturam,
647 2759 704 2806 et
730 2751 1021 2805 humanam
1052 2750 1306 2806 videlicet
1331 2752 1672 2807 commendat
1693 2758 1750 2806 et

157 2841 420 2897 divinam.
449 2841 522 2898 Ut
548 2841 692 2897 enim
712 2855 840 2897 vere
862 2841 959 2897 Dei
981 2840 1148 2896 Filius
1174 2841 1527 2914 intelligatur,
1559 2843 1748 2898 audia-

161 2949 280 2990 mus
315 2934 460 3004 quod
496 2933 610 3005 ipse
634 2933 892 2989 Dominus
918 2933 994 2988 ait
1022 2949 1036 2987 :
1065 2951 1084 2985 ι
1124 2931 1303 2988 Nolite
1329 2933 1507 2990 facere
1530 2935 1748 2990 domum

160 3023 340 3080 Patris
379 3023 484 3080 mei
525 3024 743 3079 domum
785 3024 1186 3096 negotiationis.
1224 3045 1244 3078 ι
1283 3025 1483 3096 Aperte
1515 3041 1751 3097 namque

160 3129 220 3169 se
249 3115 442 3170 Filium
469 3115 567 3172 Dei
602 3115 780 3172 Patris
814 3116 1068 3182 ostendit,
1099 3116 1192 3188 qui
1219 3117 1478 3188 templum
1517 3118 1613 3173 Dei
1652 3119 1754 3198 do-I

1848 1931 2176 2002 significant.
2212 1930 2428 1984 Primus
2461 1931 2604 1985 enim
2637 1930 2893 1986 Salomon
2923 1932 2976 1985 in
3007 1933 3246 1987 maxima
3282 1934 3431 2004 regni

1848 2022 1931 2077 sui
1960 2037 2091 2093 pace
2114 2023 2180 2076 de
2205 2022 2502 2077 centesimo
2526 2029 2579 2076 et
2602 2031 2806 2092 septem
2834 2038 3098 2077 annorum
3126 2037 3286 2092 opere
3311 2039 3434 2093 per-

1850 2112 1981 2169 fecit
2005 2132 2020 2169 :
2048 2114 2191 2184 quod
2213 2115 2551 2168 destructum
2579 2129 2609 2167 a
2641 2113 2928 2179 Chaldaeis,
2952 2122 3069 2184 post
3093 2115 3432 2184 septuaginta

1852 2220 2022 2260 annos
2067 2206 2132 2274 ad
2165 2204 2465 2274 jussionem
2493 2203 2838 2276 Cyri,Persze
2879 2206 3058 2260 laxata
3096 2207 3432 2277 captivitate,

1854 2296 2168 2351 retedificari
2214 2306 2448 2365 emptum
2496 2303 2600 2349 est.
2661 2297 2768 2350 Sed
2805 2295 2896 2350 filii
2943 2297 3436 2368 transmigrationis

1853 2401 1988 2456 opus
2014 2386 2154 2455 quod
2184 2385 2514 2455 principibus
2542 2384 2840 2440 Zorobabel
2876 2395 2930 2439 et
2957 2384 3084 2440 Jesu
3129 2384 3434 2453 faciebant,

1853 2485 2074 2545 propter
2098 2475 2552 2545 impugnationem
2580 2476 2817 2546 gentium
2839 2476 3136 2530 vicinarum
3162 2486 3287 2533 ante
3307 2493 3436 2548 qua-

1855 2564 2101 2635 draginta
2124 2571 2179 2618 et
2198 2579 2291 2618 sex
2313 2579 2483 2619 annos
2504 2563 2726 2633 implere
2751 2565 3108 2634 nequiverunt
3131 2583 3142 2619 :
3161 2567 3250 2636 qui
3273 2567 3436 2622 etiam

1854 2669 2112 2709 numerus
2147 2669 2411 2709 annorum
2458 2653 2842 2724 perfectionem
2884 2655 3148 2711 Dominiei
3197 2658 3440 2728 corporis

1856 2746 2135 2814 aptissime
2161 2746 2430 2816 congruit.
2455 2745 2699 2800 Tradunt
2725 2747 2924 2801 etenim
2949 2747 3279 2802 naturalium
3305 2751 3438 2805 scri-

1852 2846 2037 2906 ptores
2074 2852 2256 2892 rerum
2298 2835 2528 2891 formam
2567 2839 2814 2909 corporis
2849 2840 3070 2895 humani
3101 2849 3181 2896 tot
3228 2842 3440 2898 dierum

1854 2928 2027 2996 spatio
2041 2927 2227 2998 perfici
2248 2946 2260 2981 :
2278 2928 2404 2998 quia
2425 2928 2675 2984 videlicet
2699 2931 2890 3002 primis
2915 2947 3006 2987 sex
3032 2948 3062 2987 a
3087 2935 3442 3006 conceptione

1854 3016 2043 3074 diebus
2071 3017 2228 3074 lactis
2256 3017 2454 3074 habeat
2485 3020 2892 3077 similitudinem
2918 3064 2933 3089 ,
2968 3026 3318 3093 sequentibus
3345 3042 3443 3082 no-

1853 3122 1976 3162 vem
1999 3115 2244 3163 vertatur
2262 3109 2316 3163 in
2346 3111 2660 3182 sanguinem
2687 3130 2701 3166 :
2721 3112 2914 3168 deinde
2940 3115 3222 3171 duodecim
3244 3117 3441 3172 solide-

162 3219 313 3259 mum
334 3207 415 3260 sui
440 3205 1002 3278 Patriscognominat.
1046 3207 1116 3264 Ut
1138 3223 1354 3264 rursum
1374 3224 1537 3265 verus
1570 3210 1744 3265 homi-
1771 3211 1816 3275 C
1854 3207 1964 3266 1111'.
1993 3200 2215 3270 reliquis
2247 3201 2434 3254 decem
2475 3208 2530 3255 θῑ
2555 3210 2680 3258 οοιο
2708 3201 2976 3270 ﬁrmetur.
3007 3219 3178 3276 usque
3210 3207 3277 3260 ad
3314 3222 3440 3277 per-

165 3297 255 3349 nis
283 3295 446 3352 Filius
471 3297 737 3353 sentiatur
754 3338 769 3365 ,
794 3298 1098 3354 recolamus
1138 3299 1281 3368 quod
1309 3299 1363 3354 in
1391 3298 1549 3368 hujus
1575 3300 1749 3370 capite

170 3382 421 3439 lectionis
447 3385 770 3442 descendens
801 3387 854 3442 in
898 3386 1296 3458 Capharnaum,
1329 3397 1558 3445 matrem
1585 3390 1751 3445 comi-

171 3481 284 3528 tem
313 3474 561 3552 habuisse
584 3478 914 3548 perhibetur.
942 3479 1202 3549 Sequitur
1233 3501 1248 3536 .-

249 3582 268 3613 ι
307 3563 593 3620 Recordati
617 3581 745 3624 vero
765 3577 890 3624 sunt
910 3567 1157 3640 discipuli
1185 3568 1303 3638 ejus
1339 3570 1464 3642 quia
1491 3572 1750 3648 scriptum

171 3675 189 3706 ι
225 3665 317 3712 est
348 3675 362 3711 :
390 3657 548 3714 Zelus
575 3659 765 3717 domus
798 3669 902 3717 tua;
931 3662 1166 3718 comedit
1199 3678 1306 3719 me.
1342 3683 1361 3716 ι
1402 3663 1530 3720 Zelo
1560 3665 1751 3720 domus

164 3748 344 3823 Patris
371 3751 619 3808 Salvator
659 3753 820 3823 ejecit
852 3755 1045 3826 impios
1075 3755 1141 3811 de
1169 3756 1389 3827 templo.
1419 3757 1668 3812 Zelemus
1696 3764 1752 3813 et

165 3859 286 3910 nos,
311 3843 510 3902 fratres
531 3845 860 3914 charissimi,
885 3846 1103 3904 domum
1131 3848 1321 3914 Dei,et
1343 3858 1603 3920 quantum
1632 3862 1754 3918 pos-

169 3947 371 3998 sumus,
414 3949 484 3990 ne
513 3935 642 4005 quid
670 3936 724 3990 in
765 3949 830 3991 ea
863 3952 1090 4007 pravum
1142 3947 1382 4010 geratur,
1414 3939 1749 4004 insistamus,

171 4023 228 4080 Si
255 4026 551 4084 viderimus
588 4026 814 4084 fratrem
853 4030 944 4100 qui
985 4030 1054 4085 ad
1092 4030 1311 4085 domum
1363 4031 1458 4086 Dei
1497 4030 1749 4102 pertinet,

173 4119 423 4187 superbia
469 4120 732 4176 tumidum
754 4161 769 4184 ,
804 4119 852 4176 si
899 4110 1324 4177 detractionibus
1368 4131 1640 4178 assuetum
1663 4162 1679 4188 ,
1705 4121 1754 4177 si

172 4207 418 4264 ebrietati
449 4211 806 4278 servientem,
845 4212 890 4267 si
928 4212 1142 4268 luxuria
1167 4222 1522 4280 enervatum,
1556 4214 1601 4269 si
1648 4214 1754 4268 ira-

173 4302 364 4356 cundia
396 4301 702 4369 turbidum,
731 4304 778 4359 si
819 4304 908 4359 alii
935 4305 1185 4377 cuiquam
1224 4305 1355 4361 vitio
1384 4308 1714 4362 substratum
1734 4347 1750 4373 ,

175 4391 482 4446 studeamus
527 4391 844 4463 inquantum
895 4394 1123 4450 facultas
1177 4396 1410 4466 suppetit
1455 4398 1751 4469 castigare,

125 4471 132 4479 ’
172 4479 374 4548 polluta
417 4496 483 4537 ac
524 4497 778 4552 perversa
821 4485 1125 4556 corrigere;
1157 4495 1212 4542 et
1237 4487 1282 4542 si
1310 4488 1437 4558 quid
1467 4489 1533 4544 de
1561 4489 1754 4546 talibus

1851 3289 1993 3346 fecta
2021 3290 2348 3346 lineamenta
2375 3293 2616 3347 omnium
2652 3295 3022 3348 membrorum
3049 3335 3063 3361 ,
3095 3304 3149 3351 et
3177 3297 3303 3353 hinc
3326 3297 3442 3367 jam

1853 3381 2061 3451 reliquo
2082 3390 2327 3452 tempore
2347 3397 2516 3452 usque
2537 3384 2604 3439 ad
2630 3391 2840 3453 tempus
2862 3395 3052 3454 partus
3069 3389 3443 3457 magnitudine

1854 3481 2134 3544 augeatur.
2168 3470 2273 3526 Sex
2310 3481 2489 3526 autem
2519 3481 2574 3528 et
2607 3488 2801 3528 novem
2836 3483 2892 3531 et
2930 3474 3214 3531 duodecim
3243 3486 3300 3532 et
3348 3480 3441 3536 de-

1853 3581 1971 3622 cem
2001 3575 2056 3622 et
2081 3576 2225 3632 octo,
2254 3567 2609 3638 quadraginta
2636 3567 2874 3639 quinque
2917 3568 3142 3636 faciunt,
3170 3571 3365 3642 quibus
3393 3572 3440 3628 si

1852 3675 2022 3714 unum
2051 3659 2423 3730 adjecerimus,
2452 3660 2507 3715 id
2534 3670 2616 3716 est
2638 3661 2813 3732 ipsum
2839 3662 2980 3718 diem
3008 3679 3115 3735 quo
3144 3667 3441 3724 discretum

1853 3767 1952 3823 per
1985 3753 2227 3808 membra
2256 3767 2453 3822 corpus
2482 3763 2818 3809 crementum
2847 3769 3060 3812 sumere
3098 3757 3307 3829 incipit,
3361 3769 3442 3816 tot

1854 3845 2108 3900 nimirum
2134 3845 2250 3899 dies
2272 3844 2326 3898 in
2346 3845 2704 3902 mdilicatione
2724 3847 2967 3911 corporis
2991 3849 3279 3918 Dominici,
3310 3861 3443 3924 quot

1854 3938 1910 3994 in
1937 3938 2143 3994 fabrica
2174 3938 2357 4008 templi
2383 3952 2554 3993 annos
2580 3939 2903 3996 invenimus.
2935 3933 3154 4012 Et'quia
3180 3944 3438 4015 templum

1855 4031 1987 4088 illud
2028 4031 2424 4096 manufactum,
2478 4041 2878 4088 sacrosanctam
2945 4034 3158 4090 Domini
3218 4053 3438 4094 carnem

1855 4140 2018 4196 quam
2049 4140 2114 4180 ex
2141 4122 2359 4194 Virgine
2388 4125 2636 4195 sumpsit,
2678 4133 2737 4178 ut
2769 4141 2837 4181 ex
2869 4127 2970 4182 hoc
3001 4127 3118 4183 loco
3149 4130 3438 4197 discimus,

1855 4215 2145 4288 figurabat,
2173 4217 2300 4286 quia
2329 4230 2480 4285 aeque
2506 4231 2704 4286 corpus
2727 4217 2861 4286 ejus,
2893 4220 3034 4288 quod
3064 4229 3147 4276 est
3165 4220 3440 4288 Ecclesia,

1857 4305 1981 4376 quia
2004 4306 2424 4378 uniuscujusque
2444 4304 2680 4361 fidelium
2708 4322 2904 4377 corpus
2933 4310 3275 4381 animamque
3305 4311 3444 4368 desi-

1858 4401 2078 4472 gnabat,
2095 4401 2222 4455 utin
2247 4400 2519 4472 plerisque
2545 4401 2943 4472 Scripturarum
2960 4403 3092 4459 locis
3115 4404 3435 4459 invenimus.

1869 4492 2042 4546 Adam
2067 4506 2196 4546 vero
2223 4493 2428 4562 primus
2455 4501 2575 4562 post
2603 4502 2882 4562 peccatum
2905 4493 3109 4546 audivit
3133 4489 3284 4571 (ρεη.
3313 4496 3394 4565 ιιι)
3421 4511 3434 4547 :

173 4570 464 4626 emendare
490 4572 795 4643 nequimus,
822 4589 928 4628 non
951 4575 1068 4630 sine
1094 4577 1360 4630 acerrima
1394 4587 1570 4632 mente
1593 4580 1756 4634 susti-
1785 4579 1833 4640 D
1865 4603 1883 4633 ι
1904 4581 2070 4637 Terra
2093 4598 2171 4647 es,
2189 4591 2243 4637 et
2269 4583 2322 4636 in
2349 4591 2546 4637 terram
2570 4581 2721 4636 ibis.»
2742 4581 3022 4635 Secundus
3036 4570 3166 4635 vero
3182 4581 3352 4636 Adam
3369 4583 3436 4639 de

175 4675 302 4717 nere
337 4661 596 4719 dolorem.
635 4665 700 4719 Et
741 4667 976 4721 maxime
1019 4667 1074 4722 in
1117 4669 1231 4739 ipsa
1263 4671 1423 4724 domo
1449 4673 1710 4729 orationis
1734 4715 1752 4741 ,

176 4751 263 4806 ubi
286 4768 488 4824 corpus
515 4755 725 4811 Domini
756 4767 1127 4823 consecratur,
1152 4759 1240 4814 ubi
1271 4761 1582 4829 angelorum
1617 4780 1756 4834 prae—

175 4845 347 4901 sentia
377 4859 590 4915 semper
609 4848 796 4904 adesse
817 4864 922 4904 non
952 4850 1250 4916 dubitatur,
1273 4867 1342 4908 ne
1361 4853 1487 4923 quid
1513 4855 1752 4924 ineptum

177 4932 288 4999 ﬁat,
325 4949 396 4990 ne
423 4937 551 5007 quid
591 4939 734 5009 quod
774 4949 1018 4995 nostrum
1063 4940 1423 4999 fraternamve
1450 4946 1750 5001 orationem

176 5022 455 5094 impediat,
489 5028 616 5084 totis
637 5028 840 5085 viribus
871 5046 1111 5101 agamus.
1142 5031 1398 5104 Sequitur
1428 5052 1443 5088 :

249 5135 268 5168 ι
303 5118 692 5190 Reponderunt
713 5136 840 5194 ergo
867 5122 1035 5180 Judaei
1062 5143 1077 5180 :
1103 5127 1256 5193 Quod
1275 5128 1486 5197 signum
1515 5129 1756 5186 ostendis

181 5225 200 5257 ι
237 5209 429 5275 nobis,
469 5211 596 5281 quia
641 5211 755 5268 haec
803 5213 972 5270 facis?
1011 5215 1311 5287 Respondit
1347 5217 1504 5278 Jesus
1532 5230 1587 5275 et
1623 5222 1759 5276 dixit

180 5316 199 5350 ι
233 5300 354 5356 eis:
389 5300 592 5358 Solvite
621 5305 876 5375 templum
903 5308 1025 5372 hoc,
1046 5310 1180 5364 etin
1207 5311 1378 5366 tribus
1403 5311 1590 5368 diebus
1614 5313 1758 5368 exci-

179 5410 198 5442 ι
238 5392 371 5448 tabo
396 5393 544 5448 illud.
581 5415 601 5448 ι
633 5395 710 5452 De
737 5413 843 5467 quo
877 5401 1074 5471 templo
1100 5402 1244 5458 dicat
1277 5406 1603 5476 evangelista
1639 5415 1760 5478 post

176 5481 416 5549 aperuit,
454 5483 708 5541 videlicet
751 5487 817 5541 de
853 5489 1050 5560 templo
1077 5495 1322 5563 corporis
1352 5497 1464 5561 sui,
1509 5499 1652 5566 quod
1693 5499 1761 5554 ab

176 5569 285 5626 illis
313 5573 566 5643 passione
603 5576 874 5643 solutum,
920 5579 1034 5650 ipse
1071 5592 1191 5651 post
1234 5586 1470 5641 triduum
1510 5589 1764 5644 excitavit

175 5660 243 5715 de
273 5669 475 5717 morte.
507 5665 640 5731 Quia
671 5681 800 5738 ergo
845 5668 1055 5739 signum
1097 5674 1409 5741 quaerebant
1433 5693 1463 5731 a
1499 5678 1722 5736 Domino
1745 5723 1760 5750 ,

248 5784 277 5814 ι
310 5772 476 5832 Deest
501 5775 592 5833 hic
617 5778 836 5850 aliquid.

628 5875 904 5936 ΡΑτιιοι..
941 5876 1222 5941 CXVIII.

1861 4675 2038 4744 seipse
2058 4674 2168 4728 ait:
2201 4695 2216 4724 ι
2248 4673 2451 4728 Solvite
2473 4672 2727 4743 templum
2755 4674 2875 4736 hoc,
2904 4680 2960 4726 et
2982 4672 3034 4726 in
3059 4673 3229 4728 tribus
3249 4674 3440 4734 diebus

1861 4766 2109 4820 excitabo
2134 4765 2263 4818 illud
2292 4765 2473 4835 (Joan.
2502 4764 2585 4830 ιι).
2612 4784 2629 4816 ι
2653 4763 2887 4834 Sparsus
2922 4779 3051 4820 vero
3091 4764 3193 4820 fuit
3231 4768 3440 4838 primus

1859 4870 1958 4926 per
1992 4856 2300 4910 universum
2341 4856 2597 4909 mundum
2625 4894 2638 4919 ,
2687 4854 2778 4926 qui
2821 4855 2872 4909 in
2918 4857 3152 4912 secundo
3181 4858 3440 4915 collectus

1860 4956 1964 5011 est,
1995 4945 2136 5016 quod
2159 4945 2424 5017 significat
2453 4961 2646 5001 nomen
2666 4945 2856 5015 Adam,
2874 4947 2966 5018 qui
2990 4957 3222 5018 quatuor
3241 4949 3438 5008 litteris

1860 5041 2138 5106 scribitur,
2171 5041 2224 5095 id
2249 5049 2333 5097 est
2360 5039 2505 5116 ἄλφα,
2533 5040 2702 5106 δέλτα,
2732 5040 2927 5096 iterum
2954 5040 3085 5117 ἄλφα
3103 5051 3159 5098 et
3183 5051 3254 5116 μῦ
3280 5061 3295 5111 ;
3320 5060 3441 5116 quae

1861 5141 2094 5204 quatuor
2141 5131 2334 5187 littera:
2374 5141 2603 5202 quatuor
2631 5141 2810 5203 partes
2845 5133 2991 5190 orbis
3023 5135 3309 5206 designant
3335 5178 3350 5201 ,
3383 5139 3437 5192 in

1863 5223 2057 5294 quibus
2097 5239 2316 5294 sparsus
2346 5231 2429 5278 est
2451 5223 2622 5279 Adam
2649 5225 2702 5278 in
2730 5224 2852 5280 filiis
2881 5226 3014 5281 suis.
3045 5226 3168 5282 Ideo
3200 5228 3253 5282 in
3283 5231 3433 5298 prin-

1863 5317 2019 5385 cipiis
2060 5317 2338 5371 nominum
2369 5316 2598 5387 partium
2629 5319 2833 5386 mundi,
2869 5320 2951 5374 ha:
2979 5328 3210 5389 quatuor
3243 5322 3437 5377 litterae

1861 5407 2129 5479 leguntur.
2162 5408 2296 5462 Nam
2326 5406 2529 5484 ἄρκτος,
2559 5412 2702 5482 quod
2736 5419 2817 5467 est
2843 5412 3154 5481 septentrio,
3197 5414 3265 5466 ab
3295 5437 3326 5468 α
3354 5414 3438 5466 in-

1860 5502 2018 5572 cipit;
2047 5499 2213 5564 δύσις,
2229 5502 2370 5570 quod
2383 5511 2467 5556 est
2488 5503 2758 5569 occidens,
2782 5519 2811 5558 a
2833 5503 2863 5560 ἃ
2884 5504 3102 5576 incipit;
3121 5514 3174 5559 et
3196 5495 3435 5566 amaram,

1861 5592 2000 5663 quod
2029 5601 2112 5646 est
2137 5592 2334 5656 oriens,
2354 5591 2419 5647 ab
2439 5619 2474 5653 α
2501 5595 2664 5648 etiam
2696 5595 2910 5666 incipit;
2943 5597 3258 5669 μεσημϐρία,
3291 5597 3434 5663 quod

1811 5741 1819 5750 ,
1862 5691 1945 5738 cst
1973 5681 2251 5749 meridies,
2283 5699 2312 5737 a
2342 5706 2381 5756 μ
2416 5684 2604 5755 incipit
2631 5699 2646 5739 :
2670 5702 2788 5755 qua:
2812 5696 2936 5741 sunt
2959 5696 3140 5757 partes
3168 5685 3331 5742 orbis.
3372 5685 3438 5740 ab

2990 5900 3062 5964 10
