3994 6354
141 447 229 508 101

1365 444 1670 502 HOMILIAS
1717 444 1803 498 DE
1838 445 2186 506 TEMPORE.

3273 461 3377 517 302

139 567 258 616 neat
298 557 366 613 ad
395 555 574 613 facere
599 559 928 614 voluntatem
966 560 1142 615 Patris
1177 559 1314 629 ejus.
1341 561 1473 627 Quis
1504 561 1709 614 nesciat
1737 563 1783 620 Δ
1811 563 2054 628 quaesivit
2081 564 2305 634 gloriam
2343 565 2458 635 ejus
2484 567 2576 636 qui
2622 582 2745 623 eum
2774 569 2941 636 misit,
2972 579 3173 640 quanto
3207 575 3380 645 magis

139 663 232 706 hoc
262 663 383 704 esse
412 648 590 704 facere
613 649 941 704 voluntatem
982 651 1107 715 Dei,
1134 652 1345 721 operari
1381 665 1515 720 opus
1553 650 1667 718 ejus
1684 650 1712 704 ?-
1807 668 1906 708 nos
1929 653 2042 723 ejus
2063 657 2151 725 qui
2180 671 2278 710 nos
2304 655 2465 711 fecit?
2491 655 2746 727 Sequitur

138 744 186 798 id
215 749 299 795 est
342 741 485 810 quod
528 740 602 795 illi
632 741 825 810 placet.
857 743 975 813 ipse
1008 751 1187 797 autem
1219 743 1479 797 Dominus
1523 751 1708 811 aperte

137 834 236 890 alio
263 833 384 887 loco
434 833 564 887 dicit
607 850 619 886 :
665 852 683 883 ι
712 833 824 888 Hoc
857 845 938 890 est
980 851 1113 904 opus
1150 835 1242 890 Dei
1280 845 1338 890 ut
1385 836 1615 890 credatis
1655 835 1713 890 in

136 933 255 982 eum
299 940 461 995 quem
511 924 600 981 ilie
642 927 788 981 misit
832 928 1013 1000 (Joan.
1057 927 1166 1000 vi).
1199 948 1217 980 ι
1256 928 1325 984 Ut
1372 928 1607 983 credatis
1653 927 1716 981 in

136 1033 273 1080 eum,
330 1031 437 1070 non
488 1024 547 1070 ut
576 1018 809 1072 credatis
835 1019 883 1072 ei
917 1037 928 1072 :
957 1034 1062 1072 non
1105 1028 1282 1073 autem
1328 1020 1582 1074 continuo
1619 1016 1710 1086 qui

128 1098 300 1165 credit
332 1107 382 1162 ei
409 1106 584 1162 credit
613 1107 667 1162 in
693 1123 852 1174 eum;
885 1124 1008 1162 nam
1049 1117 1104 1164 et
1129 1109 1399 1164 daemones
1422 1109 1712 1163 credebant

133 1179 196 1263 ei,
223 1208 276 1254 et
307 1213 419 1253 non
447 1198 739 1254 credebant
774 1201 827 1253 in
857 1215 1000 1255 eum.
1036 1201 1244 1254 Rursus
1283 1202 1445 1254 etiam
1482 1201 1548 1254 de
1577 1214 1710 1268 apo-

132 1289 280 1348 stolis
319 1291 494 1360 ipsius
528 1304 814 1360 possumus
854 1292 1035 1347 dicere
1080 1309 1092 1346 :
1132 1291 1419 1347 Credimus
1449 1307 1544 1361 per
1573 1290 1712 1345 Pau-

133 1387 262 1451 lum,
305 1386 405 1442 sed
445 1401 552 1440 non
593 1386 862 1442 credimus
903 1387 955 1441 in
999 1387 1255 1454 Paulum;
1309 1389 1577 1443 credimus
1615 1402 1713 1456 per

130 1476 374 1541 Petrum,
412 1476 505 1532 sed
538 1491 645 1531 non
675 1477 945 1533 credimus
989 1479 1043 1532 in
1089 1479 1327 1534 Petrum.
1377 1477 1615 1535 Credidit
1655 1480 1710 1534 in

131 1581 248 1623 eum
285 1569 381 1637 qui
409 1567 674 1638 justiflcat
715 1570 958 1638 impium,
992 1571 1278 1640 deputatur
1319 1572 1450 1627 fides
1486 1570 1606 1640 ejus
1645 1571 1713 1627 ad

129 1658 414 1728 justitiam.
443 1658 581 1725 Quid
625 1675 754 1730 ergo
790 1667 875 1715 est
908 1662 1134 1716 credere
1165 1665 1216 1716 in
1257 1663 1422 1724 eum?
1448 1662 1712 1717 credendo

131 1765 310 1807 amare
333 1791 349 1815 ,
381 1752 650 1807 credendo
678 1752 930 1821 diligere,
960 1754 1227 1810 credendo
1263 1755 1328 1810 ad
1359 1771 1480 1811 eum
1524 1755 1710 1820 scribi,

129 1850 180 1896 et
203 1841 323 1910 ejus
357 1843 615 1899 membris
645 1845 996 1914 incorporari.
1035 1847 1150 1916 Ipsa
1190 1862 1319 1916 ergo
1358 1847 1523 1912 ﬁdes,
1549 1862 1709 1916 quam

1884 763 1904 796 ι
1926 743 2110 800 Nonne
2127 747 2353 818 Moyses,
2371 748 2563 817 inquit,
2588 750 2733 804 dedit
2754 753 2905 808 vobis
2928 751 3120 822 legem,
3147 762 3203 809 et
3223 770 3384 812 nemo.

1815 855 1834 890 ‹
1864 851 1932 891 ex
1970 836 2120 892 vobis
2163 837 2290 892 facit
2329 839 2540 910 legem?
2569 859 2588 891 ›
2624 839 2756 898 Nam
2794 842 2840 898 si
2881 842 3054 913 legem
3095 845 3374 912 fecissetis,

1811 929 1865 984 in
1897 932 2026 1000 ipsis
2056 931 2250 986 litteris
2275 932 2550 987 Christum
2576 937 2956 1002 agnoscerctis,
2984 944 3038 991 et
3059 946 3378 1006 praesentem

1809 1038 1915 1078 non
1947 1023 2280 1080 occideretis.

1885 1132 1906 1168 ι
1937 1113 2074 1180 Quid
2099 1130 2187 1170 me
2212 1115 2452 1184 quaeritis
2486 1113 2825 1178 interﬁcere?
2849 1135 2869 1168 ι
2907 1115 3031 1172 Ideo
3057 1119 3199 1172 enim
3237 1134 3381 1188 quae-

1809 1204 1930 1260 ritis
1960 1220 2044 1259 me
2074 1204 2398 1270 interﬁcere,
2420 1205 2545 1275 quia
2573 1220 2729 1260 nemo
2754 1221 2818 1266 ex
2847 1206 3000 1262 vobis
3027 1205 3156 1261 facit
3177 1208 3378 1278 legem;

1816 1315 1835 1349 ι
1869 1297 2145 1366 respondit
2190 1297 2237 1351 ei
2284 1298 2439 1352 turba
2481 1315 2494 1350 :
2542 1317 2560 1347 )
2607 1296 2747 1363 Quid
2791 1298 3126 1365 responderit
3163 1301 3378 1354 videte:

1817 1405 1836 1442 ι
1873 1388 2202 1443 Daemonium
2244 1389 2450 1443 habes?
2491 1387 2622 1456 Quis
2662 1398 2713 1443 te
2751 1389 2942 1457 quaerit
2984 1389 3324 1445 interficere?
3359 1411 3378 1443 ι

1810 1475 1976 1544 Quasi
2005 1493 2109 1532 non
2143 1476 2242 1538 fuit
2271 1477 2424 1548 pejus
2454 1477 2653 1541 dicere,
2672 1478 3000 1532 Daemonium
3030 1479 3197 1534 habes
3223 1495 3382 1549 quam

1811 1580 1933 1621 eum
1969 1567 2234 1622 occidere.
2280 1566 2343 1620 Ei
2384 1567 2580 1637 quippe
2618 1565 2817 1622 dictum
2847 1577 2930 1623 est
2962 1584 2974 1619 :
3005 1568 3146 1636 quod
3191 1569 3387 1623 daemo-

1811 1659 1959 1716 nium
1993 1660 2244 1725 habebat,
2273 1660 2366 1728 qui
2395 1659 2663 1715 daemones
2695 1659 3028 1731 expellebat:
3061 1659 3188 1730 quid
3216 1662 3388 1730 possit

1813 1751 1955 1806 aliud
1982 1752 2158 1807 dicere
2185 1752 2339 1807 turba
2371 1753 2697 1817 turbulenta,
2718 1753 2845 1823 quid
2876 1754 3045 1822 possit
3072 1753 3213 1810 aliud
3241 1753 3388 1808 olere

1813 1854 2030 1896 omnum
2060 1850 2411 1906 commotum,
2439 1842 2540 1896 nisi
2575 1844 2880 1912 putridum?
2903 1844 3174 1900 Turbatur
3195 1845 3383 1910 turba;

129 1931 190 1985 de
218 1932 379 1987 nobis
409 1932 575 2004 exigit
605 1933 777 1998 Deus,
813 1943 898 1990 est
925 1951 1044 2006 quae
1089 1950 1185 2004 per
1213 1936 1552 1991 dilectionem
1582 1951 1710 2006 ope—
1736 1918 1786 1987 Β
1815 1931 1991 1986 unde?
2017 1949 2046 1986 a
2074 1932 2319 1987 veritate.
2351 1932 2582 1987 Turbam
2613 1933 2948 2004 lippitudinis
2973 1935 3207 1990 turbavit
3231 1936 3406 2002 claris

130 2030 295 2076 ratur.
332 2021 388 2076 Si
415 2022 665 2093 intelligis
689 2024 852 2079 verba
880 2024 1004 2091 Dei,
1036 2025 1274 2096 intellige
1307 2025 1432 2096 quia
1460 2023 1710 2080 Christus

126 2112 294 2169 Filius
324 2113 418 2169 Dei
447 2123 549 2179 est,
577 2124 633 2171 et
655 2116 898 2172 doctrina
943 2117 1122 2172 Patris
1167 2134 1272 2174 non
1321 2127 1406 2174 est
1451 2134 1520 2173 ex
1549 2119 1665 2189 ipso
1693 2135 1705 2171 :

128 2219 231 2258 non
275 2220 347 2260 ex
379 2205 578 2271 nihilo,
610 2221 718 2261 non
749 2223 815 2262 ex
857 2208 978 2262 aliis
1017 2208 1463 2272 subsistentibus,
1506 2209 1600 2263 scd
1643 2223 1712 2263 ex

126 2296 286 2354 Patre
326 2307 556 2366 tantum,
597 2301 650 2354 in
685 2300 845 2357 Patre
872 2317 1118 2368 manens,
1147 2302 1370 2371 aequalis
1398 2302 1566 2356 Patri.

198 2407 218 2440 ι
269 2388 376 2456 Qui
426 2405 457 2444 a
508 2393 795 2460 semetipso
848 2391 1118 2462 loquitur,
1164 2393 1389 2461 gloriam
1439 2393 1712 2464 propriam

131 2493 148 2528 (
184 2478 410 2547 quaerit.
444 2497 463 2530 ι
500 2478 598 2535 Hic
629 2481 730 2536 erit
759 2483 850 2551 qui
876 2490 1101 2536 vocatur
1126 2481 1509 2547 Anticlirtstus,
1544 2482 1715 2537 extol-

129 2567 241 2622 lens
271 2582 357 2632 se,
393 2569 534 2623 sicut
559 2570 846 2640 Apostolus
870 2572 1023 2638 dixit,
1063 2586 1224 2642 super
1255 2587 1415 2627 omne
1450 2574 1591 2642 quod
1629 2573 1712 2627 di-

131 2660 268 2714 citur
292 2659 456 2725 Deus,
485 2664 702 2731 etquod
725 2663 942 2718 colitur.
969 2664 1146 2734 Ipsum
1170 2665 1367 2735 quippe
1388 2667 1715 2721 annuntians

135 2751 390 2807 Dominus
431 2752 658 2823 gloriam
702 2770 855 2809 suam
901 2756 1249 2825 quaesiturum
1276 2796 1290 2820 ,
1335 2772 1441 2810 non
1489 2757 1713 2826 gloriam

135 2842 339 2910 Patris,
369 2844 446 2898 ait
474 2844 541 2899 ad
575 2843 791 2900 .ludmos
823 2863 834 2898 :
871 2863 890 2897 ς
924 2845 1034 2916 Ego
1059 2847 1178 2901 veni
1205 2846 1258 2899 in
1291 2847 1510 2901 nomine
1537 2846 1713 2901 Patris

138 2935 273 3000 mei,
303 2944 356 2988 et
395 2951 500 2990 non
531 2937 848 3006 suscepistis
877 2953 982 2991 me.
1013 2936 1164 2992 Alius
1199 2937 1377 2992 veniet
1414 2937 1468 2992 in
1495 2938 1712 2992 nomine
1748 2982 1755 2988 .

1814 2029 1895 2076 tas
1923 2021 2076 2077 lucis.
2110 2021 2261 2077 Oculi
2291 2032 2470 2076 autem
2512 2038 2616 2077 non
2647 2023 2905 2079 habentes
2933 2025 3251 2091 sanitatem,
3280 2041 3385 2081 non

1812 2123 2039 2184 possunt
2091 2112 2234 2168 ferre
2283 2113 2501 2169 luminis
2551 2113 2872 2181 claritatem,
2909 2115 3166 2176 Dominus
3208 2125 3387 2172 autem

1813 2218 1919 2262 non
1948 2203 2105 2272 plane
2137 2205 2415 2270 turbatur,
2446 2204 2538 2260 sed
2569 2204 2622 2259 in
2654 2219 2749 2260 sua
2780 2205 3006 2260 veritate
3045 2206 3385 2276 tranquillus,

1814 2309 1920 2348 non
1951 2294 2180 2348 reddidit
2222 2294 2420 2348 malum
2459 2310 2558 2362 pro
2591 2295 2762 2360 malo,
2797 2311 2895 2350 nec
2919 2296 3260 2352 maledictum
3291 2314 3390 2367 pro

1815 2387 2119 2443 maledicto.
2143 2388 2350 2455 Quibus
2369 2389 2413 2443 si
2439 2390 2674 2445 diceret;
2698 2389 3028 2445 Daemonium
3057 2391 3266 2446 habetis
3295 2405 3390 2460 po-

1814 2480 1920 2536 tius
1946 2496 2066 2544 vos,
2091 2496 2279 2536 verum
2310 2483 2493 2551 utique
2519 2482 2740 2537 diceret.
2775 2481 2922 2538 Unde
2948 2483 3092 2538 enim
3117 2484 3219 2538 hoc
3243 2484 3388 2539 dice-

1815 2584 1936 2627 rent
1973 2573 2037 2628 de
2065 2573 2309 2636 veritate,
2347 2590 2365 2624 ι
2389 2574 2718 2627 Βωπιουίιηη
2749 2573 2936 2640 habes,
2967 2593 2985 2626 ›
3018 2573 3119 2629 nisi
3149 2590 3244 2630 eos
3273 2575 3389 2630 dia-

1814 2661 1922 2718 boli
1955 2661 2160 2716 falsitas
2190 2663 2464 2717 irritaret?
2492 2662 2630 2730 Quid
2673 2677 2803 2732 ergo
2847 2665 3200 2733 respondeat,
3243 2672 3391 2719 tran-

1813 2754 2029 2822 quillius
2057 2755 2441 2818 audiamus,.et
2467 2756 2750 2824 tranquille
2776 2757 3036 2811 vivamus.

1891 2861 1908 2894 ι
1940 2842 2115 2898 Unum
2144 2859 2278 2913 opus
2304 2844 2406 2900 feci
2428 2885 2443 2907 ,
2474 2855 2526 2900 et
2557 2861 2745 2900 omnes
2784 2846 3073 2900 miramini.
3108 2865 3127 2899 ι
3161 2847 3390 2904 Tantum

1813 2941 1896 2988 est
1927 2950 1995 2990 ac
2013 2934 2058 2988 si
2090 2935 2326 2990 diceret:
2357 2935 2493 3003 Quid
2524 2937 2567 2992 si
2596 2937 2774 2991 omnia
2801 2954 2962 3008 opera
2981 2954 3098 2995 mea
3113 2940 3396 2999 videritis?

140 3044 256 3094 suo,
303 3030 442 3084 hunc
487 3030 792 3101 suscipietis
839 3030 1020 3104 (Joan.
1059 3031 1136 3104 v).
1169 3051 1186 3084 ι
1240 3031 1577 3101 Significavit
1618 3046 1712 3086 eos
1810 3025 1984 3094 Ipsius
2029 3025 2173 3080 enim
2211 3042 2375 3098 opera
2419 3037 2576 3083 erant
2610 3044 2730 3099 quae
2776 3029 2830 3083 in
2867 3031 3067 3086 mundo
3118 3032 3392 3088 videbant.

139 3118 523 3175 Antichristum
571 3130 935 3192 suscepturus,
968 3124 1058 3193 qui
1100 3123 1325 3194 gloriam
1358 3122 1592 3178 nominis
1627 3121 1712 3177 sui
1813 3117 1963 3173 Fecit
1997 3134 2156 3173 unam
2204 3135 2322 3176 rem
2351 3128 2406 3174 et
2441 3121 2648 3176 «turbati
2687 3129 2845 3188 sunt,
2875 3124 2999 3192 quia
3038 3122 3243 3179 salvum
3272 3123 3399 3180 fecit

142 3207 457 3276 quaesiturus
499 3221 600 3274 est,
631 3209 869 3277 inflatus,
893 3227 998 3266 non
1042 3212 1262 3267 solidus.
1306 3212 1374 3266 Et
1402 3211 1521 3267 ideo
1546 3212 1714 3265 insta—
1753 3277 1786 3283 _
1818 3209 2089 3265 hominem
2111 3211 2164 3264 in
2188 3212 2432 3276 sabbato,
2457 3226 2564 3267 non
2589 3212 2943 3283 intelligentes
2970 3214 3253 3270 Dominum
3276 3231 3398 3274 esse

142 3298 299 3361 bilis,
333 3301 423 3354 sed
459 3301 644 3370 utique
687 3303 956 3357 ruinosus.
1003 3304 1260 3358 Dominus
1305 3311 1485 3358 autem
1531 3311 1715 3358 noster
1739 3277 1788 3345 (αἶ
1817 3300 2030 3354 sabbati
2060 3300 2225 3356 tilium
2255 3302 2519 3368 hominis,
2547 3304 2636 3372 qui
2669 3277 2949 3359 sabbatum
2976 3316 3195 3375 propter
3222 3308 3396 3362 homi-

151 3387 306 3445 Jesus
347 3389 584 3449 Christus
627 3411 878 3465 magnum
929 3395 1232 3466 exemplum
1286 3395 1437 3449 nobis
1484 3395 1716 3464 praebuit
1817 3407 1942 3448 nem
1965 3392 2265 3457 constituit,
2288 3408 2395 3448 non
2420 3393 2693 3448 hominem
2718 3403 2939 3463 propter
2960 3397 3258 3450 sabbatum.
3287 3396 3397 3453 Nec

153 3477 482 3536 humilitatis.
531 3482 724 3555 Nempe
759 3486 981 3555 aequalis
1021 3494 1104 3540 cst
1149 3485 1326 3550 Patri;
1374 3499 1565 3554 nempe
1606 3503 1624 3534 ι
1657 3483 1716 3538 ln
1816 3482 2098 3538 sabbatum
2130 3483 2425 3548 destruxit,
2470 3484 2596 3553 quia
2631 3499 2824 3538 sanum
2862 3484 2988 3540 fecit
3030 3485 3301 3541 hominem
3341 3488 3395 3550 in

149 3573 408 3644 principio
435 3581 550 3631 erat
580 3578 832 3644 Verbum,
859 3588 914 3635 et
944 3578 1177 3635 Verbum
1211 3587 1330 3633 erat
1351 3577 1489 3648 apud
1521 3577 1712 3642 Deum,

147 3671 198 3718 et
225 3661 364 3719 Deus
397 3677 512 3720 erat
540 3667 772 3723 Verbum
803 3668 994 3740 (Joan.
1028 3668 1110 3740 l);
1144 3688 1161 3720 ι
1193 3682 1385 3736 nempe
1414 3669 1528 3737 ipse
1557 3665 1714 3732 dixit,

149 3764 198 3811 et
223 3757 500 3813 verissime
525 3759 664 3814 dixit
691 3775 705 3814 :
739 3779 757 3811 ι
790 3760 962 3816 Tanto
991 3769 1232 3830 tempore
1258 3761 1532 3815 vobiscum
1570 3774 1714 3824 sum,

150 3857 198 3904 et
225 3864 327 3903 non
358 3851 688 3924 cognovistis
718 3851 843 3907 me?
873 3851 1135 3922 Philippe,
1157 3851 1248 3921 qui
1278 3851 1412 3906 vidit
1437 3865 1543 3915 me,
1572 3849 1719 3904 videt

151 3949 198 3996 et
223 3939 434 3996 Patrem
476 3941 655 4012 (Joan.
685 3942 820 4014 xlv).
855 3963 873 3994 ι
909 3942 1110 4014 Nempe
1145 3943 1259 4013 ipse
1285 3942 1437 4006 dixit,
1465 3951 1520 3996 et
1547 3942 1716 3996 veris-

153 4033 274 4089 sime
304 4035 440 4089 dixit
466 4053 478 4088 :
514 4056 530 4087 ε
564 4034 676 4106 Ego
704 4043 758 4089 et
786 4034 949 4089 Pater
978 4050 1144 4088 unum
1173 4049 1360 4089 sumus
1385 4032 1568 4105 (Joan.
1600 4032 1710 4103 x).i

156 4121 203 4176 Si
245 4140 372 4197 ergo
412 4141 534 4180 cum
581 4125 744 4180 Patre
774 4141 974 4191 unum,
1013 4124 1238 4196 aequalis
1279 4124 1425 4179 Patri
1467 4124 1610 4179 Deus
1651 4124 1718 4178 de

155 4212 266 4278 Deo,
302 4215 442 4271 Deus
469 4218 608 4287 apud
649 4217 815 4271 Deum
841 4225 1157 4280 cozeternus,
1193 4213 1532 4279 immortalis,
1573 4213 1716 4284 pari-

156 4315 228 4360 ter
265 4307 756 4372 incommutabilis,
792 4309 998 4378 pariter
1041 4307 1159 4362 sine
1204 4317 1464 4377 tempore,
1513 4305 1718 4375 pariter

155 4411 356 4454 creator
379 4408 434 4453 et
460 4399 800 4470 dispensator
833 4407 1155 4468 temporum,
1209 4406 1387 4450 tamen
1417 4395 1541 4464 quia
1571 4394 1720 4448 venit

158 4490 203 4544 in
230 4502 492 4562 tempore,
526 4472 580 4547 et
617 4490 844 4546 formam
890 4493 1029 4546 servi
1071 4489 1307 4560 accepit,
1335 4497 1390 4543 et
1417 4487 1598 4541 habitu
1639 4486 1721 4540 in-

156 4592 338 4638 ventus
382 4594 464 4640 est
509 4593 568 4640 ut
614 4583 805 4650 homo,
847 4583 1039 4653 quaerit
1086 4582 1311 4651 gloriam
1358 4579 1568 4644 Patris,
1611 4595 1716 4633 non

1816 3573 2062 3638 sabbato,
2089 3573 2216 3642 quia
2247 3575 2314 3629 ad
2353 3574 2579 3631 salutem
2614 3575 2914 3642 hominum,
2944 3577 3251 3634 hominibus
3277 3579 3398 3638 sab-

1815 3665 1927 3721 bati
1959 3668 2204 3722 custodia
2232 3666 2356 3722 data
2382 3675 2486 3724 est.

1892 3777 1910 3809 ι
1936 3757 2225 3828 Propterea
2254 3758 2464 3830 Moyses
2495 3758 2642 3816 dedit
2667 3759 2820 3818 vobis
2847 3761 3346 3832 circumcisionem;
3371 3784 3390 3822 ι

1816 3849 1954 3905 bene
2003 3849 2204 3905 factum
2251 3859 2334 3907 est
2381 3860 2440 3905 ut
2492 3852 2810 3922 acciperetis
2854 3854 3318 3912 circumcisionem
3366 3871 3400 3914 α

1817 3937 2029 4009 Moyse,
2065 3957 2084 3990 ‹
2116 3954 2222 3996 non
2251 3941 2376 4010 quia
2411 3955 2476 3996 ex
2511 3939 2693 4012 Moyse
2721 3951 2825 4010 est,
2857 3945 2952 4000 sed
2977 3960 3042 4000 ex
3079 3947 3342 4016 patribus.
3373 3966 3392 4002 ο

1815 4026 2092 4084 Abraham
2137 4029 2333 4100 quippe
2372 4030 2580 4101 primus
2621 4033 2830 4102 accepit
2874 4034 3336 4092 circumcisionem
3367 4053 3398 4096 a

1817 4116 2067 4174 Domino.
2110 4137 2129 4169 ι
2157 4119 2224 4174 Et
2271 4120 2326 4174 in
2358 4119 2582 4176 sabbato
2627 4121 3011 4179 circumciditis
3054 4124 3347 4187 hominem.
3373 4146 3394 4180 ι

1818 4209 2101 4266 Convincit
2127 4225 2224 4266 vos
2248 4210 2478 4282 Moyses,
2499 4214 2554 4267 in
2580 4211 2696 4283 lege
2721 4215 3007 4286 accepistis
3030 4223 3091 4270 ut
3115 4217 3400 4276 circumci-

1820 4303 1960 4358 datis
1987 4312 2177 4358 octavo
2205 4304 2310 4368 die,
2340 4303 2625 4372 accepistis
2646 4304 2698 4358 in
2725 4303 2840 4375 lege
2861 4314 2919 4360 ut
2943 4307 3145 4364 vacetis
3171 4308 3400 4378 septimo

1821 4395 1925 4450 die.
1957 4394 2014 4449 Si
2050 4403 2274 4450 octavus
2305 4395 2418 4451 dies
2467 4396 2610 4451 illius
2644 4397 2736 4466 qui
2776 4406 2933 4453 natus
2976 4407 3060 4454 est
3099 4400 3403 4454 occurrerit

1821 4489 1890 4542 ad
1919 4488 2061 4542 diem
2085 4489 2374 4558 septimum
2403 4489 2650 4554 sabbati,
2689 4490 2818 4559 quid
2851 4489 3069 4546 facitis?
3105 4488 3398 4556 Vacabitis,

1821 4590 1880 4636 ut
1916 4581 2143 4637 servetis
2170 4581 2472 4646 sabbatum,
2499 4596 2567 4636 an
2597 4581 3015 4645 circumcidetis,
3047 4587 3108 4635 ut
3133 4580 3402 4651 impleatis

157 4688 312 4730 Suam.
332 4676 466 4744 Quid
487 4677 761 4743 tu,homo,
779 4644 956 4731 facere
979 4644 1495 4743 debes,quiquando
1516 4671 1715 4742 aliquid
1743 4644 1796 4707 D
1821 4676 2046 4730 sabbato
2075 4644 2478 4731 sacramentum
2507 4673 2614 4730 dici
2651 4674 2865 4731 octavi?
2895 4673 3001 4730 Sed
3030 4673 3176 4738 novi,
3203 4644 3399 4744 inquit,

156 4764 263 4822 boni
293 4767 450 4834 facis,
480 4768 702 4839 gloriam
728 4777 872 4822 tuam
901 4767 1100 4838 quaeris
1129 4783 1141 4818 :
1173 4767 1391 4836 quando
1418 4775 1596 4822 autem
1621 4765 1718 4820 ali-

158 4860 268 4928 quid
301 4861 428 4915 mali
467 4861 618 4927 facis,
655 4860 766 4915 Deo
793 4860 1114 4915 calumniam
1154 4859 1464 4914 meditaris?
1496 4857 1717 4913 Intende

159 4948 262 5015 tibi,
290 4960 542 5006 creatura
568 4965 647 5016 es,
680 4965 911 5022 agnosce
945 4950 1256 5005 Creatorem
1285 4969 1297 5003 :
1332 4965 1520 5004 servus
1545 4965 1625 5013 cs,
1649 4963 1718 5004 ne

159 5055 459 5100 contemnas
485 5045 772 5100 Dominum
802 5061 816 5100 :
845 5027 1131 5114 adoptatus
1154 5059 1232 5108 es,
1257 5044 1350 5098 sed
1379 5058 1485 5097 non
1512 5042 1719 5098 meritis

160 5135 253 5188 tuis
280 5155 293 5189 :
327 5151 509 5206 qurere
542 5136 766 5208 gloriam
796 5136 911 5207 ejus
934 5151 962 5190 a
1000 5150 1106 5206 quo
1130 5134 1299 5188 habes
1324 5133 1460 5188 hanc
1488 5134 1719 5204 gratiam

160 5224 306 5284 homo
338 5227 620 5297 adoptatus
649 5245 662 5281 :
692 5228 844 5298 cujus
879 5227 1104 5299 gloriam
1127 5225 1392 5296 quaesivit,
1421 5224 1511 5294 qui
1543 5233 1627 5284 est
1652 5224 1719 5280 ab

159 5315 239 5372 illo
273 5319 468 5375 unicus
511 5327 668 5374 natus
705 5339 722 5372 ι
753 5319 854 5386 Qui
897 5329 1074 5374 autem
1109 5318 1300 5388 quaerit
1348 5317 1572 5387 gloriam
1606 5316 1721 5384 ejus

163 5424 181 5458 ε
213 5411 298 5479 qui
340 5410 484 5465 misit
511 5411 658 5466 illum
677 5449 694 5478 ,
727 5411 816 5466 hic
842 5426 1004 5466 verax
1026 5423 1137 5476 est,
1167 5419 1224 5465 et
1251 5409 1509 5480 injustitia
1538 5410 1594 5464 in
1631 5408 1720 5464 illo

159 5511 384 5558 nonest.
421 5521 440 5554 ι
469 5502 525 5558 ln
553 5503 886 5560 Antichristo
917 5513 1095 5558 autem
1129 5501 1389 5571 injustitia
1419 5511 1522 5567 est,
1551 5510 1605 5558 ct
1633 5517 1722 5557 ve-

160 5606 250 5647 rax
275 5609 386 5650 non
411 5603 495 5651 est
511 5637 525 5660 ,
551 5611 657 5651 non
682 5606 766 5652 est
789 5612 819 5650 a
844 5611 950 5666 quo
978 5596 1177 5654 missus
1201 5604 1300 5650 est.
1330 5595 1445 5650 Non
1475 5596 1617 5650 enim
1639 5606 1725 5652 est

160 5685 365 5750 missus,
397 5687 492 5742 sed
522 5689 704 5744 venire
730 5689 1044 5760 permissus.
1073 5690 1272 5743 Omnes
1294 5703 1422 5759 ergo
1452 5691 1726 5759 pertinen-

161 5783 234 5830 tes
254 5779 320 5832 ad
350 5794 545 5848 corpus
565 5779 789 5847 Christi,
813 5797 878 5836 ne
909 5780 1226 5835 inducamur
1253 5779 1306 5834 in
1334 5779 1553 5850 laqueos
1574 5782 1727 5837 Autl-

162 5864 357 5935 dlristi,
393 5888 499 5928 non
525 5889 831 5945 quaeramus
866 5873 1089 5943 gloriam
1123 5885 1383 5928 nostram.
1415 5873 1517 5929 Sed
1564 5876 1607 5930 si
1641 5875 1727 5929 ille

1821 4766 1951 4836 quid
1978 4765 2178 4830 facitis,
2215 4783 2234 4818 ι
2264 4765 2650 4822 circumciditis
2672 4763 2964 4820 hominem.
2989 4783 3006 4816 ι
3034 4764 3250 4832 Quare?
3271 4769 3400 4837 quia

1822 4857 2164 4913 circumcisio
2203 4857 2436 4927 pertinet
2472 4857 2540 4911 ad
2573 4855 2784 4925 aliquod
2826 4857 3037 4926 signum
3082 4857 3304 4925 salutis,
3344 4868 3402 4916 et
3500 4913 3514 4929 ,

1823 4963 1930 5004 non
1963 4947 2160 5001 debent
2191 4947 2437 5003 homines
2472 4947 2697 5003 sabbato
2723 4961 2918 5004 vacare
2955 4964 2986 5003 a
3029 4949 3220 5006 salute.
3257 4950 3398 5024 Ergo

1825 5055 1926 5096 nec
1950 5039 2080 5095 mihi
2112 5039 2440 5106 irascimini,
2473 5039 2598 5110 quia
2633 5039 2838 5096 salvum
2867 5038 2970 5096 feci
3012 5051 3182 5098 totum
3220 5042 3400 5098 homi-

1825 5147 1949 5187 nem
1986 5132 2038 5185 in
2066 5132 2311 5187 sabbato.

1903 5241 1920 5274 ι
1952 5221 2009 5278 Si
2039 5222 2535 5288 circumcisionem,
2564 5221 2755 5291 inquit,
2788 5223 2982 5292 accipit
3006 5225 3167 5281 homo
3191 5227 3244 5281 iu
3280 5228 3402 5287 sab-

1831 5335 1851 5372 ο
1891 5317 2049 5382 bato,
2080 5326 2139 5372 ut
2176 5332 2282 5372 non
2317 5315 2557 5373 solvatur
2597 5315 2683 5373 lex
2714 5315 2902 5390 Moysi.
2940 5337 2958 5370 ι
3000 5318 3215 5390 Aliquid
3257 5321 3400 5374 enim

1825 5426 1923 5481 per
1953 5410 2168 5480 Moysen
2199 5410 2256 5464 in
2278 5409 2368 5464 illa
2395 5409 2781 5466 constitutione
2805 5409 3231 5468 circumcisionis
3260 5411 3402 5471 salu-

1825 5503 1998 5560 briter
2022 5504 2326 5559 institutum
2351 5514 2457 5560 est.
2491 5521 2512 5554 ι
2542 5503 2668 5558 Mihi
2699 5502 2997 5573 i‘operanti
3036 5502 3259 5558 salutem
3297 5520 3314 5552 ι
3348 5501 3399 5556 in

1832 5616 1851 5648 ι
1880 5595 2104 5651 sabbato
2127 5612 2146 5648 ι
2167 5608 2333 5663 quare
2353 5611 2372 5646 ι
2396 5593 2783 5668 indignamiui?
2807 5613 2824 5644 ι
2847 5593 3008 5648 Forte
3032 5593 3174 5661 enim
3189 5591 3275 5645 illa
3289 5591 3399 5647 cir-

1827 5687 2087 5743 cumcisio
2120 5687 2294 5756 ipsum
2329 5686 2614 5743 Dominum
2657 5685 3023 5756 significabat,
3057 5683 3142 5740 cui
3173 5682 3260 5738 isti
3302 5697 3399 5740 cu-

1829 5779 1992 5842 ranti,
2016 5787 2071 5833 et
2097 5779 2310 5834 sananti
2338 5780 2770 5850 indignabantur.
2795 5777 2950 5832 Iussa
2973 5786 3057 5831 est
3082 5777 3223 5831 enim
3253 5775 3405 5834 adhi-

1831 5873 1944 5928 beri
1975 5882 2162 5926 octava
2197 5873 2299 5927 die.
2343 5872 2407 5926 Et
2436 5871 2564 5943 quid
2593 5879 2677 5926 est
2699 5869 3062 5937 circumcisio.
3093 5869 3192 5924 nisi
3226 5887 3406 5925 carnis
