3994 6354
582 380 706 479 ’δυδ

1201 415 1551 474 HAYMONIS
1586 417 2061 474 HALBERSTAT.
2101 418 2158 473 El

2266 415 2313 473 Ξ.
2355 414 2505 470 ΟΡΡ.
2540 413 2719 470 PARS
2755 414 2817 470 11.
2850 444 2919 456 —-
2952 415 3183 472 HOMIL.

3801 420 3906 478 ΞΜ

604 539 953 613 exspoliatio?
971 534 1250 608 Significat
1273 550 1398 606 ergo
1417 535 1519 590 ista
1543 535 1886 590 circumcisio
1910 534 2176 604 exspoiia-
2201 539 2253 598 Α
2277 529 2581 595 Christum;
2608 528 2755 585 'ideo
2777 535 3135 600 pepercerunt
3161 528 3233 593 ei,
3263 543 3423 599 quem
3454 538 3785 600 tantopere
3808 549 3899 587 oc-

601 634 803 689 tionem
831 646 858 683 a
880 629 1042 684 corde
1061 625 1413 695 cupiditatum
1436 626 1750 681 carnalium.
1773 626 1889 682 Non
1909 641 2039 696 ergo
2058 626 2175 679 sine

601 738 762 783 causa
782 725 904 781 data
927 734 1031 791 est,
1053 733 1109 780 et
1137 726 1193 780 in
1214 739 1280 780 eo
1305 725 1549 779 membro
1572 724 1688 780 fieri
1712 723 1885 793 jussa.
1909 722 2172 790 Quoniam

598 830 698 885 per
717 815 847 871 illud
884 816 1189 871 membrum
1219 824 1541 885 procreatur
1568 826 1818 871 creatura
1842 813 2168 876 mortalium,

597 914 654 961 et
693 920 793 976 per
829 921 997 962 unum
1034 905 1309 962 hominem
1354 906 1679 962 resurrectio
1715 912 2070 960 mortuorum.
2107 902 2176 957 Et

598 1000 769 1071 (Rom.
800 1002 856 1075 v)
893 1021 910 1055 t
930 1019 1028 1075 per
1060 1018 1227 1059 unum
1256 1004 1528 1059 hominem
1552 1010 1829 1073 peccatum
1860 1000 2082 1056 intravit
2116 999 2171 1055 in

595 1096 875 1162 mundum,
905 1108 960 1153 et
988 1086 1086 1169 per
1108 1106 1387 1170 peccatum
1417 1112 1579 1160 mors,
1604 1117 1623 1149 ι
1649 1096 1769 1151 ideo
1796 1094 2022 1164 quisque
2046 1106 2170 1147 cum

592 1191 858 1261 praeputio
885 1191 1146 1257 nascitur,
1176 1190 1301 1262 quia
1330 1190 1507 1245 omnis
1551 1191 1713 1245 homo
1738 1204 1859 1244 cum
1890 1187 2022 1241 vitio
2048 1201 2171 1256 pro-

591 1281 805 1352 paginis
842 1281 1101 1336 nascitur.
1134 1282 1201 1336 Et
1231 1296 1335 1336 non
1368 1281 1590 1335 mundat
1640 1280 1778 1334 Deus
1823 1279 1935 1333 sive
1973 1293 2003 1332 a
2038 1276 2171 1331 vitio

593 1388 715 1428 cum
746 1388 853 1442 quo
895 1373 1194 1437 nascimur,
1237 1372 1350 1427 sive
1379 1387 1408 1426 a
1436 1371 1580 1425 vitiis
1614 1384 1733 1439 qua:
1772 1368 1910 1423 male
1943 1367 2170 1422 vivendo

592 1466 871 1529 addimus,
903 1466 1005 1520 nisi
1036 1450 1134 1535 per
1158 1464 1429 1521 cultellum
1457 1464 1724 1534 petrinum
1744 1502 1759 1527 ,
1790 1461 1843 1516 id
1872 1467 1955 1516 est
1982 1459 2169 1514 Domi-

592 1573 721 1612 num
765 1565 1010 1612 nostrum
1041 1554 1224 1613 Jesum
1254 1556 1547 1611 Christum.
1584 1572 1604 1604 ι
1632 1554 1791 1609 Petra
1831 1552 1973 1607 enim
2009 1549 2170 1605 Chri-

592 1656 709 1702 stus
739 1643 791 1718 (I
824 1645 943 1702 Cor.
974 1646 1049 1720 x).
1080 1668 1099 1700 ι
1133 1646 1375 1703 Cultellis
1402 1646 1543 1701 enim
1570 1644 1797 1715 petrinis
1820 1640 2169 1697 circumcide-

590 1722 743 1801 banit,
771 1745 827 1792 et
851 1745 1014 1807 petrae
1040 1736 1257 1791 nomine
1282 1736 1552 1790 Christum
1582 1732 1879 1804 figurahant
1899 1771 1913 1796 ,
1942 1739 1998 1785 et
2032 1744 2169 1799 prae-

591 1836 796 1883 sentem
830 1844 936 1883 non
964 1828 1356 1899 agnoscebant,
1391 1826 1483 1881 sed
1526 1826 1743 1895 insuper
1768 1838 1890 1878 eum
1919 1820 2167 1877 occidere

2274 619 2558 675 cidendum
2606 618 2953 688 quaesierunt.
2986 617 3189 674 Deinde
3229 619 3305 673 illi
3336 620 3439 688 ipsi
3482 621 3648 689 apud
3682 621 3899 690 seipsos

2274 708 2405 780 quid
2432 708 2722 764 dixerunt?
2756 726 2774 760 ι
2813 707 3062 778 Nunquid
3084 724 3212 765 vere
3240 719 3633 782 cognoverunt
3689 712 3897 781 princi-

2274 812 2373 868 pes
2415 798 2542 868 quia
2572 798 2662 853 hic
2686 807 2773 853 est
2813 797 3094 854 Christus?
3119 818 3139 852 ι
3174 799 3440 856 Fecerunt
3466 802 3579 856 sibi
3613 804 3893 871 quaestio-

2273 904 2399 944 nem
2441 904 2548 959 qua
2576 890 2656 945 eis
2679 889 2952 945 videretur
2976 905 3085 945 non
3115 904 3236 947 esse
3260 890 3524 956 Christus,
3559 892 3891 965 adjungen.

2275 989 2358 1037 tes
2387 980 2530 1036 enim
2567 982 2817 1036 dixerunt
2855 997 2869 1034 :

2349 1091 2367 1123 ι
2403 1070 2510 1127 Sed
2552 1072 2711 1129 istum
2747 1062 3011 1128 novimus
3040 1074 3181 1129 unde
3233 1074 3322 1130 sit.
3377 1072 3655 1130 Christus
3706 1082 3885 1132 autem

2280 1182 2299 1217 ι
2348 1181 2470 1220 cum
2502 1166 2738 1230 venerit,
2769 1181 2929 1222 nemo
2953 1168 3056 1221 scit
3079 1167 3221 1223 unde
3262 1167 3354 1221 sit.
3390 1186 3409 1220 ι
3443 1168 3600 1235 Quid
3626 1177 3726 1223 est
3746 1168 3881 1239 quod

2275 1256 2713 1313 dixeruntJudzei
2746 1275 2758 1310 :
2794 1277 2813 1309 ι
2842 1258 3091 1314 Christus
3115 1274 3238 1315 cum
3286 1260 3514 1325 venerit,
3546 1275 3745 1316 nemo
3790 1262 3881 1316 scit

2273 1349 2414 1404 unde
2441 1350 2530 1415 sit,
2578 1370 2597 1402 ι
2630 1365 2752 1405 cum
2800 1349 3011 1406 Herode
3060 1351 3425 1425 interrogante
3454 1351 3662 1408 locum
3692 1354 3878 1408 nativi-

2274 1442 2400 1497 tatis
2424 1442 2540 1513 ejus
2565 1443 3083 1511 demonstraverunt,
3099 1443 3253 1515 juxta
3277 1446 3633 1516 prophetiam
3661 1448 3876 1504 Michez

2272 1534 2582 1604 prophetae?
2631 1535 2697 1589 Et
2717 1551 2784 1590 ex
2813 1536 2917 1591 hoc
2944 1544 3154 1592 eertum
3180 1537 3355 1594 locum
3389 1538 3721 1594 nativitatis
3746 1540 3872 1596 illius

2273 1640 2368 1681 eos
2417 1642 2597 1692 nosse,
2642 1628 2736 1706 sed
2787 1628 3241 1685 considerandum
3292 1638 3375 1685 est
3421 1630 3551 1700 quid
3615 1647 3686 1687 se
3724 1648 3871 1687 nosse

2271 1724 2546 1788 putarent,
2577 1727 2633 1773 et
2658 1720 2786 1789 quid
2831 1734 2889 1775 se
2938 1720 3148 1776 nescire
3176 1721 3449 1776 dixerunt.
3496 1720 3727 1778 Locum
3754 1740 3866 1778 rem

2273 1808 2569 1864 nativitatis
2604 1809 2745 1865 illius
2771 1810 3018 1866 sciebant
3041 1825 3139 1881 per
3159 1812 3545 1882 pr0phetarutn
3572 1814 3762 1877 dicta,
3787 1815 3865 1869 sed

592 1918 900 1988 cupiebant.
936 1898 1089 1986 Quod
1113 1932 1243 1973 vero
1271 1916 1657 1972 circnmciditis
1679 1914 1948 1969 hominem
1973 1912 2028 1967 in
2055 1911 2158 1966 sab

2274 1898 2508 1955 divinam
2550 1899 2666 1968 ejus
2688 1901 3049 1967 nativitatem,
3075 1917 3179 1972 qua
3201 1919 3265 1956 ex
3298 1903 3408 1957 Deo
3430 1902 3603 1958 Patre
3623 1914 3863 1959 {aeterm-

590 2008 753 2073 hato,
784 2008 1067 2080 intelligite
1108 2010 1213 2064 hoc
1257 2007 1546 2079 significari
1588 2021 1722 2077 opus
1760 2006 1957 2059 bonum
1981 2045 1995 2070 ,
2026 2002 2169 2074 quod

590 2112 690 2168 ego
715 2098 817 2155 feci
841 2110 1012 2156 totum
1038 2100 1312 2155 hominem
1340 2100 1393 2153 in
1422 2099 1648 2154 sabbato
1678 2097 1917 2162 salvum;
1955 2096 2080 2166 quia
2117 2101 2172 2149 et

590 2198 812 2246 curatus
841 2199 956 2257 est,
988 2198 1048 2245 ut
1068 2205 1241 2246 sanus
1268 2198 1413 2245 esset
1456 2189 1511 2244 in
1547 2203 1803 2259 corpore;
1836 2195 1891 2243 et
1919 2186 2167 2253 credidit,

590 2290 651 2336 ut
690 2297 855 2337 sanus
889 2289 1036 2337 esset
1072 2281 1126 2337 in
1157 2280 1360 2335 anima.
2048 2304 2053 2309 ο

665 2392 683 2424 ι
719 2372 895 2429 Nolite
926 2370 1170 2441 judicare
1207 2370 1579 2443 personaliter,
1612 2370 1707 2426 sed
1737 2378 1884 2425 recte
1904 2367 2168 2438 judicium

581 2466 841 2535 judicate.
878 2485 897 2518 ι
940 2466 1076 2533 Quid
1126 2472 1211 2520 est
1260 2465 1360 2519 hoc
1407 2463 1604 2517 modo?
1646 2463 1807 2531 Quasi
1853 2478 1949 2532 per
1996 2461 2166 2531 legem

588 2557 758 2628 Moysi
803 2556 1189 2613 circnmciditis
1232 2554 1487 2619 sabbato,
1536 2568 1642 2608 non
1688 2552 1982 2608 irascimini
2033 2549 2168 2606 mihi

584 2648 941 2718 personaliter
966 2650 1200 2703 veritati.
1234 2648 1529 2704 Veritatem
1559 2648 1845 2709 attendite,
1878 2656 1932 2701 et
1961 2646 2166 2716 justum

580 2735 844 2806 judicium
868 2735 1125 2805 judicate.
1160 2738 1218 2793 Si
1249 2740 1540 2794 secundum
1573 2740 1853 2792 veritatem
1892 2736 2162 2805 jndicatis,

585 2840 762 2896 neque
797 2816 1033 2899 Moysen,
1060 2843 1235 2898 neque
1276 2844 1361 2884 me
1386 2821 1831 2894 condemnabitis,
1862 2836 1917 2882 et
1943 2829 2167 2882 veritate

583 2921 799 2991 cognita
857 2934 942 2975 me
992 2921 1356 2990 cognoscitis,
1410 2922 1535 2991 quia
1591 2941 1609 2972 ι
1646 2935 1744 2991 ego
1795 2935 1911 2974 sum
1966 2919 2168 2973 veritas

583 3011 768 3083 (Joan.
794 3011 928 3082 xiv).
966 3031 984 3064 ι
1040 3010 1151 3067 Hoc
1192 3013 1411 3075 vitium,
1456 3011 1683 3075 fratres,
1717 3010 1857 3079 quod
1909 3010 2166 3065 Dominus

583 3102 795 3158 notavit
824 3103 927 3157 hoc
960 3103 1098 3168 loco,
1127 3101 1356 3157 evadere
1384 3102 1436 3156 in
1465 3102 1568 3157 hoc
1591 3100 1786 3157 sacculo
1814 3100 1987 3171 magni
2020 3100 2165 3154 labo-

582 3193 661 3248 ris
691 3203 803 3258 est,
836 3209 943 3248 non
972 3194 1329 3265 personaliter
1358 3193 1631 3265 judicare,
1662 3193 1755 3248 sed
1786 3201 1990 3247 rectum
2014 3191 2161 3263 judi-

2269 1988 2395 2044 liter
2441 2000 2600 2047 natus
2631 2002 2740 2058 est,
2794 2001 3014 2063 propter
3046 1992 3376 2063 impietatem
3405 1994 3595 2048 cordis
3650 1996 3738 2049 sui
3778 2010 3861 2048 ne-

2268 2081 2532 2149 sciebant,
2562 2083 2698 2139 lsaia
2732 2084 2988 2141 dicente:
3044 2105 3061 2137 ι
3094 2084 3514 2142 Generationem
3563 2087 3698 2157 ejus
3752 2089 3859 2157 quis

2268 2175 2586 2230 enarrahit?
2614 2196 2633 2228 ι
2668 2174 2804 2245 (Isa.
2835 2176 2974 2248 LIII.)
3001 2176 3241 2247 Denique
3264 2186 3319 2232 et
3342 2178 3458 2247 ipse
3476 2178 3760 2247 Dominus
3800 2179 3857 2232 ad

2266 2273 2553 2336 utrumque
2582 2268 2876 2337 respondit,
2907 2268 3047 2324 etde
3071 2268 3425 2324 humanitatis
3450 2267 3787 2340 fragilium,
3807 2276 3856 2323 et

2265 2355 2333 2412 de
2361 2356 2651 2412 Divinitate
2678 2356 2998 2425 majestatis,
3029 2357 3246 2413 dicens:

2344 2466 2363 2500 ι
2403 2434 2684 2503 Clamabat
2724 2463 2854 2520 ergo
2903 2448 3103 2504 docens
3135 2448 3189 2503 in
3221 2447 3420 2518 templo
3447 2447 3610 2504 Jesus
3638 2465 3654 2501 :
3689 2447 3754 2502 Et
3777 2464 3855 2505 me

2273 2559 2293 2592 ι
2337 2540 2505 2604 scitis,
2536 2549 2589 2595 et
2613 2540 2755 2596 unde
2786 2541 2887 2595 sim
2913 2540 3085 2595 scitis.
3124 2559 3144 2592 ι
3182 2540 3346 2595 Recte
3363 2555 3493 2611 ergo
3527 2541 3708 2595 dixit:
3743 2562 3759 2590 ι
3794 2538 3854 2592 Et

2265 2651 2353 2692 me
2398 2635 2550 2691 scitis
2578 2646 2634 2691 et
2662 2635 2803 2691 unde
2831 2635 2933 2690 sim
2959 2634 3133 2700 scitis,
3172 2654 3190 2687 ι
3222 2634 3276 2689 id
3307 2644 3388 2690 est
3413 2635 3712 2689 secundum
3740 2648 3854 2686 car-

2266 2744 2389 2786 nem
2439 2729 2778 2785 nativitatem
2827 2744 3003 2785 meam
3045 2728 3236 2793 nostis,
3279 2735 3336 2782 et
3378 2726 3713 2781 nobilitatem
3763 2740 3853 2793 pa-

2266 2830 2480 2877 rentum
2524 2837 2785 2888 meorum,
2816 2831 2872 2878 et
2906 2819 3136 2892 eﬂigiem
3165 2820 3344 2874 vultus
3389 2817 3490 2873 mei
3518 2815 3719 2877 nostis;
3754 2828 3853 2868 se.

2265 2911 2498 2967 cundum
2545 2912 2888 2967 Divinitatem
2936 2920 3118 2966 autem
3161 2925 3267 2964 non
3315 2910 3523 2973 nostis,
3575 2907 3704 2977 quia
3765 2923 3786 2956 ι
3821 2919 3852 2959 a

2271 3020 2292 3053 ι
2337 3003 2543 3072 meipso
2585 3017 2693 3057 non
2744 3003 2888 3067 veni,
2950 3002 3046 3058 sed
3094 3010 3179 3057 est
3223 3015 3385 3056 verus
3432 2999 3523 3070 qui
3558 2997 3849 3075 memisit,

2270 3112 2290 3147 ι
2335 3110 2495 3164 quem
2537 3109 2636 3148 vos
2683 3109 2788 3148 non
2835 3093 3004 3149 scitis.
3044 3112 3063 3144 ι
3112 3090 3221 3147 Sed
3241 3099 3302 3145 ut
3328 3106 3451 3145 eum
3478 3089 3694 3154 sciatis,
3740 3101 3851 3142 cre-

2264 3182 2376 3239 dite
2426 3174 2480 3238 in
2511 3198 2634 3238 eum
2679 3197 2840 3253 quem
2898 3183 3063 3237 misit.
3115 3181 3183 3236 Et
3235 3180 3415 3235 sciatis
3451 3178 3599 3247 quod
3636 3197 3658 3229 ι
3698 3190 3849 3257 nemo

583 3282 726 3338 cium
757 3284 1008 3339 retinere.
1049 3277 1343 3339 Admonuit
1382 3284 1596 3354 quidem
1643 3284 1902 3340 Dominus
1922 3283 2155 3351 Judaeos,
2185 3267 2231 3330 C
2264 3273 2431 3329 Deum
2475 3274 2609 3328 Villii
2654 3289 2914 3345 unquam,
2943 3274 3044 3328 nisi
3075 3273 3383 3345 unigenilus
3405 3268 3590 3336 FiliUS.
3627 3270 3732 3340 qui
3774 3274 3848 3324 est

581 3373 676 3429 sed
716 3388 822 3428 non
856 3375 1031 3430 minus
1065 3376 1341 3430 admonuit
1369 3384 1424 3430 et
1464 3391 1579 3430 nos.
1614 3374 1737 3432 Illos
1763 3375 2161 3438 convicit,30s

578 3467 837 3523 instruxit
863 3487 875 3522 :
911 3468 1031 3523 illos
1059 3468 1353 3539 redarguit,
1384 3484 1482 3524 nos
1508 3468 1741 3523 exacuit.
1771 3466 1884 3522 Non
1911 3476 2161 3537 putemus

577 3560 681 3615 hoc
721 3561 878 3616 nobis
920 3560 1042 3616 ideo
1085 3576 1192 3616 non
1220 3560 1455 3625 dictum,
1486 3561 1610 3629 quia
1655 3568 1782 3614 tunc
1812 3559 1884 3617 ibi
1916 3573 2023 3612 non
2062 3556 2163 3611 fui-

576 3664 699 3704 mus
736 3665 749 3702 :
793 3665 892 3706 nos
939 3650 1120 3719 itaque
1167 3650 1251 3705 sic
1291 3650 1571 3703 audiamus
1619 3649 1963 3719 Evangelium
2002 3647 2159 3717 quasi

575 3748 897 3809 praesentem
928 3738 1233 3794 Dominum.
1264 3740 1340 3813 Ne
1370 3740 1645 3795 dicamus:
1674 3739 1719 3795 Ο
1747 3739 1821 3793 illi
1851 3737 2032 3793 felices
2064 3737 2158 3807 qui

578 3845 703 3885 eum
723 3830 905 3885 videre
930 3838 1248 3899 potuerunt;
1278 3829 1431 3884 multi
1454 3831 1505 3885 in
1531 3830 1628 3892 eis,
1647 3831 1736 3899 qui
1764 3830 2012 3885 viderunt
2032 3843 2155 3884 eum
2248 3874 2257 3883 .

577 3920 889 3987 carnaliter,
917 3921 1262 3987 occiderunt;
1319 3921 1472 3975 multi
1522 3932 1701 3976 autem
1749 3922 1803 3976 in
1834 3922 2016 3984 nobis;
2062 3920 2153 3991 qui

575 4027 684 4068 non
711 4013 989 4078 viderunt,
1019 4013 1382 4069 crediderunt.
1412 4015 1544 4082 Quis
1570 4022 1656 4070 est
1688 4015 1778 4084 qui
1817 4030 1921 4069 non
1947 4013 2154 4082 judicat

572 4105 958 4176 personaliter,
992 4106 1092 4161 nisi
1122 4107 1216 4177 qui
1249 4106 1529 4177 :equaliter
1558 4107 1765 4177 diligit?
1793 4107 1893 4174 Qui
1934 4107 2155 4177 aequali-

572 4206 661 4252 ter
686 4212 873 4253 omnes
906 4197 1110 4268 diligit,
1137 4198 1414 4268 aequaliter
1437 4198 1504 4253 de
1528 4199 1776 4253 onmibus
1810 4197 2035 4266 judicat.
2073 4196 2152 4253 Ne

572 4286 679 4342 hoc
720 4288 921 4342 dictum
952 4297 1202 4358 putemus
1240 4290 1308 4345 de
1347 4288 1451 4345 illis
1489 4305 1623 4359 quos
1653 4305 1750 4360 pro
1787 4289 1992 4345 honore
2020 4306 2151 4360 gra-

572 4380 735 4434 duum
759 4380 973 4435 diverso
999 4381 1158 4436 modo
1186 4382 1535 4445 honoramus,
1561 4382 1654 4436 sed
1680 4382 1745 4436 de
1773 4382 1879 4436 illis
1918 4397 2146 4453 quorum

569 4483 765 4525 causas
814 4469 1113 4541 dijudicare
1153 4470 1427 4542 jubemur.
1479 4471 1738 4527 Dominus
1785 4473 1950 4544 igitur
1992 4472 2149 4530 Jesus

568 4580 674 4618 non
704 4554 1011 4630 manifeste,
1042 4565 1135 4620 sed
1161 4564 1371 4621 occulte
1396 4565 1637 4621 ascendit
1663 4567 1728 4621 ad
1758 4566 1898 4621 diem
1926 4565 2143 4631 festum,

2262 3365 2316 3420 in
2345 3365 2462 3421 sinu
2492 3364 2689 3431 Patris,
2738 3364 2851 3435 ipse
2898 3364 3172 3419 enarravit
3209 3363 3390 3435 (Joan.
3421 3362 3482 3431 1).
3519 3380 3537 3411 ι
3595 3359 3671 3415 Ει
3701 3374 3846 3415 nemo

2260 3458 2510 3528 cognovit
2547 3456 2784 3512 Patrem.
2813 3458 2917 3513 nisi
2953 3456 3145 3522 Filius,
3192 3465 3248 3511 et
3287 3455 3374 3511 cui
3404 3453 3635 3510 voluerit
3688 3452 3845 3508 Filius

2262 3549 2521 3604 revelare.
2557 3549 2796 3621 Denique
2821 3565 2944 3605 cum
2974 3549 3200 3605 dixisset
3226 3566 3239 3601 :
3271 3566 3290 3599 ι
3316 3547 3408 3603 sed
3443 3555 3526 3601 est
3551 3560 3725 3600 verus
3763 3543 3843 3613 qui

2258 3643 2407 3697 misit
2435 3658 2543 3710 me,
2562 3658 2725 3712 quem
2749 3657 2846 3698 vos
2865 3642 3141 3708 nescitis,»
3178 3634 3236 3697 ut
3256 3639 3565 3697 ostenderet
3595 3639 3687 3694 eis
3715 3638 3842 3693 unde

2256 3742 2478 3803 possent
2506 3733 2646 3788 scire
2676 3733 2822 3803 quod
2849 3733 3183 3798 nesciebant,
3215 3731 3443 3802 subjecit
3470 3749 3484 3784 :

2333 3845 2352 3877 ι
2383 3826 2496 3897 Ego
2525 3828 2637 3882 scio
2669 3842 2812 3882 eum.
2852 3847 2871 3880 ι
2921 3826 3063 3898 Ergo
3099 3842 3130 3881 a
3182 3842 3268 3882 me
3304 3825 3529 3896 quaerite
3564 3834 3621 3879 ut
3660 3824 3842 3880 sciatis

2256 3930 2399 3971 eum.
2434 3917 2611 3984 Quare
2636 3926 2817 3973 autem
2846 3918 2961 3974 scio
2986 3919 3158 3975 emn?
3199 3938 3218 3970 ί
3250 3918 3384 3986 Quia
3417 3919 3485 3973 ab
3533 3918 3658 3989 ipso
3706 3936 3836 3985 sum,

2262 4024 2282 4057 ι
2327 4015 2382 4062 ει
2409 4006 2523 4077 ipse
2561 4024 2647 4063 me
2675 4008 2842 4064 misit.
2881 4029 2901 4062 ι
2944 4008 3228 4081 Magnifice
3253 4020 3542 4079 utrumque
3569 4017 3837 4065 monstra-

2256 4101 2369 4155 vit:
2405 4120 2423 4152 ι
2459 4102 2527 4156 ab
2554 4103 2690 4172 ipso,
2723 4103 2917 4172 inquit,
2952 4118 3091 4168 sum,
3123 4120 3143 4154 ι
3178 4104 3305 4172 quia
3341 4102 3506 4158 Filius
3535 4103 3601 4158 de
3637 4102 3835 4167 Patre;

2253 4203 2309 4248 et
2345 4193 2604 4263 quidquid
2631 4201 2715 4248 est
2742 4192 2936 4259 Filius,
2993 4194 3058 4248 de
3096 4192 3187 4247 illo
3216 4201 3299 4248 est
3326 4194 3480 4263 cujus
3517 4202 3602 4247 est
3646 4192 3834 4247 Filius.

2252 4284 2375 4339 Ideo
2402 4286 2686 4339 Dominum
2712 4284 2894 4341 Jesum
2922 4285 3151 4340 dicimus
3175 4285 3342 4340 Deum
3371 4283 3437 4339 de
3460 4284 3591 4350 Deo,
3615 4283 3834 4339 Patrem

2252 4393 2359 4433 non
2387 4378 2615 4433 dicimus
2645 4378 2810 4433 Deum
2854 4379 2921 4434 de
2973 4378 3103 4444 Deo,
3155 4378 3247 4434 sed
3297 4375 3502 4432 tantum
3532 4378 3730 4432 Deum.
3778 4376 3835 4432 Et

2254 4470 2484 4526 dicimus
2517 4469 2799 4526 Dominum
2835 4468 3018 4525 Jesum
3053 4467 3232 4524 lumen
3262 4467 3330 4523 de
3355 4468 3580 4531 lumine,
3607 4470 3714 4522 sed
3742 4467 3834 4521 Pa-

2252 4572 2388 4618 trem
2439 4573 2648 4619 tantum
2697 4563 2895 4619 lumen.
2955 4562 3036 4617 Ad
3092 4564 3195 4617 hoc
3239 4577 3370 4632 ergo
3402 4561 3633 4632 pertinet
3696 4558 3831 4629 quod

566 4669 676 4709 non
704 4655 833 4724 quia
878 4656 1103 4711 timebat
1133 4669 1202 4712 ne
1239 4664 1533 4721 teneretur,
1575 4655 1667 4710 sed
1711 4665 1771 4710 ut
1817 4657 2149 4727 signiﬁcaret
2171 4630 2226 4693 D
2249 4656 2387 4711 dixit
2433 4674 2452 4706 ι
2497 4655 2566 4710 ab
2595 4655 2712 4725 ipso
2739 4669 2879 4711 sum.
2921 4672 2941 4706 ι
2991 4652 3144 4719 Quod
3194 4630 3374 4707 aute—tn
3404 4630 3614 4706 vvidetis
3640 4666 3742 4706 me
3780 4649 3831 4705 in

565 4744 730 4797 etiam
762 4745 879 4814 ipso
905 4746 990 4801 die
1020 4745 1178 4811 festo,
1210 4748 1300 4817 qui
1331 4746 1636 4802 celebratur
1660 4762 1690 4801 a
1715 4745 1938 4812 Judmis,
1966 4748 2147 4804 occul-

569 4842 739 4889 tatum
768 4845 825 4890 et
850 4852 1117 4893 summum
1152 4855 1274 4894 esse
1312 4840 1648 4910 mysterium.
1685 4839 1791 4894 Sed
1833 4856 1956 4896 mox
1983 4857 2147 4912 appa-

570 4926 677 4981 ruit
715 4935 986 4996 potestas,
1024 4944 1143 4997 qute
1169 4930 1459 5000 putabatur
1490 4931 1768 4987 timiditas.
1804 4930 2147 5001 Loquebatur

567 5017 710 5071 enim
761 5016 937 5087 palam
977 5018 1033 5073 in
1083 5019 1171 5074 die
1209 5020 1376 5086 festo,
1427 5023 1502 5076 ita
1545 5031 1604 5077 ut
1649 5023 1977 5077 mirarentur
2026 5032 2144 5077 tur-

568 5110 669 5174 bae,
700 5121 753 5165 et
783 5110 1064 5177 dicerent,
1103 5112 1246 5182 quod
1284 5114 1587 5170 audivimus
1623 5130 1745 5170 cum
1792 5114 1954 5170 lectio
2003 5115 2148 5185 lege-

566 5209 736 5257 retur.

642 5311 661 5343 ι
698 5292 885 5352 Nonne
917 5295 1005 5352 hic
1044 5306 1124 5353 est
1166 5314 1324 5369 quem
1356 5307 1605 5369 quaerunt
1630 5299 1979 5355 interficere?
2008 5298 2147 5357 Ecce

569 5407 587 5441 ι
630 5388 808 5460 palam
860 5389 1113 5461 loquitur,
1139 5402 1193 5448 et
1245 5392 1379 5448 nihil
1402 5392 1453 5447 ei
1481 5392 1685 5447 dicunt.
1743 5390 1995 5462 Nunquid
2019 5408 2146 5450 vere

565 5500 586 5535 ι
633 5492 1001 5555 cognoverunt
1056 5485 1329 5556 principes
1373 5484 1498 5554 quia
1550 5484 1639 5540 hic
1678 5493 1762 5541 est
1798 5483 2083 5541 Christus?
2113 5505 2133 5540 ι

559 5569 660 5639 Qui
705 5584 967 5629 noverant
993 5572 1345 5643 qua'szevitia
1393 5574 1755 5645 quaerebatur,
1802 5575 2139 5632 mirabantur

557 5675 662 5732 qua
691 5663 927 5734 potentia
956 5678 1066 5718 non
1090 5662 1392 5719 tenebatur.
1438 5662 1568 5719 [nde
1587 5679 1694 5720 non
1736 5664 1893 5736 plene
1937 5666 2135 5721 intelli-

558 5760 745 5820 gentes
782 5752 926 5809 illius
964 5754 1279 5823 potentiam,
1309 5763 1635 5824 putaverunt
1662 5770 1784 5812 esse
1831 5757 2135 5826 principum

555 5842 837 5901 sCientiam
903 5844 1045 5912 quod
1111 5843 1211 5917 ipsi
1262 5855 1658 5916 cognoverant,
1716 5849 1964 5909 eumdem
2016 5864 2135 5905 esse

2248 4762 2435 4811 carne,
2453 4766 2471 4798 ι
2494 4747 2606 4816 ipse
2634 4762 2722 4804 me
2751 4746 2934 4803 misit:
2961 4764 2981 4797 ι
3003 4746 3092 4800 ubi
3131 4744 3285 4800 audis
3318 4763 3338 4796 ι
3370 4747 3485 4814 ipse
3510 4758 3597 4798 me
3623 4744 3825 4807 misit,i

2246 4838 2356 4894 noli
2388 4837 2688 4909 intelligere
2734 4846 2942 4893 natura:
2974 4834 3494 4903 dissimilitudinem,
3530 4834 3625 4891 sed
3670 4849 3830 4907 gene-

2246 4932 2418 4987 rantis
2443 4932 2841 4987 auctoritatem.
3268 4986 3271 4989 .

2316 5014 2342 5073 ἰ
2380 5022 2705 5089 Quaerebam
2753 5037 2883 5093 ergo
2928 5035 3051 5078 eum
3101 5019 3535 5093 apprehendere,
3581 5028 3635 5074 et
3668 5034 3828 5076 nemo

2254 5133 2273 5167 ι
2320 5115 2466 5169 misit
2492 5116 2544 5170 in
2574 5115 2721 5170 illum
2754 5130 2964 5180 manus,
2993 5115 3119 5184 quia
3158 5115 3397 5169 nondum
3426 5121 3644 5167 venerat
3700 5112 3826 5166 hora

2194 5216 2199 5221 ‘
2252 5224 2271 5257 ι
2318 5204 2452 5275 ejus.
2488 5225 2507 5257 ι
2560 5205 2673 5262 Hoc
2702 5215 2785 5261 est
2816 5206 2942 5275 quia
2975 5204 3351 5274 nolebat;‘qui
3383 5204 3528 5259 enim
3553 5202 3827 5258 voluntate

2246 5305 2408 5352 natus
2433 5304 2534 5361 est,
2589 5295 2863 5350 voluntate
2889 5311 3080 5366 passus
3106 5303 3210 5352 est.
3267 5295 3420 5351 Sicut
3464 5297 3651 5352 horam
3688 5310 3825 5365 pra:-

2245 5390 2462 5446 videbat
2498 5389 2599 5445 sibi
2637 5390 2957 5451 nativitatis,
2987 5405 3114 5455 suae,
3149 5391 3222 5445 ita
3256 5390 3446 5445 horam
3470 5388 3826 5459 praedestin-

2244 5482 2324 5537 vit
2349 5480 2613 5552 passionis
2656 5497 2786 5538 sum.
2819 5482 2876 5537 Si
2927 5483 3057 5538 hora
3085 5485 3275 5540 mortis
3319 5491 3521 5539 nostra;
3547 5482 3698 5538 illius
3744 5488 3827 5538 est

2244 5574 2511 5638 voluntas,
2558 5583 2758 5644 quanto
2799 5575 2971 5647 magis
2999 5576 3131 5632 hora
3157 5576 3424 5647 passionis
3464 5592 3579 5632 suae
3603 5576 3655 5633 in
3682 5575 3826 5634 arbi-

2242 5667 2351 5723 trio
2373 5667 2664 5723 voluntatis
2691 5682 2803 5723 sua:
2820 5667 3013 5723 venit?
3042 5667 3233 5741 Magna
3262 5668 3428 5739 igitur
3450 5668 3823 5724 misericordia

2244 5757 2453 5813 Domini
2484 5758 2652 5813 nostri
2675 5756 2800 5814 Iesu
2829 5757 3050 5825 Christi,
3082 5758 3426 5823 factumesse
3454 5773 3577 5814 enm
3605 5770 3825 5831 propter

2244 5866 2343 5907 nos
2369 5851 2420 5906 in
2447 5859 2713 5921 tempore,
2750 5867 2846 5922 per
2871 5868 3031 5923 quem
3074 5852 3217 5908 facta
3253 5863 3378 5908 sunt
3427 5861 3709 5917 tempore;
3747 5852 3820 5905 fa-
