3994 6354
173 320 293 380 305

1376 325 1679 385 HOMILIIE
1722 324 1811 384 DE
1849 325 2195 387 TEMPORE.

3338 345 3444 407 506

168 449 330 496 ctum
358 455 478 497 esse
509 442 648 508 inter
670 443 867 509 omnia,
920 462 937 494 ι
970 422 1080 516 per.
1107 460 1266 516 quem
1294 444 1433 500 facta
1484 452 1609 498 sunt
1641 457 1760 499 om-
1787 444 1840 505 Α
1864 453 2183 500 nasceretur
2210 447 2233 499 ?
2286 444 2567 503 Habebam
2621 457 2801 505 autem
2854 458 3135 522 peccatum
3188 468 3441 525 parentes

168 530 270 584 nia
313 529 493 602 (Joan.
523 532 601 603 l):
642 553 661 586 ι
693 533 891 590 factum
922 550 1043 591 esse
1086 537 1228 607 quod
1258 536 1404 592 fecit.
1438 538 1633 594 Factus
1674 544 1761 593 est

168 620 327 690 quod
377 619 620 688 fecerat;
652 624 827 681 factus
853 634 937 682 est
965 627 1109 682 enim
1134 627 1295 685 homo
1343 628 1434 699 qui
1485 629 1759 686 hominem

165 709 406 777 fecerat,
462 727 530 767 ne
574 714 775 783 periret
821 718 962 787 quod
1014 718 1230 774 fecerat.
1275 719 1584 776 Secundum
1619 721 1760 777 hanc

164 794 658 873 dispensationem,
671 798 1032 879 jam‘venerat
1052 812 1186 867 hora
1212 813 1511 871 nativitatis
1525 822 1579 868 et
1599 822 1760 872 natus

160 903 317 958 erat,
348 897 442 951 sed
477 899 715 954 nondum
764 902 914 957 venit
950 902 1080 958 hora
1127 905 1415 974 passionis.
1461 906 1584 962 ideo
1624 922 1758 963 non—

158 985 304 1043 dum
334 1005 525 1059 passus
552 1002 688 1056 erat,
714 995 839 1063 quia
862 996 1099 1051 nondum
1126 1007 1352 1053 venerat
1385 999 1518 1053 hora
1564 1000 1617 1053 in
1649 1014 1755 1069 qua

153 1080 285 1149 pati
322 1081 596 1138 voluisset.
639 1084 763 1141 Ideo
808 1086 863 1141 in
914 1102 1075 1144 cruce
1123 1089 1318 1160 legitur
1362 1104 1485 1145 eum
1531 1091 1752 1157 dixisse,

153 1170 301 1227 dum
340 1175 518 1229 omnia
548 1161 783 1246 perfecta
830 1189 957 1236 sunt
985 1183 1279 1238 secundum
1310 1183 1605 1253 scripturas
1631 1199 1753 1254 pro-

150 1264 454 1332 phetarum
484 1283 498 1320 :
531 1290 548 1319 ε
582 1266 1022 1327 Consummatum
1048 1281 1172 1328 est:
1208 1281 1261 1329 et
1284 1274 1542 1331 inclinato
1577 1278 1755 1348 capite

152 1357 394 1412 tradidit
449 1360 695 1430 spiritum
744 1362 924 1434 (Joan.
976 1367 1112 1435 xix).
1146 1387 1164 1419 ι
1226 1368 1360 1422 Dum
1388 1384 1516 1425 vero
1556 1370 1749 1437 voluit,

147 1458 541 1504 consummata
593 1450 809 1508 fuerant
860 1470 981 1525 quae
1029 1456 1095 1511 de
1146 1472 1211 1512 eo
1258 1458 1459 1529 scripta
1501 1467 1643 1521 sunt,
1695 1468 1752 1515 et

143 1541 559 1597 consummatis
578 1543 849 1611 omnibus,
886 1554 1152 1616 potestate
1181 1549 1400 1619 propria
1429 1549 1611 1603 emisit
1638 1549 1750 1619 spi-

138 1626 352 1682 ritum.

238 1759 260 1792 ι
302 1741 375 1798 De
427 1745 583 1801 turba
634 1757 814 1804 autem
868 1750 1019 1804 multi
1072 1751 1417 1806 crediderunt
1461 1752 1514 1806 in
1543 1765 1687 1806 eum.
1721 1772 1740 1805 ι

1861 533 1999 605 ejus,
2028 533 2123 590 sed
2161 548 2268 590 non
2299 535 2354 590 in
2408 536 2526 607 ipso
2562 548 2842 608 peccatum
2896 538 3098 598 factum
3132 552 3218 601 est
3245 554 3305 601 ut
3334 563 3438 604 caa-

1860 640 1957 682 cus
1996 634 2328 683 nasceretur.
2379 626 2439 683 Si
2465 643 2597 701 ergo
2622 646 2731 687 non
2757 642 2982 702 peccato
3020 645 3309 706 parentum
3355 638 3438 694 fa-

1860 724 2003 773 ctum
2031 726 2115 773 est
2146 726 2206 773 ut
2253 732 2427 795 caecus
2474 729 2812 789 nasceretur,
2841 738 3010 794 quare
3054 742 3234 785 08008
3278 737 3440 787 natus

1858 815 1942 861 est
1962 806 1986 861 ?
2009 806 2147 862 Audi
2176 808 2491 879 magistrum
2525 808 2835 878 docentem,
2875 816 3070 885 quierit
3106 819 3437 888 credentem,

1844 906 1919 955 'ut
1942 898 2106 956 faciat
2143 901 2527 973 intelligentem
2554 918 2569 958 :
2607 904 2721 975 ipse
2747 920 2967 962 causam
2996 908 3129 969 dicit
3172 927 3340 983 quare
3367 913 3440 969 sit

1856 988 1946 1045 ille
1970 1005 2144 1046 camus
2168 1001 2345 1048 natus.
2383 1012 2404 1045 ι
2441 992 2623 1064 Neque
2650 995 2736 1051 hic
2760 999 3223 1073 peccavit,‘neque
3241 1018 3440 1075 paren-

1856 1088 1939 1137 tes
1989 1083 2127 1151 ejus,
2159 1084 2255 1139 sed
2306 1092 2369 1139 ut
2397 1086 2807 1142 manifestentur
2833 1103 2995 1159 opera
3048 1092 3143 1148 Dei
3178 1094 3235 1171 in
3265 1094 3375 1150 illo.
3413 1113 3433 1147 ι
3493 1158 3499 1165 δ

1855 1171 1973 1228 Non
2001 1173 2173 1229 solum
2200 1175 2330 1245 quid
2361 1175 2414 1230 in
2464 1177 2568 1231 hoc
2608 1180 2981 1249 tantummodo
3029 1196 3173 1239 cwco
3220 1195 3439 1240 aeturus

1854 1266 1978 1331 sim,
2006 1269 2099 1323 sed
2127 1276 2186 1322 ut
2210 1269 2586 1326 manifestetur
2614 1272 2745 1341 quid
2793 1272 2846 1327 in
2874 1273 3117 1332 caecitate
3145 1277 3308 1333 totius
3337 1280 3438 1333 hu—

1854 1358 1996 1413 mani
2029 1360 2240 1430 generis
2268 1375 2365 1430 per
2391 1376 2477 1417 me
2506 1363 2769 1433 agendum
2822 1365 2912 1420 sit.
2938 1359 2943 1363 ’
2970 1362 3191 1422 Deinde
3219 1379 3438 1427 secutus

1854 1450 2099 1520 adjuuxit
2127 1468 2140 1503 :
2502 1476 2503 1479 η
2680 1466 2683 1469 ‘
2745 1454 2751 1467 ’
2780 1472 2785 1477 ’
3255 1454 3259 1458 ’

1930 1560 1948 1591 ι
1989 1541 2071 1595 Mc
2099 1551 2311 1612 oportet
2353 1544 2565 1616 operari
2612 1560 2776 1616 opera
2823 1548 2940 1619 ejus
2989 1550 3080 1619 qui
3130 1550 3280 1606 misit
3325 1568 3433 1617 me,

1858 1653 1876 1685 ι
1915 1635 2084 1689 donec
2124 1635 2242 1691 dies
2288 1645 2390 1691 est.
2424 1656 2444 1689 ι
2496 1636 2763 1694 Memento
2806 1640 3075 1709 quomodo
3126 1642 3433 1719 universam

1851 1727 2077 1798 gloriam
2118 1727 2194 1783 illi
2224 1728 2334 1791 dat,
2385 1728 2453 1783 de
2505 1746 2612 1800 quo
2640 1739 2745 1797 est,
2773 1732 2899 1802 quia
2928 1732 3017 1788 ille
3046 1733 3209 1790 habet
3239 1733 3431 1791 Filium

135 1829 404 1889 Humiles
430 1846 482 1891 et
513 1852 775 1907 pauperes
820 1839 997 1895 salvos
1026 1839 1257 1896 faciebat
1284 1840 1565 1908 Dominus,
1597 1843 1747 1913 prin-
1774 1825 1820 1884 Β
1848 1819 1939 1888 Ψ¹ί
1971 1817 2149 1913 δθξηο
2171 1819 2260 1913 ξίίίν
2296 1819 2413 1889 ipse
2440 1834 2548 1875 ¹¹⁰¹¹
2590 1820 2757 1877 hab“
2785 1823 2853 1877 de
2886 1838 2995 1893 quo
3024 1824 3114 1878 ⁵⁵⁸⁸
3157 1823 3287 1892 Qum
3308 1834 3435 1880 sum

132 1922 312 1991 cipes
340 1924 696 1983 insaniehant.
741 1928 809 1984 Et
834 1930 954 1987 ideo
993 1931 1261 1987 medicum
1295 1944 1402 1986 non
1437 1932 1610 1989 solum
1634 1948 1743 1989 non

129 2017 549 2085 agnoscebant,
582 2020 675 2076 sed
697 2021 856 2076 etiam
892 2024 1141 2080 occidere
1184 2023 1493 2095 cupiebant.

731 2160 1015 2222 HOMIUA
1063 2164 1174 2222 LII.

549 2289 706 2330 mm
729 2291 943 2340 ouant-ra
982 2293 1114 2335 rosr
1143 2277 1369 2337 Ltetare.

220 2408 405 2481 (που.
436 2413 535 2485 Ix.)
593 2435 609 2467 ι
636 2416 693 2471 1η
724 2418 812 2475 illo
836 2428 1077 2490 tempore
1116 2423 1431 2493 prmteriens
1455 2423 1631 2492 Iesus,
1663 2426 1743 2480 vi—

125 2518 159 2553 ι
210 2501 298 2555 dit
320 2503 593 2584 hominem
626 2524 826 2566 caecum
855 2528 885 2565 a
916 2514 1217 2570 nativitate.
1253 2535 1271 2566 ι
1303 2516 1369 2571 Et
1404 2516 1630 2587 reliqua.
1664 2518 1740 2575 Ea

122 2591 348 2660 quippe
382 2608 502 2662 qua:
530 2595 657 2652 fecit
680 2600 940 2659 Dominus
969 2613 1156 2660 noster
1179 2604 1337 2662 Jcsus
1366 2608 1614 2664 Christus
1635 2619 1742 2666 stu-

122 2685 325 2753 penda
347 2696 509 2756 atque
540 2690 807 2757 miranda,
830 2705 884 2749 et
909 2711 1071 2766 opera
1101 2707 1155 2753 et
1183 2701 1346 2753 verba
1372 2711 1517 2755 sunt.
1539 2701 1735 2772 Opera,

130 2776 278 2844 quia
316 2776 455 2833 iacta
504 2790 669 2848 sunt;
718 2783 901 2851 verba,
948 2786 1073 2856 quia
1118 2789 1272 2860 signa
1305 2800 1450 2847 sunt.
1501 2792 1557 2847 Si
1608 2809 1737 2863 ergo

131 2866 279 2935 quid
309 2867 571 2938 significet
599 2871 701 2927 hoc
718 2876 861 2943 quod
891 2874 1093 2932 factum
1118 2888 1202 2934 est
1225 2881 1540 2953 cogitemus,
1567 2900 1738 2955 genus

131 2958 444 3016 humanum
468 2972 551 3019 est
578 2965 679 3022 iste
707 2983 899 3025 czccus.
948 2969 1072 3026 Haec
1095 2972 1239 3028 enim
1269 2977 1485 3032 caecitas
1510 2979 1738 3051 contigit

136 3048 206 3104 in
246 3051 420 3119 primo
448 3054 682 3112 homine
703 3073 802 3127 per
825 3069 1131 3130 peccatum,
1181 3062 1247 3120 de
1277 3081 1384 3135 quo
1412 3082 1601 3124 omnes
1628 3048 1737 3125 ori-

144 3413 284 3503 Ideo
312 3422 629 3490 evangelista
668 3426 735 3483 de
778 3426 996 3485 Christo
1038 3430 1169 3486 dicit
1204 3450 1217 3485 :
1281 3451 1297 3484 ι
1326 3431 1393 3487 Ει
1420 3436 1737 3503 praeteriens

140 3502 331 3563 Jesus.
369 3529 389 3562 ι
430 3509 520 3568 Sic
560 3518 817 3584 praeteriit
851 3521 993 3574 enim
1028 3520 1294 3589 Christus,
1344 3533 1398 3579 et
1428 3502 1533 3580 non
1561 3526 1615 3580 in
1646 3522 1755 3582 via'

137 3610 497 3668 peccatorum
525 3618 830 3666 nostrorum
856 3613 1031 3678 stetit,
1060 3614 1200 3670 sicut
1229 3616 1282 3670 in
1312 3618 1545 3687 quadam
1576 3636 1735 3691 para-

138 3689 268 3746 bola
298 3693 411 3764 ipse
432 3694 692 3775 Dominus
712 3704 789 3758 ait
817 3703 968 3774 (Luc.
992 3706 1050 3780 x)
1082 3724 1096 3762 :
1127 3727 1145 3760 ‹
1176 3708 1336 3764 Venit
1365 3711 1509 3766 enim
1545 3689 1733 3769 Sama-

139 3783 356 3842 ritanus
397 3805 551 3847 secus
595 3794 793 3861 viam,»
827 3797 917 3867 qui
966 3799 1115 3855 venit
1163 3816 1357 3856 sanare
1394 3803 1730 3861 vulneratum

142 3876 483 3934 semivivum.
531 3880 800 3941 Praeteriit
827 3903 1027 3943 caecum
1057 3888 1383 3958 illuminare,
1419 3893 1511 3964 qui
1540 3894 1731 3951 vulne-

142 3976 295 4023 ratus
325 3969 379 4025 in
402 3974 660 4042 parabola
684 3977 900 4045 dicitur,
942 3981 1030 4036 hic
1058 3981 1110 4037 in
1139 3997 1198 4037 re
1226 3994 1378 4054 gesta
1407 4001 1583 4043 camus
1611 3986 1732 4042 illu-

139 4061 397 4118 minatur.
450 4066 597 4123 Vidit
643 4086 774 4143 ergo
823 4073 1094 4131 hominem
1121 4093 1344 4145 caicum,
1396 4096 1502 4137 non
1540 4092 1732 4139 utcun-

141 4165 499 4223 quecaecum,
530 4159 645 4216 'sed
689 4177 890 4220 cmcum
934 4182 964 4222 a
995 4169 1297 4226 nativitate.
1330 4171 1543 4233 \Omnes
1584 4177 1728 4232 enim

139 4240 414 4312 homines,
461 4259 659 4318 praeter
694 4251 841 4309 illum
881 4256 1055 4313 solum
1097 4260 1189 4330 qui
1227 4277 1294 4317 ex
1322 4261 1544 4336 Virgine
1570 4277 1728 4322 natus

140 4343 245 4401 est,
299 4339 550 4410 originali
601 4355 826 4413 peccato
868 4348 1036 4416 caici,
1093 4351 1146 4406 id
1200 4363 1285 4409 est
1338 4371 1459 4410 cum
1504 4366 1728 4427 peccato

138 4428 253 4482 nati
291 4440 434 4499 sunt,
486 4437 631 4505 quod
682 4453 750 4493 ex
796 4440 978 4496 radice
1020 4446 1228 4512 peccati
1276 4448 1434 4516 primi
1491 4451 1728 4519 parentis

141 4529 450 4582 traxerunt.
1750 4530 1804 4590 Ῑ)

214 4661 235 4694 ι
270 4641 743 4728 Interrogaverunt
794 4667 918 4707 eum
967 4653 1215 4726 discipuli
1268 4656 1385 4728 ejus
1420 4677 1432 4713 :
1472 4659 1664 4717 Rabbi.
1697 4680 1717 4715 ι
1752 4654 1757 4661 ’

140 4726 455 4807 Magistrum
506 4742 884 4812 appellabant,
936 4748 1027 4817 qui
1063 4726 1719 4809 discereﬁdesiderabant.

142 4824 502 4894 Quaestionem
532 4834 731 4904 quippe
756 4836 982 4893 Domino
1017 4853 1432 4909 praposucrunt,
1465 4853 1720 4914 tanquam

140 4923 414 4992 magistro.
453 4946 472 4978 ‹
525 4919 657 4995 Quis
686 4916 974 5000 peccavit?
1006 4933 1116 4999 hic,
1166 4943 1259 4989 aut
1288 4947 1540 5005 parentes
1582 4940 1718 5010 ejus,

146 5031 164 5062 ι
204 5024 265 5066 ιιι
315 5029 492 5073 caecus
536 5021 891 5075 nasceretur?
943 5022 1239 5093 Respondit
1290 5024 1449 5082 Jesus
1482 5046 1495 5081 :
1534 5027 1719 5099 Neque

145 5122 164 5155 ι
210 5105 296 5160 hic
322 5111 587 5177 peccavit,
612 5126 786 5181 neque
811 5124 1062 5184 parentes
1088 5116 1226 5186 ejus.
1260 5138 1278 5171 ι
1313 5117 1450 5186 Quid
1477 5129 1559 5175 cst
1577 5121 1721 5191 quod

141 5197 315 5251 dixit?
346 5197 404 5254 Si
432 5201 608 5258 nullus
630 5204 796 5260 homo
818 5205 938 5261 sine
960 5197 1203 5276 peccato,
1253 5210 1493 5279 nunquid
1534 5226 1725 5282 paren-

141 5296 219 5343 tes
245 5288 404 5359 hujus
430 5293 559 5348 caeci
584 5288 702 5350 sine
716 5304 939 5364 peccato
958 5300 1156 5354 erant?
1197 5299 1445 5370 Nunquid
1469 5302 1584 5372 ipse
1604 5302 1723 5359 sine

141 5389 362 5451 peccato
388 5383 654 5455 originali
678 5384 840 5443 natus
888 5398 1024 5455 erat,
1056 5391 1144 5447 vel
1188 5393 1421 5448 vivendo
1448 5393 1581 5449 nihil
1626 5395 1722 5450 ad-

142 5472 391 5528 diderat?
420 5474 477 5531 Si
501 5492 632 5549 ergo
659 5488 715 5534 et
741 5491 992 5551 parentes
1025 5483 1140 5552 ejus
1180 5487 1487 5553 habuerunt
1533 5504 1721 5558 pecca-

143 5572 254 5619 tum
282 5572 338 5620 et
370 5566 471 5623 iste
508 5569 696 5626 habuit
714 5581 1031 5642 peccatum,
1062 5591 1231 5646 quare
1257 5579 1514 5635 Dominus
1544 5581 1716 5636 dixit:

149 5675 168 5707 ‹
203 5655 388 5729 Neque
418 5661 506 5717 hic
533 5665 796 5733 peccavit,
822 5681 995 5736 neque
1016 5678 1268 5737 parentes
1293 5670 1428 5740 ejus,
1470 5693 1486 5723 ι
1519 5675 1619 5729 nisi
1652 5675 1717 5730 ad

146 5766 256 5810 rem
304 5759 580 5827 respondit
613 5760 679 5816 de
703 5777 807 5833 qua
837 5763 1201 5838 interrogatus
1240 5775 1354 5834 est,
1408 5783 1507 5823 cur
1546 5785 1719 5827 circus

1832 1918 2009 1980 ’opera
2030 1910 2251 1983 (Domini
2279 1921 2501 1983 propter
2525 1914 2668 1983 quod
2702 1914 2851 1970 venit
2875 1914 3043 1970 Filius
3071 1916 3168 1971 Dei
3193 1916 3246 1970 in
3274 1931 3431 1972 mun-

1842 2001 1990 2067 dum,
2018 2002 2119 2058 nisi
2146 2004 2449 2060 caecitatem
2471 2005 2689 2060 humani
2714 2008 2928 2078 generis
2956 2008 3285 2077 illuminare,
3316 2011 3430 2068 vul-

1842 2103 2027 2148 nerata
2055 2108 2280 2165 quaeque
2309 2111 2525 2162 sanare,
2568 2096 2779 2168 perdita
2823 2098 3123 2171 requirere,
3165 2100 3432 2157 deformia

1841 2184 2185 2241 reformare?
2232 2186 2339 2242 Sed
2367 2188 2499 2259 quid
2544 2198 2630 2245 est
2653 2191 2799 2261 quod
2830 2191 2967 2247 dixit
2993 2211 3005 2246 :
3055 2210 3074 2243 ι
3106 2191 3191 2249 Me
3214 2201 3431 2264 oportet

1752 2320 1755 2323 ,
1839 2276 2057 2346 operari
2090 2293 2252 2348 opera
2276 2278 2394 2349 ejus
2417 2281 2511 2351 qui
2536 2282 2684 2336 misit
2704 2297 2809 2347 me,
2833 2283 3002 2340 donec
3037 2285 3153 2341 dies
3178 2286 3293 2341 est?
3327 2285 3421 2341 Vc-

1841 2366 1923 2420 nit
1962 2367 2105 2422 enim
2132 2383 2237 2424 nox
2276 2371 2491 2440 quando
2510 2387 2669 2430 nemo
2691 2378 2871 2444 potest
2899 2376 3133 2446 operari.
3158 2396 3177 2428 ι
3200 2376 3424 2433 Constat

1841 2472 2153 2528 expressum
2199 2476 2264 2515 ac
2292 2461 2570 2517 deﬁnitum
2599 2465 2740 2521 diem
2763 2462 3219 2524 commemorasse
3240 2468 3430 2527 Domi-

1842 2563 1971 2603 num
2030 2551 2130 2606 hoc
2192 2550 2312 2607 loco
2369 2552 2637 2624 seipsum,
2710 2556 2765 2611 id
2829 2566 2914 2614 est
2966 2558 3148 2614 lumen
3212 2560 3423 2616 mundi.

1848 2656 1865 2688 ι
1900 2637 2169 2704 Quandiu,
2223 2641 2414 2711 inquit,
2449 2658 2568 2697 sum
2617 2644 2669 2698 in
2695 2645 2796 2701 hoc
2821 2648 3039 2713 mundo,
3078 2648 3426 2715 lumen,sum

1840 2728 2046 2783 mundi.
2084 2750 2102 2780 ι
2152 2730 2294 2802 Ergo
2319 2733 2433 2802 ipse
2458 2744 2758 2804 operatur,
2804 2739 3038 2808 quandiu
3084 2754 3168 2796 est
3217 2743 3271 2797 in
3326 2744 3432 2800 hoc

1840 2825 2058 2879 mundo.
2111 2824 2390 2892 Putemus,
2434 2817 2655 2895 fratres,
2700 2820 2827 2886 eum
2857 2820 3025 2888 fuisse
3055 2833 3167 2891 hic
3194 2823 3340 2903 tunc,
3364 2845 3429 2894 ἐι

1838 2914 1998 2969 modo
2024 2930 2129 2970 non
2160 2916 2248 2972 hic
2275 2920 2441 2974 esse?
2472 2918 2529 2975 Si
2557 2921 2659 2976 hoc
2688 2912 2960 2992 putamus,
2999 2926 3111 2997 jam
3134 2932 3277 2997 ergo
3303 2940 3428 3000 post

1839 3018 2122 3061 ascensum
2173 3007 2385 3065 Domini
2409 3009 2549 3067 facta
2580 3020 2663 3068 est
2687 3029 2791 3069 nox
2829 3006 2941 3072 ista
2978 3020 3287 3086 metuenda,
3334 3020 3427 3076 ubi

1840 3111 2000 3154 nemo
2032 3099 2203 3167 possit
2223 3103 2457 3171 operari.
2488 3101 2593 3158 Sed
2624 3114 2745 3173 post
2769 3108 3143 3165 ascensionem
3172 3110 3314 3166 facta
3342 3122 3427 3168 cst

1684 3173 1735 3264 ξ’
1761 3173 1944 3243 Cnox
1976 3189 2098 3254 ista,
2151 3191 2280 3260 quid
2306 3201 2390 3248 est
2441 3195 2586 3263 quod
2630 3198 2705 3251 ait
2752 3198 3030 3281 discipulis
3076 3204 3192 3258 suis
3235 3218 3430 3285 ascen-

1838 3282 1972 3369 dens
1995 3283 2051 3337 in
2076 3284 2311 3340 coelum:
2340 3305 2360 3338 ι
2395 3285 2672 3361 Εεοθθεο
2708 3293 2985 3349 vobiscum
3026 3312 3145 3351 sum
3175 3282 3441 3356 omnibus

1837 3373 2049 3440 diebus,
2088 3391 2260 3447 usque
2298 3379 2365 3434 ad
2404 3384 2923 3463 consummationem
2973 3387 3156 3463 πουιὶ
3205 3387 3424 3459 (Matth.

1836 3464 2073 3535 xxviii)?
2107 3484 2127 3519 ι
2186 3468 2278 3539 qui
2352 3476 2478 3525 tunc
2534 3473 2801 3541 corporali
2858 3460 3142 3545 praesentia
3208 3476 3311 3533 fuit
3367 3479 3423 3537 in

1834 3554 2071 3620 mundo,
2123 3572 2267 3613 nunc
2314 3558 2497 3615 divina
2533 3563 2773 3632 potentia
2823 3580 3064 3636 praesens
3095 3578 3180 3624 est
3225 3570 3426 3641 ubique

1834 3642 1889 3697 in
1922 3646 2140 3702 mundo.
2189 3647 2506 3706 Audivimus
2538 3651 2705 3720 diem,
2756 3644 3037 3712 audiamus
3063 3673 3184 3729 qua:
3222 3660 3291 3716 sit
3317 3676 3424 3716 nox

1832 3730 1959 3787 ista.
2026 3732 2177 3803 Quid
2217 3736 2434 3809 igitur?
2486 3741 2617 3812 quid
2672 3743 2915 3802 dicemus
2964 3747 3031 3803 de
3079 3758 3239 3806 nocte
3291 3751 3417 3818 ista,

1832 3828 2048 3898 quando
2077 3830 2457 3902 erit,'quando
2482 3828 2642 3893 nemo
2665 3840 2862 3908 poterit
2886 3844 3099 3921 operari
3121 3843 3153 3897 ?
3174 3842 3289 3900 Nox
3318 3846 3421 3921 ista

1832 3916 2122 3989 impiorum
2166 3922 2291 3989 erit,
2335 3940 2441 3981 nox
2473 3926 2576 3982 ista
2625 3943 2812 3985 eorum
2862 3932 2970 3989 erit
3004 3918 3200 4004 quibus
3231 3937 3284 3992 in
3312 3918 3419 3993 line

1832 4012 2083 4068 dicetur:
2123 4035 2141 4066 ς
2174 4014 2251 4071 lte
2296 4016 2348 4072 in
2396 4019 2574 4090 ignem
2599 4012 2895 4091 aeternum,
2929 4026 3022 4095 qui
3070 4014 3291 4098 paratus
3337 4038 3423 4085 est

1832 4105 2045 4163 diabolo
2072 4117 2127 4164 et
2167 4109 2373 4181 angelis
2420 4112 2537 4183 ejus
2574 4112 2790 4185 (Matth.
2818 4118 2969 4189 xxv).
3002 4139 3019 4172 ι
3072 4120 3179 4176 Sed
3207 4132 3260 4178 et
3311 4137 3419 4179 nox

1831 4198 1971 4253 dicta
1995 4209 2079 4255 est
2102 4199 2319 4257 ﬂamma
2364 4203 2520 4274 ignis.
2572 4206 2735 4273 Audi,
2787 4211 2912 4280 quia
2960 4221 3016 4267 et
3056 4228 3160 4269 nox
3185 4223 3267 4271 est
3295 4232 3415 4287 qua:

1830 4290 1897 4345 de
1926 4292 2158 4360 quodam
2191 4308 2346 4350 servo
2382 4294 2582 4351 dicitur
2607 4297 2822 4368 (Matth.
2856 4303 2993 4373 χχιι)
3025 4322 3036 4357 :
3074 4324 3092 4356 ι
3126 4304 3313 4376 Ligate
3340 4306 3417 4361 illi

1830 4395 2022 4435 manus
2049 4391 2105 4437 et
2126 4385 2307 4453 pedes,
2333 4394 2387 4440 et
2404 4385 2651 4457 projicite
2671 4405 2795 4445 eum
2820 4391 2872 4446 in
2902 4380 3152 4451 tenebras
3177 4396 3416 4451 exterio-

1831 4488 1937 4529 res.
1979 4494 1997 4527 ι
2033 4475 2300 4547 Operetur
2324 4472 2455 4552 ergo
2487 4480 2674 4546 homo,
2712 4501 2780 4540 ne
2806 4485 2894 4540 illa
2925 4496 3082 4541 nocte
3112 4487 3411 4556 praevenia-

1832 4576 1936 4630 tur,
1969 4568 2058 4624 ubi
2086 4584 2245 4627 nemo
2266 4573 2435 4642 possit
2482 4578 2715 4646 operari.
2757 4576 2913 4634 Modo
2943 4587 3046 4643 est,
3074 4587 3132 4633 ut
3158 4589 3414 4648 operetur

1828 4672 1930 4728 per
1956 4660 2296 4719 dilectionem
2324 4680 2338 4719 :
2365 4674 2421 4721 et
2448 4667 2493 4722 si
2522 4668 2682 4723 modo
2704 4682 3015 4736 operamur,
3052 4668 3142 4724 hic
3165 4677 3249 4724 est
3273 4670 3407 4737 dies,

1832 4749 1919 4806 hic
1948 4761 2032 4807 est
2070 4752 2337 4811 Christus.
2369 4756 2505 4811 Audi
2532 4758 2959 4827 promittentem,
3003 4769 3060 4816 et
3087 4776 3154 4817 ne
3174 4762 3408 4817 arbitre-

1830 4841 1908 4895 ris
1948 4841 2248 4898 abseutem.
2283 4865 2301 4896 ι
2336 4838 2474 4901 Ecce
2510 4862 2609 4918 ego
2660 4849 2936 4906 vobiscum
2994 4848 3129 4908 sum
3154 4856 3409 4912 omnibus

1831 4930 2019 4986 diebus
2067 4947 2237 5002 usque
2277 4936 2343 4989 ad
2390 4928 2911 4995 consummationem
2956 4944 3135 5000 saeculi
3189 4944 3402 5018 (Matth.

1827 5023 2042 5094 xxvm).
2078 5045 2097 5076 ι
2134 5026 2211 5081 lbi
2249 5029 2393 5084 enim
2424 5030 2527 5083 erit
2556 5021 2683 5094 nox,
2736 5033 2824 5087 ubi
2855 5048 3012 5091 nemo
3057 5036 3229 5107 possit
3274 5053 3406 5108 ope-

1829 5116 1961 5184 rari,
2008 5119 2101 5173 sed
2125 5120 2365 5191 recipere
2387 5123 2528 5192 quod
2555 5133 2811 5194 operatus
2834 5136 2935 5182 est.
2962 5127 3118 5184 Aliud
3153 5138 3237 5185 est
3268 5140 3407 5185 tem-

1828 5204 1929 5279 pus
1967 5206 2343 5280 operationis,
2382 5214 2527 5269 aliud
2581 5218 2921 5288 receptionis.
2984 5220 3191 5277 Reddet
3260 5222 3406 5278 enim

1829 5301 2123 5372 unicuique
2152 5305 2446 5360 secundum
2474 5321 2641 5376 opera
2667 5323 2784 5364 sua.
2836 5309 3132 5368 Audiamus
3175 5311 3407 5387 sollicita

1830 5399 2012 5446 mente
2043 5392 2356 5463 Apostolum
2405 5412 2505 5452 nos
2553 5400 2927 5456 exhortantem
2983 5404 3215 5475 operari.
3270 5404 3410 5480 Dicit

1826 5485 1972 5540 enim
2001 5503 2014 5539 :
2071 5506 2089 5538 ι
2126 5488 2260 5542 Dum
2312 5498 2521 5560 tempus
2544 5492 2803 5549 habemus
2828 5535 2843 5561 ,
2874 5510 3164 5566 operemur
3208 5495 3407 5551 bonum

1829 5576 2028 5653 (Galat.
2055 5581 2155 5650 Vl).
2189 5599 2209 5633 ι
2236 5580 2375 5649 Quid
2408 5585 2551 5639 enim
2580 5585 2825 5643 Christus
2847 5589 3042 5644 dixerit
3068 5586 3407 5644 admonendo

1827 5670 2015 5735 bonos,
2073 5675 2328 5729 terrendo
2372 5675 2560 5744 malos,
2604 5678 2935 5743 audivimus;
2986 5678 3080 5734 sed
3129 5676 3408 5733 videamus

1828 5765 1954 5836 quid
1983 5763 2190 5822 fecerit.
