3994 6354
559 333 656 388 3οἳ

1210 325 1560 383 HAYMONIS
1596 281 2072 380 RALBERSTAT.
2118 322 2325 379 EPISC.
2365 323 2516 379 orp.
2557 322 2734 378 PARS
2771 323 2833 378 ii.
2856 353 2928 366 —
2962 322 3194 380 HOMIL.

635 463 654 496 ι
702 444 826 499 Hac
871 458 989 498 eum
1019 441 1264 504 dixisset,
1301 438 1514 508 exspuit
1558 438 1612 492 in
1659 446 1878 503 terram,
1925 446 1980 493 et
2021 435 2152 492 fecit
2179 437 2226 498 Α
2253 436 2403 501 bant,
2446 437 2796 508 spiritualiter
2825 437 3115 492 violabant.
3154 455 3172 487 ‹
3210 435 3316 491 Alii
3348 437 3626 492 dicebant
3667 454 3683 489 :
3726 434 3873 503 Quo-

565 555 583 587 ι
628 536 799 591 lutum
848 550 915 590 ex
963 537 1138 602 sputo,
1186 538 1240 586 et
1283 531 1457 585 linivit
1486 546 1648 601 super
1677 530 1863 586 oculos
1898 529 2034 598 ejus,
2086 536 2142 584 et

565 643 584 676 ι
631 625 766 680 dixit
791 625 876 679 ei:
912 623 1055 678 Vade
1095 631 1152 676 et
1178 620 1295 676 lava
1321 621 1374 676 in
1403 621 1668 676 natatorla
1703 619 1869 686 Siloe,
1909 635 2029 689 qum
2058 620 2141 674 iu-

563 735 582 770 ι
627 723 947 785 terpretatur
974 713 1184 767 missus.
1227 731 1244 763 ι
1293 711 1433 778 Quid
1481 711 1612 766 fecit
1649 710 1903 765 Dominus
1934 710 2142 780 perspie

557 821 716 862 cuum
751 814 854 860 est.
899 802 1225 858 lllttminatio
1272 803 1416 857 enim
1469 800 1611 856 facta
1640 809 1723 856 est
1753 801 1806 855 in
1841 815 2004 865 caaco,
2041 801 2138 856 sed

555 912 806 964 magnum
863 893 1184 965 mysterium
1234 893 1642 948 commendatur
1683 892 1740 947 in
1777 893 2012 948 humano
2039 907 2136 962 ge-

555 1003 702 1043 nere.
753 988 980 1059 Exspuit
1014 987 1069 1042 in
1131 995 1355 1051 terram,
1393 993 1448 1040 et
1476 993 1544 1042 ex
1587 985 1754 1040 saliva
1785 984 1956 1039 lutum
1984 983 2135 1052 fecit,

553 1080 676 1148 quia
713 1097 732 1130 ι
764 1078 1000 1134 Verbum
1030 1093 1158 1134 caro
1185 1077 1386 1134 factum
1427 1088 1504 1133 est
1540 1077 1722 1148 (Ioan.
1753 1078 1814 1147 ιε),
1849 1098 1866 1130 ι
1899 1087 1954 1132 ει
1979 1077 2138 1131 unxit

553 1168 739 1225 oculos
768 1168 918 1224 caici.
953 1168 1207 1224 lnunctus
1230 1177 1366 1233 erat,
1390 1176 1444 1223 et
1469 1167 1706 1223 nondum
1734 1166 1968 1230 videbat,
2010 1166 2135 1220 mit-

553 1259 616 1312 tit
646 1259 795 1312 illum
837 1259 904 1311 ad
939 1257 1198 1327 piscinam
1250 1273 1370 1326 quae
1417 1264 1640 1311 vocatur
1671 1254 1833 1309 Siloe.
1866 1254 2134 1308 Pertinuit

551 1359 728 1404 autem
759 1349 826 1404 ad
855 1348 1237 1420 evangelistam
1271 1347 1652 1402 commendare
1680 1346 1836 1402 nobis
1862 1345 2020 1416 hujus
2049 1345 2130 1414 pi-

551 1441 711 1495 scinae
742 1439 1170 1510 intelligentiam,
1219 1447 1272 1493 et
1319 1438 1432 1492 ait:
1494 1456 1511 1488 (
1543 1437 1695 1504 Quod
1741 1437 2132 1506 interpretatur

551 1535 768 1590 missus.
801 1553 819 1586 ι
853 1532 968 1589 Jam
1005 1533 1125 1603 quis
1150 1541 1232 1588 est
1262 1533 1458 1587 missus
1488 1530 1800 1602 agnoscitis.
1844 1530 1957 1584 Nisi
1986 1531 2131 1585 enim

551 1626 637 1680 ille
675 1626 866 1682 fuisset
889 1613 1117 1690 missus,
1150 1639 1308 1679 nemo
1332 1635 1578 1680 nostrum
1611 1622 1797 1677 fuisset
1839 1622 1907 1676 ab
1939 1621 2134 1691 iniqui-

549 1729 656 1774 tate
693 1717 967 1773 dimissus.
1003 1717 1159 1772 Lavit
1187 1732 1316 1786 ergo
1343 1714 1527 1771 oculos
1557 1715 1610 1770 in
1635 1729 1698 1770 ea
1741 1713 1980 1784 piscina,
2013 1729 2132 1783 quae

549 1807 937 1876 interpretatur
975 1807 1183 1861 missus.
1219 1806 1531 1876 Baptizatus
1577 1815 1660 1859 est
1709 1805 1760 1858 iu
1803 1803 2057 1859 Christo:
2087 1803 2131 1859 si
2163 1800 2210 1860 B

549 1911 678 1968 ergo
709 1897 922 1966 quando
944 1910 1066 1950 eum
1098 1897 1151 1951 in
1187 1896 1366 1966 seipse
1395 1895 1789 1966 quodammodo
1819 1894 2130 1964 baptizavit,

551 1999 679 2047 tunc
703 1991 1025 2047 illuminavit
1049 2009 1061 2044 :
1118 1994 1334 2062 quando
1359 1991 1597 2058 inunxit,
1625 1990 1854 2047 fortasse
1878 1992 2135 2047 catechu-

549 2098 763 2140 menum
790 2085 940 2141 fecit.
981 2085 1166 2142 Potest
1194 2086 1409 2156 Quidem
1444 2086 1600 2141 aliter
1627 2094 1787 2156 atque
1815 2085 1974 2141 aliter
1997 2085 2134 2140 tanti

549 2177 873 2232 sacramenti
927 2178 1122 2248 exponi
1167 2186 1220 2233 et
1273 2179 1593 2248 pertractari
1634 2175 1990 2248 profunditas,
2037 2177 2134 2232 sed

548 2269 653 2325 hoc
692 2270 918 2325 sulliciat
964 2271 1212 2326 charitati
1267 2279 1476 2326 vestrte.
1525 2269 1760 2340 Ungitur
1787 2272 2133 2326 catechume—

547 2377 666 2426 nus,
703 2363 756 2417 id
778 2371 860 2418 est
889 2363 1112 2419 docetur
1153 2373 1213 2419 ut
1249 2364 1436 2420 credat
1464 2363 1518 2418 in
1550 2362 1824 2418 Christum
1857 2379 1871 2428 ;
1901 2362 2135 2417 mittitur

546 2453 612 2506 ad
647 2452 912 2522 piscinam
933 2455 1207 2526 baptismi,
1251 2465 1310 2510 ut
1332 2455 1683 2521 illuminetur,
1715 2463 1777 2508 ut
1820 2453 2000 2509 lumen
2043 2467 2136 2508 ve-

547 2557 666 2598 rum
698 2553 978 2614 agnoscat,
1024 2554 1082 2600 ut
1113 2545 1483 2601 remissionem
1511 2555 1856 2616 peccatorum
1881 2543 2132 2615 accipiat,

549 2642 610 2690 ut
637 2651 705 2690 ex
752 2635 860 2692 ﬁli‘o
913 2638 1010 2692 irae
1053 2635 1317 2692 efﬁciatur
1350 2638 1496 2693 ﬁlius
1525 2638 1641 2702 Dei,
1697 2638 2135 2707 illuminatusque

545 2725 724 2778 veniat
745 2725 1041 2793 praedicare
1067 2725 1364 2780 Christum.
1730 2721 1748 2740 '

623 2833 641 2863 ι
686 2813 872 2883 itaque
899 2813 1081 2878 vicini,
1128 2822 1185 2868 et
1213 2814 1305 2884 qui
1335 2814 1590 2869 videbant
1621 2829 1743 2869 eum
1788 2815 1956 2884 prius,
2003 2831 2133 2886 quia

553 2923 571 2953 ι
624 2903 901 2958 mendicus
929 2911 1069 2968 erat,
1102 2904 1352 2958 dicebant
1389 2921 1402 2958 :
1445 2902 1634 2959 Nonne
1667 2904 1754 2959 hic
1784 2913 1867 2959 est
1915 2906 2008 2974 qui
2048 2921 2133 2961 se-

553 3015 569 3045 ι
615 2995 775 3051 debat
802 3005 857 3050 et
888 2996 1266 3052 meudicabat?
1291 2996 1396 3052 Alii
1419 2997 1666 3053 dicebant
1691 3014 1703 3053 :
1733 2997 1858 3068 quia
1894 2998 1983 3054 hic
2009 3007 2128 3055 est:

550 3106 568 3137 ι
615 3087 706 3141 alii
753 3095 969 3154 autem;
1002 3103 1360 3158 nequaquam,
1408 3090 1501 3144 sed
1550 3089 1741 3146 similis
1787 3099 1870 3146 est
1915 3089 2053 3159 ejus.
2105 3111 2124 3144 ι

545 3176 731 3246 Aperti
772 3176 912 3232 oculi
945 3178 1149 3232 vultum
1181 3179 1480 3235 mutabant.
1518 3199 1537 3232 ι
1569 3179 1661 3237 llle
1708 3196 1836 3237 vero
1863 3183 2079 3238 dicebat
2109 3202 2122 3238 :
2158 3168 2204 3229 C

552 3286 569 3318 ‹
615 3269 740 3339 quia
766 3285 868 3341 ego
891 3285 1030 3326 sum.
1055 3289 1074 3321 ι
1100 3271 1215 3326 Vox
1234 3280 1410 3343 grata,
1434 3287 1500 3327 ne
1526 3273 2121 3346 damnareturingrata.

617 3379 635 3410 ι
683 3361 940 3416 Dicebant
959 3378 1088 3434 ergo
1101 3364 1148 3419 ei
1176 3379 1191 3418 :
1216 3363 1492 3431 Quomodo
1517 3368 1687 3436 aperti
1703 3379 1828 3423 sunt
1849 3370 1990 3424 oculi
2012 3372 2127 3426 tui?

547 3468 565 3500 ι
609 3449 904 3521 Respondit
928 3471 940 3506 :
965 3452 1058 3508 Ille
1085 3454 1246 3510 homo
1265 3456 1355 3525 qui
1376 3456 1573 3512 dicitur
1588 3455 1764 3522 Jesus,
1787 3459 1956 3514 lutum
1972 3460 2121 3528 fecit,

545 3559 565 3593 i
607 3551 661 3597 et
691 3543 845 3598 unxit
869 3545 1055 3600 oculos
1080 3561 1252 3612 meos,
1275 3556 1330 3602 et
1359 3549 1493 3603 dixit
1529 3550 1657 3604 milii
1688 3569 1700 3603 :
1732 3549 1877 3606 Vade
1914 3553 1980 3606 ad
2027 3569 2124 3607 na-

547 3653 564 3685 i
608 3638 858 3692 tatoriam
890 3636 1053 3705 Siloe,
1083 3647 1139 3694 et
1165 3639 1302 3695 lava.
1340 3641 1407 3695 Et
1435 3641 1564 3707 abii,
1594 3651 1648 3696 et
1673 3643 1794 3707 lavi.
1829 3653 1881 3697 et
1925 3645 2057 3699 vidi.
2095 3665 2116 3699 ι

544 3725 678 3783 Ecce
732 3730 1084 3785 annuntiator
1142 3731 1316 3786 factus
1365 3741 1449 3787 est
1502 3735 1711 3802 gratim,
1765 3737 2118 3806 evangelizat,

539 3817 844 3873 conﬁtetur.
896 3817 1093 3875 Videtis
1141 3835 1318 3878 caecus
1359 3822 1449 3877 ille
1490 3823 1868 3892 conﬁtebatur,
1919 3835 1973 3882 et
2023 3843 2122 3884 cor

539 3909 826 3978 impiorum
853 3911 1241 3982 stringebatur,
1271 3914 1396 3984 quia
1424 3929 1532 3970 non
1571 3915 1838 3972 habebant
1873 3918 1928 3972 in
1957 3921 2120 3976 corde

537 4004 680 4071 quod
698 4001 810 4072 jam
834 4004 1066 4060 habebat
1089 4005 1143 4060 in
1170 4005 1326 4061 facie.

613 4111 631 4142 ε
678 4093 938 4150 Dixerunt
963 4095 1161 4152 ei:Ubi
1197 4106 1281 4154 est
1323 4097 1412 4154 ille
1435 4099 1459 4153 ?
1484 4098 1574 4154 Ait
1598 4117 1612 4153 :
1634 4099 1846 4156 Nescio.
1884 4120 1902 4153 ι
1938 4103 1996 4158 ln
2032 4103 2119 4159 liis

538 4182 716 4237 verbis
761 4185 971 4241 animus
1025 4187 1194 4257 ipsius
1243 4189 1417 4246 adhuc
1464 4191 1687 4248 inuucto
1731 4192 1924 4249 similis
1971 4203 2114 4261 erat,

535 4273 771 4328 nondum
789 4275 1011 4331 videnti.
1030 4277 1134 4332 Sed
1160 4294 1441 4350 ponamus,
1459 4279 1674 4349 fratres,
1694 4291 1954 4354 tanquam
1969 4283 2115 4340 illam

533 4363 898 4422 inunctionem
917 4369 970 4422 in
993 4369 1174 4427 animo
1194 4371 1467 4441 habuerit,
1495 4381 1551 4430 et
1569 4376 1846 4444 praedicat,
1869 4383 1925 4431 et
1942 4377 2114 4433 nescit

531 4473 688 4526 quem
717 4462 990 4529 praedicat.

2248 547 2269 580 ε
2312 529 2470 583 modo
2499 536 2673 598 potest
2703 530 2864 584 homo
2893 538 3144 598 peccator
3187 529 3302 582 haec
3349 529 3502 598 signa
3558 525 3814 582 facere?
3849 547 3867 579 ο

2242 618 2380 674 Ecce
2422 627 2547 673 sunt
2584 619 2810 674 inuncti.
2851 637 2869 669 ι
2909 618 2977 672 Ει
3012 618 3248 673 scliisma
3277 627 3397 672 erat
3427 618 3481 671 in
3513 618 3642 672 eis.
3685 635 3710 669 ι
3747 615 3871 672 Dia

2239 709 2330 766 ille
2362 710 2565 765 divisus
2589 719 2709 766 erat
2735 712 2876 765 inter
2903 711 3076 765 lucem
3116 720 3171 766 et
3197 711 3470 766 tenebras.

2315 817 2334 850 σ
2381 799 2574 854 Dicunt
2601 815 2728 872 ergo
2757 816 2902 856 careo
2937 802 3131 855 iterum
3161 819 3174 852 :
3201 801 3278 855 'l'u
3319 802 3448 870 quid
3478 801 3640 856 dicis
3679 800 3758 855 de
3785 817 3865 868 eq

2244 911 2264 944 (
2309 894 2399 964 qui
2428 893 2640 964 aperuit
2665 893 2848 948 oculos
2882 893 3041 948 tuos?
3068 892 3195 962 quid
3234 893 3300 947 de
3331 892 3422 947 illo
3450 894 3653 948 sentis
3679 892 3706 945 ?
3737 892 3862 961 quid

2243 1002 2261 1034 ι
2306 985 2631 1039 existimas?
2666 985 2795 1054 quid
2843 985 3085 1039 indicas?
3135 1005 3153 1038 ι
3197 985 3524 1053 Qumrebaut
3577 985 3861 1054 quemad-

2236 1075 2456 1131 modum
2485 1077 2688 1130 homini
2713 1076 3199 1143 calunmiareutur,
3222 1085 3282 1130 ut
3310 1076 3377 1131 de
3408 1091 3718 1147 synagoga
3750 1076 3857 1146 pel-

2202 1180 2210 1186 '
2235 1166 2456 1234 leretur,
2477 1168 2569 1222 sed
2595 1184 2624 1220 a
2649 1166 2866 1221 Christo
2891 1167 3244 1222 inveniretur.
3275 1167 3382 1222 Sed
3406 1167 3494 1222 ille
3515 1175 3856 1222 constanter

2233 1258 2377 1328 quod
2405 1258 2672 1313 sentiebat
2695 1259 2978 1326 expressit.
3014 1259 3102 1312 Ait
3131 1259 3311 1313 enim:
3341 1277 3359 1310 ι
3389 1258 3526 1326 Quia
3568 1261 3852 1329 propheta

2240 1368 2258 1400 i
2289 1359 2393 1412 est,
2417 1368 2434 1400 ι
2471 1349 2648 1404 adhuc
2667 1349 2883 1418 quidem
2911 1350 3163 1406 iiiiiuctus
3181 1351 3234 1404 in
3256 1351 3439 1416 corde,
3459 1353 3729 1406 nonduin
3763 1352 3851 1406 Dei

2232 1440 2429 1495 Filium
2459 1439 2782 1507 conﬁtetur,
2811 1455 2912 1496 nec
2947 1443 3224 1496 mentitur.
3257 1440 3458 1497 Tamen
3506 1443 3640 1514 ipse
3675 1443 3852 1498 Domi-

2232 1548 2335 1589 nus
2371 1535 2436 1589 de
2484 1537 2662 1608 seipso
2691 1539 2768 1592 ait
2796 1556 2810 1592 :
2851 1557 2868 1590 ι
2904 1539 3019 1596 Non
3046 1550 3129 1596 est
3156 1541 3422 1612 propheta
3450 1535 3582 1596 sine
3615 1542 3843 1607 honore,

2231 1624 2335 1679 uisi
2371 1625 2424 1680 in
2461 1629 2634 1696 patria
2661 1645 2755 1683 sua
2785 1629 2998 1701 (Manli.
3033 1632 3130 1702 xi).
3159 1651 3179 1682 ι

2313 1755 2330 1788 ‹
2377 1735 2492 1791 Νοιι
2518 1739 2868 1796 crediderunt
2899 1757 3028 1813 ergo
3054 1741 3223 1798 Judaei
3253 1745 3320 1799 de
3345 1744 3460 1809 illo,
3492 1746 3635 1815 quia
3671 1760 3840 1800 caeritis

2245 1847 2263 1880 ι
2305 1830 2517 1897 fuisset,
2549 1845 2603 1888 et
2630 1835 2868 1901 vidisset,
2895 1837 3066 1892 donec
3085 1848 3415 1894 vocaverunt
3435 1850 3718 1910 parentes
3734 1837 3842 1907 ejus

2245 1939 2264 1973 ι
2306 1922 2396 1992 qui
2426 1924 2655 1989 viderat,
2684 1933 2739 1980 et
2768 1927 3236 1998 interrogaverunt
3279 1945 3395 1995 eos,
3425 1931 3689 1986 dicentes
3711 1947 3728 1986 :
3749 1930 3839 1987 Hic

2244 2031 2262 2064 ι
2309 2017 2392 2069 est
2434 2014 2576 2070 ﬁlius
2603 2025 2800 2083 vester,
2824 2034 2983 2087 quem
3023 2035 3116 2076 vos
3145 2021 3322 2076 dicitis
3361 2023 3492 2092 quia
3523 2039 3720 2079 caecus
3746 2040 3837 2079 na-

2244 2122 2263 2156 t
2310 2112 2397 2159 tus
2419 2106 2546 2160 est?
2575 2106 2854 2173 Quomodo
2879 2125 3008 2180 ergo
3029 2126 3172 2164 nunc
3198 2111 3384 2166 videt?
3415 2112 3836 2183 Responderunt

2243 2213 2262 2246 ‹
2311 2195 2389 2250 eis
2419 2205 2669 2264 parentes
2715 2198 2853 2268 ejus,
2902 2209 2957 2253 et
2987 2199 3276 2256 dixerunt:
3307 2201 3526 2257 Scimus
3567 2207 3708 2273 quia
3755 2205 3834 2259 hic

2243 2304 2263 2337 ι
2306 2295 2388 2341 εει
2415 2286 2556 2342 ﬁlius
2583 2297 2789 2353 noster,
2814 2299 2867 2345 et
2893 2292 3016 2360 quia
3039 2308 3215 2348 caicus
3236 2302 3391 2348 natus
3411 2306 3518 2348 est.
3550 2296 3830 2362 Quomodo

2242 2399 2260 2432 ι
2304 2395 2433 2452 ergo
2460 2397 2601 2437 nunc
2630 2383 2828 2448 videat,
2867 2387 3170 2442 nescimus:
3204 2397 3294 2442 aut
3324 2391 3444 2459 quis
3469 2392 3590 2461 ejus
3622 2394 3830 2463 aperuit

2241 2489 2260 2522 ι
2303 2471 2510 2537 oculos,
2538 2487 2636 2527 nos
2683 2475 2991 2542 nescimus;
3023 2477 3197 2548 ipsum
3229 2479 3577 2552 interrogate,
3613 2493 3829 2539 a-tatem

2242 2579 2262 2614 α
2310 2563 2490 2629 habet,
2521 2565 2634 2634 ipse
2657 2567 2721 2621 de
2749 2581 2808 2621 se
2839 2567 3106 2636 loquatur.
3145 2590 3163 2620 ι
3197 2570 3361 2638 Quasi
3389 2573 3634 2629 dicerent
3665 2594 3680 2628 :
3717 2575 3828 2629 Sci-

2237 2669 2358 2708 mus
2388 2656 2511 2724 quia
2546 2657 2630 2711 hic
2677 2657 2816 2711 filius
2860 2668 3046 2714 uoster
3068 2669 3170 2727 est,
3199 2671 3254 2715 et
3300 2664 3424 2732 quia
3456 2681 3631 2720 caecus
3663 2677 3829 2722 natus

2236 2753 2356 2800 est:
2387 2745 2479 2800 sed
2506 2748 2651 2816 juste
2692 2763 3008 2820 cogeremur
3045 2751 3189 2822 loqui
3234 2768 3334 2822 pro
3378 2754 3584 2820 infante,
3619 2758 3672 2810 si
3704 2759 3830 2827 ipse

2234 2851 2334 2907 pro
2375 2853 2433 2893 se
2472 2839 2617 2910 loqui
2667 2857 2771 2895 nou
2810 2853 3010 2912 posset.
3041 2843 3146 2900 Iste
3183 2845 3310 2900 olim
3357 2863 3522 2903 czecus
3547 2848 3826 2919 loquitur,

2237 2928 2394 2983 modo
2419 2929 2584 2984 videt.
2617 2930 2829 2986 Caecum
2859 2950 2889 2988 a
2917 2936 3194 2991 uativitate
3221 2938 3482 3002 novimus,
3511 2939 3826 3009 loquentem

2234 3020 2361 3075 olim
2391 3023 2610 3090 scimus,
2643 3025 2912 3081 videntem
2947 3027 3104 3085 modo
3133 3030 3396 3088 videmus.
3435 3033 3612 3104 ipsum
3657 3035 3828 3089 inter-

2236 3120 2441 3182 rogate,
2485 3123 2540 3167 ut
2569 3115 2930 3173 iustruamini.

2312 3241 2329 3274 i
2379 3223 2501 3279 Haec
2531 3227 2783 3283 dixerunt
2812 3241 3064 3299 parentes
3095 3231 3232 3301 ejus,
3265 3237 3386 3306 quia
3426 3237 3714 3294 timebant
3740 3238 3828 3296 Ju-

2238 3332 2255 3364 ι
2303 3315 2467 3369 doces.
2499 3315 2616 3371 Jaui
2657 3320 2799 3373 enim
2840 3323 3288 3392 conspiraverunt
3311 3326 3496 3389 Judaei.
3527 3337 3589 3382 ut
3620 3331 3678 3384 si
3712 3331 3829 3401 quis

2237 3421 2255 3453 ι
2299 3419 2422 3459 eum
2457 3407 2808 3463 conﬁteretur
2832 3426 2952 3466 esse
2976 3412 3274 3484 Christum,
3306 3426 3457 3473 extra
3485 3434 3826 3492 synagogam

2233 3512 2252 3545 ι
2295 3494 2464 3550 ﬁeret.
2491 3495 2778 3566 Propterea
2801 3513 3051 3569 parentes
3075 3505 3190 3575 ejus
3219 3507 3502 3562 dixerunt:
3530 3511 3665 3580 quia
3699 3523 3827 3568 aita-

2234 3603 2251 3635 i
2296 3593 2403 3639 tem
2450 3587 2632 3653 habet,
2683 3591 2856 3659 ipsum
2903 3593 3248 3667 interrogate.
3298 3596 3638 3654 Vocaverunt
3699 3617 3827 3674 ergo

2233 3696 2250 3729 ι
2297 3694 2512 3735 rursum
2541 3683 2813 3738 hominem
2860 3688 2948 3756 qui
2978 3687 3151 3743 fuerat
3177 3700 3444 3757 caecus,et
3467 3693 3822 3751 dixeruntei:

2231 3789 2249 3822 ι
2295 3769 2369 3824 Da
2397 3771 2623 3841 gloriam
2652 3773 2778 3828 Deo.
2813 3796 2831 3828 ι
2861 3776 2998 3844 Quid
3050 3789 3131 3834 est
3165 3799 3184 3832 ι
3237 3782 3302 3837 da
3357 3782 3576 3852 gloriam
3608 3785 3777 3840 Deo?
3801 3804 3820 3838 ι

2225 3860 2373 3934 Nega
2408 3867 2551 3935 quod
2577 3870 2853 3938 accepisti.
2893 3871 3006 3926 Hoc
3032 3873 3190 3942 plane
3217 3891 3320 3931 non
3344 3888 3428 3932 est
3449 3877 3555 3933 Deo
3584 3879 3824 3949 gloriam

2224 3957 2384 4024 dare,
2416 3961 2508 4014 sed
2539 3959 2703 4016 Deum
2733 3965 2912 4032 potius
2941 3966 3336 4036 blaspliemare.
3370 3989 3389 4022 ι
3419 3970 3513 4038 Da,
3541 3973 3823 4044 inquiunt,

2223 4049 2448 4120 gloriam
2479 4052 2589 4107 Deo
2621 4053 2800 4126 (Joan.
2826 4056 2901 4128 v).
2943 4078 2961 4110 i

2299 4180 2317 4212 ι
2358 4160 2467 4217 Nos
2496 4165 2852 4236 scimusquia
2893 4170 2982 4226 bic
3026 4172 3186 4230 homo
3229 4186 3484 4245 peccator
3509 4188 3609 4233 est.
3671 4179 3828 4237 Dixit

2226 4271 2245 4304 ‹
2269 4233 2422 4324 (ει-εί)
2448 4259 2527 4312 eis
2557 4257 2646 4312 ille
2674 4276 2686 4312 :
2725 4259 2780 4314 Si
2813 4272 3068 4332 peccator
3093 4274 3194 4329 est,
3229 4269 3431 4324 nescio.
3465 4269 3637 4324 Unum
3675 4273 3821 4339 scio,

2225 4364 2244 4396 ι
2291 4345 2415 4415 quia
2461 4364 2636 4404 caicus
2681 4366 2802 4406 cum
2848 4367 3048 4418 essem,
3098 4356 3257 4412 modo
3313 4358 3484 4414 video.
3543 4357 3826 4417 Dixerunt

2205 4448 2246 4487 ‘t
2289 4451 2419 4509 ergo
2441 4440 2521 4494 ei:
2543 4441 2680 4508 Quid
2721 4443 2850 4498 fecit
2871 4445 3006 4500 tibi?
3026 4448 3296 4515 quomodo
3324 4450 3532 4519 aperuit
3557 4451 3658 4505 tibi
3685 4469 3822 4508 ocu-

607 4571 623 4604 ι
665 4527 944 4609 Adducum
977 4571 1108 4627 ergo
1145 4573 1268 4613 eum
1318 4561 1386 4616 ad
1433 4559 1758 4629 Pharisms’
1794 4564 1887 4634 qui
1935 4578 2114 4622 cacus
2140 4527 2192 4588 D
2223 4547 2251 4634 ἶ
2287 4529 2409 4586 los?
2454 4551 2472 4584 ι
2510 4533 2574 4587 Et
2603 4534 2690 4588 ille
2729 4536 2839 4606 jam
2863 4540 3208 4595 stomachans
3232 4543 3515 4597 adversum
3546 4542 3822 4611 duritiam

536 4664 551 4694 ι
599 4642 793 4700 fuerat.
822 4646 954 4702 Erat
982 4657 1160 4704 autem
1192 4651 1498 4718 sabbatum,
1539 4655 1756 4724 quando
1784 4655 1954 4709 lutum
1986 4655 2114 4711 fecit

535 4751 554 4784 ι
598 4733 774 4803 Jesus,
801 4747 857 4793 et
881 4741 1093 4810 aperuit
1127 4742 1312 4798 oculos
1355 4744 1488 4814 ejus.
1525 4745 1724 4800 lterum
1768 4761 1897 4815 ergo
1940 4747 2110 4801 inter-

536 4845 554 4878 i
603 4829 863 4899 rogabant
921 4846 1042 4887 eum
1091 4833 1348 4891 Phariszei
1396 4837 1665 4906 quomodo
1724 4838 1966 4894 vidisset.
2017 4837 2112 4895 Ille

537 4935 555 4970 ι
599 4928 779 4975 autem
828 4922 963 4978 dixit
1005 4940 1020 4980 :
1061 4925 1256 4983 Lutum
1309 4929 1439 4982 mihi
1491 4929 1672 4997 posuit
1716 4945 1879 5000 super
1924 4932 2108 4988 oculos

2221 4620 2551 4691 Judaeorum,
2584 4637 2638 4681 et
2661 4644 2726 4682 ex
2752 4645 2895 4687 ειεεο
2921 4633 3127 4698 videns,
3156 4649 3264 4689 non
3287 4635 3467 4692 ferens
3495 4651 3698 4706 meos,

2299 4733 2317 4766 ‹
2363 4715 2658 4786 Respondit
2687 4721 2766 4774 eis
2794 4739 2806 4774 :
2832 4722 2948 4776 Dixi
2979 4725 3129 4779 vobis
3151 4723 3288 4793 jam,
3318 4736 3372 4783 et
3397 4728 3638 4784 audistis.
3669 4731 3822 4798 Quid

2228 4825 2246 4858 i
2291 4807 2482 4862 iterum
2511 4810 2670 4864 vultis
2693 4811 2922 4867 audire?
2954 4811 3203 4885 Nunquid
3233 4826 3288 4874 et
3325 4834 3419 4874 vos
3449 4820 3608 4876 vultis
3635 4823 3820 4880 disci-

2223 4919 2241 4951 ι
2279 4899 2385 4970 puli
2416 4900 2530 4970 ejus
2555 4901 2695 4957 ﬁeri?
2718 4925 2733 4956 ι
2762 4905 2898 4972 Quid
2921 4915 3005 4962 est
3047 4926 3067 4959 ‹
3095 4911 3356 4980 nunquid,
3386 4932 3404 4964 ι
3433 4911 3533 4967 nisi
3557 4913 3690 4983 quia
3716 4931 3820 4986 ego

535 5031 555 5063 ι
600 5026 768 5080 meos,
790 5021 845 5069 et
865 5012 992 5084 lavi,
1014 5027 1067 5072 et
1094 4990 1556 5088 video._Dicebaiit
1576 5034 1706 5092 ergo
1733 4990 1800 5077 ex
1822 5021 2109 5080 Pharisaeis
2210 4990 2324 5061 jam
2355 4995 2514 5092 s_"_"‘?
2541 4993 2791 5065 Nunquid
2815 5007 2870 5052 θι
2897 5014 2992 5054 vos
3021 4997 3134 5066 jam
3165 5001 3320 5057 Video
3343 5002 3364 5054 ?
3389 5003 3482 5058 sed
3508 5019 3617 5058 "0“
3644 5005 3819 5063 Vide“

537 5122 555 5155 ι
595 5104 833 5175 quidam.
871 5127 892 5160 ι
929 5106 1045 5164 Νοιι
1095 5124 1308 5175 omnes,
1353 5109 1446 5164 sed
1493 5111 1710 5180 quidam
1755 5131 1768 5166 :
1803 5112 1918 5182 jam
1963 5115 2109 5169 enim

531 5196 924 5268 inuugebantur
959 5202 1197 5272 quidam.
1249 5198 1388 5267 Quid
1421 5215 1550 5274 ergo
1591 5203 1860 5271 dicebant,
1891 5219 1992 5261 nec
2027 5204 2103 5260 vi-

530 5287 737 5354 dentes,
769 5304 868 5346 nee
895 5291 1090 5346 uncti?
1126 5309 1143 5341 ε
1181 5289 1297 5345 Non
1337 5303 1420 5348 est
1451 5294 1556 5350 iste
1583 5295 1744 5351 homo
1783 5311 1813 5350 a
1844 5297 1976 5362 Deo,
2015 5297 2110 5367 qui

536 5396 552 5428 ι
599 5376 881 5434 sabbatum
911 5395 1017 5437 non
1048 5381 1301 5436 custodit.
1333 5400 1351 5434 ι
1387 5382 1506 5452 Ipse
1533 5386 1712 5455 potius
1744 5387 2107 5454 custodiebat,

529 5468 618 5535 qui
656 5467 772 5523 sine
793 5477 1018 5538 peccato
1053 5480 1189 5536 erat,
1229 5470 1512 5528 sabbatum
1550 5477 1852 5546 spirituale,
1891 5479 1993 5535 hoc
2028 5485 2114 5534 est

529 5574 635 5613 uoti
663 5560 864 5617 habere
888 5571 1190 5634 peccatum.
1231 5583 1251 5616 ί
1294 5566 1482 5623 Omnis
1513 5570 1605 5640 qui
1645 5571 1774 5627 facit
1806 5582 2108 5643 peccatum,

529 5666 720 5709 servus
740 5662 826 5709 est
844 5655 1050 5725 peccati
1073 5654 1254 5727 (Joan.
1277 5659 1416 5728 vui).
1451 5680 1470 5713 ι
1501 5660 1604 5717 Sed
1630 5663 1715 5718 isti
1731 5680 1831 5721 nec
1844 5667 2108 5733 videntes,

529 5751 590 5800 ut
631 5744 768 5818 dixi,
807 5759 907 5803 nec
944 5746 1169 5814 inuncti.
1217 5748 1498 5807 sabbatum
1537 5755 1830 5814 carnaliter
1856 5759 2113 5819 observa.

2213 5099 2311 5139 vos
2338 5085 2536 5142 videre.

2295 5218 2313 5252 ι
2357 5201 2747 5258 Maledixerunt
2774 5204 2846 5271 ei,
2877 5213 2934 5261 et
2969 5206 3221 5263 dixerunt
3253 5226 3267 5262 :
3305 5209 3385 5264 Tu
3415 5208 3719 5281 discipulus
3751 5213 3820 5269 ιι-

2223 5310 2241 5343 i
2284 5292 2388 5347 lius
2413 5294 2505 5350 sis.
2540 5316 2558 5346 ι
2592 5293 2721 5350 Tale
2763 5296 3106 5354 maledictum
3136 5314 3299 5370 super
3324 5305 3443 5366 n'os,
3471 5310 3526 5358 et
3548 5285 3721 5372 super
3750 5306 3820 5360 ti-

2216 5386 2318 5442 lios
2343 5396 2573 5442 nostros.
2608 5388 2945 5446 Maledictum
2973 5402 3056 5448 est
3097 5395 3242 5448 enim
3289 5396 3334 5450 si
3377 5409 3472 5450 cor
3519 5395 3815 5465 discutias,

2217 5495 2321 5534 non
2349 5480 2394 5534 si
2423 5481 2582 5534 verba
2606 5483 2924 5551 perpeiidas.
2965 5505 2981 5534 ε
3014 5484 3124 5541 Nos
3147 5494 3323 5542 autem
3349 5487 3597 5558 discipuli
3630 5485 3816 5560 Moysi

2223 5590 2241 5622 ε
2284 5588 2488 5626 sumus.
2519 5571 2626 5627 Nos
2652 5574 2852 5629 scimus
2879 5576 3003 5645 quia
3034 5576 3200 5649 Moysi
3235 5579 3447 5635 locutus
3475 5589 3559 5635 est
3589 5579 3764 5636 Deus.
3783 5599 3809 5635 ι

2217 5663 2436 5720 Habetis
2473 5665 2616 5720 enim
2658 5667 2942 5722 Dominum
2984 5669 3248 5724 dicentem
3287 5687 3301 5724 :
3347 5690 3365 5722 ι
3393 5669 3450 5726 Si
3502 5672 3816 5728 crederetis

2215 5754 2411 5830 Moysi,
2461 5757 2759 5815 crederetis
2799 5767 2854 5816 et
2899 5759 3032 5817 mihi
3077 5758 3291 5838 (Ibid).
3330 5777 3352 5820 ι
3402 5763 3478 5820 De
3524 5778 3612 5820 me
3649 5764 3817 5830 eui.
