  <div class='ocr_page' id='page_1' title='image "/cluster/home/n/w/nwhite01/storage/ocr_20150623/118/hvd.32044015466907/160.png"; bbox 0 0 3994 6354; ppageno 0'>
   <div class='ocr_carea' id='block_1_1' title="bbox 133 332 246 389">
    <p class='ocr_par' dir='ltr' id='par_1_1' title="bbox 133 332 246 389">
     <span class='ocr_line' id='line_1_1' title="bbox 133 332 246 389; baseline 0.035 -4"><span class='ocrx_word' id='word_1_1' title='bbox 133 332 246 389; x_wconf 76' lang='lat'><strong>509</strong></span> 
     </span>
    </p>
   </div>
   <div class='ocr_carea' id='block_1_2' title="bbox 1359 341 2173 403">
    <p class='ocr_par' dir='ltr' id='par_1_2' title="bbox 1359 341 2173 403">
     <span class='ocr_line' id='line_1_2' title="bbox 1359 341 2173 403; baseline 0.005 -6"><span class='ocrx_word' id='word_1_2' title='bbox 1359 341 1662 401; x_wconf 54' lang='lat' dir='ltr'><strong>HOMILIIE</strong></span> <span class='ocrx_word' id='word_1_3' title='bbox 1705 345 1793 401; x_wconf 91' lang='lat' dir='ltr'><strong>DE</strong></span> <span class='ocrx_word' id='word_1_4' title='bbox 1829 345 2173 403; x_wconf 84' lang='lat' dir='ltr'><strong>TEMPORE.</strong></span> 
     </span>
    </p>
   </div>
   <div class='ocr_carea' id='block_1_3' title="bbox 3297 360 3404 417">
    <p class='ocr_par' dir='ltr' id='par_1_3' title="bbox 3297 360 3404 417">
     <span class='ocr_line' id='line_1_3' title="bbox 3297 360 3404 417; baseline -0.019 0"><span class='ocrx_word' id='word_1_5' title='bbox 3297 360 3404 417; x_wconf 77' lang='grc'><strong>510</strong></span> 
     </span>
    </p>
   </div>
   <div class='ocr_carea' id='block_1_4' title="bbox 132 447 3404 559">
    <p class='ocr_par' dir='ltr' id='par_1_4' title="bbox 132 447 3404 559">
     <span class='ocr_line' id='line_1_4' title="bbox 132 447 3404 559; baseline 0.009 -55"><span class='ocrx_word' id='word_1_6' title='bbox 132 447 377 519; x_wconf 79' lang='lat' dir='ltr'><strong>scripsit</strong></span> <span class='ocrx_word' id='word_1_7' title='bbox 403 450 503 504; x_wconf 87' lang='lat' dir='ltr'><strong>ita:</strong></span> <span class='ocrx_word' id='word_1_8' title='bbox 523 448 604 506; x_wconf 83' lang='lat' dir='ltr'><strong>Me</strong></span> <span class='ocrx_word' id='word_1_9' title='bbox 630 451 913 523; x_wconf 82' lang='lat' dir='ltr'><strong>sequimini</strong></span> <span class='ocrx_word' id='word_1_10' title='bbox 942 468 1177 522; x_wconf 88' lang='lat' dir='ltr'><strong>servum,</strong></span> <span class='ocrx_word' id='word_1_11' title='bbox 1207 462 1261 512; x_wconf 86' lang='lat' dir='ltr'><strong>et</strong></span> <span class='ocrx_word' id='word_1_12' title='bbox 1291 456 1507 516; x_wconf 82' lang='lat' dir='ltr'><strong>dorsum</strong></span> <span class='ocrx_word' id='word_1_13' title='bbox 1531 461 1729 533; x_wconf 76' lang='lat' dir='ltr'><strong>ponitis</strong></span> <span class='ocrx_word' id='word_1_14' title='bbox 1756 450 1807 528; x_wconf 67' lang='grc' dir='ltr'>Α</span> <span class='ocrx_word' id='word_1_15' title='bbox 1832 462 1942 517; x_wconf 90' lang='lat' dir='ltr'><strong>dita</strong></span> <span class='ocrx_word' id='word_1_16' title='bbox 1971 472 2074 529; x_wconf 91' lang='lat' dir='ltr'><strong>est,</strong></span> <span class='ocrx_word' id='word_1_17' title='bbox 2104 464 2380 522; x_wconf 76' lang='lat' dir='ltr'><strong>reformat.</strong></span> <span class='ocrx_word' id='word_1_18' title='bbox 2411 466 2744 542; x_wconf 77' lang='lat' dir='ltr'><strong>Quapropter</strong></span> <span class='ocrx_word' id='word_1_19' title='bbox 2772 462 3075 541; x_wconf 81' lang='lat' dir='ltr'><strong>Psalmista,</strong></span> <span class='ocrx_word' id='word_1_20' title='bbox 3129 492 3251 532; x_wconf 91' lang='lat' dir='ltr'><strong>cum</strong></span> <span class='ocrx_word' id='word_1_21' title='bbox 3296 494 3404 559; x_wconf 86' lang='lat' dir='ltr'><strong>non</strong></span> 
     </span>
    </p>
   </div>
   <div class='ocr_carea' id='block_1_5' title="bbox 131 541 680 598">
    <p class='ocr_par' dir='ltr' id='par_1_5' title="bbox 131 541 680 598">
     <span class='ocr_line' id='line_1_5' title="bbox 131 541 680 598; baseline 0.007 -5"><span class='ocrx_word' id='word_1_22' title='bbox 131 546 340 595; x_wconf 81' lang='lat' dir='ltr'><strong>contra</strong></span> <span class='ocrx_word' id='word_1_23' title='bbox 372 541 680 598; x_wconf 88' lang='lat' dir='ltr'><strong>Dominum.</strong></span> 
     </span>
    </p>
   </div>
   <div class='ocr_carea' id='block_1_6' title="bbox 211 632 1726 703">
    <p class='ocr_par' dir='ltr' id='par_1_6' title="bbox 211 632 1726 703">
     <span class='ocr_line' id='line_1_6' title="bbox 211 632 1726 703; baseline 0.011 -22"><span class='ocrx_word' id='word_1_24' title='bbox 211 650 232 681; x_wconf 73' lang='grc' dir='ltr'><em>ι</em></span> <span class='ocrx_word' id='word_1_25' title='bbox 284 632 595 703; x_wconf 77' lang='lat' dir='ltr'><strong>Respondit</strong></span> <span class='ocrx_word' id='word_1_26' title='bbox 640 632 728 689; x_wconf 92' lang='lat' dir='ltr'><strong>ille</strong></span> <span class='ocrx_word' id='word_1_27' title='bbox 770 635 948 702; x_wconf 91' lang='lat' dir='ltr'><strong>homo,</strong></span> <span class='ocrx_word' id='word_1_28' title='bbox 978 645 1034 692; x_wconf 88' lang='lat' dir='ltr'><strong>et</strong></span> <span class='ocrx_word' id='word_1_29' title='bbox 1058 638 1192 694; x_wconf 86' lang='lat' dir='ltr'><strong>dixit</strong></span> <span class='ocrx_word' id='word_1_30' title='bbox 1222 640 1336 695; x_wconf 88' lang='lat' dir='ltr'><strong>eis:</strong></span> <span class='ocrx_word' id='word_1_31' title='bbox 1361 639 1417 695; x_wconf 86' lang='lat' dir='ltr'><strong>in</strong></span> <span class='ocrx_word' id='word_1_32' title='bbox 1454 641 1557 697; x_wconf 90' lang='lat' dir='ltr'><strong>hoc</strong></span> <span class='ocrx_word' id='word_1_33' title='bbox 1582 641 1726 697; x_wconf 89' lang='lat' dir='ltr'><strong>enim</strong></span> 
     </span>
    </p>
   </div>
   <div class='ocr_carea' id='block_1_7' title="bbox 136 719 1727 803">
    <p class='ocr_par' dir='ltr' id='par_1_7' title="bbox 136 719 1727 803">
     <span class='ocr_line' id='line_1_7' title="bbox 136 719 1727 803; baseline 0.011 -33"><span class='ocrx_word' id='word_1_34' title='bbox 136 736 157 770; x_wconf 74' lang='grc' dir='ltr'><strong><em>ι</em></strong></span> <span class='ocrx_word' id='word_1_35' title='bbox 202 719 473 777; x_wconf 84' lang='lat' dir='ltr'><strong>mirabile</strong></span> <span class='ocrx_word' id='word_1_36' title='bbox 503 730 608 788; x_wconf 82' lang='lat' dir='ltr'><strong>est,</strong></span> <span class='ocrx_word' id='word_1_37' title='bbox 638 724 761 793; x_wconf 86' lang='lat' dir='ltr'><strong>quia</strong></span> <span class='ocrx_word' id='word_1_38' title='bbox 786 740 882 781; x_wconf 88' lang='lat' dir='ltr'><strong>vos</strong></span> <span class='ocrx_word' id='word_1_39' title='bbox 906 728 1125 783; x_wconf 82' lang='lat' dir='ltr'><strong>nescitis</strong></span> <span class='ocrx_word' id='word_1_40' title='bbox 1154 728 1296 785; x_wconf 91' lang='lat' dir='ltr'><strong>unde</strong></span> <span class='ocrx_word' id='word_1_41' title='bbox 1320 731 1409 797; x_wconf 86' lang='lat' dir='ltr'><strong>sit,</strong></span> <span class='ocrx_word' id='word_1_42' title='bbox 1438 738 1494 786; x_wconf 92' lang='lat' dir='ltr'><strong>et</strong></span> <span class='ocrx_word' id='word_1_43' title='bbox 1518 733 1727 803; x_wconf 89' lang='lat' dir='ltr'><strong>aperuit</strong></span> 
     </span>
    </p>
   </div>
   <div class='ocr_carea' id='block_1_8' title="bbox 134 813 1725 892">
    <p class='ocr_par' dir='ltr' id='par_1_8' title="bbox 134 813 1725 892">
     <span class='ocr_line' id='line_1_8' title="bbox 134 813 1725 892; baseline 0.012 -30"><span class='ocrx_word' id='word_1_44' title='bbox 134 826 155 862; x_wconf 72' lang='grc' dir='ltr'><em>α</em></span> <span class='ocrx_word' id='word_1_45' title='bbox 201 826 373 867; x_wconf 87' lang='lat' dir='ltr'><strong>meos</strong></span> <span class='ocrx_word' id='word_1_46' title='bbox 407 813 610 870; x_wconf 88' lang='lat' dir='ltr'><strong>oculos.</strong></span> <span class='ocrx_word' id='word_1_47' title='bbox 641 815 854 872; x_wconf 84' lang='lat' dir='ltr'><strong>Scimus</strong></span> <span class='ocrx_word' id='word_1_48' title='bbox 878 827 1056 874; x_wconf 89' lang='lat' dir='ltr'><strong>autem</strong></span> <span class='ocrx_word' id='word_1_49' title='bbox 1086 821 1209 890; x_wconf 85' lang='lat' dir='ltr'><strong>quia</strong></span> <span class='ocrx_word' id='word_1_50' title='bbox 1241 832 1553 892; x_wconf 87' lang='lat' dir='ltr'><strong>peccatores</strong></span> <span class='ocrx_word' id='word_1_51' title='bbox 1584 824 1725 881; x_wconf 88' lang='lat' dir='ltr'><strong>Deus</strong></span> 
     </span>
    </p>
   </div>
   <div class='ocr_carea' id='block_1_9' title="bbox 133 905 1726 979">
    <p class='ocr_par' dir='ltr' id='par_1_9' title="bbox 133 905 1726 979">
     <span class='ocr_line' id='line_1_9' title="bbox 133 905 1726 979; baseline 0.01 -25"><span class='ocrx_word' id='word_1_52' title='bbox 133 918 151 953; x_wconf 75' lang='grc' dir='ltr'>ι</span> <span class='ocrx_word' id='word_1_53' title='bbox 194 916 313 957; x_wconf 88' lang='lat' dir='ltr'><strong>non</strong></span> <span class='ocrx_word' id='word_1_54' title='bbox 356 905 546 969; x_wconf 79' lang='lat' dir='ltr'><strong>audit:</strong></span> <span class='ocrx_word' id='word_1_55' title='bbox 585 906 679 960; x_wconf 88' lang='lat' dir='ltr'><strong>sed</strong></span> <span class='ocrx_word' id='word_1_56' title='bbox 719 907 763 962; x_wconf 98' lang='lat' dir='ltr'><strong>si</strong></span> <span class='ocrx_word' id='word_1_57' title='bbox 799 909 920 979; x_wconf 87' lang='lat' dir='ltr'><strong>quis</strong></span> <span class='ocrx_word' id='word_1_58' title='bbox 950 910 1043 964; x_wconf 85' lang='lat' dir='ltr'><strong>Dei</strong></span> <span class='ocrx_word' id='word_1_59' title='bbox 1071 909 1244 967; x_wconf 87' lang='lat' dir='ltr'><strong>cultor</strong></span> <span class='ocrx_word' id='word_1_60' title='bbox 1269 921 1374 979; x_wconf 86' lang='lat' dir='ltr'><strong>est,</strong></span> <span class='ocrx_word' id='word_1_61' title='bbox 1405 921 1458 969; x_wconf 92' lang='lat' dir='ltr'><strong>et</strong></span> <span class='ocrx_word' id='word_1_62' title='bbox 1482 914 1726 970; x_wconf 56' lang='lat' dir='ltr'><strong>Volunta-</strong></span> 
     </span>
    </p>
   </div>
   <div class='ocr_carea' id='block_1_10' title="bbox 133 992 1725 1064">
    <p class='ocr_par' dir='ltr' id='par_1_10' title="bbox 133 992 1725 1064">
     <span class='ocr_line' id='line_1_10' title="bbox 133 992 1725 1064; baseline 0.012 -23"><span class='ocrx_word' id='word_1_63' title='bbox 133 1007 153 1041; x_wconf 69' lang='grc' dir='ltr'><strong>ε</strong></span> <span class='ocrx_word' id='word_1_64' title='bbox 199 1001 317 1046; x_wconf 91' lang='lat' dir='ltr'><strong>tem</strong></span> <span class='ocrx_word' id='word_1_65' title='bbox 349 993 473 1064; x_wconf 86' lang='lat' dir='ltr'><strong>ejus</strong></span> <span class='ocrx_word' id='word_1_66' title='bbox 517 992 665 1061; x_wconf 91' lang='lat' dir='ltr'><strong>facit,</strong></span> <span class='ocrx_word' id='word_1_67' title='bbox 716 996 857 1052; x_wconf 88' lang='lat' dir='ltr'><strong>hunc</strong></span> <span class='ocrx_word' id='word_1_68' title='bbox 890 999 1125 1053; x_wconf 80' lang='lat' dir='ltr'><strong>exaudit.</strong></span> <span class='ocrx_word' id='word_1_69' title='bbox 1170 1014 1191 1053; x_wconf 69' lang='grc' dir='ltr'>ι</span> <span class='ocrx_word' id='word_1_70' title='bbox 1231 996 1421 1057; x_wconf 81' lang='lat' dir='ltr'><strong>Adhuc</strong></span> <span class='ocrx_word' id='word_1_71' title='bbox 1468 1002 1725 1060; x_wconf 89' lang='lat' dir='ltr'><strong>inunctus</strong></span> 
     </span>
    </p>
   </div>
   <div class='ocr_carea' id='block_1_11' title="bbox 125 1078 1722 1156">
    <p class='ocr_par' dir='ltr' id='par_1_11' title="bbox 125 1078 1722 1156">
     <span class='ocr_line' id='line_1_11' title="bbox 125 1078 1722 1156; baseline 0.008 -20"><span class='ocrx_word' id='word_1_72' title='bbox 125 1078 408 1151; x_wconf 78' lang='lat' dir='ltr'><strong>loquitur;</strong></span> <span class='ocrx_word' id='word_1_73' title='bbox 442 1098 576 1139; x_wconf 84' lang='lat' dir='ltr'><strong>nam</strong></span> <span class='ocrx_word' id='word_1_74' title='bbox 618 1093 927 1156; x_wconf 83' lang='lat' dir='ltr'><strong>peccatores</strong></span> <span class='ocrx_word' id='word_1_75' title='bbox 968 1090 1241 1145; x_wconf 81' lang='lat' dir='ltr'><strong>exaudivit</strong></span> <span class='ocrx_word' id='word_1_76' title='bbox 1288 1089 1448 1147; x_wconf 85' lang='lat' dir='ltr'><strong>Deus.</strong></span> <span class='ocrx_word' id='word_1_77' title='bbox 1487 1092 1544 1147; x_wconf 91' lang='lat' dir='ltr'><strong>Si</strong></span> <span class='ocrx_word' id='word_1_78' title='bbox 1581 1094 1722 1149; x_wconf 91' lang='lat' dir='ltr'><strong>enim</strong></span> 
     </span>
    </p>
   </div>
   <div class='ocr_carea' id='block_1_12' title="bbox 123 1174 1724 1254">
    <p class='ocr_par' dir='ltr' id='par_1_12' title="bbox 123 1174 1724 1254">
     <span class='ocr_line' id='line_1_12' title="bbox 123 1174 1724 1254; baseline 0.009 -27"><span class='ocrx_word' id='word_1_79' title='bbox 123 1180 467 1243; x_wconf 86' lang='lat' dir='ltr'><strong>peccatores</strong></span> <span class='ocrx_word' id='word_1_80' title='bbox 488 1174 628 1231; x_wconf 91' lang='lat' dir='ltr'><strong>Deus</strong></span> <span class='ocrx_word' id='word_1_81' title='bbox 659 1189 764 1232; x_wconf 85' lang='lat' dir='ltr'><strong>non</strong></span> <span class='ocrx_word' id='word_1_82' title='bbox 792 1178 1023 1245; x_wconf 84' lang='lat' dir='ltr'><strong>audiret,</strong></span> <span class='ocrx_word' id='word_1_83' title='bbox 1050 1179 1250 1237; x_wconf 81' lang='lat' dir='ltr'><strong>frustra</strong></span> <span class='ocrx_word' id='word_1_84' title='bbox 1280 1181 1372 1238; x_wconf 89' lang='lat' dir='ltr'><strong>ille</strong></span> <span class='ocrx_word' id='word_1_85' title='bbox 1408 1183 1724 1254; x_wconf 86' lang='lat' dir='ltr'><strong>publicanus</strong></span> 
     </span>
    </p>
   </div>
   <div class='ocr_carea' id='block_1_13' title="bbox 124 1262 1719 1345">
    <p class='ocr_par' dir='ltr' id='par_1_13' title="bbox 124 1262 1719 1345">
     <span class='ocr_line' id='line_1_13' title="bbox 124 1262 1719 1345; baseline 0.009 -29"><span class='ocrx_word' id='word_1_86' title='bbox 124 1262 322 1320; x_wconf 86' lang='lat' dir='ltr'><strong>ocnlos</strong></span> <span class='ocrx_word' id='word_1_87' title='bbox 340 1264 400 1319; x_wconf 91' lang='lat' dir='ltr'><strong>in</strong></span> <span class='ocrx_word' id='word_1_88' title='bbox 419 1272 617 1320; x_wconf 88' lang='lat' dir='ltr'><strong>terram</strong></span> <span class='ocrx_word' id='word_1_89' title='bbox 634 1264 939 1335; x_wconf 84' lang='lat' dir='ltr'><strong>demittens,</strong></span> <span class='ocrx_word' id='word_1_90' title='bbox 955 1279 1010 1326; x_wconf 92' lang='lat' dir='ltr'><strong>et</strong></span> <span class='ocrx_word' id='word_1_91' title='bbox 1023 1280 1208 1341; x_wconf 86' lang='lat' dir='ltr'><strong>pectus</strong></span> <span class='ocrx_word' id='word_1_92' title='bbox 1221 1288 1377 1329; x_wconf 89' lang='lat' dir='ltr'><strong>suum</strong></span> <span class='ocrx_word' id='word_1_93' title='bbox 1390 1275 1719 1345; x_wconf 85' lang='lat' dir='ltr'><strong>percutiens,</strong></span> 
     </span>
    </p>
   </div>
   <div class='ocr_carea' id='block_1_14' title="bbox 125 1356 1718 1438">
    <p class='ocr_par' dir='ltr' id='par_1_14' title="bbox 125 1356 1718 1438">
     <span class='ocr_line' id='line_1_14' title="bbox 125 1356 1718 1438; baseline 0.009 -30"><span class='ocrx_word' id='word_1_94' title='bbox 125 1356 380 1413; x_wconf 86' lang='lat' dir='ltr'><strong>diceret:</strong></span> <span class='ocrx_word' id='word_1_95' title='bbox 402 1377 423 1410; x_wconf 73' lang='grc' dir='ltr'><strong>ε</strong></span> <span class='ocrx_word' id='word_1_96' title='bbox 440 1357 676 1423; x_wconf 87' lang='lat' dir='ltr'><strong>Domine,</strong></span> <span class='ocrx_word' id='word_1_97' title='bbox 694 1363 958 1432; x_wconf 85' lang='lat' dir='ltr'><strong>propitius</strong></span> <span class='ocrx_word' id='word_1_98' title='bbox 981 1373 1099 1420; x_wconf 88' lang='lat' dir='ltr'><strong>esto</strong></span> <span class='ocrx_word' id='word_1_99' title='bbox 1120 1366 1249 1420; x_wconf 91' lang='lat' dir='ltr'><strong>mihi</strong></span> <span class='ocrx_word' id='word_1_100' title='bbox 1274 1368 1544 1437; x_wconf 87' lang='lat' dir='ltr'><strong>peccatori</strong></span> <span class='ocrx_word' id='word_1_101' title='bbox 1568 1366 1718 1438; x_wconf 84' lang='lat' dir='ltr'><strong>(Luc.</strong></span> 
     </span>
    </p>
   </div>
   <div class='ocr_carea' id='block_1_15' title="bbox 123 1448 1724 1528">
    <p class='ocr_par' dir='ltr' id='par_1_15' title="bbox 123 1448 1724 1528">
     <span class='ocr_line' id='line_1_15' title="bbox 123 1448 1724 1528; baseline 0.011 -28"><span class='ocrx_word' id='word_1_102' title='bbox 123 1448 319 1520; x_wconf 87' lang='lat' dir='ltr'><strong>xvm).</strong></span> <span class='ocrx_word' id='word_1_103' title='bbox 334 1469 356 1502; x_wconf 78' lang='grc' dir='ltr'><strong><em>ι</em></strong></span> <span class='ocrx_word' id='word_1_104' title='bbox 377 1449 447 1505; x_wconf 87' lang='lat' dir='ltr'><strong>Et</strong></span> <span class='ocrx_word' id='word_1_105' title='bbox 467 1466 566 1521; x_wconf 89' lang='lat' dir='ltr'><strong>per</strong></span> <span class='ocrx_word' id='word_1_106' title='bbox 583 1452 742 1508; x_wconf 87' lang='lat' dir='ltr'><strong>istam</strong></span> <span class='ocrx_word' id='word_1_107' title='bbox 756 1455 1152 1513; x_wconf 82' lang='lat' dir='ltr'><strong>confessionem</strong></span> <span class='ocrx_word' id='word_1_108' title='bbox 1177 1460 1373 1515; x_wconf 90' lang='lat' dir='ltr'><strong>meruit</strong></span> <span class='ocrx_word' id='word_1_109' title='bbox 1385 1458 1724 1528; x_wconf 73' lang='lat' dir='ltr'><strong>iustificatio-</strong></span> 
     </span>
    </p>
   </div>
   <div class='ocr_carea' id='block_1_16' title="bbox 122 1543 1724 1622">
    <p class='ocr_par' dir='ltr' id='par_1_16' title="bbox 122 1543 1724 1622">
     <span class='ocr_line' id='line_1_16' title="bbox 122 1543 1724 1622; baseline 0.009 -30"><span class='ocrx_word' id='word_1_110' title='bbox 122 1553 273 1603; x_wconf 87' lang='lat' dir='ltr'><strong>nem,</strong></span> <span class='ocrx_word' id='word_1_111' title='bbox 309 1544 588 1612; x_wconf 87' lang='lat' dir='ltr'><strong>quomodo</strong></span> <span class='ocrx_word' id='word_1_112' title='bbox 607 1543 710 1599; x_wconf 91' lang='lat' dir='ltr'><strong>iste</strong></span> <span class='ocrx_word' id='word_1_113' title='bbox 747 1561 921 1602; x_wconf 54' lang='lat' dir='ltr'><strong>caicus</strong></span> <span class='ocrx_word' id='word_1_114' title='bbox 962 1548 1420 1606; x_wconf 83' lang='lat' dir='ltr'><strong>illuminationem.</strong></span> <span class='ocrx_word' id='word_1_115' title='bbox 1453 1550 1560 1607; x_wconf 85' lang='lat' dir='ltr'><strong>Sed</strong></span> <span class='ocrx_word' id='word_1_116' title='bbox 1598 1566 1724 1622; x_wconf 75' lang='lat' dir='ltr'><strong>pec-</strong></span> 
     </span>
    </p>
   </div>
   <div class='ocr_carea' id='block_1_17' title="bbox 123 1630 1723 1715">
    <p class='ocr_par' dir='ltr' id='par_1_17' title="bbox 123 1630 1723 1715">
     <span class='ocr_line' id='line_1_17' title="bbox 123 1630 1723 1715; baseline 0.01 -33"><span class='ocrx_word' id='word_1_117' title='bbox 123 1630 421 1687; x_wconf 87' lang='lat' dir='ltr'><strong>catoribus</strong></span> <span class='ocrx_word' id='word_1_118' title='bbox 448 1632 732 1690; x_wconf 86' lang='lat' dir='ltr'><strong>lavandum</strong></span> <span class='ocrx_word' id='word_1_119' title='bbox 766 1644 849 1692; x_wconf 91' lang='lat' dir='ltr'><strong>est</strong></span> <span class='ocrx_word' id='word_1_120' title='bbox 877 1653 973 1694; x_wconf 93' lang='lat' dir='ltr'><strong>cor</strong></span> <span class='ocrx_word' id='word_1_121' title='bbox 999 1641 1329 1710; x_wconf 68' lang='lat' dir='ltr'><strong>pmnitentiae</strong></span> <span class='ocrx_word' id='word_1_122' title='bbox 1364 1641 1638 1715; x_wconf 83' lang='lat' dir='ltr'><strong>lacrymis,</strong></span> <span class='ocrx_word' id='word_1_123' title='bbox 1664 1648 1723 1698; x_wconf 86' lang='lat' dir='ltr'><strong>ut</strong></span> 
     </span>
    </p>
   </div>
   <div class='ocr_carea' id='block_1_18' title="bbox 122 1720 1718 1803">
    <p class='ocr_par' dir='ltr' id='par_1_18' title="bbox 122 1720 1718 1803">
     <span class='ocr_line' id='line_1_18' title="bbox 122 1720 1718 1803; baseline 0.01 -33"><span class='ocrx_word' id='word_1_124' title='bbox 122 1720 624 1779; x_wconf 84' lang='lat' dir='ltr'><strong>exaudiantur:et</strong></span> <span class='ocrx_word' id='word_1_125' title='bbox 648 1723 742 1779; x_wconf 84' lang='lat' dir='ltr'><strong>ﬁat</strong></span> <span class='ocrx_word' id='word_1_126' title='bbox 770 1726 825 1781; x_wconf 89' lang='lat' dir='ltr'><strong>in</strong></span> <span class='ocrx_word' id='word_1_127' title='bbox 878 1729 1041 1784; x_wconf 89' lang='lat' dir='ltr'><strong>corde</strong></span> <span class='ocrx_word' id='word_1_128' title='bbox 1072 1729 1285 1785; x_wconf 90' lang='lat' dir='ltr'><strong>illorum</strong></span> <span class='ocrx_word' id='word_1_129' title='bbox 1330 1733 1472 1803; x_wconf 87' lang='lat' dir='ltr'><strong>quod</strong></span> <span class='ocrx_word' id='word_1_130' title='bbox 1518 1733 1718 1788; x_wconf 88' lang='lat' dir='ltr'><strong>factum</strong></span> 
     </span>
    </p>
   </div>
   <div class='ocr_carea' id='block_1_19' title="bbox 1828 555 3407 642">
    <p class='ocr_par' dir='ltr' id='par_1_19' title="bbox 1828 555 3407 642">
     <span class='ocr_line' id='line_1_19' title="bbox 1828 555 3407 642; baseline 0.011 -32"><span class='ocrx_word' id='word_1_131' title='bbox 1828 555 2000 611; x_wconf 88' lang='lat' dir='ltr'><strong>solum</strong></span> <span class='ocrx_word' id='word_1_132' title='bbox 2041 558 2440 628; x_wconf 80' lang='lat' dir='ltr'><strong>primordialem</strong></span> <span class='ocrx_word' id='word_1_133' title='bbox 2488 565 2667 620; x_wconf 90' lang='lat' dir='ltr'><strong>mundi</strong></span> <span class='ocrx_word' id='word_1_134' title='bbox 2701 568 3049 634; x_wconf 78' lang='lat' dir='ltr'><strong>creationem,</strong></span> <span class='ocrx_word' id='word_1_135' title='bbox 3082 571 3173 624; x_wconf 87' lang='lat' dir='ltr'><strong>sed</strong></span> <span class='ocrx_word' id='word_1_136' title='bbox 3197 578 3251 624; x_wconf 89' lang='lat' dir='ltr'><strong>et</strong></span> <span class='ocrx_word' id='word_1_137' title='bbox 3277 555 3407 642; x_wconf 90' lang='lat' dir='ltr'><strong>quo-</strong></span> 
     </span>
    </p>
   </div>
   <div class='ocr_carea' id='block_1_20' title="bbox 1829 646 3405 722">
    <p class='ocr_par' dir='ltr' id='par_1_20' title="bbox 1829 646 3405 722">
     <span class='ocr_line' id='line_1_20' title="bbox 1829 646 3405 722; baseline 0.011 -22"><span class='ocrx_word' id='word_1_138' title='bbox 1829 646 2086 702; x_wconf 88' lang='lat' dir='ltr'><strong>tidianam</strong></span> <span class='ocrx_word' id='word_1_139' title='bbox 2125 657 2387 706; x_wconf 76' lang='lat' dir='ltr'><strong>creatura:</strong></span> <span class='ocrx_word' id='word_1_140' title='bbox 2416 651 2855 722; x_wconf 78' lang='lat' dir='ltr'><strong>gubernationem</strong></span> <span class='ocrx_word' id='word_1_141' title='bbox 2897 657 2962 712; x_wconf 91' lang='lat' dir='ltr'><strong>ad</strong></span> <span class='ocrx_word' id='word_1_142' title='bbox 2999 656 3210 713; x_wconf 87' lang='lat' dir='ltr'><strong>laudem</strong></span> <span class='ocrx_word' id='word_1_143' title='bbox 3239 659 3405 717; x_wconf 88' lang='lat' dir='ltr'><strong>Crea-</strong></span> 
     </span>
    </p>
   </div>
   <div class='ocr_carea' id='block_1_21' title="bbox 1828 737 3401 822">
    <p class='ocr_par' dir='ltr' id='par_1_21' title="bbox 1828 737 3401 822">
     <span class='ocr_line' id='line_1_21' title="bbox 1828 737 3401 822; baseline 0.01 -30"><span class='ocrx_word' id='word_1_144' title='bbox 1828 737 1962 794; x_wconf 89' lang='lat' dir='ltr'><strong>toris</strong></span> <span class='ocrx_word' id='word_1_145' title='bbox 1987 739 2233 807; x_wconf 87' lang='lat' dir='ltr'><strong>referret,</strong></span> <span class='ocrx_word' id='word_1_146' title='bbox 2263 742 2338 796; x_wconf 87' lang='lat' dir='ltr'><strong>ait</strong></span> <span class='ocrx_word' id='word_1_147' title='bbox 2374 742 2512 798; x_wconf 86' lang='lat' dir='ltr'><strong>lnter</strong></span> <span class='ocrx_word' id='word_1_148' title='bbox 2534 753 2763 801; x_wconf 69' lang='lat' dir='ltr'><strong>cmtera:</strong></span> <span class='ocrx_word' id='word_1_149' title='bbox 2794 765 2813 798; x_wconf 85' lang='grc'><em>‹</em></span> <span class='ocrx_word' id='word_1_150' title='bbox 2844 748 3033 804; x_wconf 84' lang='lat' dir='ltr'><strong>Omnia</strong></span> <span class='ocrx_word' id='word_1_151' title='bbox 3060 750 3114 805; x_wconf 91' lang='lat' dir='ltr'><strong>in</strong></span> <span class='ocrx_word' id='word_1_152' title='bbox 3143 753 3401 822; x_wconf 89' lang='lat' dir='ltr'><strong>sapientia</strong></span> 
     </span>
    </p>
   </div>
   <div class='ocr_carea' id='block_1_22' title="bbox 1826 826 3406 905">
    <p class='ocr_par' dir='ltr' id='par_1_22' title="bbox 1826 826 3406 905">
     <span class='ocr_line' id='line_1_22' title="bbox 1826 826 3406 905; baseline 0.011 -22"><span class='ocrx_word' id='word_1_153' title='bbox 1826 826 1999 885; x_wconf 82' lang='lat' dir='ltr'><strong>fecisti</strong></span> <span class='ocrx_word' id='word_1_154' title='bbox 2047 830 2217 903; x_wconf 82' lang='lat' dir='ltr'><strong>(Psal.</strong></span> <span class='ocrx_word' id='word_1_155' title='bbox 2266 832 2403 905; x_wconf 87' lang='lat' dir='ltr'><strong>cm).</strong></span> <span class='ocrx_word' id='word_1_156' title='bbox 2443 854 2460 886; x_wconf 75' lang='grc' dir='ltr'><strong>ι</strong></span> <span class='ocrx_word' id='word_1_157' title='bbox 2498 833 2556 891; x_wconf 89' lang='lat' dir='ltr'><strong>Si</strong></span> <span class='ocrx_word' id='word_1_158' title='bbox 2597 836 2867 894; x_wconf 86' lang='lat' dir='ltr'><strong>Christum</strong></span> <span class='ocrx_word' id='word_1_159' title='bbox 2912 842 3005 896; x_wconf 92' lang='lat' dir='ltr'><strong>Dei</strong></span> <span class='ocrx_word' id='word_1_160' title='bbox 3048 843 3304 899; x_wconf 81' lang='lat' dir='ltr'><strong>virtutem</strong></span> <span class='ocrx_word' id='word_1_161' title='bbox 3350 855 3406 900; x_wconf 89' lang='lat' dir='ltr'><strong>et</strong></span> 
     </span>
    </p>
   </div>
   <div class='ocr_carea' id='block_1_23' title="bbox 1824 918 3404 1005">
    <p class='ocr_par' dir='ltr' id='par_1_23' title="bbox 1824 918 3404 1005">
     <span class='ocr_line' id='line_1_23' title="bbox 1824 918 3404 1005; baseline 0.01 -32"><span class='ocrx_word' id='word_1_162' title='bbox 1824 918 1917 973; x_wconf 91' lang='lat' dir='ltr'><strong>Dei</strong></span> <span class='ocrx_word' id='word_1_163' title='bbox 1944 922 2260 990; x_wconf 86' lang='lat' dir='ltr'><strong>sapientiam</strong></span> <span class='ocrx_word' id='word_1_164' title='bbox 2294 933 2437 980; x_wconf 89' lang='lat' dir='ltr'><strong>recte</strong></span> <span class='ocrx_word' id='word_1_165' title='bbox 2462 925 2799 995; x_wconf 75' lang='lat' dir='ltr'><strong>confitemur,</strong></span> <span class='ocrx_word' id='word_1_166' title='bbox 2824 939 2879 984; x_wconf 89' lang='lat' dir='ltr'><strong>et</strong></span> <span class='ocrx_word' id='word_1_167' title='bbox 2904 933 3083 987; x_wconf 87' lang='lat' dir='ltr'><strong>omnia</strong></span> <span class='ocrx_word' id='word_1_168' title='bbox 3110 933 3160 987; x_wconf 92' lang='lat' dir='ltr'><strong>in</strong></span> <span class='ocrx_word' id='word_1_169' title='bbox 3193 935 3404 1005; x_wconf 85' lang='lat' dir='ltr'><strong>sapien-</strong></span> 
     </span>
    </p>
   </div>
   <div class='ocr_carea' id='block_1_24' title="bbox 1829 1010 3406 1095">
    <p class='ocr_par' dir='ltr' id='par_1_24' title="bbox 1829 1010 3406 1095">
     <span class='ocr_line' id='line_1_24' title="bbox 1829 1010 3406 1095; baseline 0.009 -32"><span class='ocrx_word' id='word_1_170' title='bbox 1829 1010 1897 1064; x_wconf 89' lang='lat' dir='ltr'><strong>tia</strong></span> <span class='ocrx_word' id='word_1_171' title='bbox 1922 1011 2024 1067; x_wconf 88' lang='lat' dir='ltr'><strong>hac</strong></span> <span class='ocrx_word' id='word_1_172' title='bbox 2054 1013 2193 1083; x_wconf 83' lang='lat' dir='ltr'><strong>regit</strong></span> <span class='ocrx_word' id='word_1_173' title='bbox 2217 1014 2376 1080; x_wconf 88' lang='lat' dir='ltr'><strong>Deus,</strong></span> <span class='ocrx_word' id='word_1_174' title='bbox 2399 1024 2610 1072; x_wconf 88' lang='lat' dir='ltr'><strong>constat</strong></span> <span class='ocrx_word' id='word_1_175' title='bbox 2633 1017 2885 1073; x_wconf 91' lang='lat' dir='ltr'><strong>nimirum</strong></span> <span class='ocrx_word' id='word_1_176' title='bbox 2908 1021 3031 1089; x_wconf 90' lang='lat' dir='ltr'><strong>quia</strong></span> <span class='ocrx_word' id='word_1_177' title='bbox 3054 1021 3216 1077; x_wconf 87' lang='lat' dir='ltr'><strong>Pater</strong></span> <span class='ocrx_word' id='word_1_178' title='bbox 3235 1039 3406 1095; x_wconf 85' lang='lat' dir='ltr'><strong>usque</strong></span> 
     </span>
    </p>
   </div>
   <div class='ocr_carea' id='block_1_25' title="bbox 1822 1100 3400 1181">
    <p class='ocr_par' dir='ltr' id='par_1_25' title="bbox 1822 1100 3400 1181">
     <span class='ocr_line' id='line_1_25' title="bbox 1822 1100 3400 1181; baseline 0.011 -29"><span class='ocrx_word' id='word_1_179' title='bbox 1822 1100 1983 1155; x_wconf 89' lang='lat' dir='ltr'><strong>modo</strong></span> <span class='ocrx_word' id='word_1_180' title='bbox 2013 1112 2288 1173; x_wconf 86' lang='lat' dir='ltr'><strong>operatur,</strong></span> <span class='ocrx_word' id='word_1_181' title='bbox 2312 1115 2568 1176; x_wconf 87' lang='lat' dir='ltr'><strong>operatur</strong></span> <span class='ocrx_word' id='word_1_182' title='bbox 2585 1115 2641 1162; x_wconf 91' lang='lat' dir='ltr'><strong>et</strong></span> <span class='ocrx_word' id='word_1_183' title='bbox 2664 1106 2851 1163; x_wconf 84' lang='lat' dir='ltr'><strong>Filius.</strong></span> <span class='ocrx_word' id='word_1_184' title='bbox 2885 1109 3025 1181; x_wconf 77' lang='lat' dir='ltr'><strong>Ergo</strong></span> <span class='ocrx_word' id='word_1_185' title='bbox 3051 1111 3209 1168; x_wconf 88' lang='lat' dir='ltr'><strong>Pater</strong></span> <span class='ocrx_word' id='word_1_186' title='bbox 3230 1129 3400 1178; x_wconf 77' lang='lat' dir='ltr'><strong>meus,</strong></span> 
     </span>
    </p>
   </div>
   <div class='ocr_carea' id='block_1_26' title="bbox 1822 1188 3406 1274">
    <p class='ocr_par' dir='ltr' id='par_1_26' title="bbox 1822 1188 3406 1274">
     <span class='ocr_line' id='line_1_26' title="bbox 1822 1188 3406 1274; baseline 0.011 -33"><span class='ocrx_word' id='word_1_187' title='bbox 1822 1188 2016 1259; x_wconf 85' lang='lat' dir='ltr'><strong>inquit,</strong></span> <span class='ocrx_word' id='word_1_188' title='bbox 2048 1206 2152 1246; x_wconf 92' lang='lat' dir='ltr'><strong>non</strong></span> <span class='ocrx_word' id='word_1_189' title='bbox 2184 1208 2277 1247; x_wconf 88' lang='lat' dir='ltr'><strong>sex</strong></span> <span class='ocrx_word' id='word_1_190' title='bbox 2308 1194 2501 1258; x_wconf 90' lang='lat' dir='ltr'><strong>solum,</strong></span> <span class='ocrx_word' id='word_1_191' title='bbox 2528 1205 2587 1250; x_wconf 93' lang='lat' dir='ltr'><strong>ut</strong></span> <span class='ocrx_word' id='word_1_192' title='bbox 2607 1197 2825 1266; x_wconf 90' lang='lat' dir='ltr'><strong>putatis,</strong></span> <span class='ocrx_word' id='word_1_193' title='bbox 2852 1198 3041 1254; x_wconf 90' lang='lat' dir='ltr'><strong>diebus</strong></span> <span class='ocrx_word' id='word_1_194' title='bbox 3063 1201 3253 1271; x_wconf 87' lang='lat' dir='ltr'><strong>primis</strong></span> <span class='ocrx_word' id='word_1_195' title='bbox 3282 1219 3406 1274; x_wconf 85' lang='lat' dir='ltr'><strong>ope-</strong></span> 
     </span>
    </p>
   </div>
   <div class='ocr_carea' id='block_1_27' title="bbox 1822 1288 3397 1358">
    <p class='ocr_par' dir='ltr' id='par_1_27' title="bbox 1822 1288 3397 1358">
     <span class='ocr_line' id='line_1_27' title="bbox 1822 1288 3397 1358; baseline 0.01 -25"><span class='ocrx_word' id='word_1_196' title='bbox 1822 1288 1972 1336; x_wconf 86' lang='lat' dir='ltr'><strong>ratus</strong></span> <span class='ocrx_word' id='word_1_197' title='bbox 2004 1291 2105 1348; x_wconf 90' lang='lat' dir='ltr'><strong>est,</strong></span> <span class='ocrx_word' id='word_1_198' title='bbox 2136 1298 2318 1340; x_wconf 90' lang='lat' dir='ltr'><strong>verum</strong></span> <span class='ocrx_word' id='word_1_199' title='bbox 2352 1299 2523 1354; x_wconf 89' lang='lat' dir='ltr'><strong>usque</strong></span> <span class='ocrx_word' id='word_1_200' title='bbox 2551 1290 2711 1343; x_wconf 91' lang='lat' dir='ltr'><strong>modo</strong></span> <span class='ocrx_word' id='word_1_201' title='bbox 2737 1295 3015 1358; x_wconf 82' lang='lat' dir='ltr'><strong>operatur,</strong></span> <span class='ocrx_word' id='word_1_202' title='bbox 3058 1307 3161 1346; x_wconf 91' lang='lat' dir='ltr'><strong>non</strong></span> <span class='ocrx_word' id='word_1_203' title='bbox 3201 1308 3397 1349; x_wconf 90' lang='lat' dir='ltr'><strong>novum</strong></span> 
     </span>
    </p>
   </div>
   <div class='ocr_carea' id='block_1_28' title="bbox 1821 1376 3402 1455">
    <p class='ocr_par' dir='ltr' id='par_1_28' title="bbox 1821 1376 3402 1455">
     <span class='ocr_line' id='line_1_28' title="bbox 1821 1376 3402 1455; baseline 0.009 -30"><span class='ocrx_word' id='word_1_204' title='bbox 1821 1380 2081 1426; x_wconf 72' lang='lat' dir='ltr'><strong>creaturae</strong></span> <span class='ocrx_word' id='word_1_205' title='bbox 2123 1389 2290 1444; x_wconf 80' lang='lat' dir='ltr'><strong>genus</strong></span> <span class='ocrx_word' id='word_1_206' title='bbox 2337 1376 2684 1443; x_wconf 80' lang='lat' dir='ltr'><strong>instituendo,</strong></span> <span class='ocrx_word' id='word_1_207' title='bbox 2733 1380 2825 1434; x_wconf 88' lang='lat' dir='ltr'><strong>sed</strong></span> <span class='ocrx_word' id='word_1_208' title='bbox 2869 1395 2987 1450; x_wconf 59' lang='lat' dir='ltr'><strong>quae</strong></span> <span class='ocrx_word' id='word_1_209' title='bbox 3038 1382 3090 1434; x_wconf 90' lang='lat' dir='ltr'><strong>in</strong></span> <span class='ocrx_word' id='word_1_210' title='bbox 3141 1384 3402 1455; x_wconf 83' lang='lat' dir='ltr'><strong>principio</strong></span> 
     </span>
    </p>
   </div>
   <div class='ocr_carea' id='block_1_29' title="bbox 1821 1465 3395 1543">
    <p class='ocr_par' dir='ltr' id='par_1_29' title="bbox 1821 1465 3395 1543">
     <span class='ocr_line' id='line_1_29' title="bbox 1821 1465 3395 1543; baseline 0.01 -29"><span class='ocrx_word' id='word_1_211' title='bbox 1821 1471 2118 1527; x_wconf 74' lang='lat' dir='ltr'><strong>creaverat,</strong></span> <span class='ocrx_word' id='word_1_212' title='bbox 2134 1479 2203 1518; x_wconf 91' lang='lat' dir='ltr'><strong>ne</strong></span> <span class='ocrx_word' id='word_1_213' title='bbox 2216 1465 2486 1530; x_wconf 79' lang='lat' dir='ltr'><strong>deficiant,</strong></span> <span class='ocrx_word' id='word_1_214' title='bbox 2501 1470 2865 1539; x_wconf 84' lang='lat' dir='ltr'><strong>propagando.</strong></span> <span class='ocrx_word' id='word_1_215' title='bbox 2896 1490 2913 1521; x_wconf 73' lang='grc' dir='ltr'>ι</span> <span class='ocrx_word' id='word_1_216' title='bbox 2933 1471 3001 1525; x_wconf 86' lang='lat' dir='ltr'><strong>Et</strong></span> <span class='ocrx_word' id='word_1_217' title='bbox 3023 1486 3123 1543; x_wconf 80' lang='lat' dir='ltr'><strong>ego</strong></span> <span class='ocrx_word' id='word_1_218' title='bbox 3144 1488 3360 1542; x_wconf 89' lang='lat' dir='ltr'><strong>operor,</strong></span> <span class='ocrx_word' id='word_1_219' title='bbox 3376 1494 3395 1528; x_wconf 64' lang='grc' dir='ltr'><strong>θ</strong></span> 
     </span>
    </p>
   </div>
   <div class='ocr_carea' id='block_1_30' title="bbox 1821 1546 3399 1634">
    <p class='ocr_par' dir='ltr' id='par_1_30' title="bbox 1821 1546 3399 1634">
     <span class='ocr_line' id='line_1_30' title="bbox 1821 1546 3399 1634; baseline 0.009 -28"><span class='ocrx_word' id='word_1_220' title='bbox 1821 1546 2160 1619; x_wconf 83' lang='lat' dir='ltr'><strong>subauditur,</strong></span> <span class='ocrx_word' id='word_1_221' title='bbox 2197 1568 2368 1625; x_wconf 87' lang='lat' dir='ltr'><strong>usque</strong></span> <span class='ocrx_word' id='word_1_222' title='bbox 2399 1559 2577 1624; x_wconf 89' lang='lat' dir='ltr'><strong>modo,</strong></span> <span class='ocrx_word' id='word_1_223' title='bbox 2610 1574 2735 1614; x_wconf 91' lang='lat' dir='ltr'><strong>cum</strong></span> <span class='ocrx_word' id='word_1_224' title='bbox 2768 1575 2833 1615; x_wconf 91' lang='lat' dir='ltr'><strong>eo</strong></span> <span class='ocrx_word' id='word_1_225' title='bbox 2870 1570 3060 1616; x_wconf 90' lang='lat' dir='ltr'><strong>cuncta</strong></span> <span class='ocrx_word' id='word_1_226' title='bbox 3090 1563 3399 1634; x_wconf 88' lang='lat' dir='ltr'><strong>disponens,</strong></span> 
     </span>
    </p>
   </div>
   <div class='ocr_carea' id='block_1_31' title="bbox 1820 1646 3403 1723">
    <p class='ocr_par' dir='ltr' id='par_1_31' title="bbox 1820 1646 3403 1723">
     <span class='ocr_line' id='line_1_31' title="bbox 1820 1646 3403 1723; baseline 0.011 -29"><span class='ocrx_word' id='word_1_227' title='bbox 1820 1654 2032 1712; x_wconf 74' lang='lat' dir='ltr'><strong>regens,</strong></span> <span class='ocrx_word' id='word_1_228' title='bbox 2062 1646 2423 1703; x_wconf 87' lang='lat' dir='ltr'><strong>accumulans.</strong></span> <span class='ocrx_word' id='word_1_229' title='bbox 2470 1647 2548 1704; x_wconf 82' lang='lat' dir='ltr'><strong>Ac</strong></span> <span class='ocrx_word' id='word_1_230' title='bbox 2588 1650 2633 1704; x_wconf 92' lang='lat' dir='ltr'><strong>si</strong></span> <span class='ocrx_word' id='word_1_231' title='bbox 2675 1660 2859 1720; x_wconf 88' lang='lat' dir='ltr'><strong>aperte</strong></span> <span class='ocrx_word' id='word_1_232' title='bbox 2895 1653 3039 1708; x_wconf 88' lang='lat' dir='ltr'><strong>dicat</strong></span> <span class='ocrx_word' id='word_1_233' title='bbox 3068 1674 3082 1708; x_wconf 87' lang='lat'><strong>:</strong></span> <span class='ocrx_word' id='word_1_234' title='bbox 3107 1655 3244 1723; x_wconf 83' lang='lat' dir='ltr'><strong>Quid</strong></span> <span class='ocrx_word' id='word_1_235' title='bbox 3272 1657 3403 1712; x_wconf 90' lang='lat' dir='ltr'><strong>mihi</strong></span> 
     </span>
    </p>
   </div>
   <div class='ocr_carea' id='block_1_32' title="bbox 1820 1732 3399 1817">
    <p class='ocr_par' dir='ltr' id='par_1_32' title="bbox 1820 1732 3399 1817">
     <span class='ocr_line' id='line_1_32' title="bbox 1820 1732 3399 1817; baseline 0.011 -31"><span class='ocrx_word' id='word_1_236' title='bbox 1820 1732 2112 1790; x_wconf 86' lang='lat' dir='ltr'><strong>invidetis?</strong></span> <span class='ocrx_word' id='word_1_237' title='bbox 2154 1751 2252 1791; x_wconf 90' lang='lat' dir='ltr'><strong>cur</strong></span> <span class='ocrx_word' id='word_1_238' title='bbox 2293 1754 2379 1793; x_wconf 92' lang='lat' dir='ltr'><strong>me</strong></span> <span class='ocrx_word' id='word_1_239' title='bbox 2408 1740 2748 1811; x_wconf 85' lang='lat' dir='ltr'><strong>vituperatis,</strong></span> <span class='ocrx_word' id='word_1_240' title='bbox 2780 1744 2906 1800; x_wconf 64' lang='lat' dir='ltr'><strong>cteci</strong></span> <span class='ocrx_word' id='word_1_241' title='bbox 2954 1745 3087 1817; x_wconf 83' lang='lat' dir='ltr'><strong>legis</strong></span> <span class='ocrx_word' id='word_1_242' title='bbox 3129 1748 3399 1812; x_wconf 89' lang='lat' dir='ltr'><strong>doctores,</strong></span> 
     </span>
    </p>
   </div>
   <div class='ocr_carea' id='block_1_33' title="bbox 121 1808 3399 1895">
    <p class='ocr_par' dir='ltr' id='par_1_33' title="bbox 121 1808 3399 1895">
     <span class='ocr_line' id='line_1_33' title="bbox 121 1808 3399 1895; baseline 0.01 -35"><span class='ocrx_word' id='word_1_243' title='bbox 121 1816 206 1861; x_wconf 79' lang='lat' dir='ltr'><strong>est</strong></span> <span class='ocrx_word' id='word_1_244' title='bbox 234 1809 293 1862; x_wconf 88' lang='lat' dir='ltr'><strong>in</strong></span> <span class='ocrx_word' id='word_1_245' title='bbox 328 1808 469 1866; x_wconf 89' lang='lat' dir='ltr'><strong>facie</strong></span> <span class='ocrx_word' id='word_1_246' title='bbox 500 1813 628 1868; x_wconf 77' lang='lat' dir='ltr'><strong>caeci</strong></span> <span class='ocrx_word' id='word_1_247' title='bbox 654 1813 831 1885; x_wconf 84' lang='lat' dir='ltr'><strong>hujus,</strong></span> <span class='ocrx_word' id='word_1_248' title='bbox 863 1824 917 1871; x_wconf 89' lang='lat' dir='ltr'><strong>et</strong></span> <span class='ocrx_word' id='word_1_249' title='bbox 945 1818 1178 1874; x_wconf 89' lang='lat' dir='ltr'><strong>sentiant</strong></span> <span class='ocrx_word' id='word_1_250' title='bbox 1210 1819 1378 1876; x_wconf 82' lang='lat' dir='ltr'><strong>Deum</strong></span> <span class='ocrx_word' id='word_1_251' title='bbox 1412 1821 1530 1877; x_wconf 92' lang='lat' dir='ltr'><strong>illos</strong></span> <span class='ocrx_word' id='word_1_252' title='bbox 1550 1838 1717 1878; x_wconf 81' lang='lat' dir='ltr'><strong>exau-</strong></span> <span class='ocrx_word' id='word_1_253' title='bbox 1750 1828 1797 1888; x_wconf 85' lang='grc' dir='ltr'><strong>Β</strong></span> <span class='ocrx_word' id='word_1_254' title='bbox 1825 1825 1968 1895; x_wconf 90' lang='lat' dir='ltr'><strong>quod</strong></span> <span class='ocrx_word' id='word_1_255' title='bbox 1998 1826 2051 1880; x_wconf 92' lang='lat' dir='ltr'><strong>in</strong></span> <span class='ocrx_word' id='word_1_256' title='bbox 2079 1827 2247 1881; x_wconf 86' lang='lat' dir='ltr'><strong>forma</strong></span> <span class='ocrx_word' id='word_1_257' title='bbox 2279 1808 2758 1888; x_wconf 45' lang='lat' dir='ltr'><strong>hominis—sabbato</strong></span> <span class='ocrx_word' id='word_1_258' title='bbox 2783 1808 3196 1893; x_wconf 52' lang='lat' dir='ltr'><strong>salutemvunius</strong></span> <span class='ocrx_word' id='word_1_259' title='bbox 3223 1839 3399 1893; x_wconf 87' lang='lat' dir='ltr'><strong>homi-</strong></span> 
     </span>
    </p>
   </div>
   <div class='ocr_carea' id='block_1_34' title="bbox 119 1894 1716 1975">
    <p class='ocr_par' dir='ltr' id='par_1_34' title="bbox 119 1894 1716 1975">
     <span class='ocr_line' id='line_1_34' title="bbox 119 1894 1716 1975; baseline 0.013 -27"><span class='ocrx_word' id='word_1_260' title='bbox 119 1894 266 1963; x_wconf 86' lang='lat' dir='ltr'><strong>dire,</strong></span> <span class='ocrx_word' id='word_1_261' title='bbox 298 1898 425 1969; x_wconf 88' lang='lat' dir='ltr'><strong>qui,</strong></span> <span class='ocrx_word' id='word_1_262' title='bbox 457 1908 517 1955; x_wconf 89' lang='lat' dir='ltr'><strong>ut</strong></span> <span class='ocrx_word' id='word_1_263' title='bbox 546 1912 856 1972; x_wconf 86' lang='lat' dir='ltr'><strong>peccatores</strong></span> <span class='ocrx_word' id='word_1_264' title='bbox 883 1906 1136 1975; x_wconf 83' lang='lat' dir='ltr'><strong>saivaret,</strong></span> <span class='ocrx_word' id='word_1_265' title='bbox 1166 1912 1312 1966; x_wconf 82' lang='lat' dir='ltr'><strong>venit</strong></span> <span class='ocrx_word' id='word_1_266' title='bbox 1350 1912 1403 1966; x_wconf 92' lang='lat' dir='ltr'><strong>in</strong></span> <span class='ocrx_word' id='word_1_267' title='bbox 1437 1913 1716 1969; x_wconf 92' lang='lat' dir='ltr'><strong>mundum.</strong></span> 
     </span>
    </p>
   </div>
   <div class='ocr_carea' id='block_1_35' title="bbox 201 1991 1720 2077">
    <p class='ocr_par' dir='ltr' id='par_1_35' title="bbox 201 1991 1720 2077">
     <span class='ocr_line' id='line_1_35' title="bbox 201 1991 1720 2077; baseline 0.014 -36"><span class='ocrx_word' id='word_1_268' title='bbox 201 2007 219 2041; x_wconf 75' lang='grc' dir='ltr'><strong>ι</strong></span> <span class='ocrx_word' id='word_1_269' title='bbox 268 1991 323 2045; x_wconf 81' lang='grc' dir='ltr'><strong>Δ</strong></span> <span class='ocrx_word' id='word_1_270' title='bbox 370 1993 568 2048; x_wconf 66' lang='lat' dir='ltr'><strong>sarculo</strong></span> <span class='ocrx_word' id='word_1_271' title='bbox 625 2010 731 2051; x_wconf 88' lang='lat' dir='ltr'><strong>non</strong></span> <span class='ocrx_word' id='word_1_272' title='bbox 774 2008 857 2054; x_wconf 86' lang='lat' dir='ltr'><strong>est</strong></span> <span class='ocrx_word' id='word_1_273' title='bbox 901 2000 1159 2065; x_wconf 87' lang='lat' dir='ltr'><strong>auditum,</strong></span> <span class='ocrx_word' id='word_1_274' title='bbox 1209 2003 1333 2073; x_wconf 88' lang='lat' dir='ltr'><strong>quia</strong></span> <span class='ocrx_word' id='word_1_275' title='bbox 1405 2004 1526 2075; x_wconf 89' lang='lat' dir='ltr'><strong>quis</strong></span> <span class='ocrx_word' id='word_1_276' title='bbox 1594 2021 1720 2077; x_wconf 88' lang='lat' dir='ltr'><strong>ape-</strong></span> 
     </span>
    </p>
   </div>
   <div class='ocr_carea' id='block_1_36' title="bbox 126 2083 1717 2162">
    <p class='ocr_par' dir='ltr' id='par_1_36' title="bbox 126 2083 1717 2162">
     <span class='ocr_line' id='line_1_36' title="bbox 126 2083 1717 2162; baseline 0.013 -28"><span class='ocrx_word' id='word_1_277' title='bbox 126 2098 142 2131; x_wconf 82' lang='grc' dir='ltr'>ι</span> <span class='ocrx_word' id='word_1_278' title='bbox 186 2083 311 2138; x_wconf 84' lang='lat' dir='ltr'><strong>ruit</strong></span> <span class='ocrx_word' id='word_1_279' title='bbox 346 2085 534 2140; x_wconf 85' lang='lat' dir='ltr'><strong>oculos</strong></span> <span class='ocrx_word' id='word_1_280' title='bbox 571 2089 698 2143; x_wconf 60' lang='lat' dir='ltr'><strong>caici</strong></span> <span class='ocrx_word' id='word_1_281' title='bbox 747 2090 879 2144; x_wconf 88' lang='lat' dir='ltr'><strong>nati.</strong></span> <span class='ocrx_word' id='word_1_282' title='bbox 910 2090 1024 2147; x_wconf 83' lang='lat' dir='ltr'><strong>Nisi</strong></span> <span class='ocrx_word' id='word_1_283' title='bbox 1068 2102 1213 2149; x_wconf 81' lang='lat' dir='ltr'><strong>esset</strong></span> <span class='ocrx_word' id='word_1_284' title='bbox 1255 2094 1345 2150; x_wconf 91' lang='lat' dir='ltr'><strong>hic</strong></span> <span class='ocrx_word' id='word_1_285' title='bbox 1382 2111 1413 2150; x_wconf 91' lang='lat' dir='ltr'><strong>a</strong></span> <span class='ocrx_word' id='word_1_286' title='bbox 1454 2097 1583 2162; x_wconf 91' lang='lat' dir='ltr'><strong>Deo,</strong></span> <span class='ocrx_word' id='word_1_287' title='bbox 1608 2113 1717 2154; x_wconf 91' lang='lat' dir='ltr'><strong>non</strong></span> 
     </span>
    </p>
   </div>
   <div class='ocr_carea' id='block_1_37' title="bbox 122 2174 1720 2252">
    <p class='ocr_par' dir='ltr' id='par_1_37' title="bbox 122 2174 1720 2252">
     <span class='ocr_line' id='line_1_37' title="bbox 122 2174 1720 2252; baseline 0.014 -30"><span class='ocrx_word' id='word_1_288' title='bbox 122 2187 141 2220; x_wconf 77' lang='grc' dir='ltr'>ι</span> <span class='ocrx_word' id='word_1_289' title='bbox 187 2181 422 2241; x_wconf 87' lang='lat' dir='ltr'><strong>poterat</strong></span> <span class='ocrx_word' id='word_1_290' title='bbox 466 2174 644 2232; x_wconf 84' lang='lat' dir='ltr'><strong>facere</strong></span> <span class='ocrx_word' id='word_1_291' title='bbox 673 2178 985 2250; x_wconf 81' lang='lat' dir='ltr'><strong>quidquam,</strong></span> <span class='ocrx_word' id='word_1_292' title='bbox 1025 2201 1044 2236; x_wconf 72' lang='grc' dir='ltr'><strong><em>ο</em></strong></span> <span class='ocrx_word' id='word_1_293' title='bbox 1077 2182 1268 2250; x_wconf 90' lang='lat' dir='ltr'><strong>libere,</strong></span> <span class='ocrx_word' id='word_1_294' title='bbox 1299 2195 1631 2252; x_wconf 87' lang='lat' dir='ltr'><strong>constanter,</strong></span> <span class='ocrx_word' id='word_1_295' title='bbox 1663 2196 1720 2244; x_wconf 89' lang='lat' dir='ltr'><strong>et</strong></span> 
     </span>
    </p>
   </div>
   <div class='ocr_carea' id='block_1_38' title="bbox 117 2264 1717 2349">
    <p class='ocr_par' dir='ltr' id='par_1_38' title="bbox 117 2264 1717 2349">
     <span class='ocr_line' id='line_1_38' title="bbox 117 2264 1717 2349; baseline 0.013 -35"><span class='ocrx_word' id='word_1_296' title='bbox 117 2264 427 2321; x_wconf 73' lang='lat' dir='ltr'><strong>veraciter.</strong></span> <span class='ocrx_word' id='word_1_297' title='bbox 450 2265 575 2324; x_wconf 58' lang='lat' dir='ltr'><strong>Haec</strong></span> <span class='ocrx_word' id='word_1_298' title='bbox 598 2272 743 2324; x_wconf 88' lang='lat' dir='ltr'><strong>enim</strong></span> <span class='ocrx_word' id='word_1_299' title='bbox 770 2285 891 2340; x_wconf 70' lang='lat' dir='ltr'><strong>qua:</strong></span> <span class='ocrx_word' id='word_1_300' title='bbox 913 2272 1055 2328; x_wconf 86' lang='lat' dir='ltr'><strong>facta</strong></span> <span class='ocrx_word' id='word_1_301' title='bbox 1075 2283 1200 2330; x_wconf 88' lang='lat' dir='ltr'><strong>sunt</strong></span> <span class='ocrx_word' id='word_1_302' title='bbox 1219 2291 1250 2330; x_wconf 88' lang='lat' dir='ltr'><strong>a</strong></span> <span class='ocrx_word' id='word_1_303' title='bbox 1278 2276 1527 2343; x_wconf 90' lang='lat' dir='ltr'><strong>Domino,</strong></span> <span class='ocrx_word' id='word_1_304' title='bbox 1552 2295 1581 2332; x_wconf 90' lang='lat' dir='ltr'><strong>a</strong></span> <span class='ocrx_word' id='word_1_305' title='bbox 1609 2294 1717 2349; x_wconf 92' lang='lat' dir='ltr'><strong>quo</strong></span> 
     </span>
    </p>
   </div>
   <div class='ocr_carea' id='block_1_39' title="bbox 114 2353 1717 2439">
    <p class='ocr_par' dir='ltr' id='par_1_39' title="bbox 114 2353 1717 2439">
     <span class='ocr_line' id='line_1_39' title="bbox 114 2353 1717 2439; baseline 0.012 -32"><span class='ocrx_word' id='word_1_306' title='bbox 114 2353 352 2421; x_wconf 84' lang='lat' dir='ltr'><strong>tierent,</strong></span> <span class='ocrx_word' id='word_1_307' title='bbox 404 2358 508 2413; x_wconf 86' lang='lat' dir='ltr'><strong>nisi</strong></span> <span class='ocrx_word' id='word_1_308' title='bbox 545 2375 577 2415; x_wconf 91' lang='lat' dir='ltr'><strong>a</strong></span> <span class='ocrx_word' id='word_1_309' title='bbox 620 2361 775 2418; x_wconf 82' lang='lat' dir='ltr'><strong>Deo?</strong></span> <span class='ocrx_word' id='word_1_310' title='bbox 800 2362 909 2420; x_wconf 64' lang='lat' dir='ltr'><strong>Aut</strong></span> <span class='ocrx_word' id='word_1_311' title='bbox 942 2368 1158 2435; x_wconf 86' lang='lat' dir='ltr'><strong>quando</strong></span> <span class='ocrx_word' id='word_1_312' title='bbox 1196 2382 1227 2422; x_wconf 88' lang='lat' dir='ltr'><strong>a</strong></span> <span class='ocrx_word' id='word_1_313' title='bbox 1264 2369 1544 2439; x_wconf 89' lang='lat' dir='ltr'><strong>discipulis</strong></span> <span class='ocrx_word' id='word_1_314' title='bbox 1588 2371 1717 2429; x_wconf 90' lang='lat' dir='ltr'><strong>talia</strong></span> 
     </span>
    </p>
   </div>
   <div class='ocr_carea' id='block_1_40' title="bbox 116 2445 1191 2515">
    <p class='ocr_par' dir='ltr' id='par_1_40' title="bbox 116 2445 1191 2515">
     <span class='ocr_line' id='line_1_40' title="bbox 116 2445 1191 2515; baseline 0.013 -14"><span class='ocrx_word' id='word_1_315' title='bbox 116 2445 356 2515; x_wconf 81' lang='lat' dir='ltr'><strong>tierent,</strong></span> <span class='ocrx_word' id='word_1_316' title='bbox 384 2450 490 2506; x_wconf 86' lang='lat' dir='ltr'><strong>nisi</strong></span> <span class='ocrx_word' id='word_1_317' title='bbox 518 2452 573 2507; x_wconf 89' lang='lat' dir='ltr'><strong>in</strong></span> <span class='ocrx_word' id='word_1_318' title='bbox 598 2454 677 2509; x_wconf 87' lang='lat' dir='ltr'><strong>eis</strong></span> <span class='ocrx_word' id='word_1_319' title='bbox 706 2454 848 2511; x_wconf 87' lang='lat' dir='ltr'><strong>Deus</strong></span> <span class='ocrx_word' id='word_1_320' title='bbox 882 2457 1191 2515; x_wconf 66' lang='lat' dir='ltr'><strong>habitaret?</strong></span> 
     </span>
    </p>
   </div>
   <div class='ocr_carea' id='block_1_41' title="bbox 192 2537 1717 2621">
    <p class='ocr_par' dir='ltr' id='par_1_41' title="bbox 192 2537 1717 2621">
     <span class='ocr_line' id='line_1_41' title="bbox 192 2537 1717 2621; baseline 0.013 -31"><span class='ocrx_word' id='word_1_321' title='bbox 192 2556 213 2590; x_wconf 77' lang='grc' dir='ltr'>ι</span> <span class='ocrx_word' id='word_1_322' title='bbox 265 2537 691 2609; x_wconf 81' lang='lat' dir='ltr'><strong>Responderunt</strong></span> <span class='ocrx_word' id='word_1_323' title='bbox 718 2553 775 2600; x_wconf 89' lang='lat' dir='ltr'><strong>et</strong></span> <span class='ocrx_word' id='word_1_324' title='bbox 812 2545 1066 2603; x_wconf 87' lang='lat' dir='ltr'><strong>dixerunt</strong></span> <span class='ocrx_word' id='word_1_325' title='bbox 1087 2549 1137 2604; x_wconf 91' lang='lat' dir='ltr'><strong>ei</strong></span> <span class='ocrx_word' id='word_1_326' title='bbox 1171 2549 1267 2605; x_wconf 88' lang='lat' dir='ltr'><strong>:ln</strong></span> <span class='ocrx_word' id='word_1_327' title='bbox 1295 2553 1529 2621; x_wconf 86' lang='lat' dir='ltr'><strong>peccatis</strong></span> <span class='ocrx_word' id='word_1_328' title='bbox 1556 2562 1717 2611; x_wconf 86' lang='lat' dir='ltr'><strong>natus</strong></span> 
     </span>
    </p>
   </div>
   <div class='ocr_carea' id='block_1_42' title="bbox 126 2636 1709 2713">
    <p class='ocr_par' dir='ltr' id='par_1_42' title="bbox 126 2636 1709 2713">
     <span class='ocr_line' id='line_1_42' title="bbox 126 2636 1709 2713; baseline 0.014 -31"><span class='ocrx_word' id='word_1_329' title='bbox 126 2651 142 2682; x_wconf 74' lang='grc' dir='ltr'>ι</span> <span class='ocrx_word' id='word_1_330' title='bbox 170 2644 235 2690; x_wconf 86' lang='lat' dir='ltr'><strong>es</strong></span> <span class='ocrx_word' id='word_1_331' title='bbox 263 2640 436 2690; x_wconf 83' lang='lat' dir='ltr'><strong>totus.</strong></span> <span class='ocrx_word' id='word_1_332' title='bbox 464 2652 484 2687; x_wconf 74' lang='grc' dir='ltr'><strong><em>ι</em></strong></span> <span class='ocrx_word' id='word_1_333' title='bbox 525 2636 663 2703; x_wconf 85' lang='lat' dir='ltr'><strong>Quid</strong></span> <span class='ocrx_word' id='word_1_334' title='bbox 694 2646 780 2695; x_wconf 82' lang='lat' dir='ltr'><strong>est</strong></span> <span class='ocrx_word' id='word_1_335' title='bbox 809 2658 829 2692; x_wconf 72' lang='grc' dir='ltr'>ι</span> <span class='ocrx_word' id='word_1_336' title='bbox 864 2643 1047 2697; x_wconf 86' lang='lat' dir='ltr'><strong>totus?</strong></span> <span class='ocrx_word' id='word_1_337' title='bbox 1079 2662 1099 2695; x_wconf 71' lang='grc' dir='ltr'><strong><em>ι</em></strong></span> <span class='ocrx_word' id='word_1_338' title='bbox 1132 2659 1258 2699; x_wconf 92' lang='lat' dir='ltr'><strong>cum</strong></span> <span class='ocrx_word' id='word_1_339' title='bbox 1283 2645 1456 2701; x_wconf 89' lang='lat' dir='ltr'><strong>oculis</strong></span> <span class='ocrx_word' id='word_1_340' title='bbox 1478 2646 1709 2713; x_wconf 89' lang='lat' dir='ltr'><strong>clausis;</strong></span> 
     </span>
    </p>
   </div>
   <div class='ocr_carea' id='block_1_43' title="bbox 123 2723 1715 2804">
    <p class='ocr_par' dir='ltr' id='par_1_43' title="bbox 123 2723 1715 2804">
     <span class='ocr_line' id='line_1_43' title="bbox 123 2723 1715 2804; baseline 0.008 -26"><span class='ocrx_word' id='word_1_341' title='bbox 123 2723 215 2779; x_wconf 84' lang='lat' dir='ltr'><strong>sed</strong></span> <span class='ocrx_word' id='word_1_342' title='bbox 253 2723 351 2794; x_wconf 87' lang='lat' dir='ltr'><strong>qui</strong></span> <span class='ocrx_word' id='word_1_343' title='bbox 384 2726 596 2795; x_wconf 87' lang='lat' dir='ltr'><strong>aperuit</strong></span> <span class='ocrx_word' id='word_1_344' title='bbox 639 2728 842 2794; x_wconf 79' lang='lat' dir='ltr'><strong>oculos,</strong></span> <span class='ocrx_word' id='word_1_345' title='bbox 882 2730 1056 2785; x_wconf 84' lang='lat' dir='ltr'><strong>salvat</strong></span> <span class='ocrx_word' id='word_1_346' title='bbox 1093 2741 1150 2787; x_wconf 92' lang='lat' dir='ltr'><strong>et</strong></span> <span class='ocrx_word' id='word_1_347' title='bbox 1188 2740 1378 2788; x_wconf 89' lang='lat' dir='ltr'><strong>totum.</strong></span> <span class='ocrx_word' id='word_1_348' title='bbox 1408 2734 1527 2804; x_wconf 90' lang='lat' dir='ltr'><strong>ipse</strong></span> <span class='ocrx_word' id='word_1_349' title='bbox 1564 2736 1715 2791; x_wconf 84' lang='lat' dir='ltr'><strong>dabit</strong></span> 
     </span>
    </p>
   </div>
   <div class='ocr_carea' id='block_1_44' title="bbox 125 2816 1712 2892">
    <p class='ocr_par' dir='ltr' id='par_1_44' title="bbox 125 2816 1712 2892">
     <span class='ocr_line' id='line_1_44' title="bbox 125 2816 1712 2892; baseline 0.008 -23"><span class='ocrx_word' id='word_1_350' title='bbox 125 2816 179 2870; x_wconf 92' lang='lat' dir='ltr'><strong>in</strong></span> <span class='ocrx_word' id='word_1_351' title='bbox 204 2817 375 2873; x_wconf 85' lang='lat' dir='ltr'><strong>corde</strong></span> <span class='ocrx_word' id='word_1_352' title='bbox 412 2820 889 2885; x_wconf 85' lang='lat' dir='ltr'><strong>resurrectionem,</strong></span> <span class='ocrx_word' id='word_1_353' title='bbox 912 2823 1000 2892; x_wconf 80' lang='lat' dir='ltr'><strong>qui</strong></span> <span class='ocrx_word' id='word_1_354' title='bbox 1030 2823 1082 2877; x_wconf 92' lang='lat' dir='ltr'><strong>in</strong></span> <span class='ocrx_word' id='word_1_355' title='bbox 1111 2822 1250 2880; x_wconf 88' lang='lat' dir='ltr'><strong>facie</strong></span> <span class='ocrx_word' id='word_1_356' title='bbox 1270 2826 1415 2881; x_wconf 85' lang='lat' dir='ltr'><strong>dedit</strong></span> <span class='ocrx_word' id='word_1_357' title='bbox 1445 2825 1712 2882; x_wconf 60' lang='lat' dir='ltr'><strong>illuminas-</strong></span> 
     </span>
    </p>
   </div>
   <div class='ocr_carea' id='block_1_45' title="bbox 129 2909 1711 2983">
    <p class='ocr_par' dir='ltr' id='par_1_45' title="bbox 129 2909 1711 2983">
     <span class='ocr_line' id='line_1_45' title="bbox 129 2909 1711 2983; baseline 0.009 -21"><span class='ocrx_word' id='word_1_358' title='bbox 129 2909 352 2965; x_wconf 87' lang='lat' dir='ltr'><strong>tionem.</strong></span> <span class='ocrx_word' id='word_1_359' title='bbox 379 2928 401 2962; x_wconf 75' lang='grc' dir='ltr'>ι</span> <span class='ocrx_word' id='word_1_360' title='bbox 430 2910 487 2967; x_wconf 90' lang='lat' dir='ltr'><strong>in</strong></span> <span class='ocrx_word' id='word_1_361' title='bbox 518 2914 755 2983; x_wconf 81' lang='lat' dir='ltr'><strong>peccatis</strong></span> <span class='ocrx_word' id='word_1_362' title='bbox 780 2924 939 2971; x_wconf 86' lang='lat' dir='ltr'><strong>natus</strong></span> <span class='ocrx_word' id='word_1_363' title='bbox 960 2930 1021 2971; x_wconf 89' lang='lat' dir='ltr'><strong>es</strong></span> <span class='ocrx_word' id='word_1_364' title='bbox 1042 2924 1207 2983; x_wconf 90' lang='lat' dir='ltr'><strong>totus,</strong></span> <span class='ocrx_word' id='word_1_365' title='bbox 1229 2926 1286 2973; x_wconf 91' lang='lat' dir='ltr'><strong>et</strong></span> <span class='ocrx_word' id='word_1_366' title='bbox 1310 2926 1364 2972; x_wconf 89' lang='lat' dir='ltr'><strong>tu</strong></span> <span class='ocrx_word' id='word_1_367' title='bbox 1391 2919 1553 2975; x_wconf 86' lang='lat' dir='ltr'><strong>doces</strong></span> <span class='ocrx_word' id='word_1_368' title='bbox 1576 2921 1711 2976; x_wconf 74' lang='lat' dir='ltr'><strong>nos?</strong></span> 
     </span>
    </p>
   </div>
   <div class='ocr_carea' id='block_1_46' title="bbox 134 2999 1706 3080">
    <p class='ocr_par' dir='ltr' id='par_1_46' title="bbox 134 2999 1706 3080">
     <span class='ocr_line' id='line_1_46' title="bbox 134 2999 1706 3080; baseline 0.009 -29"><span class='ocrx_word' id='word_1_369' title='bbox 134 3018 153 3050; x_wconf 78' lang='grc' dir='ltr'>ι</span> <span class='ocrx_word' id='word_1_370' title='bbox 199 2999 269 3055; x_wconf 85' lang='lat' dir='ltr'><strong>Et</strong></span> <span class='ocrx_word' id='word_1_371' title='bbox 310 2999 586 3070; x_wconf 80' lang='lat' dir='ltr'><strong>ejecerunt</strong></span> <span class='ocrx_word' id='word_1_372' title='bbox 622 3018 746 3059; x_wconf 91' lang='lat' dir='ltr'><strong>eum</strong></span> <span class='ocrx_word' id='word_1_373' title='bbox 794 3004 958 3061; x_wconf 84' lang='lat' dir='ltr'><strong>foras.</strong></span> <span class='ocrx_word' id='word_1_374' title='bbox 993 3024 1013 3057; x_wconf 85' lang='grc'><strong><em>›</em></strong></span> <span class='ocrx_word' id='word_1_375' title='bbox 1052 3005 1155 3076; x_wconf 91' lang='lat' dir='ltr'><strong>ipsi</strong></span> <span class='ocrx_word' id='word_1_376' title='bbox 1205 3006 1352 3063; x_wconf 90' lang='lat' dir='ltr'><strong>illum</strong></span> <span class='ocrx_word' id='word_1_377' title='bbox 1391 3008 1706 3080; x_wconf 76' lang='lat' dir='ltr'><strong>magistrum</strong></span> 
     </span>
    </p>
   </div>
   <div class='ocr_carea' id='block_1_47' title="bbox 132 3090 1709 3173">
    <p class='ocr_par' dir='ltr' id='par_1_47' title="bbox 132 3090 1709 3173">
     <span class='ocr_line' id='line_1_47' title="bbox 132 3090 1709 3173; baseline 0.008 -28"><span class='ocrx_word' id='word_1_378' title='bbox 132 3090 391 3161; x_wconf 84' lang='lat' dir='ltr'><strong>fecerant,</strong></span> <span class='ocrx_word' id='word_1_379' title='bbox 423 3104 482 3151; x_wconf 93' lang='lat' dir='ltr'><strong>ut</strong></span> <span class='ocrx_word' id='word_1_380' title='bbox 504 3096 774 3153; x_wconf 85' lang='lat' dir='ltr'><strong>discerent</strong></span> <span class='ocrx_word' id='word_1_381' title='bbox 804 3098 964 3155; x_wconf 88' lang='lat' dir='ltr'><strong>toties</strong></span> <span class='ocrx_word' id='word_1_382' title='bbox 996 3099 1463 3173; x_wconf 79' lang='lat' dir='ltr'><strong>interrogaverunt</strong></span> <span class='ocrx_word' id='word_1_383' title='bbox 1489 3120 1502 3155; x_wconf 90' lang='lat'><strong>:</strong></span> <span class='ocrx_word' id='word_1_384' title='bbox 1525 3110 1583 3158; x_wconf 90' lang='lat' dir='ltr'><strong>et</strong></span> <span class='ocrx_word' id='word_1_385' title='bbox 1626 3102 1709 3158; x_wconf 84' lang='lat' dir='ltr'><strong>in-</strong></span> 
     </span>
    </p>
   </div>
   <div class='ocr_carea' id='block_1_48' title="bbox 134 3188 1154 3262">
    <p class='ocr_par' dir='ltr' id='par_1_48' title="bbox 134 3188 1154 3262">
     <span class='ocr_line' id='line_1_48' title="bbox 134 3188 1154 3262; baseline 0.007 -22"><span class='ocrx_word' id='word_1_386' title='bbox 134 3192 461 3258; x_wconf 76' lang='lat' dir='ltr'><strong>terrogatum</strong></span> <span class='ocrx_word' id='word_1_387' title='bbox 488 3188 769 3246; x_wconf 84' lang='lat' dir='ltr'><strong>docentem</strong></span> <span class='ocrx_word' id='word_1_388' title='bbox 793 3191 1154 3262; x_wconf 74' lang='lat' dir='ltr'><strong>proiecerunt.</strong></span> 
     </span>
    </p>
   </div>
   <div class='ocr_carea' id='block_1_49' title="bbox 219 3280 1704 3358">
    <p class='ocr_par' dir='ltr' id='par_1_49' title="bbox 219 3280 1704 3358">
     <span class='ocr_line' id='line_1_49' title="bbox 219 3280 1704 3358; baseline 0.009 -27"><span class='ocrx_word' id='word_1_389' title='bbox 219 3296 237 3328; x_wconf 86' lang='grc' dir='ltr'>ι</span> <span class='ocrx_word' id='word_1_390' title='bbox 278 3280 412 3334; x_wconf 88' lang='lat' dir='ltr'><strong>Dum</strong></span> <span class='ocrx_word' id='word_1_391' title='bbox 448 3296 576 3354; x_wconf 76' lang='lat' dir='ltr'><strong>ergo</strong></span> <span class='ocrx_word' id='word_1_392' title='bbox 643 3284 850 3340; x_wconf 81' lang='lat' dir='ltr'><strong>audivit</strong></span> <span class='ocrx_word' id='word_1_393' title='bbox 896 3283 1053 3340; x_wconf 86' lang='lat' dir='ltr'><strong>Jesus</strong></span> <span class='ocrx_word' id='word_1_394' title='bbox 1093 3286 1221 3358; x_wconf 84' lang='lat' dir='ltr'><strong>quia</strong></span> <span class='ocrx_word' id='word_1_395' title='bbox 1264 3285 1541 3356; x_wconf 89' lang='lat' dir='ltr'><strong>ejecerunt</strong></span> <span class='ocrx_word' id='word_1_396' title='bbox 1582 3300 1704 3345; x_wconf 90' lang='lat' dir='ltr'><strong>eum</strong></span> 
     </span>
    </p>
   </div>
   <div class='ocr_carea' id='block_1_50' title="bbox 102 3368 1711 3443">
    <p class='ocr_par' dir='ltr' id='par_1_50' title="bbox 102 3368 1711 3443">
     <span class='ocr_line' id='line_1_50' title="bbox 102 3368 1711 3443; baseline 0.008 -20"><span class='ocrx_word' id='word_1_397' title='bbox 102 3418 105 3423; x_wconf 35' lang='lat'><strong>,</strong></span> <span class='ocrx_word' id='word_1_398' title='bbox 151 3385 170 3418; x_wconf 80' lang='grc' dir='ltr'>ι</span> <span class='ocrx_word' id='word_1_399' title='bbox 212 3368 375 3435; x_wconf 88' lang='lat' dir='ltr'><strong>foras,</strong></span> <span class='ocrx_word' id='word_1_400' title='bbox 415 3379 470 3426; x_wconf 90' lang='lat' dir='ltr'><strong>et</strong></span> <span class='ocrx_word' id='word_1_401' title='bbox 494 3386 612 3429; x_wconf 85' lang='lat' dir='ltr'><strong>cum</strong></span> <span class='ocrx_word' id='word_1_402' title='bbox 641 3373 934 3432; x_wconf 80' lang='lat' dir='ltr'><strong>invenisset</strong></span> <span class='ocrx_word' id='word_1_403' title='bbox 958 3391 1103 3443; x_wconf 90' lang='lat' dir='ltr'><strong>eum,</strong></span> <span class='ocrx_word' id='word_1_404' title='bbox 1144 3377 1281 3433; x_wconf 82' lang='lat' dir='ltr'><strong>dixit</strong></span> <span class='ocrx_word' id='word_1_405' title='bbox 1305 3378 1354 3434; x_wconf 90' lang='lat' dir='ltr'><strong>ei</strong></span> <span class='ocrx_word' id='word_1_406' title='bbox 1379 3396 1394 3434; x_wconf 90' lang='lat'><strong>:</strong></span> <span class='ocrx_word' id='word_1_407' title='bbox 1418 3377 1497 3434; x_wconf 87' lang='lat' dir='ltr'><strong>Tu</strong></span> <span class='ocrx_word' id='word_1_408' title='bbox 1533 3380 1711 3437; x_wconf 84' lang='lat' dir='ltr'><strong>credis</strong></span> 
     </span>
    </p>
   </div>
   <div class='ocr_carea' id='block_1_51' title="bbox 151 3459 1496 3526">
    <p class='ocr_par' dir='ltr' id='par_1_51' title="bbox 151 3459 1496 3526">
     <span class='ocr_line' id='line_1_51' title="bbox 151 3459 1496 3526; baseline 0.01 -15"><span class='ocrx_word' id='word_1_409' title='bbox 151 3477 171 3510; x_wconf 72' lang='grc' dir='ltr'><em>α</em></span> <span class='ocrx_word' id='word_1_410' title='bbox 205 3459 260 3514; x_wconf 89' lang='lat' dir='ltr'><strong>in</strong></span> <span class='ocrx_word' id='word_1_411' title='bbox 288 3460 476 3518; x_wconf 84' lang='lat' dir='ltr'><strong>Filium</strong></span> <span class='ocrx_word' id='word_1_412' title='bbox 504 3464 635 3521; x_wconf 76' lang='lat' dir='ltr'><strong>Dei?</strong></span> <span class='ocrx_word' id='word_1_413' title='bbox 666 3486 685 3518; x_wconf 74' lang='grc' dir='ltr'><strong><em>ι</em></strong></span> <span class='ocrx_word' id='word_1_414' title='bbox 720 3465 878 3524; x_wconf 75' lang='lat' dir='ltr'><strong>Modo</strong></span> <span class='ocrx_word' id='word_1_415' title='bbox 904 3467 1049 3523; x_wconf 87' lang='lat' dir='ltr'><strong>lavat</strong></span> <span class='ocrx_word' id='word_1_416' title='bbox 1078 3467 1269 3526; x_wconf 84' lang='lat' dir='ltr'><strong>faciem</strong></span> <span class='ocrx_word' id='word_1_417' title='bbox 1297 3468 1496 3525; x_wconf 90' lang='lat' dir='ltr'><strong>cordis.</strong></span> 
     </span>
    </p>
   </div>
   <div class='ocr_carea' id='block_1_52' title="bbox 212 3554 1712 3634">
    <p class='ocr_par' dir='ltr' id='par_1_52' title="bbox 212 3554 1712 3634">
     <span class='ocr_line' id='line_1_52' title="bbox 212 3554 1712 3634; baseline 0.007 -23"><span class='ocrx_word' id='word_1_418' title='bbox 212 3573 233 3605; x_wconf 85' lang='grc'><em>‹</em></span> <span class='ocrx_word' id='word_1_419' title='bbox 254 3554 566 3627; x_wconf 81' lang='lat' dir='ltr'><strong>Respondit,</strong></span> <span class='ocrx_word' id='word_1_420' title='bbox 584 3567 640 3617; x_wconf 92' lang='lat' dir='ltr'><strong>et</strong></span> <span class='ocrx_word' id='word_1_421' title='bbox 666 3562 806 3618; x_wconf 72' lang='lat' dir='ltr'><strong>dixit</strong></span> <span class='ocrx_word' id='word_1_422' title='bbox 835 3582 855 3615; x_wconf 82' lang='grc'><strong>›</strong></span> <span class='ocrx_word' id='word_1_423' title='bbox 870 3563 1023 3634; x_wconf 91' lang='lat' dir='ltr'><strong>quasi</strong></span> <span class='ocrx_word' id='word_1_424' title='bbox 1046 3563 1512 3621; x_wconf 86' lang='lat' dir='ltr'><strong>adhucinunctus:</strong></span> <span class='ocrx_word' id='word_1_425' title='bbox 1540 3584 1558 3617; x_wconf 77' lang='grc' dir='ltr'>ι</span> <span class='ocrx_word' id='word_1_426' title='bbox 1579 3563 1712 3634; x_wconf 84' lang='lat' dir='ltr'><strong>Quis</strong></span> 
     </span>
    </p>
   </div>
   <div class='ocr_carea' id='block_1_53' title="bbox 144 3652 1713 3721">
    <p class='ocr_par' dir='ltr' id='par_1_53' title="bbox 144 3652 1713 3721">
     <span class='ocr_line' id='line_1_53' title="bbox 144 3652 1713 3721; baseline 0.006 -17"><span class='ocrx_word' id='word_1_427' title='bbox 144 3666 162 3699; x_wconf 71' lang='grc' dir='ltr'>ι</span> <span class='ocrx_word' id='word_1_428' title='bbox 201 3656 304 3717; x_wconf 92' lang='lat' dir='ltr'><strong>est,</strong></span> <span class='ocrx_word' id='word_1_429' title='bbox 325 3652 561 3721; x_wconf 83' lang='lat' dir='ltr'><strong>Domine,</strong></span> <span class='ocrx_word' id='word_1_430' title='bbox 588 3656 874 3712; x_wconf 85' lang='lat' dir='ltr'><strong>utcredam</strong></span> <span class='ocrx_word' id='word_1_431' title='bbox 892 3656 945 3712; x_wconf 91' lang='lat' dir='ltr'><strong>in</strong></span> <span class='ocrx_word' id='word_1_432' title='bbox 965 3657 1204 3714; x_wconf 70' lang='lat' dir='ltr'><strong>eumiEt</strong></span> <span class='ocrx_word' id='word_1_433' title='bbox 1217 3658 1351 3714; x_wconf 87' lang='lat' dir='ltr'><strong>dixit</strong></span> <span class='ocrx_word' id='word_1_434' title='bbox 1367 3659 1415 3715; x_wconf 91' lang='lat' dir='ltr'><strong>ei</strong></span> <span class='ocrx_word' id='word_1_435' title='bbox 1430 3659 1585 3715; x_wconf 84' lang='lat' dir='ltr'><strong>.lesus</strong></span> <span class='ocrx_word' id='word_1_436' title='bbox 1607 3677 1621 3713; x_wconf 75' lang='grc' dir='ltr'><strong><em>τ</em></strong></span> <span class='ocrx_word' id='word_1_437' title='bbox 1645 3658 1713 3714; x_wconf 86' lang='lat' dir='ltr'><strong>Et</strong></span> 
     </span>
    </p>
   </div>
   <div class='ocr_carea' id='block_1_54' title="bbox 144 3740 1708 3821">
    <p class='ocr_par' dir='ltr' id='par_1_54' title="bbox 144 3740 1708 3821">
     <span class='ocr_line' id='line_1_54' title="bbox 144 3740 1708 3821; baseline 0.012 -31"><span class='ocrx_word' id='word_1_438' title='bbox 144 3757 160 3789; x_wconf 84' lang='lat' dir='ltr'><strong>t</strong></span> <span class='ocrx_word' id='word_1_439' title='bbox 201 3740 381 3796; x_wconf 85' lang='lat' dir='ltr'><strong>vidisti</strong></span> <span class='ocrx_word' id='word_1_440' title='bbox 410 3758 554 3811; x_wconf 87' lang='lat' dir='ltr'><strong>eum,</strong></span> <span class='ocrx_word' id='word_1_441' title='bbox 585 3753 641 3802; x_wconf 90' lang='lat' dir='ltr'><strong>et</strong></span> <span class='ocrx_word' id='word_1_442' title='bbox 686 3747 778 3817; x_wconf 72' lang='lat' dir='ltr'><strong>Qui</strong></span> <span class='ocrx_word' id='word_1_443' title='bbox 803 3746 1041 3818; x_wconf 85' lang='lat' dir='ltr'><strong>loquitur</strong></span> <span class='ocrx_word' id='word_1_444' title='bbox 1074 3757 1250 3805; x_wconf 91' lang='lat' dir='ltr'><strong>tecum</strong></span> <span class='ocrx_word' id='word_1_445' title='bbox 1281 3750 1395 3821; x_wconf 89' lang='lat' dir='ltr'><strong>ipse</strong></span> <span class='ocrx_word' id='word_1_446' title='bbox 1423 3759 1525 3806; x_wconf 89' lang='lat' dir='ltr'><strong>est.</strong></span> <span class='ocrx_word' id='word_1_447' title='bbox 1555 3750 1708 3808; x_wconf 84' lang='lat' dir='ltr'><strong>Tunc</strong></span> 
     </span>
    </p>
   </div>
   <div class='ocr_carea' id='block_1_55' title="bbox 146 3834 1708 3911">
    <p class='ocr_par' dir='ltr' id='par_1_55' title="bbox 146 3834 1708 3911">
     <span class='ocr_line' id='line_1_55' title="bbox 146 3834 1708 3911; baseline 0.008 -24"><span class='ocrx_word' id='word_1_448' title='bbox 146 3846 161 3879; x_wconf 76' lang='grc' dir='ltr'><strong>ε</strong></span> <span class='ocrx_word' id='word_1_449' title='bbox 198 3840 503 3900; x_wconf 76' lang='lat' dir='ltr'><strong>prostratus</strong></span> <span class='ocrx_word' id='word_1_450' title='bbox 517 3834 765 3892; x_wconf 79' lang='lat' dir='ltr'><strong>adoravit</strong></span> <span class='ocrx_word' id='word_1_451' title='bbox 799 3844 943 3894; x_wconf 88' lang='lat' dir='ltr'><strong>eum.</strong></span> <span class='ocrx_word' id='word_1_452' title='bbox 976 3857 996 3890; x_wconf 77' lang='grc' dir='ltr'>ι</span> <span class='ocrx_word' id='word_1_453' title='bbox 1032 3838 1271 3911; x_wconf 89' lang='lat' dir='ltr'><strong>Denique</strong></span> <span class='ocrx_word' id='word_1_454' title='bbox 1293 3839 1402 3909; x_wconf 85' lang='lat' dir='ltr'><strong>jam</strong></span> <span class='ocrx_word' id='word_1_455' title='bbox 1443 3841 1708 3899; x_wconf 86' lang='lat' dir='ltr'><strong>facielota</strong></span> 
     </span>
    </p>
   </div>
   <div class='ocr_carea' id='block_1_56' title="bbox 141 3924 1701 4006">
    <p class='ocr_par' dir='ltr' id='par_1_56' title="bbox 141 3924 1701 4006">
     <span class='ocr_line' id='line_1_56' title="bbox 141 3924 1701 4006; baseline 0.01 -28"><span class='ocrx_word' id='word_1_456' title='bbox 141 3924 329 3992; x_wconf 87' lang='lat' dir='ltr'><strong>cordis,</strong></span> <span class='ocrx_word' id='word_1_457' title='bbox 375 3935 433 3982; x_wconf 88' lang='lat' dir='ltr'><strong>et</strong></span> <span class='ocrx_word' id='word_1_458' title='bbox 479 3930 740 3984; x_wconf 85' lang='lat' dir='ltr'><strong>mundata</strong></span> <span class='ocrx_word' id='word_1_459' title='bbox 797 3933 1148 3999; x_wconf 66' lang='lat' dir='ltr'><strong>conSeientia,</strong></span> <span class='ocrx_word' id='word_1_460' title='bbox 1198 3948 1492 4006; x_wconf 76' lang='lat' dir='ltr'><strong>agnoscens</strong></span> <span class='ocrx_word' id='word_1_461' title='bbox 1548 3936 1701 3993; x_wconf 90' lang='lat' dir='ltr'><strong>illum</strong></span> 
     </span>
    </p>
   </div>
   <div class='ocr_carea' id='block_1_57' title="bbox 144 4013 1701 4090">
    <p class='ocr_par' dir='ltr' id='par_1_57' title="bbox 144 4013 1701 4090">
     <span class='ocr_line' id='line_1_57' title="bbox 144 4013 1701 4090; baseline 0.009 -23"><span class='ocrx_word' id='word_1_462' title='bbox 144 4027 235 4068; x_wconf 92' lang='lat' dir='ltr'><strong>non</strong></span> <span class='ocrx_word' id='word_1_463' title='bbox 272 4013 440 4071; x_wconf 86' lang='lat' dir='ltr'><strong>ﬁlium</strong></span> <span class='ocrx_word' id='word_1_464' title='bbox 464 4015 663 4089; x_wconf 84' lang='lat' dir='ltr'><strong>Joseph</strong></span> <span class='ocrx_word' id='word_1_465' title='bbox 690 4020 836 4090; x_wconf 85' lang='lat' dir='ltr'><strong>quod</strong></span> <span class='ocrx_word' id='word_1_466' title='bbox 858 4028 982 4077; x_wconf 88' lang='lat' dir='ltr'><strong>ante</strong></span> <span class='ocrx_word' id='word_1_467' title='bbox 1022 4022 1340 4087; x_wconf 89' lang='lat' dir='ltr'><strong>crediderat,</strong></span> <span class='ocrx_word' id='word_1_468' title='bbox 1381 4024 1474 4080; x_wconf 88' lang='lat' dir='ltr'><strong>sed</strong></span> <span class='ocrx_word' id='word_1_469' title='bbox 1503 4024 1701 4081; x_wconf 82' lang='lat' dir='ltr'><strong>Filium</strong></span> 
     </span>
    </p>
   </div>
   <div class='ocr_carea' id='block_1_58' title="bbox 144 4100 1708 4187">
    <p class='ocr_par' dir='ltr' id='par_1_58' title="bbox 144 4100 1708 4187">
     <span class='ocr_line' id='line_1_58' title="bbox 144 4100 1708 4187; baseline 0.01 -29"><span class='ocrx_word' id='word_1_470' title='bbox 144 4100 225 4159; x_wconf 87' lang='lat' dir='ltr'><strong>Dei</strong></span> <span class='ocrx_word' id='word_1_471' title='bbox 249 4120 412 4177; x_wconf 89' lang='lat' dir='ltr'><strong>quem</strong></span> <span class='ocrx_word' id='word_1_472' title='bbox 455 4109 689 4174; x_wconf 83' lang='lat' dir='ltr'><strong>videbat,</strong></span> <span class='ocrx_word' id='word_1_473' title='bbox 723 4111 838 4166; x_wconf 88' lang='lat' dir='ltr'><strong>ait:</strong></span> <span class='ocrx_word' id='word_1_474' title='bbox 867 4131 886 4164; x_wconf 73' lang='grc' dir='ltr'><strong>ε</strong></span> <span class='ocrx_word' id='word_1_475' title='bbox 915 4110 1108 4178; x_wconf 88' lang='lat' dir='ltr'><strong>Credo,</strong></span> <span class='ocrx_word' id='word_1_476' title='bbox 1141 4113 1385 4170; x_wconf 89' lang='lat' dir='ltr'><strong>Domine.</strong></span> <span class='ocrx_word' id='word_1_477' title='bbox 1419 4135 1437 4166; x_wconf 74' lang='grc' dir='ltr'><strong>ι</strong></span> <span class='ocrx_word' id='word_1_478' title='bbox 1476 4114 1583 4171; x_wconf 83' lang='lat' dir='ltr'><strong>Sed</strong></span> <span class='ocrx_word' id='word_1_479' title='bbox 1610 4130 1708 4187; x_wconf 88' lang='lat' dir='ltr'><strong>pa-</strong></span> 
     </span>
    </p>
   </div>
   <div class='ocr_carea' id='block_1_59' title="bbox 144 4194 1709 4276">
    <p class='ocr_par' dir='ltr' id='par_1_59' title="bbox 144 4194 1709 4276">
     <span class='ocr_line' id='line_1_59' title="bbox 144 4194 1709 4276; baseline 0.012 -30"><span class='ocrx_word' id='word_1_480' title='bbox 144 4206 248 4249; x_wconf 88' lang='lat' dir='ltr'><strong>rum</strong></span> <span class='ocrx_word' id='word_1_481' title='bbox 291 4196 382 4252; x_wconf 84' lang='lat' dir='ltr'><strong>est</strong></span> <span class='ocrx_word' id='word_1_482' title='bbox 420 4194 605 4256; x_wconf 86' lang='lat' dir='ltr'><strong>dicere</strong></span> <span class='ocrx_word' id='word_1_483' title='bbox 643 4199 836 4258; x_wconf 86' lang='lat' dir='ltr'><strong>Credo.</strong></span> <span class='ocrx_word' id='word_1_484' title='bbox 885 4202 977 4259; x_wconf 85' lang='lat' dir='ltr'><strong>Vis</strong></span> <span class='ocrx_word' id='word_1_485' title='bbox 1014 4204 1196 4260; x_wconf 87' lang='lat' dir='ltr'><strong>videre</strong></span> <span class='ocrx_word' id='word_1_486' title='bbox 1240 4207 1450 4276; x_wconf 89' lang='lat' dir='ltr'><strong>qualem</strong></span> <span class='ocrx_word' id='word_1_487' title='bbox 1480 4209 1709 4265; x_wconf 77' lang='lat' dir='ltr'><strong>credat?</strong></span> 
     </span>
    </p>
   </div>
   <div class='ocr_carea' id='block_1_60' title="bbox 151 4289 1707 4357">
    <p class='ocr_par' dir='ltr' id='par_1_60' title="bbox 151 4289 1707 4357">
     <span class='ocr_line' id='line_1_60' title="bbox 151 4289 1707 4357; baseline 0.009 -14"><span class='ocrx_word' id='word_1_488' title='bbox 151 4306 166 4339; x_wconf 72' lang='grc' dir='ltr'><strong><em>ε</em></strong></span> <span class='ocrx_word' id='word_1_489' title='bbox 204 4289 496 4350; x_wconf 87' lang='lat' dir='ltr'><strong>Procidens</strong></span> <span class='ocrx_word' id='word_1_490' title='bbox 541 4296 788 4352; x_wconf 79' lang='lat' dir='ltr'><strong>adoravit</strong></span> <span class='ocrx_word' id='word_1_491' title='bbox 831 4300 974 4352; x_wconf 70' lang='lat' dir='ltr'><strong>cum.</strong></span> <span class='ocrx_word' id='word_1_492' title='bbox 1020 4314 1038 4350; x_wconf 75' lang='grc' dir='ltr'><strong><em>ι</em></strong></span> <span class='ocrx_word' id='word_1_493' title='bbox 1082 4297 1140 4353; x_wconf 91' lang='lat' dir='ltr'><strong>Si</strong></span> <span class='ocrx_word' id='word_1_494' title='bbox 1174 4297 1340 4355; x_wconf 91' lang='lat' dir='ltr'><strong>Deum</strong></span> <span class='ocrx_word' id='word_1_495' title='bbox 1389 4301 1481 4357; x_wconf 91' lang='lat' dir='ltr'><strong>Dei</strong></span> <span class='ocrx_word' id='word_1_496' title='bbox 1512 4300 1707 4357; x_wconf 78' lang='lat' dir='ltr'><strong>Filium</strong></span> 
     </span>
    </p>
   </div>
   <div class='ocr_carea' id='block_1_61' title="bbox 146 4376 1710 4460">
    <p class='ocr_par' dir='ltr' id='par_1_61' title="bbox 146 4376 1710 4460">
     <span class='ocr_line' id='line_1_61' title="bbox 146 4376 1710 4460; baseline 0.007 -21"><span class='ocrx_word' id='word_1_497' title='bbox 146 4399 237 4440; x_wconf 86' lang='lat' dir='ltr'><strong>non</strong></span> <span class='ocrx_word' id='word_1_498' title='bbox 262 4376 587 4445; x_wconf 82' lang='lat' dir='ltr'><strong>credidisset</strong></span> <span class='ocrx_word' id='word_1_499' title='bbox 612 4402 772 4460; x_wconf 87' lang='lat' dir='ltr'><strong>quem</strong></span> <span class='ocrx_word' id='word_1_500' title='bbox 806 4390 1047 4458; x_wconf 79' lang='lat' dir='ltr'><strong>videbat,</strong></span> <span class='ocrx_word' id='word_1_501' title='bbox 1089 4392 1395 4448; x_wconf 83' lang='lat' dir='ltr'><strong>nullatenus</strong></span> <span class='ocrx_word' id='word_1_502' title='bbox 1432 4393 1710 4450; x_wconf 85' lang='lat' dir='ltr'><strong>adorasset</strong></span> 
     </span>
    </p>
   </div>
   <div class='ocr_carea' id='block_1_62' title="bbox 145 4477 1710 4554">
    <p class='ocr_par' dir='ltr' id='par_1_62' title="bbox 145 4477 1710 4554">
     <span class='ocr_line' id='line_1_62' title="bbox 145 4477 1710 4554; baseline 0.01 -26"><span class='ocrx_word' id='word_1_503' title='bbox 145 4490 270 4532; x_wconf 83' lang='lat' dir='ltr'><strong>eum.</strong></span> <span class='ocrx_word' id='word_1_504' title='bbox 321 4477 620 4537; x_wconf 88' lang='lat' dir='ltr'><strong>incumbite</strong></span> <span class='ocrx_word' id='word_1_505' title='bbox 665 4490 795 4554; x_wconf 71' lang='lat' dir='ltr'><strong>ergo</strong></span> <span class='ocrx_word' id='word_1_506' title='bbox 827 4482 1159 4539; x_wconf 71' lang='lat' dir='ltr'><strong>Oratiunihus</strong></span> <span class='ocrx_word' id='word_1_507' title='bbox 1193 4490 1523 4554; x_wconf 79' lang='lat' dir='ltr'><strong>peccatores.</strong></span> <span class='ocrx_word' id='word_1_508' title='bbox 1564 4484 1710 4543; x_wconf 82' lang='lat' dir='ltr'><strong>Con-</strong></span> 
     </span>
    </p>
   </div>
   <div class='ocr_carea' id='block_1_63' title="bbox 146 4566 1711 4645">
    <p class='ocr_par' dir='ltr' id='par_1_63' title="bbox 146 4566 1711 4645">
     <span class='ocr_line' id='line_1_63' title="bbox 146 4566 1711 4645; baseline 0.008 -23"><span class='ocrx_word' id='word_1_509' title='bbox 146 4566 355 4626; x_wconf 82' lang='lat' dir='ltr'><strong>litemini</strong></span> <span class='ocrx_word' id='word_1_510' title='bbox 382 4582 601 4645; x_wconf 88' lang='lat' dir='ltr'><strong>peccata</strong></span> <span class='ocrx_word' id='word_1_511' title='bbox 626 4582 830 4644; x_wconf 88' lang='lat' dir='ltr'><strong>vestra,</strong></span> <span class='ocrx_word' id='word_1_512' title='bbox 859 4582 1011 4631; x_wconf 87' lang='lat' dir='ltr'><strong>orate</strong></span> <span class='ocrx_word' id='word_1_513' title='bbox 1038 4584 1098 4630; x_wconf 88' lang='lat' dir='ltr'><strong>ut</strong></span> <span class='ocrx_word' id='word_1_514' title='bbox 1132 4574 1430 4642; x_wconf 87' lang='lat' dir='ltr'><strong>deleantur,</strong></span> <span class='ocrx_word' id='word_1_515' title='bbox 1466 4585 1617 4633; x_wconf 87' lang='lat' dir='ltr'><strong>orate</strong></span> <span class='ocrx_word' id='word_1_516' title='bbox 1647 4582 1711 4635; x_wconf 90' lang='lat' dir='ltr'><strong>ut</strong></span> 
     </span>
    </p>
   </div>
   <div class='ocr_carea' id='block_1_64' title="bbox 147 4653 1710 4741">
    <p class='ocr_par' dir='ltr' id='par_1_64' title="bbox 147 4653 1710 4741">
     <span class='ocr_line' id='line_1_64' title="bbox 147 4653 1710 4741; baseline 0.008 -27"><span class='ocrx_word' id='word_1_517' title='bbox 147 4662 462 4735; x_wconf 82' lang='lat' dir='ltr'><strong>minuantur,</strong></span> <span class='ocrx_word' id='word_1_518' title='bbox 504 4653 662 4725; x_wconf 75' lang='lat' dir='ltr'><strong>orate</strong></span> <span class='ocrx_word' id='word_1_519' title='bbox 704 4673 763 4725; x_wconf 90' lang='lat' dir='ltr'><strong>ut</strong></span> <span class='ocrx_word' id='word_1_520' title='bbox 810 4669 962 4725; x_wconf 84' lang='lat' dir='ltr'><strong>vobis</strong></span> <span class='ocrx_word' id='word_1_521' title='bbox 988 4666 1393 4741; x_wconf 81' lang='lat' dir='ltr'><strong>proficientibus</strong></span> <span class='ocrx_word' id='word_1_522' title='bbox 1435 4670 1552 4741; x_wconf 89' lang='lat' dir='ltr'><strong>ipsa</strong></span> <span class='ocrx_word' id='word_1_523' title='bbox 1580 4667 1710 4727; x_wconf 84' lang='lat' dir='ltr'><strong>deii-</strong></span> 
     </span>
    </p>
   </div>
   <div class='ocr_carea' id='block_1_65' title="bbox 146 4752 291 4814">
    <p class='ocr_par' dir='ltr' id='par_1_65' title="bbox 146 4752 291 4814">
     <span class='ocr_line' id='line_1_65' title="bbox 146 4752 291 4814; baseline 0.034 -5"><span class='ocrx_word' id='word_1_524' title='bbox 146 4752 291 4814; x_wconf 87' lang='lat' dir='ltr'><strong>ciant.</strong></span> 
     </span>
    </p>
   </div>
   <div class='ocr_carea' id='block_1_66' title="bbox 699 4866 1143 4936">
    <p class='ocr_par' dir='ltr' id='par_1_66' title="bbox 699 4866 1143 4936">
     <span class='ocr_line' id='line_1_66' title="bbox 699 4866 1143 4936; baseline 0.005 -4"><span class='ocrx_word' id='word_1_525' title='bbox 699 4866 979 4934; x_wconf 79' lang='lat' dir='ltr'><strong>HOMILIA</strong></span> <span class='ocrx_word' id='word_1_526' title='bbox 1015 4866 1143 4936; x_wconf 84' lang='lat' dir='ltr'><strong>Lill.</strong></span> 
     </span>
    </p>
   </div>
   <div class='ocr_carea' id='block_1_67' title="bbox 513 4988 1331 5053">
    <p class='ocr_par' dir='ltr' id='par_1_67' title="bbox 513 4988 1331 5053">
     <span class='ocr_line' id='line_1_67' title="bbox 513 4988 1331 5053; baseline 0.006 -11"><span class='ocrx_word' id='word_1_527' title='bbox 513 5002 671 5044; x_wconf 74' lang='lat' dir='ltr'><strong>mm</strong></span> <span class='ocrx_word' id='word_1_528' title='bbox 703 5003 897 5053; x_wconf 78' lang='lat' dir='ltr'><strong>ontnn</strong></span> <span class='ocrx_word' id='word_1_529' title='bbox 936 5004 1065 5047; x_wconf 77' lang='lat' dir='ltr'><strong>ros&#39;r</strong></span> <span class='ocrx_word' id='word_1_530' title='bbox 1105 4988 1331 5047; x_wconf 78' lang='lat' dir='ltr'><strong>Lwtare.</strong></span> 
     </span>
    </p>
   </div>
   <div class='ocr_carea' id='block_1_68' title="bbox 209 5112 1707 5194">
    <p class='ocr_par' dir='ltr' id='par_1_68' title="bbox 209 5112 1707 5194">
     <span class='ocr_line' id='line_1_68' title="bbox 209 5112 1707 5194; baseline 0.003 -19"><span class='ocrx_word' id='word_1_531' title='bbox 209 5117 384 5190; x_wconf 67' lang='lat' dir='ltr'><strong>(loss.</strong></span> <span class='ocrx_word' id='word_1_532' title='bbox 410 5119 493 5193; x_wconf 88' lang='lat' dir='ltr'><strong>v.)</strong></span> <span class='ocrx_word' id='word_1_533' title='bbox 526 5134 545 5173; x_wconf 82' lang='grc' dir='ltr'>ι</span> <span class='ocrx_word' id='word_1_534' title='bbox 580 5112 639 5176; x_wconf 85' lang='lat' dir='ltr'><strong>in</strong></span> <span class='ocrx_word' id='word_1_535' title='bbox 668 5121 760 5177; x_wconf 87' lang='lat' dir='ltr'><strong>illo</strong></span> <span class='ocrx_word' id='word_1_536' title='bbox 790 5128 1050 5194; x_wconf 84' lang='lat' dir='ltr'><strong>tempore,</strong></span> <span class='ocrx_word' id='word_1_537' title='bbox 1075 5124 1211 5179; x_wconf 79' lang='lat' dir='ltr'><strong>dixit</strong></span> <span class='ocrx_word' id='word_1_538' title='bbox 1228 5122 1385 5181; x_wconf 74' lang='lat' dir='ltr'><strong>JeSus</strong></span> <span class='ocrx_word' id='word_1_539' title='bbox 1411 5122 1582 5181; x_wconf 86' lang='lat' dir='ltr'><strong>turbis</strong></span> <span class='ocrx_word' id='word_1_540' title='bbox 1611 5124 1707 5182; x_wconf 80' lang='lat' dir='ltr'><strong>Ju-</strong></span> 
     </span>
    </p>
   </div>
   <div class='ocr_carea' id='block_1_69' title="bbox 157 5212 1711 5288">
    <p class='ocr_par' dir='ltr' id='par_1_69' title="bbox 157 5212 1711 5288">
     <span class='ocr_line' id='line_1_69' title="bbox 157 5212 1711 5288; baseline 0.002 -19"><span class='ocrx_word' id='word_1_541' title='bbox 157 5227 173 5261; x_wconf 76' lang='grc' dir='ltr'>ι</span> <span class='ocrx_word' id='word_1_542' title='bbox 210 5214 441 5269; x_wconf 66' lang='grc' dir='ltr'><strong>ὁποι-απτ</strong></span> <span class='ocrx_word' id='word_1_543' title='bbox 467 5233 482 5270; x_wconf 91' lang='lat'><strong>:</strong></span> <span class='ocrx_word' id='word_1_544' title='bbox 502 5212 668 5270; x_wconf 85' lang='lat' dir='ltr'><strong>Pater</strong></span> <span class='ocrx_word' id='word_1_545' title='bbox 686 5230 839 5271; x_wconf 88' lang='lat' dir='ltr'><strong>meus</strong></span> <span class='ocrx_word' id='word_1_546' title='bbox 862 5230 1029 5287; x_wconf 87' lang='lat' dir='ltr'><strong>usque</strong></span> <span class='ocrx_word' id='word_1_547' title='bbox 1049 5218 1208 5274; x_wconf 85' lang='lat' dir='ltr'><strong>modo</strong></span> <span class='ocrx_word' id='word_1_548' title='bbox 1231 5222 1511 5287; x_wconf 90' lang='lat' dir='ltr'><strong>operatur,</strong></span> <span class='ocrx_word' id='word_1_549' title='bbox 1532 5225 1589 5272; x_wconf 88' lang='lat' dir='ltr'><strong>et</strong></span> <span class='ocrx_word' id='word_1_550' title='bbox 1609 5224 1711 5288; x_wconf 69' lang='lat' dir='ltr'><strong>ego</strong></span> 
     </span>
    </p>
   </div>
   <div class='ocr_carea' id='block_1_70' title="bbox 155 5300 1714 5379">
    <p class='ocr_par' dir='ltr' id='par_1_70' title="bbox 155 5300 1714 5379">
     <span class='ocr_line' id='line_1_70' title="bbox 155 5300 1714 5379; baseline 0.002 -19"><span class='ocrx_word' id='word_1_551' title='bbox 155 5321 171 5355; x_wconf 75' lang='grc' dir='ltr'>ι</span> <span class='ocrx_word' id='word_1_552' title='bbox 206 5319 417 5379; x_wconf 84' lang='lat' dir='ltr'><strong>cperor,</strong></span> <span class='ocrx_word' id='word_1_553' title='bbox 450 5326 468 5361; x_wconf 69' lang='grc' dir='ltr'><strong>ν</strong></span> <span class='ocrx_word' id='word_1_554' title='bbox 502 5314 557 5363; x_wconf 88' lang='lat' dir='ltr'><strong>et</strong></span> <span class='ocrx_word' id='word_1_555' title='bbox 586 5307 811 5378; x_wconf 89' lang='lat' dir='ltr'><strong>reliqua.</strong></span> <span class='ocrx_word' id='word_1_556' title='bbox 835 5307 1100 5379; x_wconf 82' lang='lat' dir='ltr'><strong>Operatur</strong></span> <span class='ocrx_word' id='word_1_557' title='bbox 1136 5300 1299 5364; x_wconf 78' lang='lat' dir='ltr'><strong>Pater</strong></span> <span class='ocrx_word' id='word_1_558' title='bbox 1340 5316 1396 5363; x_wconf 89' lang='lat' dir='ltr'><strong>et</strong></span> <span class='ocrx_word' id='word_1_559' title='bbox 1432 5302 1621 5372; x_wconf 82' lang='lat' dir='ltr'><strong>Filius,</strong></span> <span class='ocrx_word' id='word_1_560' title='bbox 1653 5314 1714 5363; x_wconf 91' lang='lat' dir='ltr'><strong>ut</strong></span> 
     </span>
    </p>
   </div>
   <div class='ocr_carea' id='block_1_71' title="bbox 152 5400 1711 5474">
    <p class='ocr_par' dir='ltr' id='par_1_71' title="bbox 152 5400 1711 5474">
     <span class='ocr_line' id='line_1_71' title="bbox 152 5400 1711 5474; baseline 0.002 -22"><span class='ocrx_word' id='word_1_561' title='bbox 152 5408 453 5457; x_wconf 86' lang='lat' dir='ltr'><strong>naturarum</strong></span> <span class='ocrx_word' id='word_1_562' title='bbox 478 5400 761 5458; x_wconf 83' lang='lat' dir='ltr'><strong>diversitas</strong></span> <span class='ocrx_word' id='word_1_563' title='bbox 787 5410 1122 5473; x_wconf 78' lang='lat' dir='ltr'><strong>permaneat,</strong></span> <span class='ocrx_word' id='word_1_564' title='bbox 1152 5416 1273 5473; x_wconf 67' lang='lat' dir='ltr'><strong>qua:</strong></span> <span class='ocrx_word' id='word_1_565' title='bbox 1300 5403 1352 5458; x_wconf 91' lang='lat' dir='ltr'><strong>in</strong></span> <span class='ocrx_word' id='word_1_566' title='bbox 1380 5401 1552 5474; x_wconf 89' lang='lat' dir='ltr'><strong>prima</strong></span> <span class='ocrx_word' id='word_1_567' title='bbox 1578 5416 1711 5456; x_wconf 87' lang='lat' dir='ltr'><strong>con-</strong></span> 
     </span>
    </p>
   </div>
   <div class='ocr_carea' id='block_1_72' title="bbox 152 5488 1713 5550">
    <p class='ocr_par' dir='ltr' id='par_1_72' title="bbox 152 5488 1713 5550">
     <span class='ocr_line' id='line_1_72' title="bbox 152 5488 1713 5550; baseline 0.003 -8"><span class='ocrx_word' id='word_1_568' title='bbox 152 5488 337 5549; x_wconf 88' lang='lat' dir='ltr'><strong>ditione</strong></span> <span class='ocrx_word' id='word_1_569' title='bbox 362 5494 544 5549; x_wconf 90' lang='lat' dir='ltr'><strong>mundi</strong></span> <span class='ocrx_word' id='word_1_570' title='bbox 574 5494 803 5550; x_wconf 67' lang='lat' dir='ltr'><strong>conditae</strong></span> <span class='ocrx_word' id='word_1_571' title='bbox 827 5503 970 5548; x_wconf 88' lang='lat' dir='ltr'><strong>sunt.</strong></span> <span class='ocrx_word' id='word_1_572' title='bbox 997 5490 1121 5549; x_wconf 73' lang='lat' dir='ltr'><strong>idco</strong></span> <span class='ocrx_word' id='word_1_573' title='bbox 1153 5494 1354 5549; x_wconf 89' lang='lat' dir='ltr'><strong>dictum</strong></span> <span class='ocrx_word' id='word_1_574' title='bbox 1384 5501 1465 5549; x_wconf 90' lang='lat' dir='ltr'><strong>est</strong></span> <span class='ocrx_word' id='word_1_575' title='bbox 1486 5494 1549 5547; x_wconf 81' lang='lat' dir='ltr'><strong>in</strong></span> <span class='ocrx_word' id='word_1_576' title='bbox 1564 5491 1713 5547; x_wconf 86' lang='lat' dir='ltr'><strong>Psal-</strong></span> 
     </span>
    </p>
   </div>
   <div class='ocr_carea' id='block_1_73' title="bbox 153 5572 1707 5655">
    <p class='ocr_par' dir='ltr' id='par_1_73' title="bbox 153 5572 1707 5655">
     <span class='ocr_line' id='line_1_73' title="bbox 153 5572 1707 5655; baseline 0.003 -22"><span class='ocrx_word' id='word_1_577' title='bbox 153 5580 289 5636; x_wconf 85' lang='lat' dir='ltr'><strong>mis:</strong></span> <span class='ocrx_word' id='word_1_578' title='bbox 336 5601 355 5635; x_wconf 78' lang='grc' dir='ltr'>ι</span> <span class='ocrx_word' id='word_1_579' title='bbox 402 5583 505 5652; x_wconf 88' lang='lat' dir='ltr'><strong>Qui</strong></span> <span class='ocrx_word' id='word_1_580' title='bbox 550 5584 704 5639; x_wconf 79' lang='lat' dir='ltr'><strong>tinxit</strong></span> <span class='ocrx_word' id='word_1_581' title='bbox 754 5572 1024 5655; x_wconf 75' lang='lat' dir='ltr'><strong>sigillatim</strong></span> <span class='ocrx_word' id='word_1_582' title='bbox 1083 5587 1243 5639; x_wconf 82' lang='lat' dir='ltr'><strong>corda</strong></span> <span class='ocrx_word' id='word_1_583' title='bbox 1298 5596 1483 5639; x_wconf 90' lang='lat' dir='ltr'><strong>eorum</strong></span> <span class='ocrx_word' id='word_1_584' title='bbox 1534 5581 1707 5653; x_wconf 71' lang='lat' dir='ltr'><strong>(Paul.</strong></span> 
     </span>
    </p>
   </div>
   <div class='ocr_carea' id='block_1_74' title="bbox 153 5670 1711 5750">
    <p class='ocr_par' dir='ltr' id='par_1_74' title="bbox 153 5670 1711 5750">
     <span class='ocr_line' id='line_1_74' title="bbox 153 5670 1711 5750; baseline 0.002 -23"><span class='ocrx_word' id='word_1_585' title='bbox 153 5675 334 5746; x_wconf 76' lang='lat' dir='ltr'><strong>xxxvi).</strong></span> <span class='ocrx_word' id='word_1_586' title='bbox 361 5696 383 5730; x_wconf 76' lang='grc' dir='ltr'><strong>ι</strong></span> <span class='ocrx_word' id='word_1_587' title='bbox 411 5670 529 5732; x_wconf 80' lang='lat' dir='ltr'><strong>Non</strong></span> <span class='ocrx_word' id='word_1_588' title='bbox 559 5678 824 5750; x_wconf 77' lang='lat' dir='ltr'><strong>incognita</strong></span> <span class='ocrx_word' id='word_1_589' title='bbox 868 5677 1167 5732; x_wconf 88' lang='lat' dir='ltr'><strong>animarum</strong></span> <span class='ocrx_word' id='word_1_590' title='bbox 1198 5682 1416 5747; x_wconf 79' lang='lat' dir='ltr'><strong>genera,</strong></span> <span class='ocrx_word' id='word_1_591' title='bbox 1446 5675 1539 5731; x_wconf 87' lang='lat' dir='ltr'><strong>sed</strong></span> <span class='ocrx_word' id='word_1_592' title='bbox 1564 5673 1711 5743; x_wconf 77' lang='lat' dir='ltr'><strong>ejus-</strong></span> 
     </span>
    </p>
   </div>
   <div class='ocr_carea' id='block_1_75' title="bbox 155 5750 1714 5844">
    <p class='ocr_par' dir='ltr' id='par_1_75' title="bbox 155 5750 1714 5844">
     <span class='ocr_line' id='line_1_75' title="bbox 155 5750 1714 5844; baseline -0.001 -16"><span class='ocrx_word' id='word_1_593' title='bbox 155 5767 258 5828; x_wconf 63' lang='grc' dir='ltr'><strong>(ιω</strong></span> <span class='ocrx_word' id='word_1_594' title='bbox 286 5772 601 5831; x_wconf 66' lang='lat' dir='ltr'><strong>sdbstantie</strong></span> <span class='ocrx_word' id='word_1_595' title='bbox 644 5772 875 5839; x_wconf 89' lang='lat' dir='ltr'><strong>animas,</strong></span> <span class='ocrx_word' id='word_1_596' title='bbox 914 5750 1109 5844; x_wconf 40' lang='lat' dir='ltr'><strong>quze&#39;in</strong></span> <span class='ocrx_word' id='word_1_597' title='bbox 1139 5770 1315 5842; x_wconf 88' lang='lat' dir='ltr'><strong>primo</strong></span> <span class='ocrx_word' id='word_1_598' title='bbox 1342 5769 1559 5826; x_wconf 88' lang='lat' dir='ltr'><strong>homine</strong></span> <span class='ocrx_word' id='word_1_599' title='bbox 1582 5780 1714 5826; x_wconf 82' lang='lat' dir='ltr'><strong>con-</strong></span> 
     </span>
    </p>
   </div>
   <div class='ocr_carea' id='block_1_76' title="bbox 1734 4536 1787 4598">
    <p class='ocr_par' dir='ltr' id='par_1_76' title="bbox 1734 4536 1787 4598">
     <span class='ocr_line' id='line_1_76' title="bbox 1734 4536 1787 4598; baseline 0 0"><span class='ocrx_word' id='word_1_600' title='bbox 1734 4536 1787 4598; x_wconf 91' lang='lat' dir='ltr'><strong>D</strong></span> 
     </span>
    </p>
   </div>
   <div class='ocr_carea' id='block_1_77' title="bbox 1828 1916 3397 1990">
    <p class='ocr_par' dir='ltr' id='par_1_77' title="bbox 1828 1916 3397 1990">
     <span class='ocr_line' id='line_1_77' title="bbox 1828 1916 3397 1990; baseline 0.01 -19"><span class='ocrx_word' id='word_1_601' title='bbox 1828 1916 1914 1972; x_wconf 82' lang='lat' dir='ltr'><strong>nis</strong></span> <span class='ocrx_word' id='word_1_602' title='bbox 1942 1927 2192 1986; x_wconf 85' lang='lat' dir='ltr'><strong>operatus</strong></span> <span class='ocrx_word' id='word_1_603' title='bbox 2220 1934 2361 1986; x_wconf 86' lang='lat' dir='ltr'><strong>sum,</strong></span> <span class='ocrx_word' id='word_1_604' title='bbox 2393 1923 2484 1990; x_wconf 86' lang='lat' dir='ltr'><strong>qui</strong></span> <span class='ocrx_word' id='word_1_605' title='bbox 2512 1922 2564 1976; x_wconf 93' lang='lat' dir='ltr'><strong>in</strong></span> <span class='ocrx_word' id='word_1_606' title='bbox 2594 1933 2785 1979; x_wconf 89' lang='lat' dir='ltr'><strong>natura</strong></span> <span class='ocrx_word' id='word_1_607' title='bbox 2816 1926 3121 1983; x_wconf 90' lang='lat' dir='ltr'><strong>Divinitatis</strong></span> <span class='ocrx_word' id='word_1_608' title='bbox 3144 1945 3247 1984; x_wconf 92' lang='lat' dir='ltr'><strong>una</strong></span> <span class='ocrx_word' id='word_1_609' title='bbox 3275 1946 3397 1986; x_wconf 89' lang='lat' dir='ltr'><strong>cum</strong></span> 
     </span>
    </p>
   </div>
   <div class='ocr_carea' id='block_1_78' title="bbox 1822 2006 3398 2092">
    <p class='ocr_par' dir='ltr' id='par_1_78' title="bbox 1822 2006 3398 2092">
     <span class='ocr_line' id='line_1_78' title="bbox 1822 2006 3398 2092; baseline 0.011 -32"><span class='ocrx_word' id='word_1_610' title='bbox 1822 2006 1935 2062; x_wconf 89' lang='lat' dir='ltr'><strong>Deo</strong></span> <span class='ocrx_word' id='word_1_611' title='bbox 1964 2006 2120 2063; x_wconf 75' lang='lat' dir='ltr'><strong>Patm</strong></span> <span class='ocrx_word' id='word_1_612' title='bbox 2158 2018 2323 2066; x_wconf 79' lang='lat' dir='ltr'><strong>totum</strong></span> <span class='ocrx_word' id='word_1_613' title='bbox 2348 2026 2520 2083; x_wconf 63' lang='lat' dir='ltr'><strong>genus</strong></span> <span class='ocrx_word' id='word_1_614' title='bbox 2535 2014 2853 2084; x_wconf 85' lang='lat' dir='ltr'><strong>humanum,</strong></span> <span class='ocrx_word' id='word_1_615' title='bbox 2885 2018 2994 2073; x_wconf 92' lang='lat' dir='ltr'><strong>imo</strong></span> <span class='ocrx_word' id='word_1_616' title='bbox 3018 2027 3181 2074; x_wconf 86' lang='lat' dir='ltr'><strong>totam</strong></span> <span class='ocrx_word' id='word_1_617' title='bbox 3210 2023 3398 2092; x_wconf 87' lang='lat' dir='ltr'><strong>mundi</strong></span> 
     </span>
    </p>
   </div>
   <div class='ocr_carea' id='block_1_79' title="bbox 1821 2098 3401 2183">
    <p class='ocr_par' dir='ltr' id='par_1_79' title="bbox 1821 2098 3401 2183">
     <span class='ocr_line' id='line_1_79' title="bbox 1821 2098 3401 2183; baseline 0.013 -33"><span class='ocrx_word' id='word_1_618' title='bbox 1821 2098 2147 2165; x_wconf 88' lang='lat' dir='ltr'><strong>machinam,</strong></span> <span class='ocrx_word' id='word_1_619' title='bbox 2178 2111 2233 2155; x_wconf 88' lang='lat' dir='ltr'><strong>et</strong></span> <span class='ocrx_word' id='word_1_620' title='bbox 2260 2114 2453 2158; x_wconf 87' lang='lat' dir='ltr'><strong>cuncta</strong></span> <span class='ocrx_word' id='word_1_621' title='bbox 2479 2105 2709 2162; x_wconf 89' lang='lat' dir='ltr'><strong>visibilia</strong></span> <span class='ocrx_word' id='word_1_622' title='bbox 2757 2120 2812 2163; x_wconf 91' lang='lat' dir='ltr'><strong>et</strong></span> <span class='ocrx_word' id='word_1_623' title='bbox 2859 2109 3145 2166; x_wconf 83' lang='lat' dir='ltr'><strong>invisibilia</strong></span> <span class='ocrx_word' id='word_1_624' title='bbox 3188 2114 3401 2183; x_wconf 86' lang='lat' dir='ltr'><strong>quietus</strong></span> 
     </span>
    </p>
   </div>
   <div class='ocr_carea' id='block_1_80' title="bbox 1820 2194 3402 2276">
    <p class='ocr_par' dir='ltr' id='par_1_80' title="bbox 1820 2194 3402 2276">
     <span class='ocr_line' id='line_1_80' title="bbox 1820 2194 3402 2276; baseline 0.01 -32"><span class='ocrx_word' id='word_1_625' title='bbox 1820 2203 2035 2261; x_wconf 87' lang='lat' dir='ltr'><strong>semper</strong></span> <span class='ocrx_word' id='word_1_626' title='bbox 2055 2194 2290 2261; x_wconf 83' lang='lat' dir='ltr'><strong>operor?</strong></span> <span class='ocrx_word' id='word_1_627' title='bbox 2320 2194 2428 2250; x_wconf 87' lang='lat' dir='ltr'><strong>Sed</strong></span> <span class='ocrx_word' id='word_1_628' title='bbox 2458 2197 2561 2267; x_wconf 87' lang='lat' dir='ltr'><strong>ipsi</strong></span> <span class='ocrx_word' id='word_1_629' title='bbox 2591 2197 2714 2255; x_wconf 88' lang='lat' dir='ltr'><strong>talis</strong></span> <span class='ocrx_word' id='word_1_630' title='bbox 2745 2213 2809 2256; x_wconf 88' lang='lat' dir='ltr'><strong>ac</strong></span> <span class='ocrx_word' id='word_1_631' title='bbox 2845 2203 2980 2257; x_wconf 88' lang='lat' dir='ltr'><strong>tanti</strong></span> <span class='ocrx_word' id='word_1_632' title='bbox 3026 2204 3268 2276; x_wconf 88' lang='lat' dir='ltr'><strong>mysterii</strong></span> <span class='ocrx_word' id='word_1_633' title='bbox 3300 2205 3402 2260; x_wconf 87' lang='lat' dir='ltr'><strong>mi-</strong></span> 
     </span>
    </p>
   </div>
   <div class='ocr_carea' id='block_1_81' title="bbox 1819 2296 2193 2352">
    <p class='ocr_par' dir='ltr' id='par_1_81' title="bbox 1819 2296 2193 2352">
     <span class='ocr_line' id='line_1_81' title="bbox 1819 2296 2193 2352; baseline 0.013 -17"><span class='ocrx_word' id='word_1_634' title='bbox 1819 2296 1921 2336; x_wconf 89' lang='lat' dir='ltr'><strong>nus</strong></span> <span class='ocrx_word' id='word_1_635' title='bbox 1946 2296 2193 2352; x_wconf 86' lang='lat' dir='ltr'><strong>capaces,</strong></span> 
     </span>
    </p>
   </div>
   <div class='ocr_carea' id='block_1_82' title="bbox 1894 2372 3391 2455">
    <p class='ocr_par' dir='ltr' id='par_1_82' title="bbox 1894 2372 3391 2455">
     <span class='ocr_line' id='line_1_82' title="bbox 1894 2372 3391 2455; baseline 0.013 -30"><span class='ocrx_word' id='word_1_636' title='bbox 1894 2389 1914 2422; x_wconf 82' lang='grc'><em>‹</em></span> <span class='ocrx_word' id='word_1_637' title='bbox 1953 2372 2245 2445; x_wconf 90' lang='lat' dir='ltr'><strong>Propterea</strong></span> <span class='ocrx_word' id='word_1_638' title='bbox 2301 2377 2472 2447; x_wconf 74' lang='lat' dir='ltr'><strong>magis</strong></span> <span class='ocrx_word' id='word_1_639' title='bbox 2518 2380 2831 2450; x_wconf 65' lang='lat' dir='ltr'><strong>quaerebant</strong></span> <span class='ocrx_word' id='word_1_640' title='bbox 2879 2396 3003 2440; x_wconf 93' lang='lat' dir='ltr'><strong>eum</strong></span> <span class='ocrx_word' id='word_1_641' title='bbox 3043 2386 3350 2445; x_wconf 80' lang='lat' dir='ltr'><strong>interficere</strong></span> <span class='ocrx_word' id='word_1_642' title='bbox 3376 2431 3391 2455; x_wconf 90' lang='lat'><strong>,</strong></span> 
     </span>
    </p>
   </div>
   <div class='ocr_carea' id='block_1_83' title="bbox 1825 2463 3395 2541">
    <p class='ocr_par' dir='ltr' id='par_1_83' title="bbox 1825 2463 3395 2541">
     <span class='ocr_line' id='line_1_83' title="bbox 1825 2463 3395 2541; baseline 0.013 -28"><span class='ocrx_word' id='word_1_643' title='bbox 1825 2481 1844 2512; x_wconf 84' lang='grc'><strong><em>‹</em></strong></span> <span class='ocrx_word' id='word_1_644' title='bbox 1875 2463 1999 2533; x_wconf 90' lang='lat' dir='ltr'><strong>quia</strong></span> <span class='ocrx_word' id='word_1_645' title='bbox 2038 2479 2142 2519; x_wconf 94' lang='lat' dir='ltr'><strong>non</strong></span> <span class='ocrx_word' id='word_1_646' title='bbox 2171 2465 2345 2521; x_wconf 90' lang='lat' dir='ltr'><strong>solum</strong></span> <span class='ocrx_word' id='word_1_647' title='bbox 2369 2468 2612 2525; x_wconf 88' lang='lat' dir='ltr'><strong>solvebat</strong></span> <span class='ocrx_word' id='word_1_648' title='bbox 2638 2472 2953 2541; x_wconf 87' lang='lat' dir='ltr'><strong>sabbatum,</strong></span> <span class='ocrx_word' id='word_1_649' title='bbox 2984 2477 3079 2531; x_wconf 90' lang='lat' dir='ltr'><strong>sed</strong></span> <span class='ocrx_word' id='word_1_650' title='bbox 3101 2487 3155 2531; x_wconf 91' lang='lat' dir='ltr'><strong>et</strong></span> <span class='ocrx_word' id='word_1_651' title='bbox 3180 2476 3395 2535; x_wconf 89' lang='lat' dir='ltr'><strong>Patrem</strong></span> 
     </span>
    </p>
   </div>
   <div class='ocr_carea' id='block_1_84' title="bbox 1824 2555 3395 2631">
    <p class='ocr_par' dir='ltr' id='par_1_84' title="bbox 1824 2555 3395 2631">
     <span class='ocr_line' id='line_1_84' title="bbox 1824 2555 3395 2631; baseline 0.013 -26"><span class='ocrx_word' id='word_1_652' title='bbox 1824 2569 1844 2603; x_wconf 75' lang='grc' dir='ltr'>ι</span> <span class='ocrx_word' id='word_1_653' title='bbox 1878 2568 2034 2609; x_wconf 90' lang='lat' dir='ltr'><strong>suum</strong></span> <span class='ocrx_word' id='word_1_654' title='bbox 2058 2555 2269 2611; x_wconf 85' lang='lat' dir='ltr'><strong>dicebat</strong></span> <span class='ocrx_word' id='word_1_655' title='bbox 2294 2558 2482 2625; x_wconf 91' lang='lat' dir='ltr'><strong>Deum,</strong></span> <span class='ocrx_word' id='word_1_656' title='bbox 2505 2561 2765 2631; x_wconf 71' lang='lat' dir='ltr'><strong>aequalem</strong></span> <span class='ocrx_word' id='word_1_657' title='bbox 2796 2579 2856 2619; x_wconf 88' lang='lat' dir='ltr'><strong>se</strong></span> <span class='ocrx_word' id='word_1_658' title='bbox 2882 2564 3086 2623; x_wconf 86' lang='lat' dir='ltr'><strong>faciens</strong></span> <span class='ocrx_word' id='word_1_659' title='bbox 3115 2566 3242 2625; x_wconf 90' lang='lat' dir='ltr'><strong>Deo.</strong></span> <span class='ocrx_word' id='word_1_660' title='bbox 3275 2589 3294 2621; x_wconf 71' lang='grc' dir='ltr'><strong><em>ι</em></strong></span> <span class='ocrx_word' id='word_1_661' title='bbox 3337 2570 3395 2626; x_wconf 94' lang='lat' dir='ltr'><strong>ln</strong></span> 
     </span>
    </p>
   </div>
   <div class='ocr_carea' id='block_1_85' title="bbox 1816 2644 3396 2722">
    <p class='ocr_par' dir='ltr' id='par_1_85' title="bbox 1816 2644 3396 2722">
     <span class='ocr_line' id='line_1_85' title="bbox 1816 2644 3396 2722; baseline 0.013 -26"><span class='ocrx_word' id='word_1_662' title='bbox 1816 2656 1882 2697; x_wconf 94' lang='lat' dir='ltr'><strong>eo</strong></span> <span class='ocrx_word' id='word_1_663' title='bbox 1907 2644 2141 2700; x_wconf 86' lang='lat' dir='ltr'><strong>maxime</strong></span> <span class='ocrx_word' id='word_1_664' title='bbox 2164 2646 2431 2713; x_wconf 84' lang='lat' dir='ltr'><strong>dolebant,</strong></span> <span class='ocrx_word' id='word_1_665' title='bbox 2459 2650 2586 2719; x_wconf 89' lang='lat' dir='ltr'><strong>quia</strong></span> <span class='ocrx_word' id='word_1_666' title='bbox 2609 2652 2655 2706; x_wconf 89' lang='lat' dir='ltr'><strong>is</strong></span> <span class='ocrx_word' id='word_1_667' title='bbox 2677 2667 2835 2722; x_wconf 90' lang='lat' dir='ltr'><strong>quem</strong></span> <span class='ocrx_word' id='word_1_668' title='bbox 2858 2669 3045 2712; x_wconf 92' lang='lat' dir='ltr'><strong>verum</strong></span> <span class='ocrx_word' id='word_1_669' title='bbox 3071 2673 3138 2714; x_wconf 83' lang='lat' dir='ltr'><strong>ex</strong></span> <span class='ocrx_word' id='word_1_670' title='bbox 3170 2660 3396 2715; x_wconf 88' lang='lat' dir='ltr'><strong>intirmi-</strong></span> 
     </span>
    </p>
   </div>
   <div class='ocr_carea' id='block_1_86' title="bbox 1816 2736 3392 2810">
    <p class='ocr_par' dir='ltr' id='par_1_86' title="bbox 1816 2736 3392 2810">
     <span class='ocr_line' id='line_1_86' title="bbox 1816 2736 3392 2810; baseline 0.013 -24"><span class='ocrx_word' id='word_1_671' title='bbox 1816 2739 1927 2787; x_wconf 83' lang='lat' dir='ltr'><strong>tate</strong></span> <span class='ocrx_word' id='word_1_672' title='bbox 1954 2736 2134 2789; x_wconf 84' lang='lat' dir='ltr'><strong>camis</strong></span> <span class='ocrx_word' id='word_1_673' title='bbox 2162 2737 2435 2793; x_wconf 89' lang='lat' dir='ltr'><strong>hominem</strong></span> <span class='ocrx_word' id='word_1_674' title='bbox 2462 2752 2743 2810; x_wconf 87' lang='lat' dir='ltr'><strong>noverant,</strong></span> <span class='ocrx_word' id='word_1_675' title='bbox 2775 2759 2833 2800; x_wconf 91' lang='lat' dir='ltr'><strong>se</strong></span> <span class='ocrx_word' id='word_1_676' title='bbox 2858 2760 3042 2802; x_wconf 89' lang='lat' dir='ltr'><strong>verum</strong></span> <span class='ocrx_word' id='word_1_677' title='bbox 3074 2749 3166 2805; x_wconf 92' lang='lat' dir='ltr'><strong>Dei</strong></span> <span class='ocrx_word' id='word_1_678' title='bbox 3198 2750 3392 2806; x_wconf 86' lang='lat' dir='ltr'><strong>Filium</strong></span> 
     </span>
    </p>
   </div>
   <div class='ocr_carea' id='block_1_87' title="bbox 1814 2821 3397 2907">
    <p class='ocr_par' dir='ltr' id='par_1_87' title="bbox 1814 2821 3397 2907">
     <span class='ocr_line' id='line_1_87' title="bbox 1814 2821 3397 2907; baseline 0.015 -33"><span class='ocrx_word' id='word_1_679' title='bbox 1814 2821 1961 2876; x_wconf 85' lang='lat' dir='ltr'><strong>credi</strong></span> <span class='ocrx_word' id='word_1_680' title='bbox 1986 2822 2261 2890; x_wconf 86' lang='lat' dir='ltr'><strong>voluisset,</strong></span> <span class='ocrx_word' id='word_1_681' title='bbox 2300 2825 2354 2880; x_wconf 92' lang='lat' dir='ltr'><strong>id</strong></span> <span class='ocrx_word' id='word_1_682' title='bbox 2380 2835 2465 2882; x_wconf 90' lang='lat' dir='ltr'><strong>est</strong></span> <span class='ocrx_word' id='word_1_683' title='bbox 2491 2843 2596 2883; x_wconf 93' lang='lat' dir='ltr'><strong>non</strong></span> <span class='ocrx_word' id='word_1_684' title='bbox 2625 2833 2796 2902; x_wconf 73' lang='lat' dir='ltr'><strong>gratia</strong></span> <span class='ocrx_word' id='word_1_685' title='bbox 2822 2836 3158 2907; x_wconf 87' lang='lat' dir='ltr'><strong>adoptatum,</strong></span> <span class='ocrx_word' id='word_1_686' title='bbox 3196 2849 3257 2895; x_wconf 91' lang='lat' dir='ltr'><strong>ut</strong></span> <span class='ocrx_word' id='word_1_687' title='bbox 3292 2854 3397 2896; x_wconf 64' lang='lat' dir='ltr'><strong>cm-</strong></span> 
     </span>
    </p>
   </div>
   <div class='ocr_carea' id='block_1_88' title="bbox 1815 2916 3386 2999">
    <p class='ocr_par' dir='ltr' id='par_1_88' title="bbox 1815 2916 3386 2999">
     <span class='ocr_line' id='line_1_88' title="bbox 1815 2916 3386 2999; baseline 0.015 -35"><span class='ocrx_word' id='word_1_688' title='bbox 1815 2918 1959 2967; x_wconf 88' lang='lat' dir='ltr'><strong>teros</strong></span> <span class='ocrx_word' id='word_1_689' title='bbox 1987 2920 2225 2980; x_wconf 85' lang='lat' dir='ltr'><strong>sanctos,</strong></span> <span class='ocrx_word' id='word_1_690' title='bbox 2243 2916 2439 2985; x_wconf 88' lang='lat' dir='ltr'><strong>quibus</strong></span> <span class='ocrx_word' id='word_1_691' title='bbox 2463 2917 2702 2988; x_wconf 89' lang='lat' dir='ltr'><strong>loquitur</strong></span> <span class='ocrx_word' id='word_1_692' title='bbox 2728 2921 2995 2997; x_wconf 87' lang='lat' dir='ltr'><strong>Propheta</strong></span> <span class='ocrx_word' id='word_1_693' title='bbox 3021 2942 3078 2982; x_wconf 79' lang='lat' dir='ltr'><strong>:r</strong></span> <span class='ocrx_word' id='word_1_694' title='bbox 3099 2929 3210 2999; x_wconf 77' lang='lat' dir='ltr'><strong>Ego</strong></span> <span class='ocrx_word' id='word_1_695' title='bbox 3234 2931 3343 2986; x_wconf 86' lang='lat' dir='ltr'><strong>dixi</strong></span> <span class='ocrx_word' id='word_1_696' title='bbox 3371 2949 3386 2987; x_wconf 91' lang='lat'><strong>:</strong></span> 
     </span>
    </p>
   </div>
   <div class='ocr_carea' id='block_1_89' title="bbox 1813 3000 3386 3092">
    <p class='ocr_par' dir='ltr' id='par_1_89' title="bbox 1813 3000 3386 3092">
     <span class='ocr_line' id='line_1_89' title="bbox 1813 3000 3386 3092; baseline 0.015 -36"><span class='ocrx_word' id='word_1_697' title='bbox 1813 3000 1898 3058; x_wconf 91' lang='lat' dir='ltr'><strong>Dii</strong></span> <span class='ocrx_word' id='word_1_698' title='bbox 1922 3004 2074 3071; x_wconf 91' lang='lat' dir='ltr'><strong>estis,</strong></span> <span class='ocrx_word' id='word_1_699' title='bbox 2108 3013 2163 3060; x_wconf 90' lang='lat' dir='ltr'><strong>et</strong></span> <span class='ocrx_word' id='word_1_700' title='bbox 2190 3006 2283 3062; x_wconf 85' lang='lat' dir='ltr'><strong>ﬁlii</strong></span> <span class='ocrx_word' id='word_1_701' title='bbox 2312 3007 2523 3066; x_wconf 82' lang='lat' dir='ltr'><strong>Excelsi</strong></span> <span class='ocrx_word' id='word_1_702' title='bbox 2557 3026 2745 3071; x_wconf 91' lang='lat' dir='ltr'><strong>omnes</strong></span> <span class='ocrx_word' id='word_1_703' title='bbox 2788 3016 2956 3087; x_wconf 75' lang='grc' dir='ltr'><strong>(Ρωι.</strong></span> <span class='ocrx_word' id='word_1_704' title='bbox 2991 3023 3197 3092; x_wconf 80' lang='lat' dir='ltr'><strong>Lxxxt),</strong></span> <span class='ocrx_word' id='word_1_705' title='bbox 3235 3042 3253 3074; x_wconf 78' lang='grc' dir='ltr'><strong><em>ι</em></strong></span> <span class='ocrx_word' id='word_1_706' title='bbox 3294 3026 3386 3080; x_wconf 91' lang='lat' dir='ltr'><strong>sed</strong></span> 
     </span>
    </p>
   </div>
   <div class='ocr_carea' id='block_1_90' title="bbox 1814 3101 3395 3178">
    <p class='ocr_par' dir='ltr' id='par_1_90' title="bbox 1814 3101 3395 3178">
     <span class='ocr_line' id='line_1_90' title="bbox 1814 3101 3395 3178; baseline 0.014 -26"><span class='ocrx_word' id='word_1_707' title='bbox 1814 3106 2008 3154; x_wconf 83' lang='lat' dir='ltr'><strong>natura</strong></span> <span class='ocrx_word' id='word_1_708' title='bbox 2044 3101 2192 3157; x_wconf 88' lang='lat' dir='ltr'><strong>Patri</strong></span> <span class='ocrx_word' id='word_1_709' title='bbox 2229 3117 2328 3172; x_wconf 90' lang='lat' dir='ltr'><strong>per</strong></span> <span class='ocrx_word' id='word_1_710' title='bbox 2365 3106 2545 3161; x_wconf 89' lang='lat' dir='ltr'><strong>omnia</strong></span> <span class='ocrx_word' id='word_1_711' title='bbox 2588 3110 2871 3178; x_wconf 64' lang='lat' dir='ltr'><strong>aqualem.</strong></span> <span class='ocrx_word' id='word_1_712' title='bbox 2914 3113 3217 3171; x_wconf 90' lang='lat' dir='ltr'><strong>Notandum</strong></span> <span class='ocrx_word' id='word_1_713' title='bbox 3264 3132 3395 3174; x_wconf 88' lang='lat' dir='ltr'><strong>sane</strong></span> 
     </span>
    </p>
   </div>
   <div class='ocr_carea' id='block_1_91' title="bbox 1736 3185 3394 3275">
    <p class='ocr_par' dir='ltr' id='par_1_91' title="bbox 1736 3185 3394 3275">
     <span class='ocr_line' id='line_1_91' title="bbox 1736 3185 3394 3275; baseline 0.01 -27"><span class='ocrx_word' id='word_1_714' title='bbox 1736 3185 1782 3248; x_wconf 90' lang='lat' dir='ltr'>C</span> <span class='ocrx_word' id='word_1_715' title='bbox 1813 3193 1953 3260; x_wconf 91' lang='lat' dir='ltr'><strong>quod</strong></span> <span class='ocrx_word' id='word_1_716' title='bbox 1975 3193 2176 3249; x_wconf 90' lang='lat' dir='ltr'><strong>dictum</strong></span> <span class='ocrx_word' id='word_1_717' title='bbox 2196 3204 2280 3251; x_wconf 92' lang='lat' dir='ltr'><strong>est</strong></span> <span class='ocrx_word' id='word_1_718' title='bbox 2305 3214 2318 3250; x_wconf 92' lang='lat'><strong>:</strong></span> <span class='ocrx_word' id='word_1_719' title='bbox 2348 3216 2366 3249; x_wconf 79' lang='grc' dir='ltr'>ι</span> <span class='ocrx_word' id='word_1_720' title='bbox 2388 3198 2649 3269; x_wconf 70' lang='lat' dir='ltr'><strong>aequalem</strong></span> <span class='ocrx_word' id='word_1_721' title='bbox 2679 3217 2740 3259; x_wconf 86' lang='lat' dir='ltr'><strong>se</strong></span> <span class='ocrx_word' id='word_1_722' title='bbox 2768 3204 2969 3263; x_wconf 89' lang='lat' dir='ltr'><strong>faciens</strong></span> <span class='ocrx_word' id='word_1_723' title='bbox 2997 3208 3128 3275; x_wconf 92' lang='lat' dir='ltr'><strong>Deo,</strong></span> <span class='ocrx_word' id='word_1_724' title='bbox 3153 3230 3172 3263; x_wconf 72' lang='grc' dir='ltr'><strong><em>ι</em></strong></span> <span class='ocrx_word' id='word_1_725' title='bbox 3204 3212 3271 3266; x_wconf 90' lang='lat' dir='ltr'><strong>ad</strong></span> <span class='ocrx_word' id='word_1_726' title='bbox 3299 3210 3394 3265; x_wconf 71' lang='lat' dir='ltr'><strong>Ju.</strong></span> 
     </span>
    </p>
   </div>
   <div class='ocr_carea' id='block_1_92' title="bbox 1809 3280 3447 3367">
    <p class='ocr_par' dir='ltr' id='par_1_92' title="bbox 1809 3280 3447 3367">
     <span class='ocr_line' id='line_1_92' title="bbox 1809 3280 3447 3367; baseline 0.013 -32"><span class='ocrx_word' id='word_1_727' title='bbox 1809 3280 2047 3338; x_wconf 62' lang='lat' dir='ltr'><strong>decorum</strong></span> <span class='ocrx_word' id='word_1_728' title='bbox 2076 3300 2363 3354; x_wconf 87' lang='lat' dir='ltr'><strong>personam</strong></span> <span class='ocrx_word' id='word_1_729' title='bbox 2391 3289 2625 3359; x_wconf 86' lang='lat' dir='ltr'><strong>dictum,</strong></span> <span class='ocrx_word' id='word_1_730' title='bbox 2672 3295 2763 3365; x_wconf 89' lang='lat' dir='ltr'><strong>qui</strong></span> <span class='ocrx_word' id='word_1_731' title='bbox 2805 3298 3065 3365; x_wconf 89' lang='lat' dir='ltr'><strong>putabant</strong></span> <span class='ocrx_word' id='word_1_732' title='bbox 3104 3300 3390 3356; x_wconf 86' lang='lat' dir='ltr'><strong>Dominum</strong></span> <span class='ocrx_word' id='word_1_733' title='bbox 3442 3362 3447 3367; x_wconf 50' lang='grc'>,</span> 
     </span>
    </p>
   </div>
   <div class='ocr_carea' id='block_1_93' title="bbox 1810 3370 3391 3456">
    <p class='ocr_par' dir='ltr' id='par_1_93' title="bbox 1810 3370 3391 3456">
     <span class='ocr_line' id='line_1_93' title="bbox 1810 3370 3391 3456; baseline 0.013 -29"><span class='ocrx_word' id='word_1_734' title='bbox 1810 3370 1989 3430; x_wconf 86' lang='lat' dir='ltr'><strong>Jesum</strong></span> <span class='ocrx_word' id='word_1_735' title='bbox 2017 3377 2361 3447; x_wconf 67' lang='lat' dir='ltr'><strong>praedicando</strong></span> <span class='ocrx_word' id='word_1_736' title='bbox 2386 3380 2565 3438; x_wconf 86' lang='lat' dir='ltr'><strong>facere</strong></span> <span class='ocrx_word' id='word_1_737' title='bbox 2589 3386 2731 3455; x_wconf 92' lang='lat' dir='ltr'><strong>quod</strong></span> <span class='ocrx_word' id='word_1_738' title='bbox 2763 3398 2867 3441; x_wconf 91' lang='lat' dir='ltr'><strong>non</strong></span> <span class='ocrx_word' id='word_1_739' title='bbox 2893 3397 3059 3456; x_wconf 89' lang='lat' dir='ltr'><strong>esset,</strong></span> <span class='ocrx_word' id='word_1_740' title='bbox 3092 3399 3275 3446; x_wconf 89' lang='lat' dir='ltr'><strong>etnon</strong></span> <span class='ocrx_word' id='word_1_741' title='bbox 3302 3407 3391 3447; x_wconf 78' lang='lat' dir='ltr'><strong>ve-</strong></span> 
     </span>
    </p>
   </div>
   <div class='ocr_carea' id='block_1_94' title="bbox 1812 3468 3388 3555">
    <p class='ocr_par' dir='ltr' id='par_1_94' title="bbox 1812 3468 3388 3555">
     <span class='ocr_line' id='line_1_94' title="bbox 1812 3468 3388 3555; baseline 0.012 -34"><span class='ocrx_word' id='word_1_742' title='bbox 1812 3468 2013 3524; x_wconf 91' lang='lat' dir='ltr'><strong>raciter</strong></span> <span class='ocrx_word' id='word_1_743' title='bbox 2041 3469 2294 3527; x_wconf 90' lang='lat' dir='ltr'><strong>intimare</strong></span> <span class='ocrx_word' id='word_1_744' title='bbox 2316 3475 2462 3543; x_wconf 88' lang='lat' dir='ltr'><strong>quod</strong></span> <span class='ocrx_word' id='word_1_745' title='bbox 2492 3485 2656 3533; x_wconf 90' lang='lat' dir='ltr'><strong>esset.</strong></span> <span class='ocrx_word' id='word_1_746' title='bbox 2689 3477 2957 3536; x_wconf 89' lang='lat' dir='ltr'><strong>Commoti</strong></span> <span class='ocrx_word' id='word_1_747' title='bbox 2990 3497 3119 3555; x_wconf 77' lang='lat' dir='ltr'><strong>ergo</strong></span> <span class='ocrx_word' id='word_1_748' title='bbox 3143 3494 3267 3539; x_wconf 90' lang='lat' dir='ltr'><strong>sunt</strong></span> <span class='ocrx_word' id='word_1_749' title='bbox 3291 3483 3388 3539; x_wconf 83' lang='lat' dir='ltr'><strong>Ju-</strong></span> 
     </span>
    </p>
   </div>
   <div class='ocr_carea' id='block_1_95' title="bbox 1812 3562 3388 3645">
    <p class='ocr_par' dir='ltr' id='par_1_95' title="bbox 1812 3562 3388 3645">
     <span class='ocr_line' id='line_1_95' title="bbox 1812 3562 3388 3645; baseline 0.013 -29"><span class='ocrx_word' id='word_1_750' title='bbox 1812 3562 1932 3629; x_wconf 68' lang='lat' dir='ltr'><strong>daei,</strong></span> <span class='ocrx_word' id='word_1_751' title='bbox 1955 3570 2011 3619; x_wconf 92' lang='lat' dir='ltr'><strong>et</strong></span> <span class='ocrx_word' id='word_1_752' title='bbox 2030 3564 2291 3637; x_wconf 80' lang='lat' dir='ltr'><strong>indignati</strong></span> <span class='ocrx_word' id='word_1_753' title='bbox 2311 3584 2325 3634; x_wconf 92' lang='lat'><strong>;</strong></span> <span class='ocrx_word' id='word_1_754' title='bbox 2345 3568 2538 3625; x_wconf 91' lang='lat' dir='ltr'><strong>merito</strong></span> <span class='ocrx_word' id='word_1_755' title='bbox 2558 3572 2796 3642; x_wconf 91' lang='lat' dir='ltr'><strong>quidem,</strong></span> <span class='ocrx_word' id='word_1_756' title='bbox 2814 3576 2956 3645; x_wconf 90' lang='lat' dir='ltr'><strong>quod</strong></span> <span class='ocrx_word' id='word_1_757' title='bbox 2978 3577 3208 3632; x_wconf 85' lang='lat' dir='ltr'><strong>audebat</strong></span> <span class='ocrx_word' id='word_1_758' title='bbox 3226 3578 3388 3636; x_wconf 90' lang='lat' dir='ltr'><strong>homo</strong></span> 
     </span>
    </p>
   </div>
   <div class='ocr_carea' id='block_1_96' title="bbox 1809 3654 3387 3739">
    <p class='ocr_par' dir='ltr' id='par_1_96' title="bbox 1809 3654 3387 3739">
     <span class='ocr_line' id='line_1_96' title="bbox 1809 3654 3387 3739; baseline 0.011 -32"><span class='ocrx_word' id='word_1_759' title='bbox 1809 3654 2071 3725; x_wconf 64' lang='lat' dir='ltr'><strong>aequalem</strong></span> <span class='ocrx_word' id='word_1_760' title='bbox 2099 3670 2158 3712; x_wconf 89' lang='lat' dir='ltr'><strong>se</strong></span> <span class='ocrx_word' id='word_1_761' title='bbox 2182 3656 2361 3714; x_wconf 89' lang='lat' dir='ltr'><strong>facere</strong></span> <span class='ocrx_word' id='word_1_762' title='bbox 2390 3659 2501 3717; x_wconf 91' lang='lat' dir='ltr'><strong>Deo</strong></span> <span class='ocrx_word' id='word_1_763' title='bbox 2528 3676 2543 3728; x_wconf 89' lang='lat'><strong>;</strong></span> <span class='ocrx_word' id='word_1_764' title='bbox 2575 3664 2668 3721; x_wconf 86' lang='lat' dir='ltr'><strong>sed</strong></span> <span class='ocrx_word' id='word_1_765' title='bbox 2703 3663 2825 3721; x_wconf 88' lang='lat' dir='ltr'><strong>ideo</strong></span> <span class='ocrx_word' id='word_1_766' title='bbox 2852 3665 3138 3734; x_wconf 89' lang='lat' dir='ltr'><strong>immerito,</strong></span> <span class='ocrx_word' id='word_1_767' title='bbox 3179 3669 3302 3739; x_wconf 88' lang='lat' dir='ltr'><strong>quia</strong></span> <span class='ocrx_word' id='word_1_768' title='bbox 3333 3671 3387 3726; x_wconf 91' lang='lat' dir='ltr'><strong>in</strong></span> 
     </span>
    </p>
   </div>
   <div class='ocr_carea' id='block_1_97' title="bbox 1809 3745 3382 3826">
    <p class='ocr_par' dir='ltr' id='par_1_97' title="bbox 1809 3745 3382 3826">
     <span class='ocr_line' id='line_1_97' title="bbox 1809 3745 3382 3826; baseline 0.009 -25"><span class='ocrx_word' id='word_1_769' title='bbox 1809 3745 2165 3804; x_wconf 77' lang='lat' dir='ltr'><strong>homine&#39;non</strong></span> <span class='ocrx_word' id='word_1_770' title='bbox 2195 3749 2569 3823; x_wconf 77' lang='lat' dir='ltr'><strong>intelligehant</strong></span> <span class='ocrx_word' id='word_1_771' title='bbox 2610 3753 2798 3810; x_wconf 91' lang='lat' dir='ltr'><strong>Deum.</strong></span> <span class='ocrx_word' id='word_1_772' title='bbox 2842 3755 3072 3813; x_wconf 88' lang='lat' dir='ltr'><strong>Carnem</strong></span> <span class='ocrx_word' id='word_1_773' title='bbox 3110 3758 3382 3826; x_wconf 88' lang='lat' dir='ltr'><strong>videbant,</strong></span> 
     </span>
    </p>
   </div>
   <div class='ocr_carea' id='block_1_98' title="bbox 1810 3838 3391 3916">
    <p class='ocr_par' dir='ltr' id='par_1_98' title="bbox 1810 3838 3391 3916">
     <span class='ocr_line' id='line_1_98' title="bbox 1810 3838 3391 3916; baseline 0.009 -23"><span class='ocrx_word' id='word_1_774' title='bbox 1810 3838 1978 3894; x_wconf 86' lang='lat' dir='ltr'><strong>Deum</strong></span> <span class='ocrx_word' id='word_1_775' title='bbox 2002 3840 2351 3909; x_wconf 87' lang='lat' dir='ltr'><strong>nesciebant;</strong></span> <span class='ocrx_word' id='word_1_776' title='bbox 2379 3843 2743 3902; x_wconf 88' lang='lat' dir='ltr'><strong>habitaculum</strong></span> <span class='ocrx_word' id='word_1_777' title='bbox 2774 3849 3085 3916; x_wconf 89' lang='lat' dir='ltr'><strong>cernebant,</strong></span> <span class='ocrx_word' id='word_1_778' title='bbox 3120 3849 3391 3907; x_wconf 83' lang='lat' dir='ltr'><strong>habitato-</strong></span> 
     </span>
    </p>
   </div>
   <div class='ocr_carea' id='block_1_99' title="bbox 1809 3930 3388 4010">
    <p class='ocr_par' dir='ltr' id='par_1_99' title="bbox 1809 3930 3388 4010">
     <span class='ocr_line' id='line_1_99' title="bbox 1809 3930 3388 4010; baseline 0.009 -27"><span class='ocrx_word' id='word_1_779' title='bbox 1809 3943 1925 3984; x_wconf 89' lang='lat' dir='ltr'><strong>rem</strong></span> <span class='ocrx_word' id='word_1_780' title='bbox 1955 3930 2295 4001; x_wconf 77' lang='lat' dir='ltr'><strong>ignorabant.</strong></span> <span class='ocrx_word' id='word_1_781' title='bbox 2323 3932 2463 3989; x_wconf 88' lang='lat' dir='ltr'><strong>Caro</strong></span> <span class='ocrx_word' id='word_1_782' title='bbox 2484 3935 2627 3990; x_wconf 92' lang='lat' dir='ltr'><strong>enim</strong></span> <span class='ocrx_word' id='word_1_783' title='bbox 2660 3936 2748 3992; x_wconf 91' lang='lat' dir='ltr'><strong>illa</strong></span> <span class='ocrx_word' id='word_1_784' title='bbox 2780 3938 3035 4010; x_wconf 84' lang='lat' dir='ltr'><strong>templum</strong></span> <span class='ocrx_word' id='word_1_785' title='bbox 3065 3948 3210 4007; x_wconf 88' lang='lat' dir='ltr'><strong>erat,</strong></span> <span class='ocrx_word' id='word_1_786' title='bbox 3244 3940 3388 3997; x_wconf 90' lang='lat' dir='ltr'><strong>Deus</strong></span> 
     </span>
    </p>
   </div>
   <div class='ocr_carea' id='block_1_100' title="bbox 1809 4018 3389 4100">
    <p class='ocr_par' dir='ltr' id='par_1_100' title="bbox 1809 4018 3389 4100">
     <span class='ocr_line' id='line_1_100' title="bbox 1809 4018 3389 4100; baseline 0.007 -26"><span class='ocrx_word' id='word_1_787' title='bbox 1809 4018 2147 4078; x_wconf 86' lang='lat' dir='ltr'><strong>inhabitabat</strong></span> <span class='ocrx_word' id='word_1_788' title='bbox 2182 4023 2345 4079; x_wconf 91' lang='lat' dir='ltr'><strong>intus.</strong></span> <span class='ocrx_word' id='word_1_789' title='bbox 2387 4022 2505 4080; x_wconf 87' lang='lat' dir='ltr'><strong>Non</strong></span> <span class='ocrx_word' id='word_1_790' title='bbox 2540 4039 2669 4096; x_wconf 79' lang='lat' dir='ltr'><strong>ergo</strong></span> <span class='ocrx_word' id='word_1_791' title='bbox 2696 4026 2851 4083; x_wconf 79' lang='lat' dir='ltr'><strong>lesus</strong></span> <span class='ocrx_word' id='word_1_792' title='bbox 2886 4032 3106 4085; x_wconf 72' lang='lat' dir='ltr'><strong>comem</strong></span> <span class='ocrx_word' id='word_1_793' title='bbox 3140 4031 3389 4100; x_wconf 70' lang='lat' dir='ltr'><strong>aequabat</strong></span> 
     </span>
    </p>
   </div>
   <div class='ocr_carea' id='block_1_101' title="bbox 1809 4110 3385 4191">
    <p class='ocr_par' dir='ltr' id='par_1_101' title="bbox 1809 4110 3385 4191">
     <span class='ocr_line' id='line_1_101' title="bbox 1809 4110 3385 4191; baseline 0.006 -25"><span class='ocrx_word' id='word_1_794' title='bbox 1809 4110 1975 4179; x_wconf 90' lang='lat' dir='ltr'><strong>Patri,</strong></span> <span class='ocrx_word' id='word_1_795' title='bbox 2008 4126 2115 4169; x_wconf 91' lang='lat' dir='ltr'><strong>non</strong></span> <span class='ocrx_word' id='word_1_796' title='bbox 2142 4112 2371 4171; x_wconf 75' lang='lat' dir='ltr'><strong>formam</strong></span> <span class='ocrx_word' id='word_1_797' title='bbox 2410 4116 2552 4171; x_wconf 88' lang='lat' dir='ltr'><strong>servi</strong></span> <span class='ocrx_word' id='word_1_798' title='bbox 2587 4118 2814 4174; x_wconf 89' lang='lat' dir='ltr'><strong>Domino</strong></span> <span class='ocrx_word' id='word_1_799' title='bbox 2856 4120 3241 4191; x_wconf 88' lang='lat' dir='ltr'><strong>comparabat:</strong></span> <span class='ocrx_word' id='word_1_800' title='bbox 3277 4135 3385 4176; x_wconf 92' lang='lat' dir='ltr'><strong>non</strong></span> 
     </span>
    </p>
   </div>
   <div class='ocr_carea' id='block_1_102' title="bbox 1810 4202 3387 4282">
    <p class='ocr_par' dir='ltr' id='par_1_102' title="bbox 1810 4202 3387 4282">
     <span class='ocr_line' id='line_1_102' title="bbox 1810 4202 3387 4282; baseline 0.006 -26"><span class='ocrx_word' id='word_1_801' title='bbox 1810 4203 1951 4272; x_wconf 89' lang='lat' dir='ltr'><strong>quod</strong></span> <span class='ocrx_word' id='word_1_802' title='bbox 1981 4202 2183 4259; x_wconf 86' lang='lat' dir='ltr'><strong>factum</strong></span> <span class='ocrx_word' id='word_1_803' title='bbox 2210 4213 2294 4260; x_wconf 90' lang='lat' dir='ltr'><strong>est</strong></span> <span class='ocrx_word' id='word_1_804' title='bbox 2317 4213 2540 4276; x_wconf 90' lang='lat' dir='ltr'><strong>propter</strong></span> <span class='ocrx_word' id='word_1_805' title='bbox 2563 4221 2680 4273; x_wconf 91' lang='lat' dir='ltr'><strong>nos,</strong></span> <span class='ocrx_word' id='word_1_806' title='bbox 2722 4209 2815 4264; x_wconf 87' lang='lat' dir='ltr'><strong>sed</strong></span> <span class='ocrx_word' id='word_1_807' title='bbox 2852 4209 2993 4281; x_wconf 90' lang='lat' dir='ltr'><strong>quod</strong></span> <span class='ocrx_word' id='word_1_808' title='bbox 3027 4218 3146 4265; x_wconf 88' lang='lat' dir='ltr'><strong>erat</strong></span> <span class='ocrx_word' id='word_1_809' title='bbox 3171 4211 3387 4282; x_wconf 88' lang='lat' dir='ltr'><strong>quando</strong></span> 
     </span>
    </p>
   </div>
   <div class='ocr_carea' id='block_1_103' title="bbox 1810 4293 3385 4373">
    <p class='ocr_par' dir='ltr' id='par_1_103' title="bbox 1810 4293 3385 4373">
     <span class='ocr_line' id='line_1_103' title="bbox 1810 4293 3385 4373; baseline 0.006 -25"><span class='ocrx_word' id='word_1_810' title='bbox 1810 4293 1937 4349; x_wconf 82' lang='lat' dir='ltr'><strong>fecit</strong></span> <span class='ocrx_word' id='word_1_811' title='bbox 1970 4310 2086 4351; x_wconf 90' lang='lat' dir='ltr'><strong>nos.</strong></span> <span class='ocrx_word' id='word_1_812' title='bbox 2114 4294 2483 4369; x_wconf 89' lang='lat' dir='ltr'><strong>Quisnamque</strong></span> <span class='ocrx_word' id='word_1_813' title='bbox 2503 4299 2570 4353; x_wconf 85' lang='lat' dir='ltr'><strong>sit</strong></span> <span class='ocrx_word' id='word_1_814' title='bbox 2585 4299 2832 4356; x_wconf 88' lang='lat' dir='ltr'><strong>Christus</strong></span> <span class='ocrx_word' id='word_1_815' title='bbox 2854 4300 3153 4370; x_wconf 87' lang='lat' dir='ltr'><strong>(catholicis</strong></span> <span class='ocrx_word' id='word_1_816' title='bbox 3173 4302 3385 4373; x_wconf 91' lang='lat' dir='ltr'><strong>loquor)</strong></span> 
     </span>
    </p>
   </div>
   <div class='ocr_carea' id='block_1_104' title="bbox 1811 4388 3386 4461">
    <p class='ocr_par' dir='ltr' id='par_1_104' title="bbox 1811 4388 3386 4461">
     <span class='ocr_line' id='line_1_104' title="bbox 1811 4388 3386 4461; baseline 0.002 -18"><span class='ocrx_word' id='word_1_817' title='bbox 1811 4388 2002 4456; x_wconf 82' lang='lat' dir='ltr'><strong>nostis,</strong></span> <span class='ocrx_word' id='word_1_818' title='bbox 2030 4390 2154 4461; x_wconf 86' lang='lat' dir='ltr'><strong>quia</strong></span> <span class='ocrx_word' id='word_1_819' title='bbox 2185 4390 2322 4447; x_wconf 89' lang='lat' dir='ltr'><strong>bene</strong></span> <span class='ocrx_word' id='word_1_820' title='bbox 2347 4391 2649 4450; x_wconf 89' lang='lat' dir='ltr'><strong>credidistis</strong></span> <span class='ocrx_word' id='word_1_821' title='bbox 2678 4408 2783 4449; x_wconf 88' lang='lat' dir='ltr'><strong>non</strong></span> <span class='ocrx_word' id='word_1_822' title='bbox 2808 4392 2986 4451; x_wconf 81' lang='lat' dir='ltr'><strong>Verbo</strong></span> <span class='ocrx_word' id='word_1_823' title='bbox 3022 4401 3247 4457; x_wconf 85' lang='lat' dir='ltr'><strong>tantum,</strong></span> <span class='ocrx_word' id='word_1_824' title='bbox 3289 4393 3386 4447; x_wconf 88' lang='lat' dir='ltr'><strong>sed</strong></span> 
     </span>
    </p>
   </div>
   <div class='ocr_carea' id='block_1_105' title="bbox 1818 4482 3387 4551">
    <p class='ocr_par' dir='ltr' id='par_1_105' title="bbox 1818 4482 3387 4551">
     <span class='ocr_line' id='line_1_105' title="bbox 1818 4482 3387 4551; baseline 0.003 -17"><span class='ocrx_word' id='word_1_825' title='bbox 1818 4501 1836 4534; x_wconf 78' lang='grc' dir='ltr'>ι</span> <span class='ocrx_word' id='word_1_826' title='bbox 1868 4482 2104 4539; x_wconf 75' lang='lat' dir='ltr'><strong>Verbum</strong></span> <span class='ocrx_word' id='word_1_827' title='bbox 2148 4498 2278 4541; x_wconf 83' lang='lat' dir='ltr'><strong>&#39;caro</strong></span> <span class='ocrx_word' id='word_1_828' title='bbox 2323 4483 2528 4542; x_wconf 89' lang='lat' dir='ltr'><strong>factum</strong></span> <span class='ocrx_word' id='word_1_829' title='bbox 2575 4494 2689 4551; x_wconf 91' lang='lat' dir='ltr'><strong>est,</strong></span> <span class='ocrx_word' id='word_1_830' title='bbox 2726 4494 2780 4542; x_wconf 88' lang='lat' dir='ltr'><strong>et</strong></span> <span class='ocrx_word' id='word_1_831' title='bbox 2819 4486 3082 4543; x_wconf 88' lang='lat' dir='ltr'><strong>habitavit</strong></span> <span class='ocrx_word' id='word_1_832' title='bbox 3129 4485 3185 4540; x_wconf 91' lang='lat' dir='ltr'><strong>in</strong></span> <span class='ocrx_word' id='word_1_833' title='bbox 3230 4484 3387 4540; x_wconf 92' lang='lat' dir='ltr'><strong>nobis</strong></span> 
     </span>
    </p>
   </div>
   <div class='ocr_carea' id='block_1_106' title="bbox 1815 4572 3380 4647">
    <p class='ocr_par' dir='ltr' id='par_1_106' title="bbox 1815 4572 3380 4647">
     <span class='ocr_line' id='line_1_106' title="bbox 1815 4572 3380 4647; baseline 0.001 -19"><span class='ocrx_word' id='word_1_834' title='bbox 1815 4572 1994 4645; x_wconf 78' lang='lat' dir='ltr'><strong>(loau.</strong></span> <span class='ocrx_word' id='word_1_835' title='bbox 2026 4574 2087 4644; x_wconf 83' lang='grc' dir='ltr'><strong>ι).</strong></span> <span class='ocrx_word' id='word_1_836' title='bbox 2120 4595 2139 4630; x_wconf 69' lang='grc' dir='ltr'><strong>ι</strong></span> <span class='ocrx_word' id='word_1_837' title='bbox 2192 4576 2491 4634; x_wconf 81' lang='lat' dir='ltr'><strong>Recensete</strong></span> <span class='ocrx_word' id='word_1_838' title='bbox 2536 4579 2601 4634; x_wconf 88' lang='lat' dir='ltr'><strong>de</strong></span> <span class='ocrx_word' id='word_1_839' title='bbox 2632 4578 2810 4634; x_wconf 80' lang='lat' dir='ltr'><strong>Verbo</strong></span> <span class='ocrx_word' id='word_1_840' title='bbox 2849 4577 2974 4647; x_wconf 89' lang='lat' dir='ltr'><strong>quid</strong></span> <span class='ocrx_word' id='word_1_841' title='bbox 3016 4576 3223 4631; x_wconf 84' lang='lat' dir='ltr'><strong>nostis?</strong></span> <span class='ocrx_word' id='word_1_842' title='bbox 3273 4595 3291 4627; x_wconf 73' lang='grc' dir='ltr'>ι</span> <span class='ocrx_word' id='word_1_843' title='bbox 3321 4574 3380 4630; x_wconf 87' lang='lat' dir='ltr'><strong>in</strong></span> 
     </span>
    </p>
   </div>
   <div class='ocr_carea' id='block_1_107' title="bbox 1812 4665 3380 4736">
    <p class='ocr_par' dir='ltr' id='par_1_107' title="bbox 1812 4665 3380 4736">
     <span class='ocr_line' id='line_1_107' title="bbox 1812 4665 3380 4736; baseline 0.001 -16"><span class='ocrx_word' id='word_1_844' title='bbox 1812 4665 2078 4736; x_wconf 85' lang='lat' dir='ltr'><strong>principio</strong></span> <span class='ocrx_word' id='word_1_845' title='bbox 2100 4674 2223 4723; x_wconf 75' lang='lat' dir='ltr'><strong>erat</strong></span> <span class='ocrx_word' id='word_1_846' title='bbox 2244 4667 2504 4735; x_wconf 80' lang='lat' dir='ltr'><strong>Verbum,</strong></span> <span class='ocrx_word' id='word_1_847' title='bbox 2541 4677 2596 4723; x_wconf 91' lang='lat' dir='ltr'><strong>et</strong></span> <span class='ocrx_word' id='word_1_848' title='bbox 2620 4668 2856 4723; x_wconf 75' lang='lat' dir='ltr'><strong>Verbum</strong></span> <span class='ocrx_word' id='word_1_849' title='bbox 2883 4674 3000 4721; x_wconf 89' lang='lat' dir='ltr'><strong>erat</strong></span> <span class='ocrx_word' id='word_1_850' title='bbox 3026 4665 3163 4736; x_wconf 85' lang='lat' dir='ltr'><strong>apud</strong></span> <span class='ocrx_word' id='word_1_851' title='bbox 3191 4667 3380 4732; x_wconf 87' lang='lat' dir='ltr'><strong>Deum,</strong></span> 
     </span>
    </p>
   </div>
   <div class='ocr_carea' id='block_1_108' title="bbox 1816 4755 3383 4831">
    <p class='ocr_par' dir='ltr' id='par_1_108' title="bbox 1816 4755 3383 4831">
     <span class='ocr_line' id='line_1_108' title="bbox 1816 4755 3383 4831; baseline 0.002 -20"><span class='ocrx_word' id='word_1_852' title='bbox 1816 4765 1869 4811; x_wconf 87' lang='lat' dir='ltr'><strong>et</strong></span> <span class='ocrx_word' id='word_1_853' title='bbox 1908 4757 2052 4813; x_wconf 89' lang='lat' dir='ltr'><strong>Deus</strong></span> <span class='ocrx_word' id='word_1_854' title='bbox 2090 4762 2209 4813; x_wconf 83' lang='lat' dir='ltr'><strong>erat</strong></span> <span class='ocrx_word' id='word_1_855' title='bbox 2236 4757 2472 4815; x_wconf 78' lang='lat' dir='ltr'><strong>Verbum</strong></span> <span class='ocrx_word' id='word_1_856' title='bbox 2516 4758 2705 4831; x_wconf 72' lang='grc' dir='ltr'><strong>(Ιὺίά.)</strong></span> <span class='ocrx_word' id='word_1_857' title='bbox 2736 4778 2754 4809; x_wconf 75' lang='grc' dir='ltr'><strong>ι</strong></span> <span class='ocrx_word' id='word_1_858' title='bbox 2802 4755 2903 4814; x_wconf 80' lang='lat' dir='ltr'><strong>Hic</strong></span> <span class='ocrx_word' id='word_1_859' title='bbox 2942 4757 3222 4828; x_wconf 66' lang='lat' dir='ltr'><strong>aequalitas</strong></span> <span class='ocrx_word' id='word_1_860' title='bbox 3261 4774 3383 4814; x_wconf 88' lang='lat' dir='ltr'><strong>cum</strong></span> 
     </span>
    </p>
   </div>
   <div class='ocr_carea' id='block_1_109' title="bbox 1811 4846 3386 4915">
    <p class='ocr_par' dir='ltr' id='par_1_109' title="bbox 1811 4846 3386 4915">
     <span class='ocr_line' id='line_1_109' title="bbox 1811 4846 3386 4915; baseline 0.001 -12"><span class='ocrx_word' id='word_1_861' title='bbox 1811 4846 1992 4914; x_wconf 84' lang='lat' dir='ltr'><strong>Patre,</strong></span> <span class='ocrx_word' id='word_1_862' title='bbox 2022 4850 2117 4905; x_wconf 84' lang='lat' dir='ltr'><strong>sed</strong></span> <span class='ocrx_word' id='word_1_863' title='bbox 2149 4867 2168 4903; x_wconf 77' lang='grc' dir='ltr'>ι</span> <span class='ocrx_word' id='word_1_864' title='bbox 2205 4848 2434 4906; x_wconf 71' lang='lat' dir='ltr'><strong>Verbum</strong></span> <span class='ocrx_word' id='word_1_865' title='bbox 2458 4856 2588 4906; x_wconf 84' lang='lat' dir='ltr'><strong>caro</strong></span> <span class='ocrx_word' id='word_1_866' title='bbox 2611 4848 2809 4905; x_wconf 88' lang='lat' dir='ltr'><strong>factum</strong></span> <span class='ocrx_word' id='word_1_867' title='bbox 2840 4858 2943 4915; x_wconf 91' lang='lat' dir='ltr'><strong>est,</strong></span> <span class='ocrx_word' id='word_1_868' title='bbox 2966 4852 3020 4904; x_wconf 89' lang='lat' dir='ltr'><strong>et</strong></span> <span class='ocrx_word' id='word_1_869' title='bbox 3044 4849 3305 4906; x_wconf 82' lang='lat' dir='ltr'><strong>habitavit</strong></span> <span class='ocrx_word' id='word_1_870' title='bbox 3329 4850 3386 4906; x_wconf 91' lang='lat' dir='ltr'><strong>in</strong></span> 
     </span>
    </p>
   </div>
   <div class='ocr_carea' id='block_1_110' title="bbox 1816 4938 3388 5009">
    <p class='ocr_par' dir='ltr' id='par_1_110' title="bbox 1816 4938 3388 5009">
     <span class='ocr_line' id='line_1_110' title="bbox 1816 4938 3388 5009; baseline 0.003 -16"><span class='ocrx_word' id='word_1_871' title='bbox 1816 4938 1988 4993; x_wconf 82' lang='lat' dir='ltr'><strong>nobis.</strong></span> <span class='ocrx_word' id='word_1_872' title='bbox 2021 4958 2039 4992; x_wconf 74' lang='grc' dir='ltr'><strong><em>ι</em></strong></span> <span class='ocrx_word' id='word_1_873' title='bbox 2076 4938 2193 4995; x_wconf 70' lang='lat' dir='ltr'><strong>Hac</strong></span> <span class='ocrx_word' id='word_1_874' title='bbox 2235 4944 2403 4995; x_wconf 85' lang='lat' dir='ltr'><strong>carne</strong></span> <span class='ocrx_word' id='word_1_875' title='bbox 2436 4938 2606 5009; x_wconf 79' lang='lat' dir='ltr'><strong>major</strong></span> <span class='ocrx_word' id='word_1_876' title='bbox 2640 4946 2723 4995; x_wconf 86' lang='lat' dir='ltr'><strong>est</strong></span> <span class='ocrx_word' id='word_1_877' title='bbox 2767 4939 2965 5007; x_wconf 83' lang='lat' dir='ltr'><strong>Pater;</strong></span> <span class='ocrx_word' id='word_1_878' title='bbox 3015 4941 3090 4996; x_wconf 88' lang='lat' dir='ltr'><strong>ita</strong></span> <span class='ocrx_word' id='word_1_879' title='bbox 3133 4940 3296 4997; x_wconf 87' lang='lat' dir='ltr'><strong>Pater</strong></span> <span class='ocrx_word' id='word_1_880' title='bbox 3331 4949 3388 4997; x_wconf 89' lang='lat' dir='ltr'><strong>et</strong></span> 
     </span>
    </p>
   </div>
   <div class='ocr_carea' id='block_1_111' title="bbox 1815 5028 3382 5104">
    <p class='ocr_par' dir='ltr' id='par_1_111' title="bbox 1815 5028 3382 5104">
     <span class='ocr_line' id='line_1_111' title="bbox 1815 5028 3382 5104; baseline 0.002 -19"><span class='ocrx_word' id='word_1_881' title='bbox 1815 5028 2035 5102; x_wconf 60' lang='lat' dir='ltr'><strong>aqualis</strong></span> <span class='ocrx_word' id='word_1_882' title='bbox 2072 5030 2132 5087; x_wconf 76' lang='lat' dir='ltr'><strong>et</strong></span> <span class='ocrx_word' id='word_1_883' title='bbox 2178 5032 2370 5103; x_wconf 77' lang='lat' dir='ltr'><strong>major.</strong></span> <span class='ocrx_word' id='word_1_884' title='bbox 2426 5029 2673 5101; x_wconf 69' lang='lat' dir='ltr'><strong>Equalis</strong></span> <span class='ocrx_word' id='word_1_885' title='bbox 2712 5028 2908 5100; x_wconf 79' lang='lat' dir='ltr'><strong>Verbo,</strong></span> <span class='ocrx_word' id='word_1_886' title='bbox 2954 5032 3126 5104; x_wconf 83' lang='lat' dir='ltr'><strong>major</strong></span> <span class='ocrx_word' id='word_1_887' title='bbox 3175 5046 3382 5088; x_wconf 85' lang='lat' dir='ltr'><strong>carne:</strong></span> 
     </span>
    </p>
   </div>
   <div class='ocr_carea' id='block_1_112' title="bbox 1815 5110 3389 5194">
    <p class='ocr_par' dir='ltr' id='par_1_112' title="bbox 1815 5110 3389 5194">
     <span class='ocr_line' id='line_1_112' title="bbox 1815 5110 3389 5194; baseline 0.003 -19"><span class='ocrx_word' id='word_1_888' title='bbox 1815 5110 2035 5192; x_wconf 58' lang='lat' dir='ltr'><strong>aqualis</strong></span> <span class='ocrx_word' id='word_1_889' title='bbox 2058 5122 2113 5179; x_wconf 86' lang='lat' dir='ltr'><strong>ei</strong></span> <span class='ocrx_word' id='word_1_890' title='bbox 2128 5126 2224 5194; x_wconf 84' lang='lat' dir='ltr'><strong>per</strong></span> <span class='ocrx_word' id='word_1_891' title='bbox 2242 5128 2403 5192; x_wconf 82' lang='lat' dir='ltr'><strong>quem</strong></span> <span class='ocrx_word' id='word_1_892' title='bbox 2424 5121 2554 5178; x_wconf 85' lang='lat' dir='ltr'><strong>fecit</strong></span> <span class='ocrx_word' id='word_1_893' title='bbox 2569 5136 2690 5188; x_wconf 91' lang='lat' dir='ltr'><strong>nos,</strong></span> <span class='ocrx_word' id='word_1_894' title='bbox 2707 5122 2881 5192; x_wconf 84' lang='lat' dir='ltr'><strong>maior</strong></span> <span class='ocrx_word' id='word_1_895' title='bbox 2905 5137 2972 5180; x_wconf 91' lang='lat' dir='ltr'><strong>eo</strong></span> <span class='ocrx_word' id='word_1_896' title='bbox 2998 5124 3087 5194; x_wconf 91' lang='lat' dir='ltr'><strong>qui</strong></span> <span class='ocrx_word' id='word_1_897' title='bbox 3109 5123 3280 5181; x_wconf 86' lang='lat' dir='ltr'><strong>factus</strong></span> <span class='ocrx_word' id='word_1_898' title='bbox 3305 5132 3389 5180; x_wconf 89' lang='lat' dir='ltr'><strong>est</strong></span> 
     </span>
    </p>
   </div>
   <div class='ocr_carea' id='block_1_113' title="bbox 1814 5213 3380 5284">
    <p class='ocr_par' dir='ltr' id='par_1_113' title="bbox 1814 5213 3380 5284">
     <span class='ocr_line' id='line_1_113' title="bbox 1814 5213 3380 5284; baseline 0 -16"><span class='ocrx_word' id='word_1_899' title='bbox 1814 5220 2036 5284; x_wconf 82' lang='lat' dir='ltr'><strong>propter</strong></span> <span class='ocrx_word' id='word_1_900' title='bbox 2058 5226 2175 5269; x_wconf 83' lang='lat' dir='ltr'><strong>nos.</strong></span> <span class='ocrx_word' id='word_1_901' title='bbox 2205 5232 2224 5266; x_wconf 80' lang='lat' dir='ltr'><strong>r</strong></span> <span class='ocrx_word' id='word_1_902' title='bbox 2243 5213 2513 5270; x_wconf 83' lang='lat' dir='ltr'><strong>Commoti</strong></span> <span class='ocrx_word' id='word_1_903' title='bbox 2536 5216 2661 5269; x_wconf 79' lang='lat' dir='ltr'><strong>sunt</strong></span> <span class='ocrx_word' id='word_1_904' title='bbox 2682 5228 2814 5269; x_wconf 91' lang='lat' dir='ltr'><strong>vero</strong></span> <span class='ocrx_word' id='word_1_905' title='bbox 2846 5224 2900 5271; x_wconf 88' lang='lat' dir='ltr'><strong>et</strong></span> <span class='ocrx_word' id='word_1_906' title='bbox 2926 5216 3124 5271; x_wconf 89' lang='lat' dir='ltr'><strong>turbati</strong></span> <span class='ocrx_word' id='word_1_907' title='bbox 3146 5214 3335 5281; x_wconf 66' lang='lat' dir='ltr'><strong>Judmi,</strong></span> <span class='ocrx_word' id='word_1_908' title='bbox 3361 5234 3380 5268; x_wconf 75' lang='grc' dir='ltr'><strong>ι</strong></span> 
     </span>
    </p>
   </div>
   <div class='ocr_carea' id='block_1_114' title="bbox 1817 5301 3387 5377">
    <p class='ocr_par' dir='ltr' id='par_1_114' title="bbox 1817 5301 3387 5377">
     <span class='ocr_line' id='line_1_114' title="bbox 1817 5301 3387 5377; baseline 0.001 -16"><span class='ocrx_word' id='word_1_909' title='bbox 1817 5306 1941 5376; x_wconf 92' lang='lat' dir='ltr'><strong>quia</strong></span> <span class='ocrx_word' id='word_1_910' title='bbox 1974 5319 2033 5361; x_wconf 89' lang='lat' dir='ltr'><strong>se</strong></span> <span class='ocrx_word' id='word_1_911' title='bbox 2063 5304 2323 5377; x_wconf 63' lang='lat' dir='ltr'><strong>aequalem</strong></span> <span class='ocrx_word' id='word_1_912' title='bbox 2354 5303 2601 5361; x_wconf 85' lang='lat' dir='ltr'><strong>Christus</strong></span> <span class='ocrx_word' id='word_1_913' title='bbox 2627 5301 2776 5360; x_wconf 87' lang='lat' dir='ltr'><strong>Patri</strong></span> <span class='ocrx_word' id='word_1_914' title='bbox 2805 5304 2952 5371; x_wconf 91' lang='lat' dir='ltr'><strong>fecit,</strong></span> <span class='ocrx_word' id='word_1_915' title='bbox 2982 5308 3073 5376; x_wconf 90' lang='lat' dir='ltr'><strong>qui</strong></span> <span class='ocrx_word' id='word_1_916' title='bbox 3113 5307 3387 5362; x_wconf 89' lang='lat' dir='ltr'><strong>hominem</strong></span> 
     </span>
    </p>
   </div>
   <div class='ocr_carea' id='block_1_115' title="bbox 1820 5396 3388 5464">
    <p class='ocr_par' dir='ltr' id='par_1_115' title="bbox 1820 5396 3388 5464">
     <span class='ocr_line' id='line_1_115' title="bbox 1820 5396 3388 5464; baseline 0.001 -12"><span class='ocrx_word' id='word_1_917' title='bbox 1820 5398 2190 5453; x_wconf 87' lang='lat' dir='ltr'><strong>tantummodo</strong></span> <span class='ocrx_word' id='word_1_918' title='bbox 2215 5396 2613 5464; x_wconf 89' lang='lat' dir='ltr'><strong>intellexerunt,</strong></span> <span class='ocrx_word' id='word_1_919' title='bbox 2644 5413 2748 5454; x_wconf 90' lang='lat' dir='ltr'><strong>non</strong></span> <span class='ocrx_word' id='word_1_920' title='bbox 2768 5399 2939 5455; x_wconf 86' lang='lat' dir='ltr'><strong>Deum</strong></span> <span class='ocrx_word' id='word_1_921' title='bbox 2960 5416 2973 5453; x_wconf 91' lang='lat'><strong>:</strong></span> <span class='ocrx_word' id='word_1_922' title='bbox 2998 5410 3217 5454; x_wconf 87' lang='lat' dir='ltr'><strong>carnem</strong></span> <span class='ocrx_word' id='word_1_923' title='bbox 3239 5396 3388 5454; x_wconf 86' lang='lat' dir='ltr'><strong>vide-</strong></span> 
     </span>
    </p>
   </div>
   <div class='ocr_carea' id='block_1_116' title="bbox 1817 5487 2863 5553">
    <p class='ocr_par' dir='ltr' id='par_1_116' title="bbox 1817 5487 2863 5553">
     <span class='ocr_line' id='line_1_116' title="bbox 1817 5487 2863 5553; baseline 0.001 -11"><span class='ocrx_word' id='word_1_924' title='bbox 1817 5496 1965 5553; x_wconf 83' lang='lat' dir='ltr'><strong>runt,</strong></span> <span class='ocrx_word' id='word_1_925' title='bbox 1990 5487 2332 5542; x_wconf 89' lang='lat' dir='ltr'><strong>Divinitatem</strong></span> <span class='ocrx_word' id='word_1_926' title='bbox 2364 5502 2469 5543; x_wconf 90' lang='lat' dir='ltr'><strong>non</strong></span> <span class='ocrx_word' id='word_1_927' title='bbox 2500 5488 2863 5545; x_wconf 83' lang='lat' dir='ltr'><strong>crediderunt.</strong></span> 
     </span>
    </p>
   </div>
   <div class='ocr_carea' id='block_1_117' title="bbox 1893 5578 3391 5651">
    <p class='ocr_par' dir='ltr' id='par_1_117' title="bbox 1893 5578 3391 5651">
     <span class='ocr_line' id='line_1_117' title="bbox 1893 5578 3391 5651; baseline 0.003 -20"><span class='ocrx_word' id='word_1_928' title='bbox 1893 5594 1913 5630; x_wconf 67' lang='grc' dir='ltr'><em>α</em></span> <span class='ocrx_word' id='word_1_929' title='bbox 1942 5578 2085 5633; x_wconf 88' lang='lat' dir='ltr'><strong>Dixit</strong></span> <span class='ocrx_word' id='word_1_930' title='bbox 2118 5579 2263 5634; x_wconf 86' lang='lat' dir='ltr'><strong>enim</strong></span> <span class='ocrx_word' id='word_1_931' title='bbox 2290 5594 2305 5633; x_wconf 87' lang='lat'><strong>:</strong></span> <span class='ocrx_word' id='word_1_932' title='bbox 2332 5578 2450 5635; x_wconf 78' lang='lat' dir='ltr'><strong>Non</strong></span> <span class='ocrx_word' id='word_1_933' title='bbox 2484 5589 2663 5651; x_wconf 89' lang='lat' dir='ltr'><strong>potest</strong></span> <span class='ocrx_word' id='word_1_934' title='bbox 2686 5594 2717 5635; x_wconf 82' lang='lat' dir='ltr'><strong>a</strong></span> <span class='ocrx_word' id='word_1_935' title='bbox 2744 5596 2803 5638; x_wconf 90' lang='lat' dir='ltr'><strong>se</strong></span> <span class='ocrx_word' id='word_1_936' title='bbox 2840 5582 3005 5637; x_wconf 80' lang='lat' dir='ltr'><strong>Filius</strong></span> <span class='ocrx_word' id='word_1_937' title='bbox 3029 5581 3210 5636; x_wconf 86' lang='lat' dir='ltr'><strong>facere</strong></span> <span class='ocrx_word' id='word_1_938' title='bbox 3232 5579 3391 5650; x_wconf 85' lang='lat' dir='ltr'><strong>quid-</strong></span> 
     </span>
    </p>
   </div>
   <div class='ocr_carea' id='block_1_118' title="bbox 1821 5670 3388 5744">
    <p class='ocr_par' dir='ltr' id='par_1_118' title="bbox 1821 5670 3388 5744">
     <span class='ocr_line' id='line_1_118' title="bbox 1821 5670 3388 5744; baseline 0.003 -20"><span class='ocrx_word' id='word_1_939' title='bbox 1821 5691 1841 5724; x_wconf 72' lang='grc' dir='ltr'>ι</span> <span class='ocrx_word' id='word_1_940' title='bbox 1872 5688 2057 5743; x_wconf 85' lang='lat' dir='ltr'><strong>quam,</strong></span> <span class='ocrx_word' id='word_1_941' title='bbox 2096 5673 2200 5728; x_wconf 88' lang='lat' dir='ltr'><strong>nisi</strong></span> <span class='ocrx_word' id='word_1_942' title='bbox 2237 5673 2377 5744; x_wconf 88' lang='lat' dir='ltr'><strong>quod</strong></span> <span class='ocrx_word' id='word_1_943' title='bbox 2415 5674 2611 5730; x_wconf 88' lang='lat' dir='ltr'><strong>viderit</strong></span> <span class='ocrx_word' id='word_1_944' title='bbox 2634 5672 2850 5731; x_wconf 87' lang='lat' dir='ltr'><strong>Patrem</strong></span> <span class='ocrx_word' id='word_1_945' title='bbox 2877 5674 3181 5729; x_wconf 87' lang='lat' dir='ltr'><strong>facientem.</strong></span> <span class='ocrx_word' id='word_1_946' title='bbox 3218 5690 3238 5724; x_wconf 74' lang='grc' dir='ltr'><strong><em>ι</em></strong></span> <span class='ocrx_word' id='word_1_947' title='bbox 3267 5670 3388 5729; x_wconf 86' lang='lat' dir='ltr'><strong>Non</strong></span> 
     </span>
    </p>
   </div>
   <div class='ocr_carea' id='block_1_119' title="bbox 1810 5764 3386 5841">
    <p class='ocr_par' dir='ltr' id='par_1_119' title="bbox 1810 5764 3386 5841">
     <span class='ocr_line' id='line_1_119' title="bbox 1810 5764 3386 5841; baseline -0.002 -15"><span class='ocrx_word' id='word_1_948' title='bbox 1810 5766 1917 5827; x_wconf 78' lang='lat' dir='ltr'><strong>alia</strong></span> <span class='ocrx_word' id='word_1_949' title='bbox 1954 5780 2120 5839; x_wconf 80' lang='lat' dir='ltr'><strong>Opera</strong></span> <span class='ocrx_word' id='word_1_950' title='bbox 2160 5765 2287 5823; x_wconf 84' lang='lat' dir='ltr'><strong>facit</strong></span> <span class='ocrx_word' id='word_1_951' title='bbox 2322 5767 2485 5823; x_wconf 89' lang='lat' dir='ltr'><strong>Pater</strong></span> <span class='ocrx_word' id='word_1_952' title='bbox 2526 5783 2647 5841; x_wconf 68' lang='lat' dir='ltr'><strong>quae</strong></span> <span class='ocrx_word' id='word_1_953' title='bbox 2692 5768 2869 5824; x_wconf 87' lang='lat' dir='ltr'><strong>videat</strong></span> <span class='ocrx_word' id='word_1_954' title='bbox 2929 5764 3096 5821; x_wconf 87' lang='lat' dir='ltr'><strong>Filius</strong></span> <span class='ocrx_word' id='word_1_955' title='bbox 3130 5782 3144 5820; x_wconf 91' lang='lat'><strong>:</strong></span> <span class='ocrx_word' id='word_1_956' title='bbox 3183 5774 3239 5821; x_wconf 91' lang='lat' dir='ltr'><strong>et</strong></span> <span class='ocrx_word' id='word_1_957' title='bbox 3279 5765 3386 5823; x_wconf 74' lang='lat' dir='ltr'><strong>alia</strong></span> 
     </span>
    </p>
   </div>
  </div>
