3994 6354
557 415 653 470 511

1180 409 1536 466 HAYMONIS
1575 399 2052 464 HALBERSTAT.
2095 395 2304 460 EPlSC.
2359 403 2508 460 OPP.
2553 402 2732 458 PARS
2771 404 2830 459 ll.
2873 435 2940 444 —
2978 401 3206 460 HOMIL.

3755 400 3865 458 5η

555 547 726 604 Filius
776 563 894 616 qua:
957 546 1150 601 viderit
1200 544 1416 599 Patrem
1461 543 1781 605 facientem,
1819 541 1914 596 sed
1947 539 2134 593 eadem
2163 543 2212 601 Α
2241 539 2527 604 suscitare,
2548 555 2711 610 quam
2739 539 3023 610 languidos
3047 553 3257 593 sanare.
3293 536 3400 593 Sed
3427 536 3577 594 sicut
3609 537 3864 593 suscitat

555 656 722 712 opera
750 641 862 711 ipsa
883 639 1044 694 Pater
1068 647 1121 693 et
1141 637 1311 692 Filius
1335 636 1604 692 similiter.
1628 633 1970 702 Quaecunque
1989 631 2132 686 enim

559 734 646 788 ille
673 733 880 795 fecerit,
913 731 1026 786 haec
1065 738 1118 784 et
1155 729 1323 784 Filius
1363 727 1613 783 similiter
1650 726 1799 780 facit.
1848 723 1962 779 Non
2011 740 2132 779 cum

555 821 646 876 ille
671 821 861 876 fecerit
890 819 1014 884 alia,
1039 819 1207 874 Filius
1229 819 1479 873 similiter
1500 817 1660 882 facit;
1687 817 1779 871 sed
1800 828 2134 885 quacunque

554 912 642 966 ille
679 911 900 976 fecerit,
931 913 1048 967 hmc
1082 922 1138 966 et
1178 911 1344 965 Filius
1380 910 1632 966 similiter
1677 909 1824 963 facit.
1869 907 1974 962 Sed
2018 906 2132 960 haec

553 1003 682 1059 facit
712 1003 880 1059 Filius
905 1019 1025 1074 qua:
1051 1003 1240 1059 fecerit
1271 1003 1430 1058 Pater
1451 1045 1464 1069 ,
1511 1018 1605 1074 per
1640 1003 1832 1058 Filium
1868 1001 2008 1071 facit|
2029 999 2130 1052 Pa-

551 1106 655 1149 ter.
701 1095 757 1150 Si
803 1111 897 1166 per
935 1096 1126 1150 Filium
1174 1095 1324 1160 facit,
1367 1111 1485 1166 qua:
1523 1095 1651 1149 facit
1680 1094 1859 1158 Pater,
1892 1108 1994 1147 non
2027 1091 2132 1146 alia

551 1183 734 1249 Pater,
767 1187 869 1240 alia
902 1187 1070 1242 Filius
1102 1187 1252 1253 facit,
1283 1188 1373 1242 sed
1399 1187 1584 1241 eadem
1609 1201 1770 1255 opera
1799 1194 1926 1240 sunt
1956 1185 2132 1238 Patris

551 1285 607 1330 et
641 1276 783 1331 Filii.
827 1278 895 1332 Et
925 1279 1192 1348 quomodo
1229 1294 1289 1334 ea
1321 1279 1450 1332 facit
1478 1287 1532 1332 et
1561 1277 1727 1332 Filius
1762 1286 1816 1332 et
1850 1278 2036 1331 eadem
2077 1285 2132 1331 et

550 1367 838 1422 similiter?
885 1368 962 1423 Ne
1015 1367 1151 1424 forte
1197 1371 1404 1433 eadem,
1451 1369 1543 1423 sed
1579 1369 1714 1424 dicis
1760 1387 1778 1419 ι
1809 1367 2070 1422 similiter.
2107 1386 2124 1417 ι

549 1455 774 1521 Eadem,
801 1459 990 1528 inquit,
1010 1467 1065 1513 et
1087 1459 1366 1514 similiter:
1390 1467 1444 1514 et
1464 1459 1732 1528 quomodo
1752 1457 1920 1526 possit
1943 1457 2130 1510 eadem

550 1562 659 1602 non
687 1549 956 1614 similiter,
987 1549 1112 1604 dum
1141 1549 1322 1604 omnia
1358 1565 1478 1618 qua:
1516 1547 1676 1604 Pater
1715 1547 1874 1612 facit,
1913 1561 2010 1617 per
2035 1545 2130 1599 Fi-

547 1641 680 1695 limn
708 1641 860 1706 facit,
887 1643 1027 1698 sicut
1051 1643 1252 1697 dictum
1278 1652 1387 1697 est:
1419 1663 1435 1692 ‹
1457 1641 1647 1698 Omnia
1672 1657 1766 1712 per
1789 1641 1962 1711 ipsum
1989 1639 2127 1695 facta

549 1741 694 1796 sunt,
723 1743 779 1788 et
811 1735 926 1788 sine
957 1735 1073 1804 ipso
1101 1733 1301 1788 factum
1329 1743 1409 1788 est
1434 1733 1567 1787 nihil
1599 1733 1839 1803 (Ibid.).o
1890 1731 2013 1786 Ideo
2051 1731 2127 1786 si-

549 1825 751 1879 militer
799 1827 973 1879 dixit:
1007 1827 1129 1896 quia
1166 1827 1352 1880 eadem
1382 1825 1508 1880 facit
1538 1824 1706 1880 Filius
1739 1839 1857 1893 qua:
1904 1821 2034 1877 facit
2076 1831 2130 1876 et

2236 629 2398 686 Pater
2425 640 2668 687 mortuos
2693 639 2750 686 et
2773 631 3028 696 vivificat,
3062 632 3138 686 sic
3166 639 3220 686 et
3246 629 3416 685 Filius
3441 645 3587 700 quos
3625 629 3761 683 vult
3787 631 3862 683 vi-

2235 723 2438 778 vificat.
2473 723 2588 779 Non
2609 724 2754 779 enim
2781 723 2917 778 alios
2945 722 3127 786 Pater,
3176 722 3309 777 alios
3349 721 3522 776 Filius
3566 721 3857 787 vivificat,

2237 815 2329 869 sed
2377 831 2480 869 una
2529 825 2768 886 potestas
2817 832 2978 870 unam
3024 815 3442 870 vivificationem
3493 815 3688 879 facit,
3740 831 3858 885 qua

2235 905 2394 959 etiam
2426 915 2666 976 potestas
2696 922 2804 960 uno
2832 907 3038 960 honore
3078 905 3396 960 honoranda
3437 914 3550 961 est.
3603 905 3690 958 Et
3737 905 3857 960 ideo

2235 1006 2630 1065 consequenter
2657 997 2973 1068 subjunxit:

2313 1103 2330 1136 ‹
2365 1085 2525 1142 Pater
2559 1088 2703 1141 enim
2744 1104 2850 1142 non
2878 1087 3088 1156 judieat
3129 1103 3490 1160 quemquam,
3532 1088 3647 1143 sed
3691 1103 3854 1145 cunne

2240 1195 2261 1230 ι
2293 1178 2555 1248 judicium
2595 1181 2743 1236 dedit
2789 1181 2966 1236 Filio:
2999 1191 3056 1236 ut
3095 1197 3284 1237 omnes
3325 1181 3717 1236 honoriﬁcent
3762 1179 3849 1234 Fi-

2241 1288 2258 1322 σ
2291 1269 2443 1330 lium,
2476 1271 2616 1326 sicut
2643 1271 3003 1327 ltonorilicant
3031 1271 3268 1326 Patrem.
3299 1270 3402 1338 Qui
3428 1286 3542 1326 non
3574 1269 3849 1326 honoriﬁ-

2239 1377 2257 1410 ι
2299 1368 2386 1414 cat
2415 1359 2641 1427 Filium,
2678 1376 2783 1416 non
2814 1361 3135 1418 honorificat
3159 1361 3406 1428 Patrem,
3449 1362 3544 1432 qui
3589 1360 3756 1415 misit
3783 1361 3845 1415 il-

2241 1469 2260 1503 ι
2293 1449 2425 1504 lum.
2463 1470 2479 1502 ι
2517 1450 2679 1505 Pater
2705 1466 2810 1506 non
2834 1451 3042 1518 judicat
3067 1466 3426 1522 quemquam,
3472 1450 3613 1519 quia
3667 1449 3842 1503 Patris

2233 1553 2463 1608 persona
2495 1539 2546 1593 in
2579 1539 2797 1595 homine
2825 1541 3135 1610 suscipitur,
3168 1555 3268 1596 nec
3298 1541 3351 1594 in
3370 1537 3592 1608 judicio
3627 1538 3838 1593 videbi-

2234 1638 2342 1695 tur,
2379 1630 2472 1684 sed
2503 1631 2616 1686 sola
2652 1630 2772 1685 Filii
2799 1630 3006 1695 forma,
3059 1648 3180 1703 qua:
3212 1631 3455 1702 judicata
3487 1641 3581 1688 est
3614 1631 3836 1700 injuste,

2233 1719 2456 1788 etjuste
2479 1721 2686 1792 judicat
2724 1723 2876 1779 vivos
2920 1739 2985 1778 ac
3023 1734 3286 1780 mortuos.
3325 1722 3437 1778 Nec
3478 1723 3638 1778 enim
3674 1722 3836 1777 Filius

2232 1813 2504 1868 videbitur
2551 1816 2603 1869 in
2642 1815 2848 1883 judicio
2893 1817 2946 1871 in
2972 1832 3035 1872 ea
3061 1825 3272 1883 natura,
3315 1831 3420 1887 qua
3459 1817 3834 1871 consubstan-

550 1914 734 1980 Pater,
761 1917 886 1984 quia
916 1932 1019 1970 una
1047 1915 1224 1972 Patris
1251 1925 1303 1971 et
1329 1915 1446 1970 Filii
1478 1916 1530 1970 in
1564 1915 1853 1969 Divinitate
1882 1915 2130 1968 substan-
2158 1919 2206 1978 Β
2235 1905 2377 1960 fialis
2403 1916 2488 1961 est
2513 1907 2620 1962 Deo
2648 1906 2818 1972 Patri,
2866 1911 2960 1963 sed
3008 1909 3062 1964 in
3109 1924 3171 1964 ea
3211 1901 3316 1978 qua
3345 1906 3834 1964 eonsubstantialis

550 2007 621 2060 tia
647 2015 701 2062 et
727 2009 993 2077 operatio,
1029 2023 1134 2062 una
1162 2008 1414 2063 voluntas
1438 2018 1493 2062 et
1514 2016 1773 2078 potestas,
1803 2021 1907 2060 una
1934 2005 2045 2059 vita
2076 2013 2130 2059 et

547 2101 805 2152 essentia.
835 2098 900 2152 Et
927 2099 1154 2168 aequalia
1197 2101 1376 2154 omnia
1423 2109 1549 2154 sunt
1598 2100 1649 2154 in
1687 2099 1845 2153 Patre
1883 2107 1936 2153 et
1971 2097 2127 2164 Filio,

548 2191 654 2244 nisi
700 2193 840 2260 quod
871 2192 1032 2246 Pater
1068 2192 1229 2248 Pater
1268 2203 1381 2258 est,
1430 2202 1485 2249 et
1514 2192 1681 2247 Filius
1709 2192 1877 2246 Filius
1903 2199 2002 2247 est.
2031 2189 2132 2244 Sc-

548 2283 760 2351 paratio
789 2285 949 2339 estin
981 2286 1246 2354 personis,
1285 2285 1376 2340 sed
1408 2286 1588 2340 unitas
1626 2286 1678 2340 in
1713 2293 1926 2339 natura.
1962 2301 1979 2333 ι
2010 2282 2127 2336 Non

549 2376 692 2429 enim
719 2386 895 2446 potest
921 2377 1092 2432 Filius
1123 2394 1151 2432 a
1179 2394 1238 2433 se
1267 2378 1447 2433 facere
1477 2379 1795 2448 quidquam,
1839 2377 1942 2432 nisi
1986 2375 2129 2445 quod

546 2467 743 2522 viderit
770 2468 983 2523 Patrem
1015 2469 1322 2524 facientem.
1355 2490 1374 2521 ι
1409 2469 1526 2524 Non
1552 2471 1807 2526 debemus
1833 2468 2130 2526 carnaliter

549 2559 850 2629 intelligere
876 2561 1014 2615 hanc
1040 2562 1386 2626 sententiam,
1411 2561 1563 2631 quasi
1596 2562 1824 2617 duorum
1848 2562 2126 2617 hominum

549 2646 726 2703 Patris
755 2659 810 2703 et
837 2649 980 2713 Filii,
1015 2653 1175 2706 unius
1202 2653 1558 2717 ostendentis,
1601 2651 1823 2707 alterius
1853 2652 2086 2706 videntis
2111 2670 2124 2706 :

550 2741 710 2796 unius
737 2741 1038 2811 loquentis,
1072 2743 1293 2798 alterius
1328 2744 1634 2799 audientis:
1666 2744 1791 2814 quia
1834 2759 1932 2798 nec
1969 2743 2128 2798 Pater

551 2831 817 2888 minorem
847 2833 1009 2888 habet
1038 2843 1375 2904 potestatem,
1413 2851 1511 2890 nec
1535 2833 1792 2903 majorem
1818 2836 1910 2891 Dei
1936 2835 2125 2903 Filius,

550 2937 672 2976 cum
700 2921 862 2977 Patre
887 2932 941 2977 et
966 2923 1104 2980 Filio
1126 2926 1382 2981 distantia
1414 2926 1720 2982 Divinitatis
1760 2943 1865 2982 non
1903 2928 1993 2992 sit,
2035 2929 2126 2983 sed

552 3029 655 3067 una
687 3014 958 3083 majestas.
988 3016 1112 3072 [deo
1138 3018 1406 3088 subjecit:
1439 3037 1458 3069 ι
1488 3016 1679 3072 Omnia
1709 3019 1850 3074 enim
1879 3035 2128 3089 quaecun-

557 3124 574 3155 ι
606 3121 711 3175 que
741 3106 869 3162 facit
899 3107 1078 3174 Pater,
1107 3110 1294 3164 eadem
1330 3117 1385 3164 et
1414 3108 1583 3165 Filius
1629 3109 1758 3164 facit
1803 3109 2067 3165 similiter.
2098 3130 2117 3163 ι

550 3196 1005 3268 Significationem
1037 3201 1195 3256 unius
1217 3210 1423 3257 naturae
1449 3203 1706 3267 ostendit,
1735 3213 1788 3258 et
1814 3201 1972 3258 unius
1999 3219 2128 3273 ope-

2233 2011 2317 2056 est
2343 2003 2525 2068 matri,
2555 2015 2608 2058 et
2639 2004 2801 2059 homo
2831 2004 3003 2061 factus
3027 2015 3130 2062 est.
3166 2005 3246 2062 ita
3278 2007 3707 2078 intelligendum
3733 2015 3828 2070 est,

2239 2112 2257 2146 ι
2285 2095 2450 2150 Pater
2483 2113 2587 2152 non
2613 2097 2824 2166 judicat
2854 2114 3214 2169 quemquam,
3243 2101 3335 2156 sed
3365 2114 3530 2156 omne
3558 2099 3827 2168 judicium

2231 2186 2380 2242 dedit
2411 2187 2568 2255 Filio,
2603 2210 2621 2242 ι
2667 2206 2729 2244 ac
2757 2191 2802 2244 si
2833 2191 3142 2245 diceretur:
3170 2189 3390 2246 Patrem
3429 2205 3600 2244 nemo
3633 2191 3829 2245 videbit

2231 2279 2285 2334 in
2304 2281 2510 2350 judicio
2525 2283 2768 2338 vivorum
2795 2292 2850 2338 et
2874 2293 3226 2346 mortuorum,
3251 2285 3345 2340 sed
3370 2298 3566 2338 omnes
3593 2283 3825 2339 Filium:

2231 2373 2356 2441 quia
2383 2383 2437 2428 et
2466 2373 2633 2430 Filius
2661 2376 2896 2432 hominis
2928 2385 3032 2443 est,
3061 2386 3121 2432 ut
3148 2377 3319 2450 possit
3353 2387 3410 2432 et
3434 2377 3506 2432 ab
3534 2379 3724 2450 impiis
3747 2379 3824 2430 vi-

2229 2464 2363 2529 deri,
2393 2482 2513 2520 cum
2543 2475 2598 2521 et
2625 2467 2700 2521 illi
2731 2468 2987 2524 videbunt
3008 2469 3062 2523 in
3086 2449 3248 2538 que'm
3271 2449 3641 2540 pupugerunt.
3671 2469 3824 2537 Quod

2230 2570 2298 2610 ne
2331 2555 2601 2625 conjicere
2628 2561 2805 2629 potius
2829 2575 2990 2629 quam
3017 2569 3205 2630 aperte
3233 2560 3614 2616 demonstrare
3638 2560 3822 2615 videa-

2231 2663 2394 2712 mur,
2441 2647 2766 2718 proferimus
2817 2650 3058 2720 ejusdem
3116 2652 3330 2708 Domini
3391 2662 3592 2709 certam
3644 2653 3826 2708 mani-

2232 2735 2530 2809 festamque
2551 2743 2897 2808 sententiam,
2915 2759 3076 2812 quam
3099 2743 3438 2799 ostendimus
3459 2745 3618 2815 ipsam
3642 2745 3827 2800 fuisse

2231 2843 2473 2894 causam,
2497 2839 2556 2885 ut
2578 2832 2783 2888 diceret
2809 2851 2821 2887 :
2859 2852 2878 2885 ι
2909 2833 3073 2888 Pater
3101 2850 3207 2890 non
3228 2833 3441 2904 judicat
3464 2849 3818 2904 quemquam,

2231 2921 2324 2974 sed
2346 2936 2506 2976 onme
2521 2921 2784 2992 judicium
2811 2925 2959 2980 dedit
2983 2925 3152 2982 Filio:
3176 2946 3195 2980 ι
3225 2926 3354 2997 quia
3373 2927 3538 2998 judex
3559 2925 3610 2980 in
3638 2925 3824 2980 forma

2229 3011 2348 3067 Filii
2378 3014 2611 3070 hominis
2639 3016 2940 3086 apparebit,
2979 3031 3099 3086 qua:
3136 3016 3308 3072 forma
3349 3035 3452 3073 non
3486 3027 3570 3072 est
3609 3015 3823 3080 Patris,

2231 3105 2324 3159 sed
2355 3103 2496 3158 Filii.
2535 3103 2644 3162 Nec
2669 3121 2733 3162 ea
2764 3106 2886 3162 Filii
2917 3107 2968 3161 in
3000 3123 3104 3178 qua
3142 3108 3366 3179 aaqualis
3389 3118 3470 3164 est
3492 3107 3649 3162 Patri
3673 3149 3690 3171 ,
3732 3108 3824 3162 sai

2231 3196 2285 3250 in
2317 3212 2422 3266 qua
2453 3199 2632 3253 minor
2654 3207 2738 3254 est
2767 3199 2945 3267 Patre,
2980 3209 3039 3254 ιιι
3070 3202 3142 3256 sit
3174 3202 3226 3255 in
3251 3201 3450 3272 judicio
3479 3201 3825 3270 conspicuus

551 3287 817 3342 rationis:
848 3290 973 3359 quia
999 3291 1301 3347 communis
1322 3300 1405 3348 est
1426 3293 1668 3364 operatio
1696 3291 1876 3348 Patris
1899 3302 1954 3348 et
1980 3293 2122 3361 Filii,
2155 3273 2200 3336 C
2231 3284 2386 3341 bonis
2408 3296 2460 3340 el
2489 3288 2672 3353 malis,
2713 3309 2730 3341 σ
2761 3299 2818 3344 ιιι
2849 3306 3036 3346 omnes
3064 3292 3419 3348 honorifile
3450 3291 3690 3356 Filium.
3720 3293 3821 3347 sic-

548 3393 777 3447 quorum
825 3389 908 3436 est
943 3395 1047 3435 una
1098 3392 1291 3437 natura
1319 3424 1333 3448 ,
1373 3400 1477 3439 una
1510 3386 1671 3438 etiam
1709 3385 1972 3455 Operatio.
2003 3385 2127 3441 ideo

547 3479 937 3539 consequenter
964 3471 1278 3539 subjunxit:

626 3577 644 3610 ι
673 3556 834 3614 Pater
854 3560 1024 3631 diligit
1054 3560 1270 3627 Filium,
1295 3571 1350 3618 et
1370 3563 1549 3619 omnia
1571 3564 1905 3619 demonstrat
1933 3563 1983 3618 ei
2006 3579 2127 3634 qua:

553 3673 570 3704 ι
601 3653 715 3724 ipse
744 3653 890 3709 facit.
921 3674 938 3706 ι
976 3654 1044 3710 Ut
1072 3658 1384 3712 ostenderet
1409 3672 1623 3712 omnem
1662 3657 1801 3712 hanc
1827 3657 2004 3712 Patris
2030 3657 2128 3713 de-

548 3745 999 3799 monstrationem
1036 3745 1158 3800 fidei
1188 3754 1388 3802 nostrze
1431 3760 1550 3802 esse
1589 3747 1928 3811 doctrinam;
1970 3755 2024 3802 et
2068 3757 2128 3803 ut

549 3846 891 3902 nequaquam
920 3833 1006 3889 hic
1038 3834 1304 3904 ignoratio
1325 3835 1378 3889 in
1401 3835 1538 3891 Filio
1565 3836 1735 3907 possit
1765 3836 2011 3908 intelligi,
2041 3839 2126 3893 cui

550 3921 716 3974 Pater
759 3937 923 3992 opera
970 3924 1150 3978 omnia
1198 3940 1317 3994 quae
1359 3925 1476 3996 ipse
1525 3925 1730 3983 faceret
1775 3937 2123 3998 monstraret,

549 4013 805 4068 continuo
833 4015 907 4068 ait
933 4034 945 4069 :
969 4047 988 4062 ν

624 4123 644 4157 ι
681 4104 744 4160 Ει
772 4107 973 4176 majora
1005 4107 1092 4163 his
1114 4122 1274 4178 opera
1306 4109 1694 4166 demonstrabit
1723 4111 1794 4178 ei,
1828 4120 1886 4167 ut
1911 4127 2007 4168 vos
2033 4115 2128 4168 ad-

555 4213 573 4245 c
606 4195 895 4251 miremini.
945 4197 1098 4253 Sicut
1139 4200 1282 4254 enim
1327 4199 1486 4255 Pater
1529 4202 1753 4257 suscitat
1792 4211 2034 4260 mortuos
2071 4214 2126 4258 et

553 4305 571 4336 ε
607 4287 860 4352 vivificat,
886 4289 965 4344 sic
987 4296 1041 4343 et
1065 4288 1232 4346 Filius
1251 4306 1386 4360 quos
1409 4292 1523 4346 vult
1550 4293 1804 4349 vivificat.
1840 4314 1859 4346 ι
1885 4295 1959 4350 Ea
1981 4296 2125 4350 enim

547 4375 761 4432 Patrem
790 4377 1165 4434 demonstrare
1203 4379 1340 4436 Filio
1377 4380 1546 4447 dicit,
1583 4397 1702 4452 qua:
1737 4383 2040 4438 mirentur:
2071 4393 2126 4438 et

544 4484 665 4538 quae
703 4471 892 4525 eadem
933 4479 1136 4538 essent,
1187 4471 1275 4526 illa
1315 4486 1437 4527 mox
1487 4472 1684 4527 docuit.
1735 4492 1754 4524 «
1785 4471 1936 4528 Sicut
1978 4474 2123 4529 enim

545 4559 703 4616 Pater
753 4563 977 4622 suscitat
1026 4573 1286 4629 mortuos,
1332 4573 1386 4619 et
1425 4565 1680 4627 vivificat,
1731 4567 1812 4620 sic
1854 4576 1909 4620 et
1954 4566 2124 4622 Filius

541 4669 678 4722 quos
698 4654 812 4708 vult
841 4655 1098 4711 vivificat.
1128 4674 1149 4709 ι
1177 4656 1468 4727 Ειωψιοω
1498 4659 1669 4713 virtus
1695 4668 1778 4714 est
1803 4675 1896 4729 per
1916 4669 2123 4716 natura:

541 4743 878 4798 indissimilis
909 4746 1173 4800 unitatem
1192 4787 1206 4811 ,
1238 4755 1292 4802 et
1329 4748 1844 4804 demonstrationem
1871 4765 2115 4820 operum.

543 4831 656 4888 Non
695 4834 1050 4904 ignorationis
1088 4837 1369 4894 instructio
1399 4848 1510 4902 est,
1563 4839 1656 4894 sed
1711 4849 1910 4896 nostra:
1955 4841 2117 4907 ﬁdei,

541 4939 659 4992 qua:
707 4938 815 4978 non
860 4923 997 4978 Filio
1043 4925 1322 4981 scientiam
1374 4928 1764 5000 ignoratorum,
1815 4931 1910 4987 sed
1961 4931 2116 4987 nobis

537 5018 931 5075 confessionem
965 5018 1262 5074 nativitatis
1291 5020 1513 5076 invexit.
1552 5021 1936 5076 Demonstrare
1969 5022 2115 5076 enim

533 5116 773 5180 Patrem,
801 5123 884 5171 est
907 5130 1004 5186 per
1030 5114 1221 5170 Filium
1249 5115 1427 5174 facere
1448 5132 1568 5188 qua:
1589 5116 1828 5170 facturus
1844 5124 1950 5170 est.
1975 5115 2112 5171 Nam

531 5206 739 5276 majora
768 5222 932 5278 Opera
962 5215 1088 5262 sunt
1118 5209 1444 5266 resurrectio
1477 5217 1837 5273 mortuorum,
1867 5223 1988 5264 oua:
2007 5209 2114 5264 erit

427 5362 430 5366 ι
531 5299 584 5351 in
609 5299 904 5355 novissimo
925 5300 1032 5366 die,
1061 5316 1223 5372 quam
1249 5303 1406 5357 istius
1429 5300 1738 5372 languentis
1765 5302 1991 5368 sanitas,
2016 5303 2108 5373 qui

527 5391 728 5447 Christi
758 5393 923 5448 verbo
951 5403 1173 5450 sanatus
1199 5403 1309 5458 est,
1343 5409 1409 5449 ex
1435 5409 1540 5462 quo
1571 5403 1692 5448 nata
1720 5401 1803 5450 est
1829 5394 1988 5466 hujus
2017 5411 2110 5451 oc-

525 5485 672 5540 casio
701 5495 810 5541 tota
839 5488 1124 5544 sermonis.
1148 5487 1290 5542 Dicit
1309 5488 1486 5542 enim:
1522 5505 1539 5537 ι
1571 5497 1630 5542 ιιι
1651 5504 1745 5544 vos
1769 5490 2101 5559 mireminip

524 5586 581 5630 et
621 5578 721 5634 hoc
751 5578 963 5635 difficile
992 5588 1076 5634 est
1101 5579 1323 5645 videre,
1366 5579 1634 5648 quomodo
1672 5589 1924 5652 tanquam
1965 5590 2104 5637 tem-

522 5669 780 5735 poraliter
809 5669 946 5724 Filio
976 5678 1249 5724 cozeterno
1278 5667 1458 5738 aliqua
1499 5670 1829 5727 demonstret
1866 5681 2103 5728 :eternus

519 5755 702 5825 Pater,
729 5762 910 5815 omnia
933 5757 1125 5815 scienti
1150 5775 1269 5829 qua:
1291 5769 1376 5815 est
1398 5762 1536 5830 apud
1561 5761 1796 5818 Patrem.
1823 5763 1952 5831 Qua:
1973 5774 2100 5820 sunt

521 5857 698 5912 tamen
730 5854 820 5909 illa
848 5853 1088 5923 majora?
1120 5852 1324 5912 Maiora
1351 5870 1480 5930 ergo
1511 5863 1638 5913 sunt
1661 5871 1825 5932 opera
1856 5867 2098 5915 mortuos

2230 3386 2290 3431 ut
2331 3379 2691 3435 honorificam
2736 3381 2976 3437 Patrem.
3008 3402 3024 3434 ι
3079 3383 3180 3451 Qui
3222 3400 3327 3440 non
3367 3383 3702 3440 honorificat
3741 3385 3823 3440 Fi-

2229 3466 2382 3534 lium,
2411 3484 2516 3524 non
2553 3471 2876 3528 honorificat
2902 3472 3138 3528 Patrem.
3185 3474 3325 3542 Quid
3351 3484 3430 3530 est
3461 3474 3630 3540 enim,
3677 3496 3698 3527 ι
3733 3477 3824 3531 ho-

2227 3559 2477 3614 norificat
2501 3560 2746 3628 Patrem,
2779 3583 2798 3616 ι
2831 3564 2933 3619 nisi
2975 3565 3118 3635 quod
3157 3566 3356 3622 habeat
3381 3566 3610 3622 Filium?
3655 3570 3823 3624 Aliud

2227 3661 2313 3707 est
2341 3653 2484 3708 enim
2507 3695 2522 3718 ,
2555 3670 2678 3710 cum
2711 3656 2805 3711 tibi
2834 3658 3244 3714 commendatur
3285 3659 3454 3723 Deus,
3491 3661 3617 3730 quia
3676 3661 3819 3717 Deus

2227 3751 2310 3797 est
2335 3761 2348 3798 :
2372 3753 2426 3799 et
2457 3743 2620 3810 aliud,
2645 3760 2767 3802 cum
2793 3747 2886 3802 tibi
2907 3750 3314 3804 commendatur
3326 3750 3486 3816 Deus,
3500 3750 3628 3821 quia
3653 3751 3822 3808 Pater

2225 3845 2329 3892 est.
2360 3837 2494 3893 Cum
2526 3839 2621 3894 tibi
2651 3840 2775 3908 quia
2805 3841 2948 3896 Deus
2987 3850 3070 3898 est
3111 3843 3538 3908 commendatur,
3578 3842 3820 3900 Creator

2229 3929 2326 3983 tibi
2366 3931 2791 3997 commendatur,
2831 3933 3173 4003 omnipotens
3213 3933 3311 3990 tibi
3357 3935 3816 3991 commendatur:

2229 4021 2463 4091 Spiritus
2502 4023 2717 4090 quidam
2757 4039 3031 4090 summus,
3063 4033 3318 4091 aeternus,
3371 4025 3681 4091 invisibilis,
3739 4029 3818 4082 in-

2228 4112 2626 4167 commutabilis
2677 4114 2773 4168 tibi
2824 4116 3255 4171 commendatur.
3303 4114 3437 4172 Cum
3488 4131 3613 4171 vero
3674 4119 3817 4180 tibi,

2227 4203 2352 4274 quia
2380 4202 2540 4259 Pater
2566 4213 2670 4272 est,
2697 4208 3126 4273 commendatur,
3165 4208 3299 4264 nihil
3339 4209 3430 4264 tibi
3463 4209 3603 4264 aliud
3642 4226 3818 4280 quam

2226 4294 2398 4350 Filius
2422 4299 2847 4352 commendatur.
2877 4298 3015 4365 Quia
3043 4298 3204 4354 Pater
3233 4300 3337 4355 dici
3369 4313 3472 4356 non
3502 4310 3694 4370 potest
3717 4344 3732 4367 ,
3773 4303 3818 4358 si

2226 4386 2423 4441 Filium
2458 4403 2563 4443 non
2593 4387 2791 4444 habet:
2820 4389 2960 4444 sicut
2997 4405 3097 4446 nec
3139 4389 3326 4454 Filius,
3364 4387 3409 4446 Si
3453 4389 3672 4445 Patrem
3707 4408 3818 4448 non

2225 4478 2408 4536 habet.
2446 4479 2550 4536 Sed
2584 4496 2652 4536 ne
2680 4480 2818 4537 forte
2844 4481 3057 4538 Patrem
3081 4483 3295 4552 quidem
3333 4466 3660 4538 honorifices
3697 4495 3819 4539 tan-

2226 4585 2388 4639 quam
2421 4570 2713 4640 majorem,
2745 4571 2935 4627 Filium
2973 4589 3102 4630 vero
3135 4582 3388 4644 tanquam
3417 4574 3688 4628 minorem
3709 4617 3729 4640 ,
3759 4587 3817 4629 ut

2227 4659 2374 4715 dicas
2409 4679 2420 4714 :
2460 4660 2766 4718 Honorifico
2796 4661 3011 4718 Patrem
3051 4681 3063 4716 :
3112 4664 3225 4720 scio
3261 4663 3404 4719 enim
3434 4663 3574 4734 quod
3602 4664 3818 4722 habeat

2223 4751 2444 4818 Filium,
2477 4761 2532 4808 et
2561 4768 2665 4808 non
2702 4770 2857 4810 error
2894 4756 2947 4809 in
2994 4756 3171 4811 Patris
3217 4756 3453 4812 nomine.
3499 4755 3615 4810 Non
3652 4759 3814 4813 enim

2222 4843 2441 4900 Patrem
2476 4844 2716 4916 intelligo
2742 4846 2858 4902 sine
2885 4845 3040 4911 Filio,
3069 4847 3370 4904 honorifico
3401 4855 3576 4901 tamen
3615 4855 3676 4902 et
3729 4848 3818 4903 l-‘i-

2221 4937 2352 4992 lium
2381 4947 2637 5009 tanquam
2666 4939 2949 4994 minorem.
2990 4938 3238 5011 Corrigat
3281 4949 3332 4995 te
3373 4940 3487 5010 ipse
3514 4938 3719 5005 Filius,
3761 4951 3817 4995 et

2221 5041 2438 5087 revocet
2462 5041 2534 5098 te,
2562 5031 2748 5088 dicens
2773 5052 2785 5086 :
2816 5051 2833 5082 ι
2857 5033 2924 5087 Et
2943 5048 3132 5088 omnes
3153 5033 3511 5088 honorificent
3532 5030 3765 5096 Filium,
3790 5053 3808 5084 ›

2218 5138 2324 5178 non
2356 5123 2600 5191 inferius,
2641 5125 2735 5180 sed
2784 5125 2923 5180 sicut
2965 5125 3328 5182 honorificant
3365 5123 3600 5180 Patrem.
3644 5142 3664 5173 ι
3701 5124 3810 5192 Qui

2216 5229 2347 5287 ergo
2369 5233 2474 5271 non
2499 5216 2823 5273 honorificat
2847 5217 3062 5282 Filium,
3086 5234 3186 5275 nec
3215 5217 3428 5273 Patrem
3452 5215 3808 5280 honorificat,

2215 5308 2306 5378 qui
2349 5307 2496 5363 misit
2538 5308 2706 5363 illum.
2739 5328 2759 5362 ›
2809 5309 2940 5378 Ego,
2981 5308 3178 5379 inquit,
3229 5308 3486 5378 majorem
3533 5307 3813 5360 honorem

2213 5397 2336 5453 volo
2367 5399 2496 5454 dare
2525 5399 2692 5463 Patri,
2726 5401 2988 5455 minorem
3029 5401 3186 5457 Filio.
3233 5400 3308 5456 lbi
3355 5399 3498 5455 tollis
3534 5399 3810 5454 honorem

2213 5490 2386 5556 Patri,
2411 5491 2502 5546 ubi
2531 5492 2790 5561 majorem
2821 5491 2917 5548 das
2945 5491 3102 5548 Filio.
3141 5492 3279 5559 Quid
3324 5491 3468 5546 enim
3513 5491 3607 5544 tibi
3648 5489 3812 5544 aliud

2211 5580 2424 5635 videtur
2453 5581 2554 5636 ista
2585 5582 2876 5648 sententia,
2908 5583 3012 5637 nisi
3057 5583 3182 5652 quia
3211 5581 3374 5638 Pater
3399 5581 3658 5652 aequalem
3693 5582 3810 5636 sibi

2208 5673 2403 5729 Filium
2429 5689 2688 5744 generare
2717 5683 2813 5729 aut
2839 5675 3028 5742 noluit,
3058 5685 3152 5730 aut
3188 5691 3293 5731 non
3330 5675 3548 5745 potuit?
3593 5672 3651 5730 Si
3691 5691 3808 5730 no-

2206 5763 2326 5831 luit,
2355 5765 2545 5820 invidit
2571 5781 2584 5832 ;
2621 5766 2666 5820 si
2695 5781 2801 5821 non
2827 5767 3020 5838 potuit,
3051 5766 3268 5823 defecit.
3305 5765 3420 5822 Non
3454 5778 3586 5837 ergo
3610 5764 3808 5834 vides,

2205 5860 2328 5934 quia
2362 5862 2435 5917 ita
2463 5868 2818 5928 sentiendum,
2846 5863 2933 5918 ubi
2967 5860 3224 5918 maiorem
3253 5860 3510 5916 honorem
3542 5858 3621 5914 vis
3639 5856 3792 5922 dare
