3994 6354
122 377 223 436 313

1341 386 1651 446 HOMILIE
1690 389 1782 446 DE
1817 390 2162 450 TEMPORE.

3298 404 3404 464 5M

121 489 293 592 Patri,
328 492 417 592 ibi
456 508 518 550 es
555 493 972 554 contumeliosus
1000 499 1056 555 in
1083 494 1323 557 Patrem.
1371 493 1604 559 Proinde
1631 505 1710 561 sic
1738 512 1786 573 Α
1813 509 1978 564 etioni
2015 509 2117 566 hoc
2154 510 2327 579 ipsum
2381 513 2668 583 promittit,
2719 515 2844 587 quia
2887 519 3137 576 ostendet
3165 521 3403 592 seipsum

121 580 428 640 honoriﬁca
473 584 670 641 Filium
714 589 983 658 quomodo
1012 589 1341 648 honoriﬁcas
1372 591 1588 651 Patrem
1613 635 1629 662 ,
1668 595 1714 650 si

121 673 199 730 vis
229 675 602 735 honoriﬁeare
625 688 680 735 et
713 680 910 737 Filium
933 691 989 738 et
1013 682 1252 741 Patrem.

195 784 210 816 ‹
239 773 425 822 Amen
451 783 609 824 amen
638 770 760 825 dico
784 772 957 838 vobis,
997 772 1124 843 quia
1155 775 1246 844 qui
1275 777 1499 833 verbum
1535 793 1716 834 meum

128 872 146 906 ‹
178 857 356 921 audit,
390 868 446 914 et
475 861 648 916 credit
673 862 722 916 ei
746 863 836 933 qui
868 864 1014 920 misit
1044 882 1152 932 me,
1183 868 1346 924 habet
1375 870 1541 925 vitam
1567 880 1719 927 aeter-

126 965 144 999 ι
179 966 331 1004 nam.
387 952 456 1006 Et
503 952 556 1007 in
598 953 862 1024 judicium
913 975 1018 1014 non
1067 961 1269 1027 veniet,
1317 963 1413 1018 sed
1454 965 1647 1019 transit
1685 980 1716 1020 a

125 1058 143 1090 ί
175 1052 358 1096 morte
393 1044 448 1098 in
477 1045 665 1100 vitam.
700 1067 718 1099 ι
762 1047 828 1102 Et
855 1049 958 1104 hoc
987 1052 1271 1119 attendite,
1315 1071 1333 1104 ι
1363 1055 1455 1124 qui
1491 1054 1716 1110 verbum

117 1149 298 1188 meum
330 1134 508 1202 audit,
542 1156 559 1188 ι
595 1146 649 1193 et
675 1154 778 1194 non
808 1140 962 1208 dixit,
986 1139 1159 1199 Crede
1184 1145 1339 1212 mihi,
1373 1147 1466 1201 sed
1500 1167 1518 1199 ‹
1547 1133 1720 1202 credit

115 1225 164 1282 ei
186 1229 280 1297 qui
316 1244 410 1284 me
439 1230 606 1285 misit.
637 1250 656 1282 ι
675 1230 924 1288 ‘Verbum
953 1249 1081 1305 ergo
1109 1235 1232 1291 Filii
1255 1239 1462 1304 audiat,
1491 1248 1549 1294 ut
1570 1239 1715 1294 Patri

115 1321 327 1374 credat.
367 1322 550 1388 Quare
594 1323 816 1380 verbum
857 1327 1006 1394 audit
1041 1337 1191 1384 tuum
1232 1340 1287 1386 et
1316 1332 1487 1388 credit
1527 1332 1718 1388 alteri?

114 1409 309 1467 Nonne
332 1429 462 1468 cum
494 1416 717 1469 verbum
743 1415 970 1486 alicujus
996 1421 1264 1489 audimus,
1294 1424 1466 1478 eidem
1493 1424 1718 1479 verbum

113 1509 426 1580 profereuti
457 1513 747 1579 credimus,
799 1513 1040 1586 loquenti
1084 1519 1240 1574 nobis
1295 1519 1451 1575 ﬁdem
1498 1536 1716 1576 accom-

114 1600 448 1657 modamus?
489 1601 626 1669 Quid
662 1620 794 1676 ergo
829 1606 1000 1662 voluit
1046 1609 1259 1677 dicere,
1311 1630 1330 1662 r
1359 1612 1452 1683 qui
1491 1614 1715 1668 verbum

113 1705 299 1746 meum
332 1692 508 1758 audit,
555 1703 611 1748 et
648 1696 822 1751 credit
858 1698 908 1752 ei
959 1699 1050 1769 qui
1081 1702 1231 1757 misit
1261 1718 1369 1768 me,
1403 1723 1420 1756 ι
1459 1704 1561 1760 nisi
1589 1705 1717 1776 quia

111 1782 347 1837 verbum
377 1785 493 1855 ejus
515 1795 600 1840 est
623 1786 674 1841 in
701 1789 824 1843 me?
859 1790 924 1844 Et
948 1792 1070 1861 quis
1095 1803 1177 1848 est
1205 1796 1295 1865 qui
1317 1796 1468 1850 audit
1491 1798 1716 1853 verbum

1818 601 1942 658 illis.
1974 601 2036 658 Et
2073 603 2190 658 ideo
2210 604 2329 659 vide
2357 607 2484 675 quid
2512 610 2756 677 sequitur
2785 629 2798 664 :

1895 713 1913 746 ι
1948 693 2121 750 Nolite
2161 697 2347 750 mirari
2385 697 2508 763 hoc,
2548 718 2566 751 ι
2599 700 2790 769 inquit.
2821 701 2959 769 Quid
3015 720 3110 760 nos
3153 705 3404 775 prohibet

1816 786 2024 864 mirari,
2049 787 2151 842 nisi
2184 787 2309 842 illud
2333 789 2476 859 quod
2508 806 2697 846 revera
2723 795 2950 849 miratur
2977 799 3152 851 omnis
3181 799 3271 868 qui
3298 815 3403 855 non

1819 879 2100 950 intelligit?
2141 879 2205 934 Et
2231 881 2353 935 ideo
2375 881 2577 936 diceret
2619 882 2832 939 Patrem
2863 887 3073 943 dedisse
3103 889 3150 944 ei
3175 899 3407 960 potesta-

1819 981 1929 1026 tem
1971 969 2234 1040 judicium
2281 971 2482 1037 facere,
2533 975 2790 1044 quoniam
2835 975 2977 1033 ﬁlius
3018 979 3253 1037 hominis
3300 991 3407 1050 est,

1819 1078 1942 1118 cum
1972 1064 2142 1134 magis
2162 1063 2314 1133 quasi
2343 1064 2446 1120 hoc
2468 1075 2897 1136 exspectaretur,
2929 1076 2989 1121 ut
3013 1068 3244 1137 diceret,
3269 1088 3406 1142 quo-

1820 1154 1965 1209 niam
1989 1153 2157 1209 Filius
2187 1154 2280 1208 Dei
2317 1164 2400 1210 est
2428 1173 2440 1207 :
2474 1156 2567 1210 sed
2593 1156 2718 1225 quia
2744 1155 2937 1211 Filium
2969 1158 3086 1224 Dei,
3111 1162 3407 1218 secundum

1821 1244 1874 1299 id
1901 1244 2044 1315 quod
2075 1246 2129 1300 in
2166 1244 2340 1300 forma
2381 1245 2475 1301 Dei
2504 1247 2728 1316 aequalis
2757 1256 2841 1301 est
2875 1247 3041 1314 Patri,
3085 1252 3268 1307 videre
3308 1253 3412 1308 iui-

1821 1339 1912 1408 qui
1940 1355 2046 1394 non
2069 1348 2314 1409 possunt,
2339 1348 2552 1410 oportet
2578 1349 2637 1394 ut
2661 1339 2892 1408 iudicem
2915 1341 3158 1398 vivorum
3189 1355 3243 1398 et
3266 1362 3412 1401 mor.

1822 1439 2060 1498 tuorum,
2088 1447 2212 1487 eum
2242 1448 2424 1487 coram
2443 1431 2848 1501 judicabuntur,
2875 1442 2929 1489 et
2949 1432 3083 1503 justi
3118 1436 3335 1492 videant
3357 1445 3414 1493 et

1822 1525 2014 1596 iniqui.
2054 1544 2072 1576 ι
2102 1525 2298 1591 Nolite,
2332 1526 2525 1596 inquit,
2560 1526 2770 1589 mirari,
2805 1527 3061 1596 quoniam
3101 1528 3250 1586 venit
3279 1529 3412 1586 hora

1829 1635 1847 1668 ι
1887 1617 1938 1671 in
1994 1632 2097 1686 qua
2137 1631 2327 1672 omnes
2361 1617 2452 1686 qui
2503 1617 2554 1672 in
2599 1618 2964 1672 monumentis
3009 1627 3133 1674 sunt
3194 1618 3413 1674 audient

1827 1725 1846 1758 ‹
1885 1722 2068 1762 vocem
2121 1705 2240 1761 Filii
2288 1706 2401 1761 Dei.
2435 1707 2504 1761 Et
2539 1707 2828 1776 precedent
2854 1709 2945 1778 qui
2983 1709 3121 1764 bona
3162 1719 3410 1780 egerunt,

1829 1817 1847 1850 ι
1883 1798 1936 1852 in
1987 1799 2440 1853 resurrectionem
2491 1798 2613 1854 vita:
2667 1817 2680 1854 :
2720 1799 2810 1870 qui
2859 1799 3000 1854 mala
3028 1811 3331 1871 gesserunt,
3357 1803 3413 1856 in

113 1888 325 1941 meum,
360 1876 461 1931 nisi
495 1879 584 1947 qui
610 1880 759 1935 audit
790 1891 972 1948 me,et
996 1886 1087 1954 qui
1107 1888 1279 1942 credit
1305 1888 1358 1943 iu
1383 1890 1506 1944 me?
1533 1889 1716 1946 Credit
1745 1876 1792 1936 Β
1827 1907 1845 1941 ‹
1896 1890 2346 1945 resurrectionem
2394 1889 2603 1959 judicii.
2641 1909 2658 1942 ι
2695 1891 2776 1945 Ad
2821 1890 2922 1946 hoc
2960 1907 3090 1962 ergo
3129 1894 3416 1963 oportebat

110 1974 296 2020 autem
327 1969 378 2022 ei
410 1971 500 2039 qui
534 1971 681 2026 misit
711 1989 815 2040 me,
845 1976 970 2045 quia
1007 1993 1131 2033 cum
1177 1979 1253 2035 illi
1297 1981 1501 2046 credit,
1551 1983 1716 2039 verbo

112 2057 233 2128 ejus
271 2064 490 2128 credit;
525 2080 645 2119 cum
689 2076 869 2123 autem
915 2071 1137 2126 verbum
1179 2071 1296 2139 ejus
1337 2076 1531 2140 credit,
1582 2076 1716 2131 mihi

111 2153 291 2208 credit
318 2174 331 2208 :
360 2158 484 2226 quia
504 2158 734 2214 Verbum
750 2161 926 2218 Patris
950 2179 1048 2235 ego
1070 2182 1210 2222 sum.
1236 2168 1352 2224 Non
1379 2171 1522 2225 enim
1548 2181 1718 2228 trans—

108 2244 213 2299 iret
267 2249 342 2303 de
385 2259 557 2306 morte
586 2255 652 2307 ad
679 2254 866 2321 vitam,
898 2258 997 2312 nisi
1034 2260 1210 2329 primo
1246 2273 1390 2318 esset
1429 2264 1483 2318 in
1521 2275 1713 2321 morte.

108 2335 370 2394 Mortuus
407 2357 538 2412 ergo
585 2354 786 2400 eratet
830 2348 1046 2415 revixit,
1091 2353 1332 2420 perierat
1373 2364 1429 2409 et
1470 2339 1718 2412 inventus

107 2441 212 2485 est.
260 2431 357 2486 Fit
394 2436 620 2504 proinde
647 2436 759 2506 jam
800 2441 1046 2509 quadam
1079 2449 1427 2514 resurrectio,
1457 2459 1510 2504 et
1541 2458 1718 2506 trans-

110 2535 242 2580 eunt
275 2541 472 2583 omnes
493 2544 523 2582 a
557 2541 728 2604 morte
763 2534 995 2603 quadam
1022 2538 1088 2590 ad
1119 2539 1410 2607 quamdam
1448 2542 1611 2596 vitam
1639 2561 1652 2596 :
1687 2558 1718 2596 a

111 2624 295 2672 morte
331 2616 670 2675 inﬁdelitatis
709 2621 776 2675 ad
804 2623 966 2678 vitam
1007 2624 1156 2692 ﬁdei,
1199 2644 1228 2683 a
1257 2638 1430 2684 morte
1464 2629 1717 2687 falsitatis

117 2709 180 2762 ad
209 2708 385 2763 vitam
403 2707 648 2776 iustitiae.
688 2713 786 2767 Est
824 2729 955 2786 ergo
998 2727 1054 2771 et
1087 2718 1189 2773 ista
1219 2722 1546 2777 resurrectio
1572 2739 1717 2777 mor-

116 2807 362 2855 tuorum.
391 2801 616 2870 Aperiat
641 2801 788 2857 illam
814 2804 1052 2874 plenius,
1095 2816 1150 2862 et
1185 2808 1426 2865 lucescat
1461 2812 1616 2867 nobis
1657 2820 1716 2868 ut

120 2894 307 2962 cmpit.

194 3003 212 3034 ‹
243 2984 439 3050 Amen,
467 3001 627 3041 amen
655 2986 777 3042 dico
811 2987 981 3052 vobis,
1009 2990 1134 3060 quia
1161 2993 1307 3047 venit
1331 2993 1464 3048 hora
1491 3003 1545 3050 et
1572 3012 1716 3051 nunc

129 3091 146 3124 ι
179 3085 284 3139 est,
318 3077 534 3144 quando
559 3077 758 3132 mortui
787 3078 1008 3132 audient
1037 3095 1221 3136 vocem
1255 3082 1354 3137 Fili
1385 3083 1502 3150 Dei,
1539 3095 1593 3140 et
1621 3086 1712 3156 qui

129 3185 148 3217 ι
179 3168 448 3224 audierint
484 3171 686 3225 vivent.
721 3190 739 3221 ι
793 3170 908 3227 Hoc
936 3174 1212 3243 proprium
1238 3185 1322 3230 est
1347 3177 1582 3246 piorum,
1620 3179 1712 3248 qui

1820 1989 1879 2035 ut
1918 1980 2038 2035 ideo
2067 1981 2338 2050 acciperet
2380 1979 2524 2034 illam
2559 1988 2904 2050 potestatem,
2943 1981 3033 2050 qui
3064 1981 3208 2038 ﬁlius
3239 1983 3415 2038 homi-

1820 2071 1904 2125 nis
1924 2078 2026 2134 est,
2061 2080 2121 2125 ut
2163 2079 2507 2140 resurgentes
2539 2085 2728 2125 omnes
2759 2071 3004 2126 viderent
3033 2087 3156 2126 eum
3203 2073 3257 2126 in
3296 2073 3409 2127 for-

1819 2179 1906 2219 ma
1931 2205 1943 2229 ,
1981 2164 2032 2218 in
2054 2179 2159 2234 qua
2201 2163 2371 2217 videri
2404 2164 2471 2218 ab
2510 2163 2819 2219 hominibus
2850 2173 3045 2234 potest,
3071 2165 3166 2220 sed
3221 2165 3312 2220 alii
3343 2166 3414 2221 ad

1821 2255 2245 2319 damnationem,
2290 2255 2379 2309 alii
2418 2255 2485 2309 ad
2512 2256 2678 2310 vitam
2709 2265 2987 2311 aeternam.
3022 2257 3152 2324 Quae
3196 2267 3281 2314 est
3310 2275 3411 2313 au-

1821 2353 1928 2399 tem
1975 2345 2084 2398 vita
2114 2355 2333 2408 acterna,
2368 2346 2471 2400 nisi
2508 2345 2597 2400 illa
2625 2346 2763 2401 visio
2797 2361 2916 2416 qua:
2957 2363 3060 2401 non
3098 2349 3414 2403 conceditur

1822 2438 2081 2508 impiis?t
2117 2437 2188 2493 Ut
2232 2448 2560 2509 cognoscant
2625 2445 2693 2501 te,
2763 2439 2957 2507 inquit,
3006 2454 3171 2492 unum
3223 2454 3412 2494 verum

1821 2529 2256 2598 Deum,etquem
2287 2528 2481 2582 misisti
2502 2527 2683 2583 Iesum
2701 2529 2975 2584 Christum
2996 2526 3178 2600 (Joan.
3207 2527 3360 2600 xvu).
3382 2548 3399 2582 ι

1822 2618 2100 2684 Quomodo
2129 2627 2180 2672 et
2204 2620 2374 2687 ipsum
2396 2617 2577 2673 Jesum
2603 2618 2904 2685 Christum,
2926 2621 3028 2675 nisi
3057 2619 3409 2691 quemadmo-

1820 2711 1945 2764 dum
1975 2727 2136 2764 umun
2168 2727 2356 2765 verum
2399 2713 2566 2766 Deum
2597 2713 2687 2782 qui
2717 2714 2954 2768 ostendit
2991 2715 3228 2784 seipsum
3273 2715 3412 2770 illis?

1819 2799 1935 2854 Non
1968 2801 2236 2869 quomodo
2267 2817 2324 2857 se
2355 2803 2666 2858 ostenderet
2695 2806 2858 2858 etiam
2893 2806 3180 2874 puniendis
3211 2807 3264 2860 in
3301 2806 3412 2860 for-

1819 2908 1904 2946 ma
1953 2892 2045 2946 lilii
2085 2893 2334 2948 hominis.
2396 2893 2700 2949 Secundum
2749 2895 2895 2950 illam
2930 2897 3189 2952 visionem
3238 2899 3412 2953 bonus

1818 2989 1916 3044 est,
1945 2983 2238 3038 secundum
2265 3000 2426 3054 quam
2466 2985 2729 3041 visionem
2759 2985 2901 3042 Deus
2932 2999 3157 3059 apparet
3198 2989 3411 3044 mundis

1819 3074 2000 3139 corde,
2021 3084 2077 3127 ut
2094 3075 2468 3130 aitPsalmista
2499 3095 2512 3130 :
2539 3075 2805 3144 Quoniam
2828 3096 2844 3129 ι
2870 3093 3030 3146 quam
3054 3076 3411 3136 bouuslsrael

1819 3166 1961 3222 Deus
1989 3168 2150 3221 rectis
2178 3169 2339 3222 corde
2371 3165 2543 3239 (Psal.
2579 3168 2774 3238 Lxxn).
2806 3189 2824 3220 ι
2858 3170 3084 3236 Quando
3113 3180 3292 3223 autem
3315 3167 3409 3238 ju-

127 3260 211 3314 sic
236 3262 459 3318 audiunt
480 3263 545 3318 de
568 3264 941 3321 incarnatione
965 3267 1104 3337 ejus,
1132 3275 1191 3321 ut
1216 3245 1439 3324 credant
1468 3272 1592 3339 quia
1620 3245 1712 3325 Fi-

1819 3259 1994 3314 dicem
2033 3261 2290 3315 videbunt
2327 3259 2474 3326 mali,
2508 3277 2612 3316 non
2636 3261 2716 3315 eis
2755 3260 3024 3316 videbitur
3061 3263 3254 3328 bonus,
3283 3261 3411 3330 quia

131 3349 240 3406 lius
263 3353 356 3407 Dei
383 3364 493 3419 est;
519 3355 570 3410 id
600 3365 705 3421 est,
731 3358 810 3413 sic
833 3373 954 3413 eum
983 3368 1206 3430 prdpter
1235 3377 1293 3417 se
1321 3361 1540 3429 factum,
1569 3367 1713 3420 acci-

134 3443 293 3512 piunt
336 3445 587 3502 minorem
633 3447 795 3503 Patre
837 3451 891 3505 in
945 3449 1121 3506 forma
1171 3454 1335 3520 servi,
1383 3463 1443 3508 ut
1487 3458 1712 3512 credant

133 3534 258 3603 quia
296 3538 515 3607 aequalis
551 3549 630 3595 est
665 3539 814 3597 Patri
863 3542 917 3598 in
972 3542 1143 3599 forma
1193 3547 1309 3602 Dei.
1358 3547 1425 3602 Et
1463 3548 1584 3604 ideo
1621 3565 1710 3605 se-

129 3627 351 3696 quitur:

201 3744 221 3775 «
258 3723 409 3783 Sicut
433 3728 574 3783 enim
609 3728 771 3786 Pater
797 3731 960 3787 habet
991 3732 1155 3786 vitam
1189 3731 1240 3786 in
1273 3731 1590 3804 semetipso,
1637 3733 1734 3795 ita.

136 3831 153 3864 ι
187 3815 334 3870 dedit
362 3829 417 3873 et
459 3819 595 3876 Filio
632 3822 794 3876 vitam
829 3823 1029 3877 habere
1060 3823 1113 3877 in
1161 3825 1469 3894 semetipso.
1507 3845 1525 3876 ι
1557 3823 1711 3892 Quod

131 3920 252 3977 ergo
279 3909 398 3964 ait:
434 3930 451 3961 ‹
488 3911 640 3966 Dedit
686 3912 824 3968 Filio
857 3914 1020 3969 vitam
1053 3914 1253 3970 [rabere
1301 3917 1353 3971 in
1399 3917 1708 3986 semetipso,

132 3995 363 4054 breviter
383 4001 548 4067 dicat,
578 4004 758 4074 genuit
784 4004 977 4060 Filium
1002 4006 1166 4060 vitam
1192 4007 1242 4060 in
1266 4022 1325 4063 se
1355 4007 1658 4063 habentem.
1683 4029 1702 4062 ι

133 4084 305 4160 Neque
336 4092 479 4148 enim
531 4103 648 4148 erat
700 4096 816 4150 sine
851 4097 980 4162 vita,
1031 4106 1086 4152 et
1139 4099 1345 4168 accepit
1393 4099 1579 4164 vitam,
1617 4099 1709 4155 sed

133 4186 397 4239 nascendo
417 4186 528 4241 vita
567 4198 668 4241 est.
700 4187 863 4244 Pater
899 4190 1007 4244 vita
1037 4198 1121 4246 est
1155 4205 1262 4245 non
1304 4193 1595 4256 nascendo,
1621 4191 1712 4246 Fi-

133 4270 224 4330 lius
247 4277 361 4332 vita
387 4287 472 4334 est
512 4282 800 4336 nascendo.
836 4281 995 4336 Pater
1041 4283 1106 4336 de
1137 4283 1284 4337 nullo
1321 4282 1498 4348 Patre,
1539 4283 1710 4340 Filius

135 4366 190 4420 de
219 4368 328 4424 Deo
356 4369 534 4426 Patre.
560 4371 723 4428 Pater
749 4381 967 4442 propter
992 4373 1188 4428 Filium
1211 4384 1327 4436 est;
1363 4374 1531 4430 Filius
1555 4391 1706 4441 vero,

134 4461 336 4528 etquod
364 4460 529 4518 Filius
556 4472 658 4526 est,
696 4473 918 4533 propter
940 4463 1157 4518 Patrem
1180 4472 1266 4520 est
1299 4482 1311 4517 :
1350 4473 1404 4518 et
1431 4463 1572 4535 quod
1603 4473 1706 4530 est,

133 4562 158 4600 a
178 4549 334 4607 Patre
361 4562 463 4608 est.
488 4553 601 4609 Hoc
621 4555 778 4619 dixit,
817 4574 834 4606 ι
866 4555 1028 4608 vitam
1058 4555 1206 4610 dedit
1234 4554 1391 4618 Filio,
1417 4575 1434 4606 ι
1472 4564 1529 4610 ut
1552 4556 1711 4611 habe-

133 4650 206 4694 ret
220 4659 342 4698 eum
367 4644 420 4700 in
441 4647 751 4716 semetipso,
774 4657 1026 4716 tanquam
1051 4647 1284 4703 diceret:
1305 4647 1486 4713 Pater,
1511 4649 1600 4718 qui
1624 4659 1709 4705 est

132 4732 228 4787 vita
251 4736 309 4789 in
332 4737 642 4808 semetipso,
680 4739 865 4808 genuit
895 4738 1110 4804 Filium,
1141 4739 1230 4809 qui
1261 4751 1406 4796 esset
1430 4741 1481 4795 in
1505 4751 1705 4797 semet-

134 4821 250 4892 ipso.
295 4825 403 4881 Pro
429 4844 494 4883 eo
520 4829 662 4883 enim
695 4829 836 4900 quod
863 4830 1059 4899 genuit,
1091 4830 1256 4884 voluit
1288 4830 1509 4902 intelligi
1539 4832 1704 4898 dedit,

134 4920 375 4988 tanquam
398 4919 442 4973 si
468 4919 717 4988 cuiquam
741 4921 1079 4976 diceremus:
1099 4919 1255 4975 Dedit
1278 4922 1370 4976 tibi
1396 4923 1538 4977 Deus
1564 4937 1703 4978 esse.

133 5003 374 5079 Sequitur
397 5012 540 5066 enim
570 5021 624 5066 et
643 5013 773 5069 dicit
804 5031 818 5069 :
1697 5069 1700 5072 .

196 5121 212 5152 ι
250 5103 320 5158 Et
364 5113 685 5174 potestatem
734 5107 882 5162 dedit
929 5108 979 5164 ei
1033 5107 1294 5179 judicium
1348 5107 1545 5172 facere,
1579 5110 1706 5181 quia

136 5206 154 5239 ι
199 5193 364 5250 Filius
393 5195 630 5252 hominis
654 5206 755 5252 est.
795 5217 813 5251 ι
844 5197 981 5255 Ρυιο
1011 5199 1142 5254 nihil
1171 5215 1290 5255 esse
1342 5199 1704 5257 manifestius.

135 5278 252 5340 Nam
295 5285 466 5342 Filius
508 5289 601 5343 Dei
646 5291 870 5360 aqualis
900 5291 1048 5346 Patri
1089 5307 1194 5348 non
1223 5292 1582 5364 aecipitbanc
1613 5308 1709 5363 po-

134 5382 371 5434 tcstatem
413 5379 680 5448 judicium
728 5381 984 5449 faciendi,
1027 5384 1118 5438 sed
1173 5384 1336 5439 habet
1384 5383 1528 5438 illam
1585 5399 1705 5439 cum

137 5464 279 5526 Patre
305 5471 358 5526 in
379 5472 611 5528 occulto.
639 5473 862 5543 Accepit
881 5483 1062 5528 autem
1090 5476 1254 5537 illam,
1281 5483 1339 5530 ut
1367 5476 1491 5530 boui
1517 5484 1573 5531 et
1598 5491 1713 5531 ma-

133 5557 164 5613 li
189 5579 306 5619 eum
333 5567 551 5621 videant
581 5565 937 5635 judicautem,
973 5568 1096 5636 quia
1131 5568 1298 5623 Filius
1338 5569 1572 5624 hominis
1605 5580 1710 5625 est.

136 5650 268 5712 Visio
296 5660 492 5729 quippe
521 5658 642 5714 Filii
667 5660 902 5715 hominis
922 5659 1264 5714 exhibebitur
1291 5669 1344 5713 et
1366 5659 1542 5714 malis.
1574 5659 1706 5719 Nam

135 5747 254 5805 visio
305 5749 495 5807 forma:
545 5751 676 5819 Dei,
715 5753 928 5807 nonnisi
962 5752 1174 5806 mundis
1228 5753 1420 5817 corde,
1453 5755 1706 5822 quoniam

141 5837 232 5913 ipsi
275 5843 445 5901 Deum
477 5845 752 5914 videbunt,
783 5846 835 5901 id
865 5853 950 5901 est
992 5843 1124 5902 solis
1151 5843 1279 5917 piis,
1310 5859 1541 5916 quorum
1576 5845 1710 5902 dile-

1810 3366 1917 3404 non
1963 3351 2029 3405 ad
2079 3367 2202 3404 eum
2252 3351 2557 3420 gaudebunt
2585 3352 2769 3416 corde,
2800 3353 2892 3406 sed
2916 3360 3042 3406 tunc
3065 3369 3122 3407 se
3151 3353 3409 3422 plaugent

1811 3456 2001 3497 omnes
2063 3440 2236 3494 tribus
2285 3447 2463 3504 terrai,
2515 3441 2568 3494 in
2635 3454 2861 3494 numero
2904 3440 3089 3508 utique
3143 3440 3409 3494 malorum

1812 3534 2053 3588 omnium
2083 3541 2137 3586 et
2175 3531 2490 3585 inﬁdelium.
2542 3531 2772 3600 Propter
2800 3531 2904 3585 hoc
2947 3531 3110 3585 etiam
3157 3530 3265 3596 ille,
3315 3531 3410 3600 qui

1812 3642 1934 3681 eum
1969 3627 2178 3680 dixerat
2200 3625 2517 3692 magistrum
2549 3626 2768 3690 bonum,
2798 3639 3050 3695 quaarens
3084 3624 3152 3679 ab
3191 3640 3256 3679 eo
3277 3639 3410 3679 con-

1812 3721 1992 3775 silium
2015 3719 2406 3790 consequenda:
2427 3720 2552 3774 vitae
2580 3729 2816 3783 aeternae,
2855 3720 3131 3792 respondit
3160 3738 3173 3774 :
3214 3739 3231 3772 ι
3265 3719 3406 3787 Quid

1811 3827 1899 3867 me
1930 3811 2231 3882 interrogas
2259 3811 2323 3866 de
2349 3812 2534 3866 bono?
2564 3811 2732 3867 Nemo
2759 3814 2952 3879 bonus,
2977 3813 3079 3868 nisi
3107 3830 3245 3868 unus
3268 3812 3411 3867 Deus

1813 3901 2029 3974 (Matth.
2072 3903 2210 3974 xix),
2256 3921 2274 3954 ι
2315 3919 2437 3959 cum
2463 3903 2735 3960 hominem
2763 3907 2868 3961 alio
2893 3906 3012 3960 loco
3033 3905 3180 3961 dicat
3204 3907 3407 3961 bonum

1812 3993 1926 4063 ipse
1950 3992 2210 4048 Dominus
2241 4011 2254 4046 :
2291 4012 2308 4044 ι
2340 3992 2518 4049 Bonus
2534 3995 2714 4060 homo,
2744 3997 2809 4051 de
2831 3997 2971 4051 bono
2995 3997 3251 4052 thesauro
3281 4013 3408 4052 eor-

1813 4085 1894 4141 dis
1919 4085 2001 4139 sui
2029 4083 2236 4155 profert
2261 4087 2400 4142 bona
2445 4101 2459 4141 :
2497 4095 2552 4141 et
2581 4087 2754 4142 malus
2784 4087 2962 4152 homo,
2997 4088 3064 4144 de
3103 4088 3244 4143 malo
3286 4089 3406 4143 the-

1813 4191 1974 4233 sauro
2003 4176 2185 4232 cordis
2217 4176 2298 4231 sui
2345 4176 2555 4246 profert
2607 4177 2746 4232 mala
2801 4177 3018 4249 (Matth.
3071 4178 3192 4251 xu).
3235 4197 3254 4231 ι
3296 4177 3404 4234 Sed

1811 4269 1935 4338 quia
1960 4268 2047 4322 ille
2070 4269 2233 4323 vitam
2253 4277 2509 4323 :eternam
2534 4269 2832 4339 quaerebat,
2860 4270 2970 4324 vita
2993 4278 3173 4324 autem
3201 4279 3404 4325 aeterna

1812 4369 1896 4416 est
1923 4360 1974 4414 in
2004 4360 2093 4415 illa
2118 4359 2593 4431 contemplatione,
2621 4361 2746 4430 quia
2781 4376 2888 4416 non
2911 4361 2978 4416 ad
3001 4375 3218 4431 ptenam
3257 4360 3406 4414 vide-

1813 4461 1903 4508 tur
1942 4452 2108 4518 Deus,
2151 4453 2247 4508 sed
2279 4453 2347 4507 ad
2398 4453 2651 4524 gaudium
2702 4453 3110 4523 sempiternum,
3137 4450 3272 4505 duas
3313 4449 3402 4504 hic

1813 4546 2242 4602 resurrectiones
2277 4547 2389 4616 ipse
2435 4546 2693 4601 Dominus
2736 4544 2895 4600 Jesus
2953 4543 3200 4598 Christus
3233 4541 3286 4595 in
3318 4540 3407 4596 his

1813 4641 1996 4696 verbis
2032 4640 2185 4695 nobis
2213 4639 2584 4694 demonstrat:
2609 4638 2872 4707 primam,
2903 4650 3022 4705 quae
3049 4634 3104 4688 in
3161 4632 3263 4688 ﬁde
3292 4641 3398 4699 est,

1814 4734 2145 4800 resurgendo
2188 4748 2216 4785 a
2263 4732 2518 4802 peccatis,
2551 4731 2614 4784 de
2643 4744 2749 4798 qua
2790 4728 2903 4780 ait:
2940 4743 2960 4777 ι
2996 4726 3191 4791 Amen,
3221 4740 3402 4788 amen,

1814 4825 1936 4879 dico
1976 4825 2145 4887 vobis,
2185 4823 2308 4892 quia
2340 4821 2486 4876 venit
2527 4821 2656 4874 hora
2705 4820 2898 4889 inqua
2939 4818 3136 4874 mortui
3184 4817 3406 4873 audient

1814 4932 2002 4973 vocem
2044 4916 2165 4970 Filii
2195 4915 2308 4969 Dei.
2347 4934 2364 4966 ι
2395 4913 2631 4968 Alteram
2664 4913 2750 4967 ubi
2791 4913 2866 4967 ait
2896 4927 2911 4966 :
2954 4930 2972 4963 ι
3010 4912 3210 4976 Amen,
3241 4927 3401 4966 amen

1817 5012 1938 5067 dico
1966 5010 2138 5074 vobis,
2173 5010 2296 5079 quia
2318 5007 2464 5062 venit
2490 5007 2623 5061 hora
2651 5007 2704 5060 in
2734 5020 2840 5076 qua
2862 5019 3052 5060 omnes
3080 5004 3170 5074 qui
3195 5007 3246 5058 in
3281 5019 3399 5057 mo-

1812 5111 2073 5158 numento
2113 5111 2259 5167 sunt,
2301 5100 2519 5156 audient
2549 5114 2737 5154 vocem
2785 5096 2885 5151 Flii
2916 5096 3031 5152 Dei.
3079 5115 3098 5148 r
3139 5094 3229 5149 Illa
3253 5095 3405 5166 prior

1812 5203 1894 5252 est
1937 5194 2261 5250 resurrectio
2310 5192 2634 5257 animarum,
2673 5190 2763 5246 illa
2807 5204 3040 5260 sequens
3071 5188 3403 5245 resurrectio

1813 5288 1916 5343 erit
1958 5302 2264 5359 corporum.
2298 5285 2400 5353 Qui
2432 5300 2562 5340 vero
2592 5286 2644 5340 in
2676 5285 2777 5340 hac
2805 5284 2979 5353 prima
3010 5298 3114 5338 non
3140 5280 3398 5351 resurgit,

1813 5401 1915 5441 nec
1939 5385 2008 5441 ibi
2039 5385 2106 5439 ad
2155 5399 2275 5438 eum
2310 5391 2574 5453 resurget.
2610 5401 2629 5432 ‹
2649 5381 2791 5435 Hora
2822 5391 3003 5434 autem
3034 5394 3179 5434 nunc
3199 5384 3303 5440 est,
3341 5381 3404 5426 ut

1817 5488 2103 5550 resurgant
2130 5476 2380 5532 mortui.»
2407 5474 2548 5529 Hora
2573 5474 2678 5542 erit
2701 5473 2752 5528 in
2783 5472 2888 5528 ﬁne
2917 5471 3121 5536 saeculi,
3139 5480 3197 5524 ut
3221 5480 3401 5522 resur-

1815 5578 1945 5640 gant
1985 5577 2041 5624 et
2082 5567 2298 5622 mortui.
2333 5566 2438 5622 Sed
2482 5565 2526 5620 si
2572 5573 2855 5634 resurgant
2896 5577 3039 5616 nunc.
3089 5561 3143 5613 in
3195 5563 3396 5621 mente,

1815 5674 1945 5715 tunc
1973 5662 2024 5715 iu
2055 5675 2218 5715 carne
2247 5666 2549 5732 resurgent.
2578 5655 2730 5711 Nune
2758 5657 2809 5710 in
2837 5661 3015 5708 mente
3036 5665 3134 5721 per
3161 5645 3399 5701 Verbum

1811 5754 1928 5818 Dei,
1962 5753 2014 5808 id
2040 5761 2122 5807 est
2147 5768 2242 5822 per
2259 5751 2452 5806 Filium
2477 5749 2592 5816 Dei,
2624 5750 2905 5816 resurgent
2945 5762 2958 5797 :
3008 5751 3135 5796 tunc
3156 5739 3206 5792 in
3233 5751 3400 5794 carne

1811 5860 1909 5916 per
1936 5842 2172 5900 Verbum
2199 5844 2292 5898 Dei
2323 5857 2454 5899 caro
2484 5840 2709 5904 factum,
2739 5835 2907 5891 ﬁlium
2932 5830 3185 5888 hominis.
3216 5827 3400 5900 Neque
