3994 6354
502 374 507 381 ς
552 338 659 395 315

1197 326 1553 387 HAYMONIS
1591 324 2075 383 HALBERSTAT.
2113 325 2328 389 EPISC.
2369 323 2523 384 OPP.
2567 322 2747 383 PARS
2780 322 2844 380 ll.
2883 352 2954 364 —-
2993 315 3228 379 HOMIL.

3758 308 3877 367 316

553 438 703 512 enim
733 453 800 509 ad
816 449 1078 525 judicium
1110 447 1356 503 vivorum
1381 453 1436 501 et
1464 452 1801 500 mortuorum
1832 441 1998 498 Pater
2023 442 2139 513 ipse
2167 447 2218 507 Α
2243 444 2358 515 ix):
2396 461 2413 494 ι
2442 441 2589 513 quod
2624 453 2965 509 nequaquam
3006 438 3235 501 diceret,
3284 433 3331 489 si
3369 440 3707 504 peccatores
3734 444 3872 489 ceu-

551 557 818 605 v‘enturus
850 553 952 611 est,
979 559 1080 599 nec
1106 553 1292 599 tamen
1335 542 1540 598 recedit
1569 558 1599 596 a
1626 539 1764 596 Filio
1781 538 1963 595 Pater.
1998 538 2145 606 Quo-

553 641 714 697 modo
748 653 876 710 ergo
900 652 1005 691 non
1033 636 1147 706 ipse
1175 643 1438 690 venturus
1466 634 1586 690 est?
1614 632 1749 701 Quia
1779 647 1885 688 non
1930 631 2045 702 ipse
2073 631 2145 686 vi-

553 731 767 786 debitur
804 729 855 784 in
892 725 1117 797 judicio.
1146 725 1421 781 Videbunt
1468 725 1522 780 in
1573 738 1732 794 quem
1779 731 2140 795 pupugcrunt.

551 818 746 881 Forma
772 822 861 878 illa
894 819 1185 890 eritjudex
1214 835 1334 890 quae
1375 819 1525 876 stetit
1564 817 1861 887 subjudice
1890 835 1904 873 :
1932 817 2023 873 illa
2050 819 2143 891 ju-

551 914 771 977 dicabit,
804 928 923 983 qua:
944 913 1189 985 judicata
1217 918 1320 967 est.
1350 910 1600 966 Iudicata
1630 919 1714 966 est
1748 910 1894 966 enim
1939 910 2143 980 inique,

543 1002 998 1074 judicabitjuste.
1040 1002 1188 1059 Talis
1213 1002 1494 1074 apparebit
1522 1003 1709 1073 judex,
1747 1003 1929 1074 qualis
1972 1002 2146 1059 videri

548 1096 722 1167 possit
762 1112 798 1151 a
849 1097 1047 1168 quibus
1074 1105 1367 1152 coronatus
1394 1104 1498 1151 est.
1540 1095 1827 1151 Distinctio
1873 1103 1959 1151 est
2004 1095 2149 1151 inter

549 1187 679 1244 illud
723 1189 974 1255 verbum,
1029 1189 1171 1260 quod
1203 1190 1454 1260 superius
1506 1188 1661 1255 dixit,
1695 1209 1714 1241 ‹
1757 1189 1900 1259 quod
1946 1188 2145 1245 mortui

550 1279 773 1333 audient
820 1293 1008 1335 vocem
1049 1278 1171 1333 Filii
1202 1278 1295 1334 Dei
1325 1295 1339 1332 :
1372 1299 1390 1331 ι
1428 1288 1485 1334 et
1532 1279 1675 1334 inter
1701 1279 1851 1343 illud,
1882 1280 2026 1350 quod
2055 1279 2147 1334 hic

550 1375 627 1429 ait
658 1393 671 1429 :
710 1394 729 1427 ι
768 1373 932 1430 Venit
952 1375 1085 1430 hora
1116 1375 1330 1445 quando
1352 1389 1542 1430 omnes
1567 1373 1658 1445 qui
1696 1374 1749 1429 in
1780 1373 2147 1429 monumentis

550 1476 676 1523 sunt
725 1467 945 1523 audient
982 1482 1169 1522 vocem
1199 1466 1319 1521 Filii
1349 1466 1467 1521 Dei.
1513 1486 1532 1519 ι
1580 1466 1657 1521 lbi
1705 1481 1836 1521 vero
1865 1466 1959 1529 ait,
1999 1484 2018 1517 ‹
2052 1479 2148 1518 au-

552 1559 722 1624 dient,
768 1577 786 1610 ι
825 1558 876 1613 id
900 1567 983 1614 est
1006 1558 1257 1613 obedient
1284 1575 1298 1623 ;
1331 1558 1451 1613 ideo
1482 1558 1583 1613 ista
1615 1558 1942 1613 resurrectio
1967 1565 2051 1613 est
2080 1555 2150 1611 ad

551 1650 752 1716 vitam;
792 1649 880 1704 illa
921 1666 1050 1705 vero
1084 1666 1204 1719 quae
1238 1648 1419 1705 futura
1441 1658 1544 1716 est,
1570 1650 1637 1706 de
1681 1667 1787 1721 qua
1810 1651 1961 1713 dicit,
1995 1670 2014 1703 ι
2058 1665 2150 1703 au-

555 1740 706 1797 dient
735 1756 920 1796 vocem
948 1740 1072 1796 Filii
1095 1741 1210 1807 Dei,
1236 1761 1255 1794 ›
1285 1742 1335 1796 id
1366 1749 1469 1807 est,
1502 1742 1722 1797 audient
1760 1750 1820 1797 ut
1857 1747 2148 1811 resurgant

2247 550 2434 592 versos
2462 549 2571 590 non
2601 540 2826 589 amaret.

2323 645 2341 678 ‹
2381 624 2621 681 Audiens
2643 633 2825 679 autem
2852 620 3028 688 Iesus,
3059 620 3197 676 dixit
3226 619 3332 675 illis
3363 616 3719 673 :lnﬁrmitas
3751 618 3867 673 hac

2252 738 2272 771 ι
2308 734 2416 774 non
2452 726 2534 772 est
2565 717 2632 772 ad
2658 723 2911 781 mortem,
2940 713 3033 769 sed
3080 727 3177 783 pro
3204 711 3374 783 gloria
3400 709 3520 774 Dei,
3554 718 3616 764 ut
3647 707 3863 781 gloriﬁ-

2255 826 2274 861 ς
2305 816 2458 864 cetur
2479 804 2648 861 Filius
2670 805 2766 860 Dei
2789 818 2888 876 per
2916 816 3057 857 eam.
3095 821 3113 856 ι
3150 801 3299 857 Talis
3325 800 3658 872 glorificatio
3687 799 3859 870 ipsius

2251 912 2358 957 non
2402 901 2579 970 ipsum
2620 897 2791 963 auxit,
2819 896 2912 952 sed
2943 896 3099 953 nobis
3128 896 3351 966 profuit.
3390 893 3505 951 Hoc
3550 910 3694 965 ergo
3746 893 3857 975 ait,

2244 1004 2276 1047 Δ‹
2311 1010 2417 1048 non
2449 1002 2533 1048 est
2561 991 2627 1046 ad
2672 998 2922 1056 mortem,
2960 1008 2979 1042 ι
3008 989 3134 1058 quia
3163 988 3278 1058 ipsa
3309 1002 3457 1041 mors
3502 1001 3617 1040 non
3677 996 3771 1040 est
3794 985 3857 1039 ad

2251 1093 2502 1151 mortem,
2531 1083 2625 1139 sed
2652 1082 2832 1153 potius
2856 1081 2923 1136 ad
2949 1080 3294 1143 miraculum,
3318 1093 3428 1150 quo
3452 1077 3628 1142 facto,
3663 1080 3853 1133 crefe-

2252 1186 2373 1234 rent
2401 1177 2649 1233 homines
2693 1175 2747 1229 in
2787 1173 3087 1238 Christum,
3114 1181 3170 1228 et
3219 1172 3452 1241 vitarent
3479 1185 3678 1225 veram
3728 1184 3855 1221 mor-

2251 1278 2383 1326 tem.
2415 1268 2550 1323 Nam
2573 1275 2697 1324 sunt
2727 1265 2966 1321 bteretici
3010 1265 3102 1335 qui
3132 1265 3235 1320 hoc
3265 1271 3485 1334 negant,
3510 1263 3663 1332 quozi
3691 1259 3856 1316 Filius

2252 1360 2349 1415 Dei
2396 1359 2463 1415 sit
2503 1358 2666 1420 Deus,
2694 1371 2822 1412 ecce
2849 1355 3073 1410 audiant
3120 1373 3133 1408 :
3173 1371 3192 1405 ‹
3232 1351 3525 1408 infirmitas
3552 1367 3692 1421 ergo
3726 1353 3851 1415 haec,

2252 1452 2445 1522 inquit,
2473 1465 2580 1506 non
2603 1459 2687 1506 est
2712 1448 2777 1503 ad
2802 1455 3055 1519 mortem,
3085 1446 3181 1502 sed
3202 1460 3301 1516 pro
3320 1444 3494 1516 gloria
3524 1444 3651 1499 Dei.
3691 1465 3713 1497 ι
3745 1444 3851 1511 Qua

2252 1544 2459 1617 gloria?
2478 1540 2645 1612 Cujus
2687 1541 2820 1596 Dei?
2840 1539 2976 1595 Audi
3004 1537 3148 1610 quod
3174 1538 3421 1608 sequitur
3448 1555 3461 1591 :
3496 1556 3515 1589 ι
3544 1535 3624 1592 Ut
3655 1534 3852 1605 gloriﬁ-

2252 1647 2407 1694 cetur
2432 1636 2601 1692 Filius
2626 1635 2719 1689 Dei
2740 1650 2840 1705 per
2863 1648 2984 1690 eam
3010 1630 3193 1705 (Joan.
3212 1631 3348 1702 11).»
3375 1631 3482 1685 Per
3519 1628 3731 1700 quam?
3761 1627 3853 1682 Per

2254 1729 2397 1784 illam
2425 1726 2819 1782 infirmitatem.

555 1833 623 1889 ad
648 1833 930 1905 judicium.
957 1832 1072 1888 Non
1095 1834 1301 1889 addidit
1330 1833 1441 1900 hic,
1477 1833 1545 1888 ad
1574 1833 1740 1889 vitam
1767 1851 1781 1887 :
1809 1834 1934 1904 quia
1957 1808 2148 1889 omnes
2177 1808 2224 1879 Β
2329 1840 2348 1873 ι
2380 1820 2651 1892 Βίιίεθὺειι
2679 1827 2860 1875 amem
2887 1816 3047 1875 193113
3074 1815 3338 1873 Marum“
3366 1822 3415 1871 εί
3452 1828 3705 1870 sororem
3741 1812 3846 1880 630$

555 1925 619 1979 ad
643 1925 869 1996 gloriam
896 1941 1001 1982 non
1033 1933 1338 1998 resurgent,
1365 1924 1459 1982 sed
1486 1925 1643 1981 multi
1672 1926 1739 1980 ad
1759 1941 1999 1996 ptenam.
2023 1926 2149 1985 ideo

555 2018 761 2074 addidit
791 2018 855 2073 de
893 2018 1075 2089 futura
1105 2020 1500 2074 resurrectione.
1537 2037 1555 2070 ι
1594 2018 1696 2085 Qui
1719 2020 1858 2075 bene
1880 2018 2147 2088 fecerunt,

553 2110 609 2165 in
640 2109 1094 2165 resurrectionem
1125 2110 1280 2170 vitae;
1311 2108 1403 2178 qui
1432 2108 1571 2163 male
1607 2117 1855 2180 egerunt,
1884 2109 1937 2163 in
1970 2123 2153 2164 resur-

553 2200 848 2255 rectionem
865 2199 1075 2270 judicii,
1107 2218 1124 2249 ι
1155 2199 1207 2254 id
1245 2207 1350 2263 est,
1388 2198 1772 2264 damnationis,
1799 2198 1921 2268 quia
1953 2197 2042 2252 hic
2063 2196 2154 2267 ju-

553 2290 757 2345 dicium
782 2304 881 2361 pro
907 2304 1067 2361 poena
1097 2289 1298 2360 posuit.
1330 2288 1484 2345 Tunc
1526 2290 1631 2344 erit
1669 2287 1859 2343 ultima
1886 2288 2062 2360 palea,
2092 2295 2155 2343 ut

557 2390 776 2452 separet
802 2382 972 2437 honos
1000 2396 1029 2436 a
1058 2381 1239 2448 malis,
1272 2380 1509 2437 triticum
1535 2396 1562 2435 a
1594 2381 1787 2452 paleis.
1817 2379 1969 2436 Tunc
1998 2379 2154 2436 ibunt

553 2474 706 2545 impii
732 2474 788 2530 in
825 2474 1004 2548 ignem
1034 2484 1319 2542 aeternum,
1342 2473 1475 2546 justi
1507 2481 1689 2529 autem
1716 2472 1771 2528 in
1796 2472 1966 2528 vitam
1992 2480 2155 2528 teter-

1123 2678 1408 2736 HOMILlA
1440 2678 1574 2735 LW.

952 2784 1111 2848 vltus
1153 2807 1327 2849 smn
1364 2807 1498 2849 POS'I'
1541 2790 1761 2847 La’tare.

629 2922 808 2998 (Ion.
832 2928 936 2999 xi.)
970 2944 990 2979 ι
1017 2926 1077 2982 1η
1099 2925 1191 2982 illo
1211 2934 1474 2998 tempore,
1500 2934 1618 2981 erat
1644 2926 1861 2996 quidem
1892 2924 2153 2997 languens

563 3040 582 3072 ι
615 3017 855 3075 Lazarus
880 3034 911 3074 a
951 3018 1240 3086 Bethania,
1265 3019 1332 3075 de
1369 3017 1592 3074 castello
1632 3016 1815 3073 Maria:
1844 3024 1899 3073 et
1926 3016 2154 3073 Marthae

548 3098 584 3166 κ(
614 3127 860 3169 sororum
881 3112 1021 3185 ejus,
1053 3132 1071 3165 ι
1103 3120 1160 3168 et
1190 3111 1396 3183 reliqua
1423 3110 1662 3166 Plurima
1689 3124 1819 3165 vero
1841 3109 1894 3164 in
1922 3109 2027 3165 hoc
2050 3107 2152 3164 mi-

560 3202 745 3259 raculo
794 3202 1226 3259 resuscitationis
1268 3200 1484 3267 Lazari,
1513 3201 1641 3272 quia
1674 3197 1960 3255 manifesta
2000 3205 2152 3268 sunt,

555 3293 901 3366 expositione
927 3294 983 3350 in
1018 3292 1243 3365 singulis
1286 3294 1393 3349 non
1430 3292 1753 3365 indigemus.
1787 3289 1846 3346 ln
1872 3290 2154 3361 superiore

553 3386 785 3446 lectione
814 3387 1127 3446 manifestat
1152 3388 1500 3461 evangelista,
1542 3386 1687 3458 quod
1727 3386 1991 3441 Dominus
2016 3383 2154 3441 exiit

553 3480 625 3538 de
659 3480 908 3538 manibus
948 3496 1136 3538 eorum
1167 3482 1257 3553 qui
1298 3479 1541 3553 lapidare
1590 3480 1716 3536 eum
1762 3478 2065 3543 voluerant,
2094 3483 2149 3537 et

555 3572 689 3627 abiit
703 3579 855 3628 trans
873 3568 1185 3638 Iordanem,
1202 3573 1291 3627 ubi
1319 3570 1555 3628 Joannes
1576 3570 1908 3642 baptizabat.
1922 3569 2000 3625 lbi
2020 3581 2155 3639 ergo

552 3663 785 3719 Domino
825 3663 1141 3729 constituto,
1170 3663 1550 3719 infirmabatur
1589 3662 1642 3717 in
1683 3661 1946 3717 Bethania
1973 3660 2149 3717 Laza-

554 3772 671 3825 rus,
697 3759 842 3827 quod
866 3757 1149 3813 castellum
1171 3766 1288 3811 erat
1312 3757 1618 3827 proximum
1645 3753 2055 3824 Hierosolymis.

633 3865 653 3899 c
682 3844 850 3901 Maria
874 3856 1055 3902 autem
1075 3855 1196 3902 erat
1212 3862 1331 3916 quae
1357 3845 1512 3901 unxit
1537 3845 1823 3902 Dominum
1851 3852 2150 3914 unguento,

561 3955 582 3991 ι
618 3944 676 3993 et
718 3937 946 3993 extersit
989 3938 1155 4015 pedes
1199 3936 1314 4007 ejus
1357 3936 1566 4008 capillis
1601 3937 1734 4001 suis,
1788 3934 1941 4006 cujus
1980 3936 2153 3992 frater

564 4045 585 4079 ι
617 4024 861 4083 Lazarus
882 4026 1274 4085 infirmabatur.
1308 4027 1573 4085 Miserunt
1602 4043 1732 4100 ergo
1769 4040 1986 4084 sorores
2008 4029 2149 4099 ejus,

563 4137 584 4172 ι
628 4118 872 4175 dicentes
904 4137 918 4174 :
952 4139 971 4173 ι
1007 4115 1126 4174 Iam
1176 4118 1530 4191 intelligimus
1581 4119 1727 4190 quod
1756 4119 2023 4174 miserunt
2060 4116 2152 4174 ubi

562 4217 683 4265 erat
708 4200 984 4272 Dominus,
1012 4212 1266 4282 quoniam
1300 4211 1514 4277 absens,
1553 4220 1704 4268 trans
1726 4210 2017 4267 Iordanem
2045 4210 2152 4267 sci-

559 4296 718 4367 licet,
742 4300 1008 4357 miserunt
1032 4302 1101 4358 ad
1132 4300 1440 4369 Dominum,
1471 4303 1783 4358 nuntiantes
1808 4302 1949 4374 quod
1978 4317 2151 4375 κενο-

561 4398 704 4448 taret
730 4390 900 4449 frater
923 4390 1134 4461 earum,
1160 4404 1220 4450 ut
1248 4395 1293 4451 si
1323 4396 1654 4467 dignaretur,
1680 4395 1890 4451 veniret
1927 4404 1987 4450 ut
2020 4410 2145 4451 eum

559 4484 629 4542 ab
649 4482 971 4558 aegritudine
993 4485 1266 4543 liberaret.
1295 4486 1387 4543 llle
1408 4485 1618 4543 distulit
1639 4502 1855 4553 sanare,
1881 4495 1940 4542 ut
1967 4493 2151 4558 posset

559 4579 908 4636 resuscitare.
940 4577 1082 4647 Quid
1103 4576 1234 4651 ergo
1260 4579 1720 4635 annuntiaverunt
1748 4594 1967 4635 sorores
1997 4577 2153 4648 ejus?

564 4687 584 4723 ι
641 4671 892 4740 Domine,
940 4686 1068 4729 ecce
1122 4688 1284 4743 quem
1362 4687 1515 4729 amas
1573 4670 1897 4727 infirmatur.
1957 4691 1975 4725 ι
2034 4668 2152 4726 Non

559 4760 836 4831 dixerunt,
858 4758 1017 4834 Veni,
1041 4766 1244 4839 amanti
1273 4767 1416 4823 cnim
1450 4768 1823 4824 tantummodo
1844 4766 2151 4823 nuntiatum

560 4851 696 4920 fuit;
728 4870 837 4909 non
869 4871 1011 4912 ausze
1040 4864 1166 4912 sunt
1199 4856 1400 4926 dicere,
1431 4857 1569 4915 Veni
1609 4869 1665 4915 et
1692 4875 1858 4928 sana;
1889 4875 1995 4915 non
2021 4867 2153 4916 sunt

557 4960 707 5001 ausae
731 4946 912 5003 dicere
938 4962 953 5002 :
976 4947 1052 5004 lbi
1071 4947 1222 5019 jube,
1261 4961 1315 5007 et
1341 4951 1432 5007 hic
1459 4951 1568 5009 (iet.
1600 4952 1709 5008 Cur
1729 4954 1872 5010 enim
1901 4970 2007 5009 non
2034 4954 2151 5010 istte

559 5037 870 5108 laudantur,
916 5040 961 5096 si
1001 5039 1136 5099 fides
1176 5040 1319 5100 illius
1354 5046 1691 5101 centurionis
1720 5045 1847 5101 inde
1876 5044 2150 5111 laudatur,

554 5131 704 5201 quod
746 5128 867 5187 ait:
916 5151 936 5187 ‹
972 5131 1088 5190 Non
1132 5151 1251 5193 sum
1300 5139 1492 5212 dignus
1537 5148 1597 5195 ut
1625 5140 1795 5195 intres
1823 5139 1923 5195 sub
1952 5146 2153 5195 tectum

557 5235 762 5290 meum,
807 5224 901 5280 sed
937 5233 1149 5283 tantum
1201 5229 1288 5287 dic
1331 5232 1519 5297 verbo,
1570 5237 1625 5287 et
1683 5230 1965 5287 sanabitur
2021 5245 2157 5301 puer

560 5314 756 5369 meus?
786 5335 811 5373 ι,
842 5314 992 5389 (Luc.
1023 5316 1149 5393 vn.)
1180 5320 1327 5376 Nihil
1354 5322 1548 5377 horum
1593 5321 1730 5388 istte,
1780 5321 1874 5378 sed
1918 5329 2158 5376 tantum-

559 5404 773 5462 modo:
828 5426 847 5460 ι
899 5408 1146 5477 Domine,
1178 5427 1306 5469 ecce
1351 5426 1513 5483 quem
1550 5430 1701 5470 amas
1754 5412 2081 5470 infirmatur.
2130 5426 2150 5464 ι

559 5492 772 5555 Suilicit
799 5508 858 5556 ut
897 5505 1136 5571 noveris,
1173 5521 1277 5560 non
1306 5505 1450 5560 enim
1480 5522 1632 5563 amas
1674 5516 1728 5564 et
1758 5507 1983 5563 deseris.
2017 5504 2161 5561 Dicit

558 5590 705 5664 quis,
728 5595 999 5663 quomodo
1020 5610 1117 5666 per
1136 5595 1405 5651 Lazarum
1428 5607 1678 5668 peccator
1709 5598 2116 5669 significabatur
2132 5637 2150 5665 ,

559 5691 619 5738 et
655 5699 683 5737 a
714 5683 939 5741 Domino
969 5686 1050 5742 sic
1075 5688 1398 5743 amabatur?
1436 5689 1633 5744 Audiat
1674 5707 1795 5747 eum
1842 5691 2108 5747 dicentem
2139 5707 2154 5745 :

568 5791 595 5834 ς
622 5772 738 5835 Non
783 5777 905 5837 veni
958 5794 1154 5839 vocare
1188 5779 1389 5856 justos,
1436 5783 1530 5840 sed
1579 5792 1892 5858 peccatores
1936 5784 2152 5862 (Matth.

2256 1931 2275 1965 ‹
2308 1910 2531 1966 Mariam
2584 1920 2639 1966 et
2663 1910 2950 1966 Lazarum.
2991 1931 3010 1963 ι
3045 1909 3138 1965 llie
3189 1918 3372 1963 autem
3410 1907 3703 1977 languens,
3754 1906 3846 1960 illa

2252 2005 2456 2071 tristes,
2487 2020 2677 2061 omnes
2717 2003 2874 2059 electi
2903 2019 2916 2059 :
2951 2004 3045 2059 sed
3081 2003 3341 2074 diligebat
3384 2010 3439 2058 et
3472 2001 3844 2073 languentium

2253 2097 2511 2161 salvator,
2539 2096 2648 2151 imo
2674 2096 2839 2151 etiam
2887 2102 3227 2150 mortuorum
3262 2093 3580 2159 suscitator,
3642 2100 3699 2146 et
3726 2091 3843 2146 tris-

2255 2190 2385 2244 tium
2410 2188 2736 2244 consolator.

2330 2298 2350 2333 ς
2390 2279 2460 2336 Ut
2480 2295 2610 2351 ergo
2637 2280 2844 2335 audivit
2873 2279 3016 2350 quod
3039 2278 3441 2343 inﬁrmahatur,
3475 2286 3613 2333 tunc
3639 2277 3843 2347 quidem

2261 2390 2282 2425 ς
2311 2373 2511 2427 mansit
2541 2374 2595 2428 in
2620 2374 2810 2429 eodem
2845 2372 2966 2431 loco
3008 2373 3221 2428 duobus
3246 2371 3458 2427 diebus.
3498 2390 3518 2423 ι
3562 2370 3845 2425 Nuntiate-

2256 2464 2526 2530 runtillte,
2558 2465 2759 2521 mansit
2786 2465 2894 2522 illic
2921 2465 3029 2521 ille.
3083 2464 3291 2520 Tandiu
3321 2463 3548 2518 ductum
3603 2473 3691 2518 est
3718 2472 3843 2518 tetu-

2255 2572 2375 2628 pus,
2430 2557 2781 2628 quoadusque
2832 2557 3201 2630 quadriduum
3259 2555 3629 2626 compleretur
3682 2572 3698 2609 :
3745 2569 3842 2610 non

2257 2646 2479 2714 frustra,
2510 2648 2639 2718 quia
2684 2646 2843 2716 forte,
2889 2650 2997 2703 imo
3023 2647 3149 2719 quia
3183 2655 3331 2702 certe
3359 2655 3415 2700 et
3457 2646 3573 2716 ipse
3593 2658 3847 2701 numerus

2257 2744 2466 2799 dierum
2493 2743 2709 2799 intimat
2734 2743 2953 2814 aliquod
2979 2747 3403 2798 sacramentum.

2332 2856 2352 2890 ι
2388 2838 2591 2894 Deinde
2619 2848 2741 2910 post
2767 2836 2885 2895 btec
2914 2837 3045 2894 dicit
3068 2835 3349 2907 discipulis
3373 2836 3485 2892 suis
3511 2848 3530 2891 ι
3555 2834 3761 2890 Eamus
3786 2833 3852 2889 ili

2262 2949 2280 2982 ι
2313 2927 2552 2986 Iudaeam
2577 2932 2793 2986 iterum.
2829 2949 2849 2981 ι
2900 2930 3003 2986 Ubi
3047 2944 3186 3001 pene
3226 2928 3407 2985 fuerat
3435 2928 3725 3000 lapidatus,
3763 2914 3854 2997 qui

2258 3028 2542 3091 propterea
2569 3019 2693 3075 inde
2723 3019 3039 3076 discessisse
3068 3012 3373 3083 videbatur,
3403 3034 3472 3073 ne
3500 3012 3850 3088 lapidaretur.

2259 3107 2519 3165 Discessit
2546 3108 2690 3166 enim
2721 3117 2779 3164 ut
2807 3108 2989 3175 homo,
3018 3107 3111 3163 sed
3142 3106 3193 3162 in
3227 3108 3503 3163 redeundo
3537 3107 3702 3177 quasi
3730 3104 3851 3161 obii-

2177 3164 2225 3228 δ
2260 3209 2347 3257 tus
2370 3199 2762 3266 infirmitatem,
2794 3164 3034 3256 ostendit
3071 3204 3418 3271 potestatem.
3467 3215 3487 3250 ι
3536 3164 3759 3260 Flauius,
3782 3197 3851 3250 iu-

2258 3292 2399 3365 quit,
2452 3294 2504 3348 in
2531 3291 2795 3349 Iudaeam.
2825 3310 2844 3346 ι
2878 3290 3104 3358 Deinde,
3136 3290 3240 3347 hoc
3265 3289 3436 3355 dicto,
3461 3289 3650 3345 videte
3676 3300 3848 3360 quem-

2257 3384 2547 3440 admodum
2578 3381 2825 3454 discipuli
2849 3382 3025 3438 territi
3052 3381 3273 3438 fuerint.

2332 3493 2352 3527 ι
2382 3474 2580 3531 Dicunt
2626 3475 2676 3530 ei
2718 3473 2968 3546 discipuli
3012 3490 3026 3529 :
3058 3473 3257 3539 Rabbi,
3281 3486 3425 3528 nunc
3460 3471 3784 3542 quaerebant
3807 3468 3853 3525 ἢ

2260 3582 2283 3619 ι
2313 3564 2483 3622 Iudtei
2519 3552 2784 3637 lapidare,
2840 3572 2897 3621 et
2945 3565 3142 3621 iterum
3165 3565 3318 3621 vadis
3366 3564 3532 3620 illuc?
3564 3558 3852 3634 Respondit

2262 3675 2281 3709 ι
2312 3655 2468 3713 Iesus
2515 3673 2529 3711 :
2588 3655 2779 3713 Nonne
2823 3655 3107 3711 duodecim
3136 3664 3263 3711 sunt
3290 3656 3441 3711 hora:
3469 3655 3623 3710 diei?
3670 3674 3693 3707 ι
3727 3652 3849 3723 Quid

2255 3748 2357 3804 sibi
2386 3748 2502 3803 vult
2532 3748 2635 3803 ista
2660 3747 2974 3819 responsio?
3000 3747 3079 3803 illi
3110 3747 3369 3803 dixerunt
3400 3764 3414 3801 :
3452 3734 3671 3803 «Modo
3707 3756 3853 3803 tevo-

2255 3841 2439 3897 lebant
2463 3840 2633 3897 Iudaei
2658 3840 2918 3912 lapidare,
2943 3848 2999 3897 et
3020 3841 3217 3897 iterum
3246 3842 3401 3897 vadis
3432 3839 3587 3907 illuc,
3622 3851 3687 3897 ut
3719 3852 3771 3898 te
3793 3840 3855 3895 la-

2255 3934 2476 4006 pident?
2506 3954 2525 3986 »
2557 3933 2627 3989 Ει
2646 3933 2907 3990 Dominus
2939 3952 2954 3989 :
2983 3952 3003 3988 ι
3032 3933 3224 3991 Nonne
3248 3932 3535 3990 duodecim
3565 3935 3728 3991 horae
3748 3942 3854 3991 sunt

2255 4026 2400 4082 dici?
2435 4045 2453 4079 ι

2333 4135 2353 4169 ι
2405 4115 2463 4173 Si
2509 4118 2631 4188 quis
2685 4117 3046 4174 ambulaverit
3075 4118 3128 4174 in
3155 4118 3263 4186 die,
3294 4134 3402 4174 non
3453 4114 3715 4187 offendit,
3743 4120 3855 4191 quia

2259 4228 2280 4264 ‹
2314 4209 2488 4266 lucem
2515 4211 2675 4282 hujus
2703 4211 2891 4267 mundi
2920 4209 3087 4267 videt.
3121 4209 3179 4267 Si
3207 4221 3387 4268 autem
3415 4213 3855 4271 ambulaverint

2224 4304 2280 4357 ἰ
2315 4313 2493 4371 nocte,
2537 4305 2777 4371 offendit,
2814 4306 2943 4378 quia
2985 4304 3077 4363 lux
3109 4323 3215 4364 non
3255 4317 3339 4363 est
3380 4307 3431 4362 in
3481 4318 3570 4363 eo.
3612 4328 3633 4362 ι
3671 4304 3751 4366 De
3783 4309 3857 4365 die

2256 4397 2471 4468 quidem
2502 4397 2712 4454 locutus
2748 4405 2855 4466 est,
2885 4398 2978 4454 sed
3026 4399 3095 4454 ad
3132 4409 3373 4454 nostram
3400 4397 3856 4472 intelligentiam,

2179 4490 2610 4590 unasiadbuc
2653 4505 2760 4546 nox
2805 4499 2913 4557 est,
2964 4491 3279 4547 invocemus
3323 4492 3485 4560 diem,
3533 4500 3599 4547 ut
3640 4495 3860 4566 repellat

2259 4585 2495 4646 noctem,
2524 4589 2580 4637 et
2607 4595 2702 4638 cor
2730 4580 2934 4637 lumine
2970 4578 3223 4637 illustret.
3260 4581 3400 4651 Quid
3423 4585 3570 4639 enim
3596 4583 3857 4642 Dominus

2258 4672 2440 4729 dicere
2475 4671 2680 4728 voluit?
2701 4672 2974 4740 Quantum
3009 4673 3143 4728 mihi
3168 4675 3401 4740 videtur,
3431 4686 3706 4745 quantum
3739 4678 3861 4734 sub-

2251 4764 2397 4835 jacet
2426 4763 2654 4820 altitudo
2701 4763 3158 4835 profunditasque
3185 4767 3487 4831 sententiae,
3527 4769 3859 4840 redarguere

2255 4855 2425 4912 voluit
2471 4855 2864 4912 dubitationem
2894 4856 3110 4913 illorum
3136 4867 3192 4914 et
3217 4859 3615 4917 inﬁdelitatem.
3663 4861 3859 4920 Volue-

2257 4957 2383 5003 runt
2409 4949 2552 5003 enim
2577 4949 2707 5011 dare
2733 4944 2963 5006 Domino
2993 4948 3279 5005 consilium
3308 4966 3379 5007 ne
3399 4961 3740 5021 moreretur,
3771 4970 3860 5032 qui

2254 5049 2479 5098 venerat
2504 5040 2664 5107 mori,
2689 5056 2759 5098 ne
2781 5041 2884 5111 ipsi
2912 5052 3273 5099 morerentur.
3301 5042 3393 5100 Sic
3416 5045 3583 5101 etiam
3616 5047 3855 5118 quodam

2259 5128 2364 5188 alio
2411 5131 2528 5187 loco
2577 5140 2801 5188 sanctus
2858 5130 3051 5188 Petrus
3100 5132 3328 5206 diligens
3391 5133 3711 5202 Dominum,
3769 5138 3861 5195 sed

2259 5224 2435 5282 adhuc
2463 5240 2569 5283 non
2599 5226 2757 5297 plene
2798 5225 3101 5299 intelligens
3137 5238 3238 5283 cur
3272 5228 3538 5294 venisset,
3572 5230 3765 5286 timuit
3796 5238 3861 5288 ne

2262 5324 2582 5375 moreretur.
2617 5317 2684 5374 Et
2737 5318 2862 5374 vitae
2910 5318 3202 5389 displicuit,
3251 5320 3302 5375 id
3344 5328 3428 5376 est
3456 5321 3562 5392 ipsi
3600 5322 3855 5379 Domino.

2266 5409 2400 5467 Cum
2424 5425 2553 5480 ergo
2579 5409 2778 5466 vellent
2805 5411 2935 5466 dare
2955 5411 3239 5467 consilium
3269 5413 3517 5471 homines
3539 5416 3672 5482 Deo,
3700 5416 3859 5473 disci.

2268 5504 2378 5576 puli
2408 5505 2689 5576 magistro,
2718 5505 2859 5559 servi
2904 5504 3156 5572 Domino,
3202 5507 3389 5579 aegroti
3420 5508 3653 5573 medizo,
3682 5510 3861 5565 corri-

2266 5594 2385 5667 puit
2411 5610 2504 5651 eos
2530 5603 2586 5650 et
2614 5596 2689 5649 ait
2722 5612 2734 5649 :
2770 5614 2789 5647 ‹
2821 5595 3009 5652 Nonne
3035 5597 3320 5655 duodecim
3355 5609 3483 5656 sunt
3525 5601 3673 5657 horae
3712 5598 3863 5657 diei?

2268 5684 2325 5740 Si
2353 5686 2476 5756 quis
2503 5686 2859 5742 ambulaverit
2886 5687 2939 5742 in
2996 5688 3107 5754 die,
3150 5706 3258 5747 non
3300 5688 3546 5747 offendit.
3579 5710 3599 5744 ι
3642 5690 3731 5747 Me
3769 5706 3859 5748 se-

2266 5779 2517 5857 quimini,
2541 5779 2584 5837 si
2616 5795 2721 5837 non
2745 5779 2913 5839 vultis
2949 5780 3243 5841 oil‘endere.
3275 5784 3451 5842 Nolite
3503 5783 3637 5841 mibi
3667 5785 3862 5845 consi-s
