3994 6354
94 332 209 390 517

1325 333 1627 390 HOMlLI/E
1671 334 1758 390 DE
1798 332 2140 390 TEMPORE.

3283 335 3385 389 518

98 451 246 504 lium
309 450 468 514 dare,
515 457 704 520 quosa
732 463 817 505 me
858 450 1141 505 consilium
1184 460 1394 520 oportet
1436 451 1700 520 accipere.
1734 453 2082 510 Acrescerct
2113 469 2124 503 :
2152 450 2398 519 quamvis
2426 450 2516 504 tali
2548 448 2714 504 verbo
2761 462 2890 502 usus
2914 447 3006 514 sit,
3056 449 3211 519 quasi
3261 459 3385 505 tunc

95 541 231 607 Quo
285 555 422 609 ergo
461 541 710 610 pertinet,
764 558 782 591 ι
835 539 1021 595 Nonne
1071 541 1351 595 duodecim
1398 543 1544 596 bone
1582 549 1710 595 sunt

97 634 268 690 dici?
312 653 337 687 ι
374 634 510 702 Quia
541 646 599 688 ut
635 635 776 689 diem
815 651 873 690 se
906 649 1023 690 csse
1061 634 1389 698 ostenderet,
1426 635 1707 688 duodecim

100 726 425 796 discipulos
469 725 648 795 elegit.
697 725 754 780 Si
797 741 894 796 ego
934 741 1076 792 sum,
1128 726 1323 794 inquit,
1366 725 1500 790 dies,
1525 733 1579 779 et
1613 737 1710 780 vos

99 815 294 879 bone,
334 815 576 884 nunquid
597 815 744 869 hora
769 815 870 869 diei
894 815 1185 869 consilium
1199 814 1362 868 dant?
1388 814 1545 868 Hora:
1565 813 1708 868 diem

102 912 454 974 sequuntur,
487 921 596 959 non
645 906 809 961 horas
861 906 994 960 dies.
1028 904 1085 960 Si
1116 920 1244 975 ergo
1269 905 1343 959 illi
1371 905 1541 969 horae,
1578 906 1710 975 quid

103 994 181 1047 ibi
217 992 425 1057 Iudas,
472 1003 525 1050 et
555 995 670 1065 ipse
714 995 858 1049 inter
906 995 1185 1050 duodecim
1232 997 1430 1050 horas?
1480 995 1534 1049 Si
1574 997 1709 1050 hora

103 1093 256 1148 erat,
286 1083 525 1147 lucebat,
562 1086 608 1141 si
633 1085 867 1150 lucebat,
896 1086 1164 1155 quomodo
1195 1087 1334 1141 diem
1376 1087 1443 1140 ad
1481 1094 1708 1141 mortem

105 1175 422 1231 trahebat?
459 1174 565 1232 Sed
601 1175 858 1231 Dominus
903 1177 956 1231 in
997 1177 1100 1233 hoc
1143 1177 1327 1240 verbo,
1384 1191 1491 1231 non
1534 1176 1708 1246 ipsum

101 1265 350 1334 ludam,
401 1269 494 1324 sed
538 1284 908 1325 successorem
970 1271 1137 1339 ipsius
1175 1271 1522 1340 przevidebat.
1571 1268 1708 1325 Juda

102 1357 262 1412 enim
320 1359 573 1423 cadente,
615 1361 874 1415 successit
923 1359 1200 1425 Matthias,
1248 1370 1303 1416 et
1350 1363 1709 1418 duodenarius

108 1449 358 1504 mansit.
401 1448 514 1504 Non
538 1451 680 1505 enim
731 1450 930 1505 frustra
962 1452 1243 1507 duodecim
1273 1452 1561 1522 discipulos
1601 1453 1711 1508 cle-

106 1540 210 1610 git,
241 1541 361 1596 nisi
383 1542 506 1610 quia
531 1542 654 1611 ipse
667 1543 962 1612 spiritualis
979 1553 1062 1598 est
1091 1545 1224 1600 dies.
1253 1543 1562 1615 Sequantur
1581 1562 1711 1615 ergo

108 1632 274 1690 horae
327 1633 491 1696 diem,
546 1636 838 1704 praedicent
877 1637 1022 1692 hora:
1046 1639 1210 1692 diem.
1247 1639 1401 1693 llorre
1439 1639 1712 1695 illustren-

108 1732 202 1776 tur
226 1739 261 1778 ιι
296 1723 412 1780 die.
431 1724 583 1779 Hunc.
600 1727 965 1783 illuminentur
990 1744 1018 1782 a
1047 1730 1152 1784 die.
1181 1730 1285 1785 Per
1303 1731 1556 1786 horarum
1575 1747 1713 1801 prae-

1810 543 2029 597 credere
2060 542 2372 612 inciperent.
2423 541 2536 596 Non
2585 541 2729 595 enim
2757 541 2852 606 ait,
2907 541 3114 611 gaudeo
3167 551 3388 611 propter

1809 646 1923 694 vos,
1954 641 2010 685 ut
2054 641 2232 686 vestra
2275 631 2406 685 ﬁdes
2450 639 2728 700 augeatur,
2753 630 2864 685 sive
2890 629 3166 696 ﬁrmetur;
3204 630 3295 685 sed
3327 637 3390 684 ut

1809 724 2062 788 credatis,
2089 724 2230 794 quod
2268 723 2670 793 intelligendum
2701 731 2806 787 est,
2855 732 2914 778 ut
2967 723 3198 794 amplius
3227 722 3391 779 robu-

1810 813 2052 884 stiusque
2081 815 2334 871 credatis.

1885 923 1904 957 c
1943 904 2049 961 Sed
2089 921 2276 962 eamus
2317 907 2383 960 ad
2434 921 2578 960 eum.
2634 905 2778 960 Dixit
2833 921 2962 976 ergo
3009 907 3264 975 Thomas,
3295 907 3387 979 qui

1817 1013 1835 1046 ι
1879 995 2080 1050 dicitur
2110 995 2390 1067 Didymus,
2429 996 2494 1048 ad
2520 994 2916 1063 condiscipulos
2946 1014 2958 1048 :
2985 995 3252 1052 Eamuset
3268 1011 3387 1062 nos,

1817 1104 1834 1137 ι
1869 1095 1928 1140 ιιι
1947 1087 2239 1142 moriamur
2263 1103 2384 1143 cum
2409 1102 2494 1142 eo.
2512 1085 2670 1142 Venit
2695 1087 2877 1157 itaque
2895 1086 3074 1154 .lesus,
3100 1099 3154 1143 et
3182 1089 3392 1145 invenit

1816 1195 1836 1229 ι
1871 1193 1996 1233 eum
2017 1187 2246 1248 quatuor
2267 1178 2511 1247 diesjam
2549 1179 2602 1233 in
2619 1187 2969 1234 monumento
3015 1179 3322 1236 habentem.
3366 1199 3385 1234 ι

1811 1267 1887 1322 1)ε
1911 1277 2140 1335 quatuor
2167 1269 2355 1324 diebus
2383 1269 2543 1323 multa
2567 1269 2784 1339 quidem
2811 1270 2916 1325 dici
2961 1280 3204 1341 possunt,
3253 1271 3396 1328 sicut

1809 1372 1869 1412 se
1898 1359 2093 1413 habent
2114 1359 2340 1413 obscura
2369 1358 2794 1428 Scripturarum,
2811 1376 2931 1430 qua:
2954 1377 3053 1431 pro
3073 1362 3395 1420 diversitate

1813 1447 2222 1518 iutelligentium
2287 1449 2482 1504 multos
2531 1465 2722 1505 sensus
2764 1451 3001 1520 pariunt.
3048 1450 3301 1508 Dicamus
3338 1461 3396 1510 et

1813 1559 1930 1605 nos,
1967 1545 2091 1612 quid
2119 1545 2272 1599 nobis
2295 1544 2540 1599 videatur
2565 1544 2872 1615 signiﬁcare
2903 1557 3145 1602 mortuus
3185 1547 3394 1615 quatri-

1815 1637 2040 1692 duanus.
2105 1637 2383 1703 Quomodo
2437 1637 2582 1692 enim
2633 1639 2685 1692 in
2734 1638 2824 1693 illo
2859 1655 3005 1694 caeco
3049 1639 3398 1707 intelligimus

1815 1728 2209 1798 quodammodo
2268 1728 2559 1783 luuuanum
2615 1745 2803 1799 genus,
2848 1731 2926 1786 sic
2951 1731 3086 1786 forte
3108 1742 3160 1787 et
3193 1731 3245 1787 in
3295 1732 3398 1787 isto

107 1815 483 1880 dicalionem,
515 1819 696 1872 credat
731 1819 962 1874 mundus
996 1821 1158 1876 diem,
1194 1822 1335 1893 Ergo
1365 1823 1441 1877 ait
1468 1822 1535 1878 de
1562 1838 1710 1879 com-
1739 1817 1786 1876 Β
1813 1827 2026 1872 mortuo
2079 1817 2272 1872 multos
2323 1818 2641 1874 intellecturi
2688 1836 2872 1878 smnus
2901 1837 2914 1885 ;
2961 1822 3190 1879 diversis
3251 1824 3398 1879 enim

108 1908 327 1976 pendio
356 1928 367 1961 :
398 1909 480 1964 Me
509 1912 818 1980 sequimini,
845 1913 887 1966 si
925 1929 1030 1967 non
1065 1915 1226 1969 vultis
1259 1929 1466 1971 errare.

186 2017 208 2052 ι
248 2000 342 2055 Ex
374 2013 494 2072 post
535 2005 648 2058 hmo
689 2005 819 2060 dicit
846 2007 924 2061 eis
953 2025 966 2060 :
996 2006 1235 2063 Lazarus
1279 2009 1486 2064 amicus
1528 2019 1716 2065 noster

115 2107 136 2141 σ
164 2091 406 2158 dormit,
427 2095 522 2148 sed
541 2097 678 2150 vado
705 2104 814 2150 uta
841 2112 1031 2152 somno
1052 2100 1283 2154 excitem
1306 2115 1450 2154 eum.
1477 2120 1493 2152 ι
1519 2101 1713 2157 Verum

109 2179 292 2246 dixit;
341 2185 617 2239 sororibus
642 2195 883 2242 mortuus
909 2199 1053 2252 erat,
1100 2189 1327 2243 Domino
1363 2190 1665 2247 dormiebat
1697 2209 1710 2246 :

111 2269 443 2326 hominibus
472 2282 712 2330 mortuus
743 2285 877 2340 erat,
904 2279 994 2346 qui
1021 2294 1143 2333 cum
1174 2280 1438 2335 suscitare
1471 2298 1577 2336 non
1621 2298 1717 2351 po-

110 2367 336 2416 terant.
367 2360 502 2416 Nam
544 2363 801 2420 Dominus
831 2376 976 2421 tanta
1021 2368 1280 2424 facilitate
1326 2371 1620 2425 suscitabat
1649 2372 1716 2427 de

109 2451 401 2520 sepulcro,
416 2463 615 2522 quanta
639 2462 692 2510 tu
717 2472 821 2511 non
853 2458 1062 2513 excitas
1089 2459 1444 2514 donnieutem
1465 2463 1530 2516 de
1556 2461 1712 2516 lecto.

115 2540 267 2610 Ergo
296 2544 594 2598 secundum
621 2548 918 2614 potentiam
968 2564 1120 2604 suam
1151 2550 1286 2604 dixit
1334 2551 1714 2616 dormientem,

119 2631 251 2700 quia
283 2640 344 2687 et
367 2631 459 2686 alii
495 2637 696 2690 mortui
721 2636 846 2714 dicti
871 2648 995 2692 sunt
1025 2640 1077 2693 in
1102 2640 1401 2709 Scripturis
1429 2657 1569 2711 saepe
1597 2644 1718 2696 dor-

122 2721 380 2787 mientes,
410 2722 552 2779 sicut
596 2726 886 2795 Apostolus
936 2729 1103 2783 dicit:
1152 2749 1170 2781 ι
1200 2731 1276 2784 De
1317 2731 1716 2788 dormientibus

123 2822 313 2868 autem
360 2815 486 2871 nolo
517 2831 612 2874 vos
642 2819 911 2889 ignorare,
951 2820 1162 2887 fratres,
1202 2833 1260 2877 ut
1295 2840 1399 2878 non
1430 2826 1717 2880 contriste-

128 2905 260 2957 mini
287 2905 496 2961 sicutet
517 2909 719 2974 czeteri,
736 2911 826 2980 qui
843 2926 992 2980 spem
1013 2929 1119 2966 non
1135 2913 1332 2969 habent
1353 2914 1402 2984 (Ι
1424 2914 1574 2970 Thes.
1591 2916 1671 2984 ιι).
1688 2933 1708 2967 ι

130 2993 258 3049 Ideo
279 2996 459 3066 etipse
480 2998 810 3056 dormientes
831 3001 1139 3071 appellavit,
1161 3004 1285 3074 quia
1314 3015 1714 3062 resurrecturos

134 3089 520 3154 pronuntiavit.
555 3091 621 3145 Et
643 3091 697 3146 in
735 3093 838 3148 alio
884 3094 1044 3150 loco-z
1079 3095 1282 3152 Omnes
1329 3098 1544 3167 quidem
1591 3101 1715 3155 dor-

1818 1909 1991 1964 modis
2018 1926 2120 1964 una
2152 1924 2238 1964 res
2277 1909 2564 1981 signiﬁcari
2598 1920 2790 1980 potest.
2844 1912 3014 1968 llomo
3056 1916 3269 1982 quando
3304 1931 3400 1971 ua-

1817 2002 2141 2071 scitur,jam
2171 2017 2293 2056 cum
2325 2012 2500 2058 morte
2529 2003 2790 2068 nascitur,
2821 2005 2944 2073 quia
2977 2007 3043 2062 de
3067 2007 3236 2062 Adam
3271 2021 3398 2078 pec-

1818 2105 1994 2151 catum
2021 2095 2184 2150 trahit
2203 2112 2216 2160 ;
2236 2095 2376 2150 unde
2400 2095 2859 2165 dicitApostolus:
2883 2116 2899 2148 ι
2931 2097 3032 2153 Per
3047 2114 3209 2154 umuu
3227 2100 3403 2156 homi-

1818 2200 1940 2240 nem
1977 2195 2253 2255 peccatum
2276 2186 2498 2241 intravit
2523 2186 2576 2241 in
2607 2188 2884 2251 lilltlttlllln,
2907 2199 2962 2244 et
2993 2205 3086 2260 per
3115 2202 3401 2260 peccatum

1820 2292 1966 2331 mors
1997 2293 2008 2328 :
2040 2285 2094 2329 et
2125 2276 2197 2330 ita
2230 2276 2282 2329 in
2327 2291 2516 2332 omnes
2561 2277 2804 2333 homines
2844 2282 3176 2348 pertransiit,
3210 2281 3261 2336 in
3291 2297 3401 2352 quo

1818 2381 2007 2421 omnes
2037 2376 2398 2435 peccaverunt
2437 2365 2609 2436 (Rom.
2655 2369 2731 2438 v).
2785 2388 2803 2420 ι
2846 2369 2979 2426 Ιίεςε
3027 2371 3193 2428 habes
3235 2389 3401 2430 unum

1818 2454 1959 2508 diem
1987 2455 2195 2520 mortis,
2219 2458 2362 2526 quod
2401 2457 2562 2512 homo
2607 2459 2774 2513 trahit
2815 2459 2882 2515 de
2926 2471 3098 2517 morte
3147 2463 3400 2534 proliagio

1820 2561 1961 2599 nem.
1996 2545 2194 2600 Deinde
2220 2548 2434 2612 crescit,
2479 2548 2667 2618 incipit
2711 2551 2971 2606 accedere
3001 2552 3068 2606 ad
3109 2551 3404 2608 rationales

1819 2653 2014 2700 annos,
2047 2650 2104 2692 ut
2133 2639 2307 2710 legem
2337 2641 2513 2712 sapiat
2541 2643 2860 2706 naturalem,
2891 2659 3053 2714 quam
3080 2659 3270 2700 oumes
3307 2647 3401 2700 ha-

1817 2727 1945 2779 bent
1985 2728 2035 2780 in
2066 2729 2228 2782 corde
2253 2729 2435 2784 ﬁxam.
2486 2730 2637 2797 Quod
2666 2732 2757 2786 tibi
2809 2735 2920 2789 ticri
2956 2751 3059 2789 non
3107 2737 3208 2799 vis,
3245 2735 3402 2792 alteri

1817 2834 1884 2872 ne
1911 2818 2122 2874 feceris.
2155 2819 2404 2890 Nunquid
2433 2821 2536 2876 hoc
2559 2824 2626 2878 de
2653 2826 2876 2894 paganis
2902 2826 3122 2890 dicitur,
3145 2838 3196 2882 et
3216 2844 3319 2882 aou
3344 2828 3398 2883 in

1817 2917 2007 2963 natura
2047 2911 2158 2980 ipsa
2213 2912 2610 2981 quodammodo
2655 2915 2890 2986 legitur?
2946 2917 3166 2973 Furtum
3220 2919 3404 2976 facere

1815 2998 1928 3054 vis?
1948 3000 2057 3069 pati
2084 3001 2266 3071 utique
2293 3018 2396 3057 non
2431 3004 2526 3058 vis.
2556 3004 2694 3060 Ecce
2722 3005 2803 3061 lex
2831 3007 2881 3061 iu
2899 3009 3060 3062 corde
3089 3019 3180 3064 tuo
3207 3027 3218 3064 :
3244 3009 3400 3077 Quod

1818 3106 1924 3146 non
1954 3092 2034 3145 vis
2065 3092 2194 3160 pati,
2237 3091 2416 3149 facere
2445 3093 2574 3150 noli.
2617 3095 2681 3150 Et
2723 3097 2860 3152 hanc
2893 3098 3063 3169 legem
3120 3109 3394 3172 transgre-

137 3179 386 3247 miemus,
423 3184 516 3238 sed
554 3199 658 3239 non
706 3201 892 3242 omnes
939 3203 1282 3261 resurgemus
1312 3189 1389 3264 (1|
1409 3189 1530 3246 Cor.
1567 3193 1711 3260 xv),

1822 3179 2038 3235 diuutur
2083 3181 2368 3237 homines:
2403 3199 2528 3239 ecce
2579 3185 2714 3240 alter
2757 3187 2872 3242 dies
2902 3190 3109 3243 mortis.
3152 3189 3282 3243 Data
3314 3197 3402 3245 est

139 3279 370 3326 mortem
417 3281 652 3329 nostram
708 3277 1048 3334 dormitiouis
1100 3281 1320 3336 nomine
1383 3283 1712 3353 signiﬁcans.

143 3356 285 3412 Nam
335 3374 524 3431 corpus
567 3365 693 3420 dum
741 3367 1009 3423 deseritur
1069 3371 1136 3424 ab
1193 3371 1394 3438 anima,
1435 3373 1629 3428 dormit
1661 3375 1716 3430 in

143 3448 392 3519 sepulcro
419 3468 585 3524 usque
607 3457 671 3512 ad
703 3460 1168 3516 resuscitationem
1202 3463 1254 3516 in
1284 3463 1576 3518 novissimo
1605 3466 1712 3520 die.

142 3541 352 3600 Anima:
389 3560 514 3603 vero
556 3549 678 3605 dum
718 3553 971 3607 deserunt
1011 3570 1258 3625 corpora,
1289 3557 1531 3614 diversas
1568 3573 1718 3614 rece-

143 3633 352 3701 ptiones
377 3637 572 3694 habent
597 3659 610 3694 :
634 3642 882 3712 gaudium
911 3644 1080 3708 bonae,
1110 3646 1261 3701 malae
1292 3656 1576 3705 tormenta.
1609 3649 1718 3706 Sed

144 3741 263 3780 eum
285 3728 425 3784 facta
450 3731 610 3787 fuerit
629 3736 970 3803 resurrectio,
988 3738 1313 3794 etbonoruzn
1333 3742 1584 3810 gaudium
1598 3758 1716 3796 am-

146 3817 280 3885 plius
303 3821 407 3876 erit
427 3832 482 3876 et
503 3824 764 3880 malorum
782 3835 1046 3883 tormenta
1073 3831 1343 3901 graviora,
1358 3834 1571 3902 quando
1593 3849 1715 3890 cum

146 3921 366 3978 corpore
397 3914 803 3983 torquebuntur.
831 3917 966 3973 Dum
998 3921 1258 3976 Dominus
1292 3922 1356 3977 de
1393 3925 1716 3982 dormitione

148 4000 295 4056 amici
326 4003 558 4072 dixerat,
597 4007 845 4080 discipuli
881 4011 1301 4081 responderunt,
1329 4016 1598 4084 quomodo
1626 4017 1715 4072 in-

153 4097 465 4170 tellexerunt
495 4121 508 4157 :

215 4208 233 4242 ι
262 4190 519 4260 Domine,
553 4197 598 4252 si
643 4197 862 4265 dormit,
910 4199 1090 4258 salvus
1133 4203 1257 4258 erit.
1289 4223 1308 4257 ι
1345 4202 1534 4260 Solent
1570 4205 1717 4260 enim

153 4283 351 4338 somnia
395 4299 511 4342 esse
560 4291 841 4359 aegrotanti
897 4292 1148 4349 interitus
1201 4293 1284 4350 vel
1339 4295 1529 4352 salutis
1580 4297 1720 4352 indi-

153 4388 244 4431 Cla-

217 4481 234 4517 ι
268 4465 494 4524 Dixerat
543 4479 722 4528 autem
751 4473 908 4530 Jesus
936 4478 1002 4531 de
1039 4487 1212 4534 morte
1253 4478 1366 4549 ejus
1389 4521 1403 4545 ,
1436 4481 1510 4536 illi
1537 4489 1716 4538 autem

158 4572 175 4606 ι
205 4568 520 4627 putaverunt
541 4565 666 4634 quia
696 4567 760 4622 de
783 4569 1104 4626 dormitione
1124 4574 1295 4628 somni
1317 4574 1540 4630 diceret.
1565 4575 1716 4634 Tunc

160 4665 174 4696 ι
204 4663 332 4722 ergo
353 4650 488 4709 dixit
513 4657 591 4711 eis
617 4655 774 4714 Iesus
805 4660 1104 4717 manifeste.
1141 4681 1162 4715 ι
1207 4662 1546 4723 Subobscure
1571 4669 1716 4725 enim

157 4741 374 4812 dixerat,
406 4765 426 4798 ι
467 4747 684 4803 dormit.
717 4771 734 4803 ›
763 4750 851 4806 Ait
878 4768 1006 4822 ergo
1037 4754 1349 4812 manifeste:

218 4855 235 4889 ι
267 4837 506 4896 Lazarus
532 4857 663 4912 ergo
703 4851 948 4900 mortuus
985 4855 1086 4911 est,
1131 4856 1185 4902 et
1239 4851 1447 4920 gaudeo
1495 4859 1716 4922 propter

164 4940 178 4972 ι
205 4941 295 4984 vos
325 4938 383 4985 ut
403 4933 657 4998 credatis,
692 4935 816 5004 quia
845 4952 950 4991 non
1000 4951 1145 4992 eram
1175 4937 1266 4992 ibi.
1305 4959 1323 4992 ι
1350 4939 1518 5010 Ᾱῖεει·
1545 4943 1713 5008 enim,

160 5031 249 5074 non
296 5029 540 5078 mortuus
585 5023 761 5080 fuerat
806 5028 1105 5093 nuntiatus,
1143 5028 1236 5084 sed
1281 5039 1341 5086 ut
1385 5032 1578 5090 lateret
1623 5033 1720 5104 qui

159 5118 443 5176 creaverat,
489 5121 544 5168 et
588 5115 653 5170 ad
680 5115 832 5185 cujus
862 5133 1050 5174 tuaiius
1085 5120 1262 5174 anima
1295 5123 1579 5178 morientis
1627 5139 1722 5180 ex-

161 5194 299 5254 ierat.
331 5198 441 5256 Hoc
468 5211 572 5268 est,
601 5206 744 5274 quod
769 5207 866 5272 ait,
900 5227 918 5258 ι
938 5210 1142 5276 gaudeo
1157 5219 1376 5280 propter
1398 5227 1491 5266 vos
1521 5221 1580 5268 ut
1604 5229 1722 5270 cre-
1759 5285 1762 5288 ξ

161 5288 285 5347 datis
303 5291 430 5362 quia
461 5310 565 5349 non
596 5296 665 5350 ibi
694 5312 862 5360 eram,
900 5320 918 5351 ι
969 5309 1026 5354 ιιι
1049 5298 1162 5367 jam
1211 5302 1508 5372 inciperent
1547 5305 1722 5360 admi-‘

164 5383 275 5448 rari,
317 5385 441 5454 quia
493 5387 750 5444 Dominus
793 5391 965 5458 potuit
1007 5393 1186 5448 dicere
1234 5404 1526 5460 mortuum,
1573 5396 1719 5465 quod

161 5486 248 5529 nec
271 5477 498 5542 viderat,
532 5496 629 5535 nec
651 5483 913 5536 audierat.
945 5482 1043 5539 Ubi
1075 5501 1206 5541 sane
1228 5486 1536 5542 meminisse
1558 5487 1720 5544 debe-

165 5576 290 5632 tuus,
314 5569 454 5637 quod
480 5571 656 5627 adhuc
675 5572 837 5626 etiam
865 5575 1098 5642 ipsorum
1121 5576 1523 5645 discipulorum,
1549 5577 1639 5648 qui
1663 5578 1718 5638 in

163 5664 270 5710 eum
296 5673 402 5712 non
435 5662 797 5729 crediderant,
828 5664 1103 5720 miraculis
1141 5667 1508 5729 :ediﬁcabatur
1536 5675 1670 5733 ﬁdes
1698 5693 1716 5732 :

165 5758 256 5804 non
277 5757 474 5808 utesse
498 5753 772 5827 inciperet,
798 5757 890 5815 sed
908 5766 1040 5814 utea
1057 5760 1296 5834 quzejam
1317 5779 1436 5824 esse
1449 5781 1721 5847 coeperat,

1744 4535 1796 4596 D

1821 3271 1982 3325 etiam
2030 3271 2113 3325 lex
2165 3272 2420 3329 divinitus
2451 3289 2550 3344 per
2600 3275 2855 3330 famulum
2900 3278 2992 3333 Dei
3040 3278 3276 3351 Moysen.
3313 3281 3402 3335 Di-

1819 3372 1967 3417 ctum
1997 3352 2079 3417 est
2107 3363 2214 3418 illic
2250 3378 2264 3417 :
2302 3383 2320 3415 ι
2346 3363 2460 3419 Νοιι
2493 3367 2728 3430 occides,
2761 3383 2864 3422 nou
2889 3370 3265 3435 nnrchabcris,
3292 3387 3399 3427 nou

1822 3450 2013 3505 falsum
2039 3451 2404 3508 testimonium
2447 3453 2614 3507 (lices.
2669 3453 2880 3509 Honora
2917 3466 3124 3525 patrem
3166 3469 3312 3512 tmuu
3343 3467 3402 3515 et

1820 3551 2071 3607 matrem,
2129 3558 2235 3598 non
2282 3545 2630 3614 concupisces
2679 3562 2792 3600 rem
2820 3547 3051 3617 proximi
3084 3550 3157 3604 uti
3196 3548 3396 3619 (Exod.

1819 3633 1932 3707 xx).
1984 3655 2002 3687 ι
2053 3635 2188 3691 Ecce
2237 3635 2322 3690 lex
2351 3637 2551 3708 scripta
2576 3647 2678 3701 est.
2704 3649 2758 3694 et
2779 3640 2889 3711 ipsa
2927 3643 3314 3708 contemnitur,
3344 3651 3402 3699 et

1819 3726 1886 3780 ad
1919 3728 2133 3783 tertium
2160 3729 2299 3784 diem
2326 3731 2516 3786 mortis
2539 3733 2630 3802 qui
2653 3742 2841 3799 restat,
2871 3737 3102 3792 venitur.
3139 3738 3204 3794 Et
3228 3739 3402 3794 Evan-

1820 3817 2018 3889 gelium
2065 3819 2410 3890 pranlicatur,
2469 3837 2691 3894 regnum
2755 3826 3014 3881 cmlorum
3090 3827 3400 3885 dilfamatut‘

1819 3911 2038 3980 ubique,
2068 3909 2317 3966 Christus
2349 3914 2586 3969 minatur
2610 3917 2934 3986 gehennam,
2970 3918 3133 3973 vitam
3181 3920 3401 3990 promit-

1823 4004 1886 4057 tit
1912 4012 2190 4059 :eternam.
2224 4005 2292 4060 Et
2313 4006 2482 4076 ipsum
2513 4009 2898 4075 contemnitur,
2929 4012 3401 4082 transgrediuntur

1819 4093 2064 4149 homines
2099 4093 2466 4167 Evangelium.
2495 4097 2634 4153 Ecce
2659 4109 2883 4168 quartus
2909 4101 3025 4157 dies
3053 4103 3263 4158 mortis.
3290 4102 3400 4160 llic-

1823 4185 1923 4239 rito
1941 4183 2052 4251 jam
2081 4195 2251 4256 putet.
2285 4187 2532 4258 Nunquid
2579 4189 2644 4245 dc
2677 4191 2874 4247 talibus
2915 4193 3155 4263 neganda
3187 4203 3272 4249 est
3299 4196 3400 4250 mi-

1820 4277 2150 4332 scricordia?
2178 4279 2349 4334 Absit.
2377 4280 2550 4336 Etiam
2575 4284 2641 4337 ad
2681 4283 2813 4339 tales
2841 4283 3157 4340 excitandos
3176 4300 3280 4340 non
3305 4286 3416 4341 dco-

1821 4368 2074 4439 diguatur
2093 4371 2369 4426 accedere.

1898 4476 1915 4508 ι
1953 4457 2102 4512 Multi
2132 4468 2312 4515 autem
2347 4458 2641 4518 ex.Jud:cis
2670 4474 2930 4520 venerant
2951 4467 3018 4521 ad
3046 4466 3311 4522 Martham
3341 4475 3402 4522 ct

1829 4570 1846 4603 ι
1885 4552 2125 4616 Mariam,
2154 4561 2210 4609 ut
2232 4555 2642 4611 consolarentur
2663 4573 2756 4612 eas
2781 4559 2847 4613 de
2875 4558 3039 4613 fratre
3080 4574 3198 4614 suo.
3254 4558 3402 4614 Mars

1829 4666 1846 4696 ι
1879 4646 1966 4700 tha
1995 4654 2171 4700 autem
2201 4657 2259 4702 ut
2287 4649 2492 4703 audivit
2511 4650 2634 4718 quia
2656 4648 2813 4705 Jesus
2835 4650 3001 4713 venit,
3032 4649 3268 4704 occurrit
3297 4651 3398 4706 illi.-

1828 4758 1845 4789 ι
1883 4737 2048 4792 Maria
2077 4747 2254 4792 autem
2284 4740 2426 4794 domi
2460 4741 2698 4795 sedebat.
2743 4741 2885 4795 Dixit
2923 4756 3052 4811 ergo
3080 4740 3284 4796 Martha
3327 4742 3396 4798 ad

1828 4847 1846 4880 ι
1879 4827 2062 4883 Jesnm
2097 4845 2108 4880 :
2150 4827 2391 4894 Domine,
2447 4831 2491 4885 si
2535 4831 2726 4887 fuisses
2757 4832 2862 4897 hic,
2919 4831 3085 4887 frater
3113 4847 3262 4888 meus
3289 4849 3395 4890 non

1827 4938 1844 4971 ι
1876 4919 2065 4973 fuisset
2087 4929 2348 4976 mortuus.
2379 4921 2482 4978 Sed
2505 4930 2725 4978 et-nunc
2745 4924 2878 4991 seio,
2909 4925 3035 4995 quia
3061 4937 3400 4996 qumcunque

1828 5030 1846 5063 ι
1887 5012 2194 5082 poposceris
2217 5027 2246 5067 a
2276 5013 2404 5078 Deo,
2428 5014 2574 5069 dabit
2603 5015 2695 5068 tibi
2727 5016 2881 5073 Deus.
2920 5037 2937 5070 ι
2971 5018 3084 5073 Non
3117 5018 3269 5085 dixit,
3301 5019 3399 5076 sed

1822 5111 1879 5156 et
1923 5118 2052 5173 rogo
2095 5113 2147 5159 te
2201 5105 2358 5161 modo
2402 5113 2461 5159 ut
2507 5105 2734 5162 suscites
2770 5106 2992 5164 fratrem
3035 5125 3235 5166 meum.
3281 5111 3398 5168 Hoc

1824 5199 2029 5247 tantum
2072 5193 2207 5249 dixit
2241 5214 2254 5249 :
2295 5197 2406 5250 scio
2445 5197 2568 5266 quia
2622 5207 2773 5267 potes
2814 5200 2857 5255 si
2915 5200 3033 5266 vis;
3066 5209 3248 5258 utrum
3300 5218 3398 5260 au-

1825 5292 1930 5338 tem
1974 5285 2348 5358 facias,judicii
2379 5288 2578 5354 tuiest,
2621 5305 2728 5346 non
2776 5293 3208 5363 praesumptionis
3237 5308 3393 5352 mete.

1900 5396 1918 5427 ι
1955 5378 2090 5432 Dicit
2121 5378 2191 5432 illi
2215 5377 2371 5435 Jesus
2403 5398 2416 5434 :
2448 5379 2715 5450 Resurget
2765 5382 2930 5438 frater
2979 5393 3122 5440 tuus.
3169 5385 3307 5442 Dicit
3342 5384 3396 5440 ei

1830 5487 1848 5522 ι
1886 5467 2090 5522 Martha
2127 5487 2140 5522 :
2183 5469 2308 5526 Scio
2337 5472 2461 5541 quia
2486 5483 2730 5544 resurget
2760 5475 2812 5530 in
2843 5476 3137 5532 novissimo
3151 5477 3253 5532 die.
3279 5505 3298 5528 ο
3319 5477 3398 5532 De

1826 5552 1914 5614 illa
1944 5561 2336 5617 resurrectione
2363 5579 2550 5620 secura
2579 5583 2718 5634 sum,
2756 5569 2823 5625 de
2866 5571 2967 5626 hac
3015 5571 3216 5626 incerta
3249 5585 3390 5626 sum.

1901 5671 1919 5702 ι
1958 5651 2099 5707 Dicit
2127 5653 2173 5706 ei
2203 5652 2359 5710 Jesus
2393 5675 2404 5710 :
2448 5657 2558 5729 Ego
2607 5675 2723 5714 sum
2751 5661 3075 5717 resurrectio
3108 5669 3161 5716 et
3198 5660 3329 5714 vita.
3367 5680 3390 5716 ι

1825 5744 1988 5814 Dicis,
2023 5759 2267 5824 resurget
2302 5748 2470 5806 frater
2501 5760 2622 5808 tuus
2651 5753 2700 5808 in
2731 5753 3021 5811 novissimo
3059 5751 3177 5826 die;
3206 5766 3396 5820 verum
