3994 6354
592 352 697 413 519

1229 352 1579 412 HAYMONIS
1618 351 2089 410 HALBERSTAT.
2133 348 2346 404 EPISC.
2388 344 2537 404 OPP.
2580 347 2757 405 PARS
2794 350 2857 406 ll.
2895 343 2967 392 ὲ-
3003 349 3234 408 HOMIL.

3786 358 3893 414 510

594 478 698 535 εει,
725 466 820 525 sed
839 480 937 538 per
955 480 1113 537 quem
1143 473 1269 520 ωηο
1296 474 1559 537 resurget,
1594 470 1771 535 ροιεει
1794 471 1851 518 ει
1888 463 2046 517 modo
2075 473 2158 514 re-
2185 461 2237 522 Α
2267 475 2286 507 ι
2323 459 2413 526 qui
2481 473 2601 512 cum
2648 458 2736 512 illa
2788 466 2945 513 erant
2997 458 3292 529 plorantes,
3342 459 3572 518 fremuit
3652 465 3885 534 spiritu,

595 579 815 636 surgere
843 582 856 618 :
885 563 1007 633 quia
1039 580 1058 611 ι
1097 575 1197 632 ego
1218 575 1336 616 sum
1365 560 1693 615 resurrectio
1719 565 1774 612 et
1807 558 1940 611 vita.
1976 576 1994 608 ι
2038 555 2160 610 Ideo

594 655 726 717 vita,
779 654 901 723 quia
933 651 1278 707 resurrectio.
1312 669 1332 702 ι
1369 649 1504 718 Quia
1534 650 1579 704 si
1626 648 1797 703 credit
1825 648 1879 728 in
1915 662 2021 711 me,
2053 660 2160 700 non

596 745 858 801 morietur
882 745 935 799 in
964 751 1243 799 aeternum.
1284 761 1302 793 ι
1329 741 1466 809 Quid
1514 749 1597 795 est
1636 741 1769 803 hoc,
1807 758 1826 790 (
1863 737 1962 805 Qui
1991 738 2162 793 credit

600 853 617 886 ι
650 836 700 889 in
733 852 836 901 me,
865 836 1029 890 etiam
1059 835 1103 889 si
1133 842 1377 889 mortuus
1411 832 1589 897 fuerit,
1620 830 1798 886 vivet?
1837 847 1856 881 ι
1885 829 2037 885 Sicut
2060 829 2162 884 La-

595 902 752 986 zarus
780 936 1025 982 mortuus
1053 936 1139 981 est
1159 935 1214 980 et
1238 926 1416 980 vivet?
1452 925 1587 992 Quia
1612 940 1716 978 non
1744 932 1826 978 est
1849 922 1991 978 Deus
2017 938 2161 978 mor-

595 1025 831 1082 tuorum,
854 1018 949 1072 sed
974 1016 1239 1071 vivorum.
1272 1015 1348 1069 De
1374 1014 1502 1069 olim
1526 1013 1751 1068 mortuis
1770 1012 2035 1083 patribus,
2061 1013 2169 1067 hoc

593 1117 674 1163 est
714 1110 1009 1171 Abraham,
1040 1107 1212 1171 Isaac,
1241 1106 1424 1169 Jacob,
1464 1106 1571 1161 tale
1604 1118 1921 1173 responsum
1967 1102 2164 1158 Judaeis

591 1200 741 1255 dedit
781 1218 792 1253 :
823 1217 843 1250 ι
877 1200 989 1268 Ego
1024 1214 1140 1253 sum
1170 1198 1312 1253 Deus
1335 1196 1627 1257 Abraham,
1657 1208 1712 1251 et
1749 1196 1890 1250 Deus
1910 1194 2081 1255 Isaac,
2109 1202 2167 1249 et

590 1289 732 1345 Deus
755 1288 919 1343 Jacob
949 1287 1144 1359 (Exod.
1195 1303 1288 1351 ιιις
1339 1285 1461 1339 Luc.
1516 1284 1630 1355 xx).
1684 1304 1702 1336 ι
1742 1283 1859 1340 Νοιι
1903 1291 1986 1338 est
2025 1283 2165 1339 Deus

592 1388 950 1442 mortuorum,
986 1378 1080 1433 sed
1111 1379 1372 1432 vivorum.
1408 1373 1609 1432 Omnes
1656 1376 1798 1431 enim
1844 1375 1919 1431 illi
1962 1375 2162 1436 vivunt.

591 1467 764 1525 Crede
793 1484 944 1539 ergo,
975 1478 1031 1525 et
1056 1471 1101 1524 si
1139 1478 1383 1524 mortuus
1420 1468 1607 1533 fueris,
1650 1469 1799 1525 vives
1830 1487 1843 1522 :
1892 1468 1937 1523 si
1983 1476 2165 1524 autem

590 1573 699 1613 non
721 1559 922 1625 credis,
947 1567 1148 1615 etcum
1182 1560 1317 1615 vivis
1355 1568 1598 1615 mortuus
1638 1574 1717 1615 es.
1752 1558 1905 1615 Unde
1931 1567 2016 1615 est
2038 1574 2166 1631 ergo

590 1665 739 1706 mors
767 1652 821 1705 in
858 1653 1071 1706 anima?
1095 1652 1233 1719 Quia
1261 1667 1369 1708 non
1396 1652 1637 1713 estﬁdes
1673 1654 1726 1708 in
1754 1668 1838 1707 ea.
1890 1652 2043 1708 Unde
2084 1662 2169 1709 est

2268 565 2288 598 ι
2341 556 2398 602 et
2461 547 2693 602 turbavit
2739 548 2995 618 seipsum,
3054 558 3111 605 et
3160 550 3295 605 dixit
3351 570 3363 604 :
3432 551 3537 608 Ubi
3599 556 3883 625 posuistis

2266 657 2285 689 ι
2318 638 2480 693 eum?
2507 658 2527 690 ι
2559 637 2771 709 Aliquid
2797 639 2952 695 nobis
2973 640 3264 696 insinuavit
3298 641 3593 701 fremendo
3645 646 3878 716 spiritu,

2260 737 2316 784 et
2383 731 2647 785 turbando
2711 730 2970 801 seipsum.
3039 730 3173 799 Quis
3229 733 3373 788 enim
3431 750 3563 791 eum
3640 749 3876 807 posset,

2260 820 2364 875 nisi
2435 821 2549 890 ipse
2607 822 2865 892 seipsum,
2936 823 3209 879 turbare?
3264 825 3448 897 Itaque
3504 828 3725 899 primo
3801 831 3879 885 hic

2262 911 2523 965 attendite
2572 920 2914 981 potestatem,
2961 923 3017 969 et
3062 914 3143 970 sic
3185 916 3445 987 inquirite
3491 919 3875 990 signiﬁcatio-

2261 1014 2427 1055 nem:
2460 999 2719 1057 Turbaris
2756 1008 2823 1057 ‘tu
2867 1004 3076 1070 nolens,
3121 1006 3371 1062 turbatur
3421 1008 3712 1066 Christus
3757 1014 3873 1082 quia

2262 1090 2459 1157 voluit;
2491 1093 2851 1148 contristatus
2879 1102 2965 1149 est
3006 1094 3184 1163 Jesus,
3225 1113 3414 1154 verum
3458 1111 3571 1164 est,
3616 1102 3729 1156 sed
3756 1106 3869 1172 quia

2263 1183 2468 1247 voluit;
2512 1188 2738 1242 esurivit
2789 1185 2969 1253 Jesus,
2992 1188 3189 1245 verum
3223 1201 3329 1255 est,
3371 1194 3466 1249 sed
3492 1195 3641 1263 quia
3673 1197 3867 1262 voluit;

2264 1275 2517 1332 dormivit
2546 1277 2719 1346 Iesus,
2743 1295 2931 1335 verum
2954 1290 3056 1346 est,
3084 1284 3178 1338 sed
3198 1285 3323 1355 quia
3355 1286 3524 1341 voluit
3549 1305 3568 1351 ;
3614 1298 3866 1345 mortuus

2264 1377 2350 1423 est
2368 1367 2547 1435 Jesus,
2586 1386 2773 1426 verum
2801 1380 2903 1437 est,
2928 1375 3023 1428 sed
3045 1376 3171 1444 quia
3196 1376 3384 1432 voluit.
3423 1377 3482 1432 In
3524 1378 3701 1435 illius
3726 1390 3865 1450 pote

2266 1467 2407 1514 State
2434 1468 2572 1526 erat,
2612 1461 2698 1516 vel
2732 1462 2811 1517 sic
2847 1460 3006 1527 aﬁici,
3031 1465 3116 1518 vel
3158 1482 3263 1521 non
3295 1466 3452 1523 allici.
3481 1469 3709 1524 Veram
3732 1471 3862 1526 enim

2267 1550 2502 1606 animam
2546 1555 2783 1623 suscepit
2830 1562 2885 1608 et
2928 1569 3148 1610 carnem
3174 1597 3188 1621 ,
3245 1558 3409 1613 tutius
3464 1559 3731 1615 hominis
3772 1562 3861 1615 sibi

2268 1649 2524 1709 coaptans
2548 1642 2601 1696 in
2622 1657 2868 1711 personae
2890 1645 3099 1700 unitate
3132 1655 3404 1702 naturam.
3436 1647 3579 1702 Nam
3602 1659 3670 1704 et
3693 1651 3859 1705 anima

592 1742 648 1797 in
678 1745 942 1814 corpore?
962 1744 1096 1812 Quia
1124 1761 1228 1800 non
1254 1755 1336 1800 est
1364 1746 1436 1801 ibi
1465 1747 1665 1801 anima.
1687 1747 1829 1818 Ergo
1852 1747 2045 1801 animae
2061 1754 2165 1802 tum
2192 1812 2232 1818 _
2268 1731 2508 1801 Αβοεῑοίί
2539 1735 2705 1789 Verbo
2743 1735 3010 1790 ῘῙΙυευὫω
3040 1744 3156 1802 85ίὶ
3191 1739 3371 1792 anima
3398 1739 3549 1795 Ρθίτί
3589 1749 3654 1796 ει
3692 1743 3858 1795 anim

591 1833 722 1897 vita,
754 1812 884 1890 ﬁdes
913 1844 1015 1889 est.
1044 1834 1195 1889 Sicut
1218 1836 1398 1890 anima
1430 1838 1697 1906 corporis,
1729 1837 1840 1892 vita
1868 1845 1948 1892 est
1973 1852 2156 1907 corpo-

2268 1821 2419 1878 Pauli
2464 1825 2626 1880 verbo
2677 1825 2944 1881 illustrata
3004 1837 3114 1893 est;
3162 1829 3389 1885 aliorum
3440 1833 3853 1902 apostolorum,

591 1925 706 1990 ris;
749 1927 818 1979 ita
872 1926 1005 1982 ﬁdes
1049 1928 1265 1989 animae,
1291 1930 1399 1983 vita
1428 1938 1510 1984 est
1539 1931 1751 1984 animae.
1785 1949 1804 1981 ι
1841 1930 1941 1997 Qui
1993 1930 2168 1986 credit

588 2013 641 2068 in
670 2031 779 2082 me,
823 2018 988 2072 etiam
1042 2019 1087 2073 si
1133 2029 1377 2075 mortuus
1421 2018 1586 2075 fuerit
1623 2021 1676 2075 in
1719 2036 1898 2084 carne,
1940 2019 2081 2076 vivet
2112 2021 2165 2076 in

585 2111 786 2178 anima,
809 2130 829 2164 ι
861 2113 1032 2168 donec
1058 2124 1305 2185 resurgat
1340 2131 1468 2171 caro
1493 2132 1766 2186 nunquam
1788 2123 1973 2185 postea
2001 2116 2167 2172 mori-

587 2210 726 2257 tura.
753 2203 865 2260 Hoc
889 2213 994 2270 est,
1024 2207 1113 2275 qui
1139 2208 1308 2262 credit
1333 2209 1386 2262 in
1411 2196 1518 2272 me,
1546 2208 1670 2263 licet
1697 2194 1979 2272 moriatur,
1998 2211 2159 2266 vivet.

659 2314 678 2346 ι
714 2294 782 2349 Et
831 2297 1007 2352 omnis
1058 2298 1150 2368 qui
1202 2298 1334 2354 vivit
1368 2319 1386 2351 ι
1424 2301 1475 2354 in
1517 2315 1698 2365 carne,
1732 2321 1752 2355 ι
1789 2312 1843 2359 et
1884 2305 2057 2360 credit
2105 2305 2158 2359 in

582 2397 671 2439 me
698 2425 713 2451 ,
752 2403 771 2437 ι
823 2389 925 2443 etsi
973 2390 1238 2445 morietur
1290 2391 1357 2446 ad
1405 2400 1615 2463 tempus
1668 2403 1889 2466 propter
1933 2406 2160 2452 mortem

580 2474 779 2541 carnis,
814 2496 832 2528 ι
863 2494 968 2534 non
998 2481 1260 2536 morietur
1282 2482 1334 2536 in
1374 2492 1636 2540 aeternum
1671 2506 1690 2538 ι
1727 2496 1945 2557 propter
1992 2490 2161 2544 vitam

582 2564 824 2633 spiritus,
856 2576 911 2623 et
939 2569 1400 2629 immortalitatem
1448 2577 1883 2634 resurrectionis.
1933 2579 2047 2635 Hoc
2077 2589 2161 2636 est

579 2657 868 2729 quod‘ait:
902 2678 921 2710 ι
954 2659 1021 2714 Ει
1054 2662 1233 2717 omnis
1257 2664 1350 2733 qui
1379 2665 1588 2721 vivitet
1618 2668 1792 2723 credit
1820 2669 1873 2723 in
1915 2685 2023 2736 me,
2050 2686 2156 2726 non

580 2747 847 2801 morietur
883 2749 938 2803 in
965 2758 1246 2807 aeternum.
1283 2773 1301 2805 ι

655 2852 674 2886 ι
710 2835 899 2892 Credis
926 2839 1065 2895 hoc?
1088 2841 1179 2896 Ait
1222 2843 1295 2898 illi
1328 2861 1341 2899 :
1372 2842 1572 2916 Utique
1602 2848 1847 2903 Domine.
1895 2848 2007 2921 Ego
2040 2866 2158 2907 cre-

580 2942 602 2976 ο
638 2925 744 2981 didi
797 2927 921 2998 quia
972 2939 1025 2984 tu
1076 2947 1136 2988 es
1178 2931 1426 2990 Christus
1458 2935 1625 2991 Filius
1672 2938 1764 2993 Dei
1796 2939 1888 3010 qui
1920 2941 1971 2994 in
2012 2940 2157 2998 hunc

581 3020 884 3073 «mundum
907 3023 1123 3077 venisti.
1157 3042 1175 3074 ι
1209 3024 1438 3091 Quando
1472 3028 1573 3082 hoc
1597 3030 1799 3085 credidi
1842 3033 1970 3100 quia
2010 3042 2065 3087 tu
2097 3050 2157 3089 es

576 3111 921 3177 resurrectio,
951 3114 1152 3179 credidi
1181 3115 1306 3184 quia
1335 3123 1391 3170 tu
1434 3132 1494 3173 es
1532 3120 1660 3185 vita,
1684 3121 1888 3177 credidi
1910 3124 2034 3193 quia
2059 3125 2149 3194 qui

572 3197 746 3253 credit
789 3200 843 3254 in
902 3211 974 3267 te,
1021 3204 1124 3259 etsi
1176 3205 1459 3273 moriatur,
1511 3208 1670 3263 vivet.
1703 3210 1771 3266 Et
1799 3212 1893 3283 qui
1936 3214 2067 3269 vivit
2097 3224 2152 3271 ct

576 3291 745 3344 credit
770 3291 823 3345 in
854 3300 925 3358 te,
950 3308 1057 3348 non
1082 3293 1341 3350 morietur
1367 3297 1419 3352 in
1442 3307 1723 3355 internum.

651 3399 670 3431 ι
703 3380 916 3438 Etcum
965 3386 1079 3440 haec
1124 3385 1368 3453 dixisset,
1419 3390 1553 3445 abiit
1595 3400 1649 3447 et
1675 3393 1887 3450 vocavit
1926 3395 2151 3453 Mariam

576 3490 597 3525 ι
640 3487 878 3530 sororem
905 3491 1055 3531 suam
1087 3476 1322 3545 silentio,
1347 3481 1534 3538 dicens
1560 3500 1573 3536 :
1605 3483 1861 3553 Magister
1886 3487 2056 3555 adest,
2097 3498 2154 3545 et

579 3578 598 3612 ι
635 3572 794 3618 vocat
820 3572 890 3620 te.
930 3585 949 3617 ι
976 3565 1377 3624 Advertendum
1398 3581 1501 3637 est,
1539 3574 1990 3641 quemadmodum
2029 3592 2153 3646 sup-

572 3667 817 3725 pressam
846 3672 1031 3712 vocem
1058 3658 1327 3715 silentium
1357 3668 1705 3736 nuncupavit.
1725 3667 1860 3723 Nam
1881 3671 2151 3739 quomodo

576 3743 742 3806 siluit,
785 3760 904 3814 quae
956 3747 1112 3815 dixit,
1146 3767 1165 3800 ι
1203 3750 1458 3822 Magister
1507 3755 1678 3823 adest,
1727 3744 1789 3813 et
1828 3769 1985 3815 vocat
2019 3769 2092 3816 te.
2124 3781 2145 3815 ι

575 3830 975 3888 Advertendum
999 3838 1164 3891 etiam
1186 3842 1635 3908 quemadmodum
1675 3848 2005 3917 evangelista
2043 3865 2150 3907 non

577 3920 794 3990 dixerit,
846 3924 938 3981 ubi
983 3928 1066 3984 vel
1107 3930 1345 4001 quando,
1381 3932 1463 3986 vel
1490 3938 1757 4004 quomodo
1788 3938 2009 3995 Mariam
2041 3941 2175 4019 Do-‘

578 4015 759 4072 minus
778 4022 1071 4089 vocaverit,
1102 4032 1161 4078 ut
1189 4025 1290 4082 hoc
1312 4027 1365 4081 in
1406 4027 1587 4086 verbis
1618 4029 1840 4091 Martha.-
1861 4036 2041 4107 potius
2068 4037 2152 4092 in-

575 4107 921 4180 telligeretnr,
949 4118 1282 4174 narrationis
1308 4121 1536 4179 veritate
1557 4137 1790 4184 servata.

651 4216 672 4250 ι
707 4198 800 4255 illa
847 4210 907 4257 ut
952 4205 1172 4272 audivit,
1221 4213 1456 4267 surrexit
1486 4215 1618 4283 cito,
1651 4227 1705 4274 et
1731 4220 1881 4276 venit
1909 4222 1975 4277 ad
2001 4237 2147 4279 eum.

2268 1923 2579 1971 sanctorum
2641 1918 3022 1988 prophetarum
3086 1920 3280 1976 anima:
3336 1924 3508 1979 verbo
3569 1924 3856 1980 illustrat:

2266 2014 2433 2071 sunt;
2471 2006 2562 2061 sed
2593 2008 2658 2061 de
2706 2008 2851 2069 nulla
2883 2010 3085 2065 dictum
3117 2020 3201 2068 est
3232 2026 3247 2066 :
3280 2032 3299 2064 ‹
3329 2013 3577 2069 Verbum
3617 2031 3752 2071 mro
3784 2016 3853 2069 fa-

2265 2106 2413 2153 ctum
2438 2106 2521 2153 est
2556 2097 2737 2167 (Joan.
2771 2103 2834 2171 ι),
2873 2120 2891 2152 ι
2928 2102 2994 2156 de
3029 2103 3177 2158 nulla
3208 2104 3519 2161 dictumest
3548 2124 3564 2161 :
3606 2127 3630 2158 σ
3673 2107 3784 2178 Ego
3803 2118 3850 2161 et

2264 2188 2427 2245 Pater
2471 2196 2640 2244 'unum
2681 2208 2869 2248 sumus
2900 2192 3084 2262 (Joan.
3130 2194 3209 2261 χ).
3242 2216 3261 2247 ι
3305 2196 3504 2252 Anima
3542 2197 3849 2261 Christi,et

2264 2294 2391 2334 caro
2421 2279 2649 2348 Christi,
2684 2297 2808 2337 cum
2849 2284 3014 2339 verbo
3051 2284 3146 2340 Dei
3178 2300 3283 2341 una
3314 2302 3548 2357 persona
3576 2298 3692 2357 est,
3724 2305 3845 2344 unus

2262 2368 2510 2426 Christus
2535 2382 2637 2427 est.
2662 2373 2741 2428 Ac
2764 2390 2864 2444 per
2883 2374 2986 2431 hoc
3015 2376 3343 2432 ubisumma
3365 2388 3639 2450 potestas,
3666 2398 3847 2437 secun-

2262 2460 2389 2519 dum
2418 2462 2706 2518 voluntatis
2744 2473 2931 2519 nutum
2968 2466 3221 2522 turbatur
3264 2467 3589 2536 inﬁrmitas,
3627 2472 3735 2527 hoc
3768 2481 3844 2528 est

2259 2553 2401 2623 quod
2430 2554 2506 2608 ait
2537 2572 2551 2607 :
2588 2572 2607 2606 ι
2657 2553 2918 2610 Turbavit
2958 2558 3329 2629 semetipsum.
3360 2579 3379 2612 ι
3423 2560 3563 2629 Quid
3603 2573 3697 2618 est
3721 2578 3844 2635 ergo

2259 2646 2400 2714 quod
2433 2648 2613 2702 turbat
2647 2649 2998 2719 semetipsum
3032 2650 3305 2720 Christus,
3344 2655 3532 2710 nisiut
3571 2658 3843 2729 signiﬁcet

2259 2738 2376 2803 tibi,
2408 2740 2677 2808 quomodo
2725 2741 2931 2796 turbari
2976 2751 3032 2797 tu
3067 2742 3286 2809 debeas,
3330 2760 3454 2801 cum
3505 2756 3643 2801 tanta
3689 2750 3842 2805 mole

2256 2840 2479 2900 peccata
2526 2833 2769 2903 gravaris
2816 2841 2871 2889 et
2914 2836 3211 2904 premeris?
3256 2838 3540 2894 Attendisti
3573 2841 3719 2894 enim
3750 2849 3831 2906 te,

2256 2922 2438 2977 vidisti
2471 2930 2543 2988 te,
2576 2926 2904 2994 computasti
2937 2933 3154 2995 tecum;
3186 2927 3319 2984 illud
3354 2929 3477 2996 feci,
3505 2940 3563 2985 et
3594 2932 3839 3001 pepercit

2198 3024 2202 3028 ·
2256 3011 2389 3067 mihi
2420 3014 2589 3080 Deus;
2620 3015 2750 3069 illud
2779 3016 3044 3082 commisi,
3087 3031 3139 3074 et
3169 3021 3426 3076 sustinuit
3455 3036 3542 3075 me
3576 3038 3592 3087 ;
3655 3022 3833 3077 Evano

2177 3172 2221 3234 C

2164 3314 2167 3321 ν
2254 3288 2353 3342 eo?
2380 3288 2757 3345 unde’evado?
2786 3290 3013 3359 Quando
3056 3292 3344 3359 ista'dicis,
3369 3292 3481 3366 jam
3512 3295 3705 3352 fremit
3734 3300 3830 3369 spi-

2256 3103 2451 3175 gelium
2499 3106 2713 3172 audivi,
2758 3115 2815 3162 et
2859 3113 3156 3181 contempsi
3191 3128 3206 3177 ;
3251 3112 3555 3184 baptizatus
3599 3130 3746 3182 sum,
3783 3127 3835 3173 et

2253 3195 2450 3251 iterum
2496 3197 2562 3251 ad
2602 3197 2792 3252 eadem
2840 3200 3115 3256 revolutus
3143 3217 3301 3268 sum;
3350 3205 3475 3273 quid
3525 3203 3713 3261 facio?
3734 3221 3833 3277 quo

2254 3379 2409 3444 ritus,
2443 3381 2568 3451 quia
2615 3383 2749 3439 ﬁdes
2786 3384 2987 3440 Fremit.
3028 3386 3086 3440 ln
3116 3402 3250 3444 voce
3297 3387 3579 3444 frementis
3608 3400 3833 3462 apparet

2253 3484 2378 3539 spes
2421 3474 2772 3545 resurgentis.
2822 3475 2964 3548 Ergo
3013 3474 3147 3533 ﬁdes
3183 3486 3274 3533 tua
3300 3478 3367 3533 de
3403 3478 3647 3546 Christo,
3688 3480 3831 3536 Chri-

2253 3569 2370 3637 stus
2395 3562 2448 3617 in
2472 3565 2637 3621 corde
2662 3573 2784 3633 tuo;
2808 3581 2937 3637 ergo
2960 3568 3159 3624 fremat
3178 3568 3428 3628 Christus
3448 3572 3499 3626 in
3519 3574 3699 3628 corde
3730 3583 3828 3628 tuo.

2252 3625 2425 3711 Flevit
2451 3671 2580 3728 ergo
2609 3625 3134 3715 Christusuamicum
3176 3669 3468 3728 mortuum,
3497 3678 3670 3733 quem
3699 3664 3830 3720 venit

2254 3748 2717 3826 resuscitaturus.
2747 3750 2928 3818 Quare
2975 3752 3120 3807 enim
3159 3752 3330 3821 ﬂevit,
3372 3754 3474 3811 nisi
3501 3756 3631 3826 quia
3664 3757 3832 3812 homi-

2252 3853 2376 3895 nem
2411 3838 2540 3896 ﬁere
2582 3824 2795 3915 docuit,
2819 3857 3134 3912 oppressum
3174 3845 3415 3916 pondere
3448 3824 3836 3918 peccatorum?

2254 3929 2433 3998 Quare
2482 3931 2699 3988 fremuit
2736 3941 2793 3989 et
2840 3936 3080 3992 turbavit
3121 3934 3501 4008 semetipsum,
3546 3940 3663 3996 nisi
3719 3942 3832 4013 quia

2252 4020 2387 4077 ﬁdes
2415 4022 2649 4079 hominis
2669 4023 2772 4080 sibi
2811 4026 3008 4082 merito
3041 4027 3402 4099 displicentis,
3430 4028 3671 4086 fremere
3701 4033 3835 4088 hunc

2251 4114 2541 4171 admodum
2575 4116 2737 4174 debet
2784 4119 2840 4174 in
2886 4122 3233 4180 accusatione
3277 4125 3537 4181 malorum
3582 4141 3833 4198 operum,

2252 4218 2314 4266 ut
2375 4211 2647 4269 violentiae
2706 4215 3004 4285 paenitendi
3081 4219 3241 4276 cedat
3307 4221 3631 4277 consuetudo
3724 4236 3837 4291 pec-

581 4306 602 4342 t
639 4288 884 4347 Nondum
905 4296 1049 4351 enim
1072 4309 1294 4354 venerat
1316 4300 1475 4361 Jesus
1500 4306 1553 4361 in
1580 4310 1879 4377 castellum,
1913 4314 2007 4368 sed
2031 4325 2151 4370 erat
2227 4301 2450 4357 'cand”
2574 4312 2577 4317 λ
2708 4314 2709 4321 “
2772 4329 2779 4335 ’
3082 4352 3085 4359 ι
3152 4350 3157 4357 ·
3252 4322 3255 4325 ’
3490 4322 3530 4360 ⁸

578 4401 598 4435 ι
634 4384 811 4441 adhuc
836 4387 891 4441 in
915 4388 1006 4444 illo
1026 4390 1144 4446 loco
1191 4394 1281 4448 ubi
1305 4410 1618 4454 occurrerat
1645 4401 1693 4455 ei
1723 4402 1952 4459 Martha.
1977 4403 2150 4461 Judazi

578 4491 599 4527 ι
630 4475 816 4547 igitur,
849 4480 941 4550 qui
962 4486 1119 4536 erant
1143 4498 1266 4538 cum
1297 4485 1384 4539 illa
1417 4486 1469 4542 in
1492 4488 1670 4556 domo,
1704 4500 1759 4546 et
1792 4496 2148 4557 consolaban-

576 4588 596 4620 ι
636 4579 724 4626 tur
762 4586 906 4639 eam,
953 4589 1076 4629 cum
1124 4576 1388 4632 vidissent
1420 4579 1661 4649 Mariam,
1718 4585 1843 4654 quia
1885 4588 2007 4644 cito:
2027 4605 2148 4647 sur-

575 4681 597 4714 ι
635 4663 775 4717 rexit
810 4672 866 4719 et
899 4666 1046 4730 exiit,
1077 4670 1559 4752 secutiosunteam,
1592 4671 1831 4731 dicentes
1861 4695 1874 4730 :
1904 4679 2031 4749 quia
2061 4696 2150 4736 ve-

577 4771 597 4804 ι
634 4754 713 4807 nit
737 4756 804 4809 ad
854 4769 1281 4827 monumentum,
1330 4771 1391 4816 ut
1431 4762 1600 4832 ploret
1632 4767 1721 4821 ibi.
1764 4789 1782 4821 ι
1830 4769 2010 4839 Quare
2044 4773 2149 4832 hoc

573 4846 835 4913 pertinuit
862 4850 929 4903 ad
951 4852 1336 4921 evangelistam
1355 4858 1611 4912 narrare?
1639 4858 1705 4914 Ut
1728 4862 2006 4922 videamus
2028 4882 2148 4936 quae

573 4938 790 4993 occasio
812 4938 1020 5006 fecerit,
1050 4950 1109 4996 ut
1138 4943 1318 5013 plures
1358 4946 1428 5002 ibi
1456 4962 1638 5005 essent
1667 4956 1878 5022 quando
1909 4956 2149 5016 Lazarus

575 5034 928 5092 resuscitatus
952 5047 1054 5094 est.
1083 5038 1349 5099 Putabant
1374 5045 1516 5099 enim
1541 5043 1709 5101 Judaei
1756 5057 2040 5116 propterea
2082 5051 2152 5105 il-

574 5123 681 5178 lam
712 5124 989 5198 l‘estinare,
1018 5139 1076 5185 ut
1122 5133 1321 5191 doloris
1346 5138 1428 5192 sui
1453 5138 1702 5193 solatium
1726 5137 1981 5209 lacrymis
2006 5156 2153 5210 qua:-

575 5224 744 5282 reret,
775 5220 944 5275 secuti
974 5231 1099 5277 sunt
1137 5239 1277 5292 eam,
1328 5237 1385 5283 ut
1429 5237 1539 5284 tam
1587 5230 1790 5301 grande
1830 5231 2149 5289 miraculum

574 5302 934 5374 quadriduani
962 5318 1159 5373 mortui
1189 5320 1520 5391 resurgentis
1564 5330 1727 5379 testes
1769 5322 2031 5393 plurimos
2065 5328 2152 5382 in-

577 5397 808 5454 veniret.

651 5507 671 5539 t
704 5489 870 5549 Maria
900 5510 1031 5568 ergo
1058 5514 1179 5554 cum
1225 5500 1465 5556 venisset
1498 5503 1587 5557 ubi
1620 5513 1738 5560 erat
1764 5503 1943 5576 Iesus,
1961 5510 2151 5567 videns

582 5597 602 5630 ι
635 5596 776 5649 eum,
805 5588 1002 5643 cecidit
1023 5590 1089 5643 ad
1114 5591 1277 5659 pedes
1321 5590 1456 5659 ejus,
1504 5604 1559 5648 et
1606 5596 1739 5652 dixit
1765 5599 1814 5655 ei
1847 5619 1860 5654 :
1904 5598 2148 5671 Domine,

582 5691 604 5727 ι
645 5678 690 5732 si
716 5676 913 5736 fuisses
940 5683 1047 5748 hic,
1080 5699 1185 5739 non
1222 5693 1366 5741 esset
1392 5694 1634 5744 mortuus
1661 5689 1831 5749 frater
1858 5710 2029 5753 meus.
2062 5695 2154 5753 Je-

584 5782 607 5824 t
639 5782 733 5826 sus
782 5787 912 5846 ergo
966 5783 1025 5829 ut
1086 5776 1219 5832 vidit
1281 5792 1399 5833 eam
1457 5779 1777 5851 plorantem,
1837 5798 1890 5845 et
1940 5789 2151 5852 Judmns

2324 4393 2391 4447 Et
2416 4392 2553 4448 dixit
2583 4412 2598 4449 :
2630 4415 2649 4448 ι
2689 4395 2790 4453 Ubi
2833 4400 3091 4469 posuistis
3121 4402 3288 4457 eum?
3321 4422 3340 4457 ι
3388 4402 3507 4458 Scis
3534 4404 3663 4473 quia
3702 4419 3835 4460 mor-

2256 4490 2380 4539 tuus
2408 4483 2511 4550 sit,
2539 4493 2594 4541 et
2628 4486 2718 4542 ubi
2748 4488 2819 4543 sit
2842 4489 3082 4561 sepultus
3116 4492 3370 4564 ignoras?
3398 4492 3467 4550 Et
3498 4494 3599 4548 ista
3625 4490 3834 4567 signiti-

2255 4576 2397 4631 catio
2433 4592 2552 4646 quae
2590 4580 2706 4634 est?
2734 4578 2847 4636 Non
2879 4597 3046 4640 ausus
3074 4600 3193 4639 sum
3237 4586 3440 4650 dicere,
3473 4586 3665 4640 nescit.
3706 4585 3836 4654 Quid

2255 4668 2398 4723 enim
2426 4667 2516 4723 ille
2543 4671 2750 4726 nescit?
2789 4673 2881 4728 sed
2908 4675 3068 4744 quasi
3098 4676 3292 4732 nescit.
3320 4675 3474 4733 Unde
3510 4677 3611 4732 hoc
3636 4678 3839 4747 proba-

2256 4760 2415 4814 mus?
2467 4760 2748 4818 Dominum
2792 4765 2914 4821 audi
2958 4766 3227 4823 dicturum
3268 4769 3322 4823 in
3360 4768 3563 4839 judicio
3601 4786 3615 4823 :
3663 4788 3687 4820 ι
3731 4768 3838 4823 Non

2253 4852 2379 4916 novi
2409 4867 2524 4916 vos,
2553 4852 2815 4911 discedite
2864 4870 2895 4909 a
2940 4872 3028 4912 me
3072 4856 3289 4927 (Matth.
3325 4859 3444 4931 vu).
3492 4878 3511 4912 ι
3560 4858 3711 4926 Quid
3741 4869 3838 4922 est,

2257 4962 2365 5002 non
2406 4946 2529 4999 novi
2574 4947 2705 5001 vos?
2736 4946 2852 5003 Non
2885 4964 2981 5004 vos
3012 4950 3170 5007 video
3200 4951 3253 5006 in
3282 4951 3400 5007 luce
3429 4966 3573 5015 mea,
3604 4965 3721 5006 non
3750 4965 3839 5006 vos

2260 5038 2417 5091 video
2448 5036 2499 5091 in
2528 5036 2613 5091 illa
2633 5038 2865 5110 iustitia,
2887 5056 3048 5110 quam
3076 5043 3218 5099 novi.
3250 5042 3341 5099 Sic
3360 5051 3415 5098 et
3438 5044 3546 5109 hic,
3577 5052 3839 5113 tanquam

2259 5132 2511 5193 nesciens
2549 5132 2710 5189 talem
2762 5145 3125 5206 peccatorem,
3182 5139 3355 5194 dixit:
3393 5157 3413 5190 ι
3450 5139 3552 5195 Ubi
3579 5141 3841 5210 posuistis

2259 5223 2426 5277 eum?
2465 5242 2483 5275 ι
2520 5223 2668 5281 Talis
2696 5236 2778 5283 est
2806 5243 2909 5283 vox
2954 5229 3165 5286 Domini
3211 5231 3265 5286 in
3302 5233 3576 5303 paradiso,
3621 5242 3841 5304 postea-

2258 5323 2422 5381 quam
2453 5315 2693 5382 peccavit
2717 5315 2887 5371 Adam
2922 5333 2937 5373 :
2964 5338 2983 5370 ι
3017 5319 3212 5387 Adam,
3244 5322 3334 5377 ubi
3376 5337 3437 5378 es
3470 5320 3624 5392 (Gen.
3650 5322 3787 5395 tu)?
3817 5340 3837 5375 ι

2265 5418 2287 5455 ι
2320 5404 2516 5460 Βιριιιιι
2542 5407 2593 5461 ei
2622 5425 2637 5460 :
2669 5408 2913 5475 Domine,
2946 5413 3069 5467 veni
3109 5421 3163 5468 et
3193 5415 3333 5469 vide.
3369 5434 3386 5467 ι
3418 5415 3569 5482 Quod
3593 5423 3700 5481 est,
3727 5415 3844 5471 vide

2261 5504 2317 5552 et
2341 5497 2622 5554 miserere.
2662 5500 2820 5555 Videt
2861 5502 3004 5556 enim
3047 5503 3332 5570 Dominus,
3370 5507 3586 5577 quando
3616 5506 3846 5565 misere-

2260 5595 2368 5643 tur.
2418 5590 2570 5646 Unde
2626 5591 2699 5646 illi
2745 5592 2942 5648 dicitur
2975 5613 2989 5647 :
3026 5615 3042 5647 ι
3085 5595 3219 5653 Vide
3263 5599 3618 5655 humilitatem
3659 5615 3841 5656 meam

2258 5691 2313 5740 et
2338 5683 2577 5740 laborem
2606 5698 2784 5742 meum
2806 5727 2820 5753 ,
2851 5697 2906 5743 et
2933 5687 3143 5746 dimitte
3178 5691 3357 5746 omnia
3386 5702 3607 5762 peccata
3636 5706 3786 5748 mea.
3816 5711 3836 5746 ο

2258 5778 2434 5851 (Psnl.
2465 5772 2638 5851 sitv.)
