3994 6354
194 370 298 429 321

1408 385 1712 445 ΗΟΜΙΙᾸᾸΞ
1751 389 1840 446 DE
1874 388 2219 449 TEMPORE.

3363 420 3469 477 329

174 520 179 526 ς
276 506 295 540 t
340 486 692 564 Lacrymatus
719 500 803 551 est
826 493 1093 554 Christus.
1122 497 1379 556 Dixerunt
1410 516 1538 573 ergo
1558 501 1729 560 Judaei
1759 520 1772 559 :
1803 512 1853 574 Α
1882 510 2061 558 menta
2092 504 2319 572 solvere,
2353 510 2446 578 qui
2490 524 2763 572 mortuum
2814 520 3180 579 resuscitavit.
3211 522 3317 583 Sed
3341 545 3469 601 pro-

200 598 221 631 α
253 578 409 663 _Ecce
439 585 708 652 quomodo
748 588 966 644 amabat
986 660 989 663 η
1009 605 1154 644 eum.
1195 610 1214 642 ι
1256 589 1394 660 Quid
1423 601 1526 658 est,
1558 595 1782 650 amabat

190 654 363 726 eum?
386 671 503 728 Non
542 675 690 730 venit
742 693 936 734 vocare
976 660 1176 749 justos,
1219 682 1316 738 sed
1348 694 1664 755 peccatores
1711 686 1781 742 ad

184 762 572 831 paenitentiam
598 767 791 840 (Marc.
822 770 905 843 ιι).
1756 854 1761 857 _

277 875 296 908 ι
339 858 569 925 Quidam
601 872 783 919 autem
813 863 1070 922 dixerunt
1111 883 1180 924 ex
1223 869 1392 941 ipsis:
1418 870 1534 928 Non
1567 879 1782 944 poterat

195 964 217 1000 ι
271 949 379 1014 hic,
409 950 501 1021 qui
524 952 697 1022 aperit
725 955 912 1011 oculos
938 958 1071 1013 caeci
1089 959 1225 1025 nati,
1254 959 1435 1017 facere
1463 972 1522 1017 ut
1552 964 1642 1020 hic
1671 980 1779 1020 non

193 1057 213 1091 ι
268 1044 613 1098 moreretur?
672 1065 691 1099 ι
740 1046 844 1114 Qui
883 1049 1055 1105 noluit
1100 1050 1280 1108 facere
1334 1060 1395 1108 ut
1437 1070 1544 1110 non
1598 1071 1778 1114 more-

187 1140 366 1199 retur,
394 1132 515 1203 plus
550 1143 635 1192 est
656 1139 800 1208 quod
829 1138 1072 1199 facturus
1098 1153 1202 1211 est,
1241 1155 1302 1200 ut
1330 1156 1578 1203 mortuus
1603 1148 1778 1205 susci-

188 1229 307 1277 tetu
316 1239 361 1277 l‘.

272 1332 292 1366 c
339 1313 498 1372 Jesus
527 1333 678 1390 ergo,
703 1337 893 1380 rursus
938 1324 1176 1383 fremens
1201 1328 1258 1383 in
1289 1332 1598 1404 semetipso,
1629 1335 1779 1390 venit

189 1423 210 1457 ι
262 1408 332 1462 ad
358 1420 786 1470 monumentum.
843 1434 862 1467 ι
919 1416 1128 1474 Fremit
1161 1430 1217 1476 et
1253 1421 1307 1476 in
1338 1431 1413 1490 te,
1449 1425 1493 1479 si
1533 1426 1776 1496 disponis

181 1497 538 1554 reviviscere.
565 1501 721 1557 Omni
750 1505 956 1562 homini
991 1508 1207 1576 dicitur,
1237 1513 1327 1582 qui
1360 1516 1624 1584 premitur
1645 1532 1772 1587 pes-

174 1588 328 1643 sima
380 1594 769 1652 consuetudine
817 1615 831 1651 :
885 1618 904 1650 ι
959 1598 1117 1656 Venit
1169 1604 1237 1660 ad
1277 1616 1707 1665 monumentum.
1747 1629 1768 1663 ι

180 1701 201 1731 ι
256 1681 391 1737 Erat
436 1696 617 1740 autem
668 1689 922 1758 spelunca
968 1701 1023 1749 et
1065 1694 1198 1766 lapis
1243 1701 1614 1770 superpositus
1654 1711 1776 1760 erat

168 1772 254 1826 ei.
300 1791 321 1827 ι
354 1774 597 1833 Mortuus
623 1779 724 1834 sub
750 1780 948 1853 lapide,
976 1801 1102 1842 reus
1127 1788 1227 1844 sub
1260 1791 1399 1864 lege.
1431 1792 1597 1850 Scitis
1625 1796 1772 1852 enim

168 1865 313 1936 quia
344 1866 425 1923 lex
454 1884 573 1939 quae
599 1871 722 1927 data
751 1884 834 1929 est
863 1873 1087 1945 Judaeis,
1118 1878 1173 1934 in
1203 1880 1378 1952 lapide
1407 1885 1609 1956 scripta
1638 1895 1723 1943 est
1750 1905 1764 1943 :

168 1970 375 2012 clunes
392 1967 571 2016 autem
602 1963 677 2018 rei
717 1965 819 2021 sub
842 1965 957 2039 lege
983 1979 1128 2025 sunt.
1167 1970 1310 2030 Bene
1336 1976 1582 2033 viventes
1600 1963 1767 2047 enim,

174 2046 235 2100 in
272 2047 387 2121 lege
410 2066 517 2106 non
556 2062 701 2137 sunt,
742 2055 892 2131 justo
933 2059 1019 2116 lex
1048 2063 1226 2133 posita
1256 2081 1363 2122 non
1393 2077 1498 2124 est.
1525 2070 1663 2137 Quid
1686 2046 1770 2128 est

168 2154 312 2211 ergo
357 2141 588 2213 lapidem
621 2136 937 2206 removere?
984 2152 1230 2211 Gratiam
1268 2136 1583 2228 prmdicare.
1630 2162 1772 2234 Apo-
1866 2136 1891 2231 η’

164 2232 351 2290 stolus
380 2236 527 2291 enim
570 2237 772 2297 Paulus
808 2244 1116 2301 ministrum
1146 2263 1207 2304 se
1234 2250 1366 2305 dicit
1403 2251 1538 2308 Novi
1578 2232 1768 2313 Testa-

157 2326 372 2390 menti,
398 2343 505 2382 non
527 2329 732 2397 littera,
759 2333 853 2388 sed
880 2335 1095 2405 spiritu.
1120 2337 1255 2395 Nam
1288 2360 1306 2393 ι
1344 2342 1543 2408 littera,
1569 2345 1766 2417 inquit,

153 2414 402 2481 occidit,
430 2416 655 2486 spiritus
683 2431 864 2478 autem
906 2424 1147 2483 viviﬁcat
1175 2429 1261 2501 (II
1303 2431 1426 2487 Cor.
1461 2436 1565 2508 ιιι).
1605 2414 1771 2495 »Ἰλιέ-

158 2512 297 2560 tera
327 2506 607 2575 occidens,
635 2513 791 2581 quasi
824 2513 961 2586 lapis
988 2527 1072 2573 est
1094 2534 1373 2589 premens.
1524 2506 1531 2508 ἡ
1739 2600 1743 2607 .

252 2616 273 2648 ‹
307 2596 840 2673 Removete,inquit,
865 2606 1123 2678 lapidem,
1152 2632 1171 2666 ι
1204 2625 1477 2672 removete
1495 2618 1626 2691 legis
1640 2600 1768 2691 pon-

172 2688 296 2752 dus,
343 2690 575 2760 gratiam
621 2696 935 2764 przcdicate.
995 2719 1013 2751 ί
1055 2702 1197 2757 Dicit
1235 2706 1283 2760 ei
1339 2688 1569 2774 Martha,
1610 2688 1768 2769 soror

174 2799 195 2832 ι
246 2780 365 2852 ejus
393 2782 486 2851 qui
536 2794 781 2841 mortuus
829 2786 1007 2845 fuerat
1062 2809 1075 2845 :
1138 2795 1382 2862 Domine,
1428 2800 1544 2869 jam
1588 2801 1760 2870 fmtet,

174 2888 197 2923 σ
244 2872 641 2942 quatriduanus
694 2876 837 2931 enim
885 2888 989 2936 est.
1052 2882 1192 2939 Dicit
1225 2887 1273 2941 ei
1306 2886 1462 2945 Jesus
1508 2909 1520 2944 :
1572 2892 1763 2951 Nonne

170 2982 191 3015 ι
244 2963 357 3018 dixi
390 2964 507 3025 tibi,
532 2967 792 3037 quoniam
845 2971 891 3026 si
940 2974 1262 3044 credideris,
1293 2980 1500 3037 videbis
1533 2984 1761 3052 gloriam

168 3070 192 3105 ι
244 3052 379 3108 Dei?
414 3075 432 3107 ι
485 3054 625 3125 Quid
661 3066 763 3126 est,
802 3059 1023 3120 Videbis
1072 3066 1300 3138 gloriam
1357 3073 1490 3141 Dei?
1532 3077 1667 3144 Quia
1706 3087 1762 3135 et

164 3141 477 3211 fatentem,
505 3154 560 3201 et
580 3149 997 3218 quatriduanum
1025 3159 1270 3213 suscitat.
1311 3179 1329 3210 ε
1366 3141 1573 3220 Omnes
1614 3168 1759 3223 enim

1882 604 2003 665 pter
2030 600 2293 654 unitatem
2342 610 2545 658 sancta:
2572 604 2847 674 Ecclesiae,
2898 621 2954 667 et
2981 612 3313 674 individuam
3340 600 3469 679 cha-

1884 685 2099 741 ritatem
2132 688 2331 744 dicitur
2381 691 2664 760 ministris,
2702 698 2754 753 id
2793 710 2878 756 est
2905 701 3183 777 discipulis
3213 707 3413 768 Christi
3448 732 3462 769 :

1889 795 1908 829 ι
1956 776 2163 836 Solvite
2191 797 2332 836 eum.
2378 802 2397 834 ι
2441 783 2576 852 Quia
2613 787 2730 844 sine
2774 792 2981 849 unitate
3006 776 3287 856 catholicae
3311 800 3463 885 ﬁdei,

1883 880 1938 928 et
1981 873 2243 932 charitate
2290 877 2672 938 ecclesiastica:
2711 888 3041 959 sanctitatis,
3083 907 3310 965 peccata
3352 878 3463 958 non

1882 966 2183 1024 solvuntur.

1958 1100 1978 1134 ι
2023 1082 2173 1141 Multi
2216 1094 2397 1143 autem
2440 1103 2509 1146 ex
2553 1088 2777 1161 Judaeis,
2820 1096 2911 1165 qui
2956 1110 3220 1159 venerant
3255 1105 3328 1161 ad
3358 1105 3465 1163 Ma-

1886 1193 1907 1228 t
1951 1176 2112 1246 riam,
2136 1187 2193 1235 et
2217 1180 2465 1237 viderant
2493 1198 2615 1254 quae
2657 1183 2789 1241 fecit
2818 1186 2996 1256 Jesus,
3020 1194 3369 1253 crediderunt
3405 1199 3462 1255 in

1884 1287 1904 1323 ι
1948 1284 2093 1327 eum.
2122 1273 2352 1341 Quidam
2396 1286 2578 1333 autem
2620 1295 2687 1334 ex
2728 1280 2861 1352 ipsis
2900 1283 3148 1342 abierunt
3171 1288 3239 1343 ad
3267 1288 3461 1347 Phari-

1886 1380 1905 1414 ι
1951 1378 2109 1429 saeos,
2159 1374 2214 1420 et
2255 1364 2508 1423 dixerunt
2549 1370 2629 1424 eis
2678 1386 2800 1441 quae
2851 1371 2982 1429 fecit
3031 1374 3207 1432 Jesus.
3274 1398 3293 1432 ι
3342 1379 3461 1437 Νοιι

1875 1468 2066 1513 omnes
2092 1472 2158 1512 ex
2186 1457 2388 1515 Judazis
2432 1461 2526 1531 qui
2567 1476 2933 1522 convenerant
2990 1466 3057 1523 ad
3090 1468 3335 1538 Mariam,
3360 1474 3461 1531 sed

1876 1546 2118 1616 quidam,
2167 1547 2282 1603 sive
2317 1564 2385 1605 ex
2413 1551 2494 1607 eis
2522 1552 2612 1622 qui
2664 1568 2770 1610 non
2809 1556 3175 1626 crediderant,
3208 1560 3462 1618 abierunt

1874 1636 1941 1693 ad
1967 1637 2292 1707 Pharisaeos,
2321 1651 2377 1699 et
2405 1643 2659 1701 dixerunt
2695 1663 2816 1718 qua:
2842 1647 2971 1705 fecit
2995 1649 3155 1709 Jesus
3179 1671 3192 1708 :
3219 1653 3335 1710 sive
3358 1670 3462 1712 an—

1873 1730 2196 1798 nuntiando,
2224 1740 2285 1787 ut
2308 1742 2367 1788 et
2399 1735 2501 1807 ipsi
2547 1738 2851 1807 crederent,
2890 1741 3006 1799 sive
3023 1743 3206 1816 potius
3224 1745 3460 1817 proden-

1873 1820 1964 1887 do,
1989 1830 2050 1876 ut
2101 1823 2358 1880 saevirent
2400 1842 2413 1880 :
2446 1827 2541 1883 sed
2574 1831 2998 1901 quomodolibet,
3039 1844 3096 1890 et
3120 1850 3154 1891 a
3192 1836 3460 1907 quibusli-

1760 1906 1766 1969 ἱ
1797 1883 1848 1948 Β
1872 1883 1984 1980 bet,
2013 1913 2082 1970 ad
2101 1912 2408 1974 Pharisteos
2428 1917 2533 1975 ista

2438 2061 2723 2121 HOMILIA
2762 2064 2853 2120 LV

2328 2186 2487 2227 sanna
2496 2188 2566 2231 ro
2600 2190 2731 2232 ros'r
2760 2174 2985 2233 Lwtare.

1860 2320 1881 2363 ‘.
1942 2313 2121 2387 (πολιν.
2148 2318 2294 2390 vni).
2332 2337 2353 2371 ‹
2383 2319 2443 2375 In
2469 2321 2561 2377 illo
2583 2331 2828 2394 tempore
2855 2324 3036 2382 :Dixit
3058 2324 3219 2386 Iesus
3241 2331 3415 2388 turbis
3434 2349 3453 2405 _:

1875 2424 1894 2457 ι
1915 2405 2029 2478 Ego
2057 2423 2178 2463 sum
2216 2409 2307 2465 lux
2339 2412 2546 2467 mundi.
2580 2412 2683 2482 Qui
2730 2417 2975 2487 sequitur
2999 2433 3105 2485 me,
3133 2436 3241 2476 non
3269 2423 3457 2480 ambu-

1874 2514 1893 2547 ι
1914 2496 1992 2552 lat
2014 2498 2067 2553 in
2086 2500 2343 2567 tenebris,
2357 2520 2376 2553 ι
2402 2512 2456 2557 et
2478 2504 2704 2575 reliqua.
2725 2505 2824 2562 Ubi
2842 2508 3127 2566 manifeste
3148 2511 3329 2580 docet,
3344 2530 3453 2571 non

1871 2590 2043 2646 solum
2072 2607 2179 2662 qua
2209 2596 2533 2652 auctoritate
2572 2599 2782 2654 mulieri
2807 2592 3029 2672 peccata
3073 2605 3341 2663 dimiserit
3373 2609 3458 2678 (ut

1867 2682 2029 2750 paulo
2055 2684 2304 2753 superius
2331 2685 2540 2759 refert),
2565 2690 2659 2744 sed
2681 2691 2842 2745 etiam
2868 2694 3010 2764 quod
3033 2694 3148 2765 ipse
3169 2698 3240 2752 sit
3270 2717 3289 2750 ι
3320 2686 3449 2757 vera

1866 2771 1976 2837 lux,
2005 2788 2125 2842 quae
2174 2775 2443 2848 illuminat
2485 2793 2703 2834 omnem
2750 2782 3023 2838 hominem
3063 2787 3368 2846 venientem
3396 2791 3452 2848 in

1867 2863 2010 2919 hunc
2037 2865 2294 2921 mundum
2320 2866 2504 2938 (Joan.
2531 2870 2587 2942 ι).
2627 2890 2645 2923 ι
2680 2869 2847 2943 Cujus
2860 2885 3180 2945 perpetuum
3206 2880 3455 2950 splendo-

1864 2970 1980 3012 rem
2025 2956 2263 3012 humana
2307 2957 2574 3032 fragilitas
2621 2963 2805 3021 videre
2857 2982 2964 3022 non
3004 2970 3293 3039 potuisset,
3344 2973 3452 3030 nisi

1863 3048 2008 3103 nube
2034 3049 2215 3104 carnis
2242 3058 2535 3122 tegeretur,
2559 3070 2657 3124 per
2678 3071 2839 3126 quam
2866 3060 3019 3129 quasi
3056 3076 3157 3132 per
3178 3064 3449 3133 quoddam

1865 3136 2259 3195 lucidissimum
2304 3144 2605 3213 speculum,
2647 3147 2813 3202 divini
2852 3149 3072 3207 luminis
3099 3153 3319 3211 claritas
3346 3157 3448 3211 hu-

166 3244 555 3306 peccavemm’
600 3246 655 3293 ει
688 3249 848 3310 egent
892 3243 1063 3314 gloria
1102 3247 1196 3305 Dei
1227 3249 1405 3321 (Rom.
1438 3254 1545 3327 ιη).
1590 3276 1608 3308 ³
1646 3257 1752 3314 ΕΗ
1787 3245 1833 3308 C
1865 3233 2041 3289 manis
2064 3235 2339 3327 mentibus
2360 3223 2740 3304 innotesceret,
2768 3258 2888 3313 quae
2913 3243 3017 3300 fide
3038 3249 3315 3325 purganda
3341 3257 3449 3318 est,

177 3343 199 3376 ι
248 3324 346 3383 Ubi
394 3329 678 3386 abundavit
722 3345 1027 3404 peccatum,
1079 3324 1534 3411 superabundavit
1581 3350 1753 3419 gratia

253 3527 274 3559 σ
325 3508 584 3568 Tulerunt
618 3530 748 3587 ergo
791 3517 1043 3589 lapidem.
1090 3520 1248 3580 Jesus
1301 3535 1480 3582 autem
1529 3528 1757 3589 elevatis

169 3613 192 3648 ς
240 3610 459 3654 sursum
483 3602 653 3661 oculis
680 3609 817 3663 dixit
848 3627 860 3663 :
886 3609 1071 3678 Pater,
1107 3614 1312 3684 gratias
1343 3632 1444 3689 ago
1474 3618 1592 3687 tibi,
1617 3637 1755 3690 quo-

167 3704 188 3738 ι
240 3686 387 3743 niam
414 3693 607 3749 audisti
635 3712 739 3751 me.
766 3698 878 3771 Ego
899 3710 1077 3758 autem
1105 3705 1364 3773 sciebam,
1384 3686 1517 3778 quia
1545 3727 1758 3783 semper

165 3796 184 3831 ι
237 3796 325 3835 me
364 3783 539 3850 audis,
586 3788 684 3843 sed
727 3800 948 3863 prepter
992 3797 1269 3867 populum,
1300 3801 1389 3870 qui
1410 3802 1752 3875 circumstat,

167 3890 186 3923 ι
235 3873 373 3940 dixi,
408 3886 466 3932 ut
494 3880 719 3935 credant
749 3884 874 3954 quia
908 3894 963 3941 tu
992 3902 1079 3943 me
1108 3889 1341 3946 misisti.
1362 3891 1487 3950 Haec
1513 3911 1637 3950 cum
1667 3873 1751 3953 di;-

164 3984 182 4017 ι
234 3967 428 4034 xisset,
460 3985 592 4028 voce
652 3990 846 4047 magna
898 3978 1167 4037 clamavit.
1217 4003 1235 4035 ι
1277 3970 1542 4054 Fremuit,
1582 3988 1755 4062 lacry—

159 4059 354 4126 mavit,
405 4077 537 4118 voce
593 4081 785 4139 magna
833 4069 1107 4140 clamavit,
1139 4085 1200 4130 ut
1222 4077 1404 4133 animo
1449 4082 1755 4151 perpendas

159 4163 325 4217 quam
355 4152 571 4210 difﬁcile
600 4158 796 4231 surgit,
824 4176 987 4231 quem
1017 4164 1190 4220 moles
1217 4168 1372 4224 mala:
1413 4175 1755 4230 consuetudi-

160 4243 656 4348 nispremiti‘sed
707 4262 885 4309 tamen
919 4258 1111 4330 surgit,
1157 4262 1368 4319 occulta
1399 4266 1574 4337 gratia
1604 4268 1781 4327 intus.

159 4333 514 4394 vivificatus.’
519 4338 704 4413 Surgit
734 4355 855 4414 post
889 4349 1077 4406 vocém
1111 4368 1385 4424 magnam,
1417 4374 1522 4428 qua
1555 4361 1751 4417 clama-

157 4424 239 4479 vit
289 4444 301 4479 :
358 4447 375 4479 t
422 4428 652 4501 Lazare,
692 4438 812 4492 veni
858 4437 1027 4495 foras.
1069 4443 1137 4498 Et
1188 4446 1376 4501 statim
1426 4424 1626 4520 prodiit
1656 4455 1749 4524 qui

160 4534 182 4568 ι
232 4516 408 4577 fuerat
434 4535 702 4595 mortuus,
726 4529 925 4603 ligatus
945 4536 1110 4605 pedes
1134 4547 1190 4594 et
1215 4556 1409 4599 manus
1426 4516 1747 4614 institis,-et

1865 3331 1925 3377 ut
1957 3325 2091 3379 tanti
2131 3325 2353 3382 luminis
2386 3339 2609 3399 aspectu
2654 3331 2817 3403 digna
2866 3332 3150 3391 eﬂiciatur.
3188 3338 3341 3395 Unde
3362 3355 3448 3395 se-

1864 3426 2023 3473 cutus
2048 3419 2164 3474 ait:
2203 3438 2221 3470 t
2256 3419 2359 3489 Qui
2389 3424 2638 3492 sequitur
2669 3436 2905 3491 memon
2927 3429 3161 3486 ambulat
3200 3433 3257 3487 in
3301 3442 3448 3491 tene-

1862 3506 1997 3573 bris,
2047 3508 2143 3563 scd
2198 3508 2397 3564 habeat
2450 3512 2631 3568 lumen
2688 3515 2831 3571 vitae.
2886 3536 2904 3568 ι
2949 3517 3049 3586 Qui
3103 3522 3239 3577 meis
3285 3525 3447 3582 modo

1854 3597 2021 3668 jussis
2044 3607 2099 3655 et
2126 3600 2387 3671 exemplis
2431 3602 2769 3675 obsequitur,
2799 3623 2908 3664 non
2937 3610 3151 3690 timebit
3180 3612 3233 3668 in
3258 3612 3443 3673 futuro

1862 3693 2114 3749 tenebras
2160 3694 2549 3765 damnationis,
2584 3699 2678 3755 sed
2721 3698 2897 3757 lucem
2942 3704 3120 3774 potius
3170 3706 3320 3773 vitm,
3350 3708 3444 3765 ubi

1859 3800 2134 3855 nunquam
2161 3803 2388 3858 prorsus
2416 3789 2705 3859 moriatur,
2732 3792 2970 3849 habebit.
3000 3795 3209 3867 Itaque,
3242 3798 3443 3857 fratres

1858 3881 1987 3947 mei,
2012 3897 2309 3953 sequamur
2334 3883 2610 3942 Christum
2639 3887 2819 3947 lumen
2858 3894 3067 3962 mundi,
3094 3909 3161 3951 ne
3196 3898 3446 3954 ambule-

1857 3987 1979 4027 mus
2007 3974 2060 4027 in
2090 3974 2346 4032 tenebris.
2384 3977 2646 4036 Tenebrae
2686 3985 2990 4040 metuenda:
3024 3996 3172 4054 sunt,
3204 4005 3443 4063 morum,

1856 4079 1963 4119 non
1988 4065 2268 4121 oculorum
2299 4087 2311 4122 :
2341 4070 2441 4125 etsi
2473 4072 2774 4141 oculorum,
2811 4091 2917 4132 non
2959 4080 3316 4149 exteriorum,
3350 4087 3445 4144 sed

1854 4156 2196 4215 interiorum.
2219 4161 2381 4241 Unde
2420 4164 2749 4233 discernitur
2783 4184 2887 4225 non
2919 4170 3101 4226 album
3124 4183 3179 4229 ct
3201 4176 3440 4248 nigrum,

1854 4252 1947 4307 sed
1972 4249 2178 4321 justum
2222 4264 2278 4310 et
2309 4255 2585 4325 injustum.
2616 4260 2920 4333 Antequam
2947 4279 3078 4336 ergo
3098 4269 3315 4326 veniret
3342 4272 3445 4329 Do.-

1853 4343 2034 4400 minus
2062 4356 2245 4401 noster
2268 4347 2425 4404 Jesus
2452 4349 2727 4419 Christus,
2759 4356 2957 4413 untltas
2987 4369 3112 4415 ante
3147 4376 3212 4417 se
3260 4362 3438 4419 {aecr-

1851 4450 1950 4491 nas
1972 4437 2315 4507 propheticas
2340 4441 2604 4509 accendit,
2627 4452 2681 4499 et
2707 4446 2874 4503 misit.
2905 4449 2982 4505 De
3021 4450 3106 4505 his
3128 4461 3250 4505 erat
3274 4453 3439 4509 etiam

1850 4525 2087 4583 Joannes
2133 4527 2399 4602 Baptista,
2442 4534 2529 4588 cui
2574 4543 2682 4590 tam
2718 4553 2976 4608 maguum
3012 4539 3193 4609 ipsum
3232 4541 3436 4610 lumen,

159 4627 180 4660 ε
225 4607 393 4668 facies
438 4615 582 4674 iuius
622 4622 841 4678 sudario
879 4634 998 4680 erm
1024 4626 1210 4698 “gata.
1246 4649 1267 4682 ,
1303 4630 1585 4701 Quomodo
1612 4607 1745 4710 ρ’νο,
1770 4614 1825 4676 D
1853 4620 1996 4690 quod
2018 4629 2101 4676 est
2126 4622 2384 4679 Dominus
2426 4624 2693 4691 Christus,
2728 4607 3000 4697 perhibuit
3034 4607 3434 4702 testimonium,

154 4705 326 4759 cessit
355 4705 531 4778 ligatis
556 4711 784 4782 pedibus
833 4717 1070 4786 miraris,
1120 4730 1176 4777 et
1217 4738 1323 4779 non
1374 4727 1592 4786 miraris
1612 4705 1743 4802 quia

151 4800 397 4854 surrexit
425 4804 857 4887 quatriduanus?
893 4809 951 4864 In
998 4822 1224 4884 utroque
1252 4820 1491 4887 potentia
1529 4800 1742 4881 Domini

152 4899 296 4956 crat,
330 4908 435 4947 non
466 4884 608 4952 vires
662 4901 881 4956 mortui.
912 4901 1204 4973 Processit,
1246 4917 1301 4963 et
1334 4910 1511 4968 adhuc
1543 4914 1740 4986 ligatus

150 4992 259 5045 cst,
309 4983 487 5040 adhuc
531 4987 827 5058 involutus,
881 5002 1061 5050 tamen
1107 4995 1254 5053 foras
1298 4998 1413 5068 jam
1446 4983 1736 5074 processit,

149 5073 282 5141 quid
309 5074 615 5145 significat?
650 5078 878 5147 Quando
903 5087 1228 5153 contemnis,
1269 5073 1513 5148 mortuus
1540 5095 1735 5165 jaces;

150 5173 206 5219 et
247 5165 294 5220 si
324 5174 474 5222 tanta
512 5181 710 5240 quanta
761 5174 871 5229 dixi
923 5180 1246 5247 contemnis,
1280 5184 1520 5254 sepultus
1538 5185 1733 5256 jaces;

147 5257 357 5329 surgis,
385 5263 601 5331 quando
645 5266 943 5324 conﬁteris.
973 5269 1112 5338 Quid
1145 5281 1230 5329 est
1257 5275 1400 5331 enim
1423 5279 1734 5347 procedere,

147 5350 255 5405 nisi
288 5352 359 5408 ab
401 5344 631 5413 occultis
662 5358 809 5415 velut
836 5364 1086 5420 exuendo
1134 5368 1510 5425 manifestari?
1544 5370 1649 5427 Sed
1679 5383 1738 5429 ut

144 5445 482 5527 conﬁtearis,
512 5451 653 5535 Deus
675 5452 807 5510 facit
824 5455 1131 5535 clamando,
1156 5459 1207 5516 id
1233 5470 1318 5516 est
1343 5477 1535 5535 magna
1562 5462 1735 5535 gratia

148 5526 416 5614 vocando.
468 5542 591 5601 Ideo
638 5532 913 5618 processit
962 5534 1229 5618 mortuus,
1286 5554 1464 5610 adhuc
1517 5544 1732 5626 ligatus,

138 5620 329 5689 adhuc
361 5650 506 5702 reus,
544 5647 603 5693 ut
651 5640 988 5698 solverentur
1024 5653 1246 5714 peccata
1292 5644 1426 5714 ejus.
1474 5647 1734 5707 Ministris

147 5740 284 5799 ergo
310 5727 417 5784 hoc
441 5729 577 5784 dixit
608 5718 619 5784 ξ
850 5732 853 5735 ’
1721 5736 1725 5740 ’

144 5884 157 5893 _
225 5838 247 5877 ι
294 5819 501 5879 Solvite
530 5838 673 5892 cum,
697 5835 749 5881 et
777 5826 938 5885 sinite
961 5843 1127 5885 amre.
1167 5849 1185 5882 ι
1220 5829 1563 5888 Potuitenim
1595 5833 1731 5911 liga-

1850 4711 1995 4780 quali
2027 4712 2155 4766 nulli
2193 4715 2494 4769 hominum.
2532 4717 2622 4770 Ait
2649 4718 2792 4772 enim
2825 4736 2839 4772 :
2877 4738 2896 4770 ι
2942 4719 3274 4779 lnteruatos
3313 4742 3435 4781 mu-

1849 4800 2041 4856 lierum
2075 4818 2182 4858 non
2211 4806 2451 4860 surrexit
2494 4804 2666 4874 major
2695 4805 2902 4863 Joanne
2942 4808 3187 4883 Baptista
3213 4813 3430 4887 (Matth.

1846 4893 1949 4963 xl).
1985 4912 2003 4944 ι
2034 4893 2132 4948 llic
2166 4903 2365 4961 tamen,
2397 4912 2504 4966 quo
2531 4913 2690 4953 nemo
2718 4909 2839 4954 erat
2868 4899 3047 4970 major
3092 4889 3233 4961 inter
3276 4917 3434 4965 natos

1847 4982 2157 5051 mulierum,
2199 4985 2331 5041 dicit
2377 4988 2442 5043 de
2492 4987 2721 5043 Domino
2752 5000 2937 5047 nostro
2985 4991 3119 5049 Jcsu
3163 4995 3428 5057 Christo:

1851 5096 1869 5129 ς
1909 5075 2019 5148 Ego
2042 5078 2257 5147 quidem
2290 5081 2506 5150 baptizo
2533 5096 2628 5137 vos
2651 5081 2705 5137 in
2733 5099 2893 5154 aqua.
2923 5084 3030 5153 Qui
3074 5098 3252 5161 autem
3285 5092 3432 5150 venit

1842 5179 1964 5242 post
1991 5187 2097 5238 me,
2130 5173 2320 5229 fortior
2349 5190 2436 5229 me
2467 5184 2567 5241 est,
2605 5176 2690 5231 cui
2718 5192 2823 5233 non
2852 5194 2971 5234 sum
3004 5182 3197 5252 dignus
3226 5184 3432 5241 calcea-

1843 5271 2024 5317 menta
2048 5264 2257 5320 solvere
2293 5264 2509 5337 (Matth.
2542 5266 2649 5339 ιιι).
2689 5288 2711 5322 ι
2747 5267 2941 5349 Videte
2967 5276 3428 5342 quemadmodum

1842 5370 1902 5410 se
1955 5355 2174 5411 lucerna
2218 5358 2325 5414 diei
2366 5359 2669 5417 submittat.
2720 5361 3030 5421 Lucernam
3077 5385 3206 5424 vero
3251 5372 3426 5440 ipsum

1840 5446 2104 5505 Joannem
2126 5447 2290 5505 fuisse
2304 5451 2564 5523 Dominus
2593 5454 2706 5524 ipse
2735 5464 2981 5512 testatur.
3020 5458 3156 5530 1llle
3181 5468 3299 5514 erat
3325 5460 3427 5533 (in-

1843 5528 1980 5615 quit)
2009 5543 2223 5599 lucerna
2256 5546 2453 5602 ardens
2491 5556 2547 5602 et
2584 5546 2789 5616 lucens,
2837 5559 2893 5606 et
2930 5566 3025 5606 vos
3075 5552 3317 5607 voluistis
3357 5552 3424 5609 ad

1844 5634 2031 5689 horam
2060 5636 2332 5693 exsultare
2361 5638 2412 5693 in
2438 5638 2638 5697 lumine
2663 5640 2797 5711 ejus.
2822 5663 2841 5694 ι

1919 5767 1935 5797 ι
2000 5746 2413 5819 Responderunt
2460 5768 2591 5826 ergo
2629 5753 2886 5811 Pharisaei
2938 5770 2952 5809 :
3011 5754 3093 5816 Tu
3145 5756 3212 5811 de
3252 5740 3425 5831 ιθὶρεό

1846 5857 1864 5889 ‹
1912 5839 2280 5896 testimonium
2334 5842 2487 5912 dicis,
2542 5845 2905 5902 testimonium
2972 5853 3125 5905 tuum
3183 5864 3292 5907 non
3341 5858 3433 5914 est
3536 5898 3551 5911 .
