  <div class='ocr_page' id='page_1' title='image "/cluster/home/n/w/nwhite01/storage/ocr_20150623/118/hvd.32044015466907/167.png"; bbox 0 0 3994 6354; ppageno 0'>
   <div class='ocr_carea' id='block_1_1' title="bbox 562 384 3911 483">
    <p class='ocr_par' dir='ltr' id='par_1_1' title="bbox 562 384 3911 483">
     <span class='ocr_line' id='line_1_1' title="bbox 562 384 3911 483; baseline -0.008 -1"><span class='ocrx_word' id='word_1_1' title='bbox 562 402 669 483; x_wconf 64' lang='lat' dir='ltr'><strong>uas</strong></span> <span class='ocrx_word' id='word_1_2' title='bbox 1217 414 1572 474; x_wconf 75' lang='lat' dir='ltr'><strong>nAvMoms</strong></span> <span class='ocrx_word' id='word_1_3' title='bbox 1610 409 2091 471; x_wconf 83' lang='lat' dir='ltr'><strong>HALBERSTAT.</strong></span> <span class='ocrx_word' id='word_1_4' title='bbox 2133 404 2348 463; x_wconf 82' lang='lat' dir='ltr'><strong>EPlSC.</strong></span> <span class='ocrx_word' id='word_1_5' title='bbox 2387 404 2538 461; x_wconf 74' lang='lat' dir='ltr'><strong>opp.</strong></span> <span class='ocrx_word' id='word_1_6' title='bbox 2579 384 2759 463; x_wconf 64' lang='lat' dir='ltr'><strong>rans</strong></span> <span class='ocrx_word' id='word_1_7' title='bbox 2795 406 2863 462; x_wconf 86' lang='grc' dir='ltr'>ιι.</span> <span class='ocrx_word' id='word_1_8' title='bbox 2890 434 2962 449; x_wconf 88' lang='grc'><strong><em>-</em></strong></span> <span class='ocrx_word' id='word_1_9' title='bbox 2992 404 3228 462; x_wconf 74' lang='grc' dir='ltr'>ιιοιιιι.</span> <span class='ocrx_word' id='word_1_10' title='bbox 3813 409 3911 466; x_wconf 63' lang='grc' dir='ltr'><strong>εει</strong></span> 
     </span>
    </p>
   </div>
   <div class='ocr_carea' id='block_1_2' title="bbox 572 513 3909 609">
    <p class='ocr_par' dir='ltr' id='par_1_2' title="bbox 572 513 3909 609">
     <span class='ocr_line' id='line_1_2' title="bbox 572 513 3909 609; baseline -0.004 -14"><span class='ocrx_word' id='word_1_11' title='bbox 572 560 594 595; x_wconf 75' lang='grc' dir='ltr'><strong>ι</strong></span> <span class='ocrx_word' id='word_1_12' title='bbox 638 555 849 598; x_wconf 87' lang='lat' dir='ltr'><strong>verum.</strong></span> <span class='ocrx_word' id='word_1_13' title='bbox 907 558 927 593; x_wconf 77' lang='grc' dir='ltr'><strong>ι</strong></span> <span class='ocrx_word' id='word_1_14' title='bbox 974 535 1264 593; x_wconf 78' lang='lat' dir='ltr'><strong>Videamus</strong></span> <span class='ocrx_word' id='word_1_15' title='bbox 1305 533 1436 609; x_wconf 90' lang='lat' dir='ltr'><strong>quid</strong></span> <span class='ocrx_word' id='word_1_16' title='bbox 1485 531 1731 596; x_wconf 77' lang='lat' dir='ltr'><strong>audiant,</strong></span> <span class='ocrx_word' id='word_1_17' title='bbox 1775 526 2060 582; x_wconf 86' lang='lat' dir='ltr'><strong>audiamus</strong></span> <span class='ocrx_word' id='word_1_18' title='bbox 2097 529 2149 579; x_wconf 86' lang='lat' dir='ltr'><strong>et</strong></span> <span class='ocrx_word' id='word_1_19' title='bbox 2182 524 2228 582; x_wconf 80' lang='grc' dir='ltr'><strong>Α</strong></span> <span class='ocrx_word' id='word_1_20' title='bbox 2257 518 2399 573; x_wconf 69' lang='lat' dir='ltr'><strong>hirci</strong></span> <span class='ocrx_word' id='word_1_21' title='bbox 2448 518 2514 573; x_wconf 73' lang='lat' dir='ltr'><strong>ad</strong></span> <span class='ocrx_word' id='word_1_22' title='bbox 2558 532 2796 573; x_wconf 69' lang='lat' dir='ltr'><strong>crucem-</strong></span> <span class='ocrx_word' id='word_1_23' title='bbox 2849 513 3328 609; x_wconf 21' lang='grc' dir='ltr'><strong>θῖειιιιίίᾼίῐῐιίάθηὶ</strong></span> <span class='ocrx_word' id='word_1_24' title='bbox 3375 516 3775 609; x_wconf 62' lang='grc' dir='ltr'><strong>ρριεηιίεω.</strong></span> <span class='ocrx_word' id='word_1_25' title='bbox 3823 520 3909 576; x_wconf 66' lang='lat' dir='ltr'><strong>sed</strong></span> 
     </span>
    </p>
   </div>
   <div class='ocr_carea' id='block_1_3' title="bbox 565 607 3906 699">
    <p class='ocr_par' dir='ltr' id='par_1_3' title="bbox 565 607 3906 699">
     <span class='ocr_line' id='line_1_3' title="bbox 565 607 3906 699; baseline -0.008 -6"><span class='ocrx_word' id='word_1_26' title='bbox 565 651 686 699; x_wconf 81' lang='lat' dir='ltr'><strong>n08.</strong></span> <span class='ocrx_word' id='word_1_27' title='bbox 728 634 823 691; x_wconf 89' lang='lat' dir='ltr'><strong>sed</strong></span> <span class='ocrx_word' id='word_1_28' title='bbox 861 646 968 687; x_wconf 93' lang='lat' dir='ltr'><strong>non</strong></span> <span class='ocrx_word' id='word_1_29' title='bbox 1001 627 1255 686; x_wconf 62' lang='lat' dir='ltr'><strong>sicut&#39;illi</strong></span> <span class='ocrx_word' id='word_1_30' title='bbox 1288 644 1301 680; x_wconf 88' lang='lat'><strong>:</strong></span> <span class='ocrx_word' id='word_1_31' title='bbox 1340 624 1415 680; x_wconf 85' lang='lat' dir='ltr'><strong>illi</strong></span> <span class='ocrx_word' id='word_1_32' title='bbox 1446 631 1877 688; x_wconf 91' lang='lat' dir='ltr'><strong>contemnentes,</strong></span> <span class='ocrx_word' id='word_1_33' title='bbox 1903 635 2003 676; x_wconf 92' lang='lat' dir='ltr'><strong>nos</strong></span> <span class='ocrx_word' id='word_1_34' title='bbox 2033 634 2150 674; x_wconf 82' lang='lat' dir='ltr'><strong>cre-</strong></span> <span class='ocrx_word' id='word_1_35' title='bbox 2255 610 2554 683; x_wconf 77' lang='lat' dir='ltr'><strong>publicavit</strong></span> <span class='ocrx_word' id='word_1_36' title='bbox 2593 609 3043 666; x_wconf 89' lang='lat' dir='ltr'><strong>misericordiam.</strong></span> <span class='ocrx_word' id='word_1_37' title='bbox 3076 607 3234 664; x_wconf 85' lang='lat' dir='ltr'><strong>Unde</strong></span> <span class='ocrx_word' id='word_1_38' title='bbox 3270 608 3478 665; x_wconf 75' lang='lat' dir='ltr'><strong>distulit</strong></span> <span class='ocrx_word' id='word_1_39' title='bbox 3512 609 3906 680; x_wconf 75' lang='lat' dir='ltr'><strong>potentiam!</strong></span> 
     </span>
    </p>
   </div>
   <div class='ocr_carea' id='block_1_4' title="bbox 566 701 3899 791">
    <p class='ocr_par' dir='ltr' id='par_1_4' title="bbox 566 701 3899 791">
     <span class='ocr_line' id='line_1_4' title="bbox 566 701 3899 791; baseline -0.003 -8"><span class='ocrx_word' id='word_1_40' title='bbox 566 729 795 791; x_wconf 81' lang='lat' dir='ltr'><strong>dentes;</strong></span> <span class='ocrx_word' id='word_1_41' title='bbox 834 724 912 781; x_wconf 89' lang='lat' dir='ltr'><strong>illi</strong></span> <span class='ocrx_word' id='word_1_42' title='bbox 959 721 1235 778; x_wconf 84' lang='lat' dir='ltr'><strong>Christum</strong></span> <span class='ocrx_word' id='word_1_43' title='bbox 1277 718 1528 774; x_wconf 88' lang='lat' dir='ltr'><strong>occidere</strong></span> <span class='ocrx_word' id='word_1_44' title='bbox 1577 717 1839 777; x_wconf 90' lang='lat' dir='ltr'><strong>volentes,</strong></span> <span class='ocrx_word' id='word_1_45' title='bbox 1907 728 2007 781; x_wconf 92' lang='lat' dir='ltr'><strong>nos</strong></span> <span class='ocrx_word' id='word_1_46' title='bbox 2053 726 2153 785; x_wconf 88' lang='lat' dir='ltr'><strong>per</strong></span> <span class='ocrx_word' id='word_1_47' title='bbox 2255 701 2394 773; x_wconf 75' lang='lat' dir='ltr'><strong>Qllia</strong></span> <span class='ocrx_word' id='word_1_48' title='bbox 2420 705 2487 759; x_wconf 70' lang='grc' dir='ltr'>σε</span> <span class='ocrx_word' id='word_1_49' title='bbox 2511 719 2671 759; x_wconf 69' lang='lat' dir='ltr'><strong>cruce</strong></span> <span class='ocrx_word' id='word_1_50' title='bbox 2699 701 3029 759; x_wconf 62' lang='lat' dir='ltr'><strong>descendere</strong></span> <span class='ocrx_word' id='word_1_51' title='bbox 3055 701 3246 768; x_wconf 71' lang='grc' dir='ltr'><strong>ηο¹ι¹ίίο</strong></span> <span class='ocrx_word' id='word_1_52' title='bbox 3270 703 3361 772; x_wconf 67' lang='lat' dir='ltr'><strong>qni</strong></span> <span class='ocrx_word' id='word_1_53' title='bbox 3389 702 3582 790; x_wconf 53' lang='grc' dir='ltr'><strong>Ροιυίξ</strong></span> <span class='ocrx_word' id='word_1_54' title='bbox 3613 701 3698 758; x_wconf 75' lang='lat' dir='ltr'><strong>de</strong></span> <span class='ocrx_word' id='word_1_55' title='bbox 3722 711 3899 775; x_wconf 64' lang='grc' dir='ltr'><strong>ερρω-</strong></span> 
     </span>
    </p>
   </div>
   <div class='ocr_carea' id='block_1_5' title="bbox 564 792 3896 881">
    <p class='ocr_par' dir='ltr' id='par_1_5' title="bbox 564 792 3896 881">
     <span class='ocr_line' id='line_1_5' title="bbox 564 792 3896 881; baseline -0.007 -5"><span class='ocrx_word' id='word_1_56' title='bbox 564 804 841 876; x_wconf 86' lang='lat' dir='ltr'><strong>Christum</strong></span> <span class='ocrx_word' id='word_1_57' title='bbox 892 815 1076 870; x_wconf 81' lang='lat' dir='ltr'><strong>vivere</strong></span> <span class='ocrx_word' id='word_1_58' title='bbox 1128 812 1429 881; x_wconf 87' lang='lat' dir='ltr'><strong>cupientes.</strong></span> <span class='ocrx_word' id='word_1_59' title='bbox 1478 807 1700 864; x_wconf 90' lang='lat' dir='ltr'><strong>Interim</strong></span> <span class='ocrx_word' id='word_1_60' title='bbox 1751 806 1853 861; x_wconf 83' lang='lat' dir='ltr'><strong>ista</strong></span> <span class='ocrx_word' id='word_1_61' title='bbox 1892 792 2149 861; x_wconf 77' lang='lat' dir='ltr'><strong>distantia</strong></span> <span class='ocrx_word' id='word_1_62' title='bbox 2254 813 2348 854; x_wconf 90' lang='lat' dir='ltr'><strong>cro</strong></span> <span class='ocrx_word' id='word_1_63' title='bbox 2380 811 2683 870; x_wconf 80' lang='lat' dir='ltr'><strong>resurgere.</strong></span> <span class='ocrx_word' id='word_1_64' title='bbox 2709 795 2865 853; x_wconf 87' lang='lat' dir='ltr'><strong>Unde</strong></span> <span class='ocrx_word' id='word_1_65' title='bbox 2887 794 3185 867; x_wconf 78' lang='lat' dir='ltr'><strong>publicavit</strong></span> <span class='ocrx_word' id='word_1_66' title='bbox 3215 794 3681 851; x_wconf 83' lang='lat' dir='ltr'><strong>misericordiam</strong></span> <span class='ocrx_word' id='word_1_67' title='bbox 3706 795 3741 849; x_wconf 81' lang='lat'><strong>?</strong></span> <span class='ocrx_word' id='word_1_68' title='bbox 3769 795 3896 865; x_wconf 82' lang='lat' dir='ltr'><strong>Quia</strong></span> 
     </span>
    </p>
   </div>
   <div class='ocr_carea' id='block_1_6' title="bbox 563 887 3891 978">
    <p class='ocr_par' dir='ltr' id='par_1_6' title="bbox 563 887 3891 978">
     <span class='ocr_line' id='line_1_6' title="bbox 563 887 3891 978; baseline -0.002 -14"><span class='ocrx_word' id='word_1_69' title='bbox 563 900 860 978; x_wconf 81' lang='lat' dir='ltr'><strong>distinguat</strong></span> <span class='ocrx_word' id='word_1_70' title='bbox 909 921 1071 960; x_wconf 85' lang='lat' dir='ltr'><strong>aures</strong></span> <span class='ocrx_word' id='word_1_71' title='bbox 1110 912 1424 973; x_wconf 78' lang='lat' dir='ltr'><strong>mentesque</strong></span> <span class='ocrx_word' id='word_1_72' title='bbox 1468 911 1719 967; x_wconf 87' lang='lat' dir='ltr'><strong>nostras,</strong></span> <span class='ocrx_word' id='word_1_73' title='bbox 1770 906 1826 954; x_wconf 90' lang='lat' dir='ltr'><strong>et</strong></span> <span class='ocrx_word' id='word_1_74' title='bbox 1865 897 2148 971; x_wconf 81' lang='lat' dir='ltr'><strong>audiamus</strong></span> <span class='ocrx_word' id='word_1_75' title='bbox 2251 890 2493 963; x_wconf 72' lang='lat' dir='ltr'><strong>pendens</strong></span> <span class='ocrx_word' id='word_1_76' title='bbox 2530 891 2583 945; x_wconf 79' lang='lat' dir='ltr'><strong>in</strong></span> <span class='ocrx_word' id='word_1_77' title='bbox 2616 904 2811 956; x_wconf 69' lang='lat' dir='ltr'><strong>cruce.</strong></span> <span class='ocrx_word' id='word_1_78' title='bbox 2844 889 3019 978; x_wconf 62' lang='lat' dir='ltr'><strong>dixit:</strong></span> <span class='ocrx_word' id='word_1_79' title='bbox 3052 908 3071 940; x_wconf 70' lang='grc' dir='ltr'><strong>ι</strong></span> <span class='ocrx_word' id='word_1_80' title='bbox 3104 887 3286 954; x_wconf 55' lang='lat' dir='ltr'><strong>PM”.</strong></span> <span class='ocrx_word' id='word_1_81' title='bbox 3317 889 3550 961; x_wconf 72' lang='lat' dir='ltr'><strong>ignosce</strong></span> <span class='ocrx_word' id='word_1_82' title='bbox 3580 889 3751 956; x_wconf 67' lang='grc' dir='ltr'><strong>ίΠῘε,</strong></span> <span class='ocrx_word' id='word_1_83' title='bbox 3777 893 3891 964; x_wconf 76' lang='lat' dir='ltr'><strong>quia</strong></span> 
     </span>
    </p>
   </div>
   <div class='ocr_carea' id='block_1_7' title="bbox 561 977 3891 1071">
    <p class='ocr_par' dir='ltr' id='par_1_7' title="bbox 561 977 3891 1071">
     <span class='ocr_line' id='line_1_7' title="bbox 561 977 3891 1071; baseline -0.004 -21"><span class='ocrx_word' id='word_1_84' title='bbox 561 999 691 1071; x_wconf 84' lang='lat' dir='ltr'><strong>quid</strong></span> <span class='ocrx_word' id='word_1_85' title='bbox 721 977 922 1055; x_wconf 66' lang='lat' dir='ltr'><strong>Iudaeis</strong></span> <span class='ocrx_word' id='word_1_86' title='bbox 952 996 1299 1068; x_wconf 85' lang='lat' dir='ltr'><strong>responderit</strong></span> <span class='ocrx_word' id='word_1_87' title='bbox 1337 993 1619 1049; x_wconf 89' lang='lat' dir='ltr'><strong>Dominus.</strong></span> <span class='ocrx_word' id='word_1_88' title='bbox 2249 980 2502 1036; x_wconf 89' lang='lat' dir='ltr'><strong>nesciunt</strong></span> <span class='ocrx_word' id='word_1_89' title='bbox 2525 980 2651 1050; x_wconf 90' lang='lat' dir='ltr'><strong>quid</strong></span> <span class='ocrx_word' id='word_1_90' title='bbox 2675 979 2884 1037; x_wconf 77' lang='lat' dir='ltr'><strong>faciunt</strong></span> <span class='ocrx_word' id='word_1_91' title='bbox 2915 977 3066 1051; x_wconf 84' lang='lat' dir='ltr'><strong>(Luc.</strong></span> <span class='ocrx_word' id='word_1_92' title='bbox 3087 979 3268 1045; x_wconf 70' lang='lat' dir='ltr'><strong>unt).</strong></span> <span class='ocrx_word' id='word_1_93' title='bbox 3295 998 3313 1031; x_wconf 82' lang='grc' dir='ltr'><strong>ι</strong></span> <span class='ocrx_word' id='word_1_94' title='bbox 3334 978 3463 1035; x_wconf 86' lang='lat' dir='ltr'><strong>Sive</strong></span> <span class='ocrx_word' id='word_1_95' title='bbox 3483 993 3650 1052; x_wconf 80' lang='lat' dir='ltr'><strong>ergo</strong></span> <span class='ocrx_word' id='word_1_96' title='bbox 3669 984 3891 1053; x_wconf 68' lang='lat' dir='ltr'><strong>prome:</strong></span> 
     </span>
    </p>
   </div>
   <div class='ocr_carea' id='block_1_8' title="bbox 641 1072 3889 1160">
    <p class='ocr_par' dir='ltr' id='par_1_8' title="bbox 641 1072 3889 1160">
     <span class='ocr_line' id='line_1_8' title="bbox 641 1072 3889 1160; baseline -0.004 -17"><span class='ocrx_word' id='word_1_97' title='bbox 641 1109 661 1143; x_wconf 78' lang='grc' dir='ltr'><strong>ι</strong></span> <span class='ocrx_word' id='word_1_98' title='bbox 702 1088 1006 1160; x_wconf 76' lang='lat' dir='ltr'><strong>Respondit</strong></span> <span class='ocrx_word' id='word_1_99' title='bbox 1045 1084 1223 1152; x_wconf 80' lang='lat' dir='ltr'><strong>Jesus,</strong></span> <span class='ocrx_word' id='word_1_100' title='bbox 1264 1094 1321 1141; x_wconf 84' lang='lat' dir='ltr'><strong>et</strong></span> <span class='ocrx_word' id='word_1_101' title='bbox 1365 1084 1504 1139; x_wconf 83' lang='lat' dir='ltr'><strong>dixit</strong></span> <span class='ocrx_word' id='word_1_102' title='bbox 1554 1082 1635 1140; x_wconf 89' lang='lat' dir='ltr'><strong>eis</strong></span> <span class='ocrx_word' id='word_1_103' title='bbox 1682 1099 1696 1137; x_wconf 91' lang='lat'><strong>:</strong></span> <span class='ocrx_word' id='word_1_104' title='bbox 1744 1079 1814 1136; x_wconf 82' lang='lat' dir='ltr'><strong>Et</strong></span> <span class='ocrx_word' id='word_1_105' title='bbox 1854 1079 1901 1136; x_wconf 90' lang='lat' dir='ltr'><strong>si</strong></span> <span class='ocrx_word' id='word_1_106' title='bbox 1927 1092 2044 1151; x_wconf 78' lang='lat' dir='ltr'><strong>“ego</strong></span> <span class='ocrx_word' id='word_1_107' title='bbox 2083 1079 2150 1136; x_wconf 90' lang='lat' dir='ltr'><strong>de</strong></span> <span class='ocrx_word' id='word_1_108' title='bbox 2248 1074 2376 1140; x_wconf 83' lang='lat' dir='ltr'><strong>hoc,</strong></span> <span class='ocrx_word' id='word_1_109' title='bbox 2405 1075 2529 1146; x_wconf 88' lang='lat' dir='ltr'><strong>quia</strong></span> <span class='ocrx_word' id='word_1_110' title='bbox 2555 1090 2660 1131; x_wconf 92' lang='lat' dir='ltr'><strong>non</strong></span> <span class='ocrx_word' id='word_1_111' title='bbox 2686 1082 2913 1131; x_wconf 89' lang='lat' dir='ltr'><strong>venerat</strong></span> <span class='ocrx_word' id='word_1_112' title='bbox 2934 1072 3183 1143; x_wconf 87' lang='lat' dir='ltr'><strong>judicare</strong></span> <span class='ocrx_word' id='word_1_113' title='bbox 3207 1073 3489 1140; x_wconf 90' lang='lat' dir='ltr'><strong>mundum,</strong></span> <span class='ocrx_word' id='word_1_114' title='bbox 3519 1072 3644 1129; x_wconf 84' lang='lat' dir='ltr'><strong>sed</strong></span> <span class='ocrx_word' id='word_1_115' title='bbox 3680 1074 3889 1132; x_wconf 69' lang='lat' dir='ltr'><strong>salvam</strong></span> 
     </span>
    </p>
   </div>
   <div class='ocr_carea' id='block_1_9' title="bbox 568 1162 3882 1252">
    <p class='ocr_par' dir='ltr' id='par_1_9' title="bbox 568 1162 3882 1252">
     <span class='ocr_line' id='line_1_9' title="bbox 568 1162 3882 1252; baseline -0.002 -17"><span class='ocrx_word' id='word_1_116' title='bbox 568 1196 590 1235; x_wconf 80' lang='grc' dir='ltr'><strong>ι</strong></span> <span class='ocrx_word' id='word_1_117' title='bbox 636 1181 842 1252; x_wconf 88' lang='lat' dir='ltr'><strong>meipso</strong></span> <span class='ocrx_word' id='word_1_118' title='bbox 866 1178 1236 1235; x_wconf 88' lang='lat' dir='ltr'><strong>testimonium</strong></span> <span class='ocrx_word' id='word_1_119' title='bbox 1281 1170 1564 1247; x_wconf 73' lang='lat' dir='ltr'><strong>perhibeo&#39;,</strong></span> <span class='ocrx_word' id='word_1_120' title='bbox 1585 1188 1775 1230; x_wconf 86' lang='lat' dir='ltr'><strong>verum</strong></span> <span class='ocrx_word' id='word_1_121' title='bbox 1800 1181 1883 1229; x_wconf 88' lang='lat' dir='ltr'><strong>est</strong></span> <span class='ocrx_word' id='word_1_122' title='bbox 1911 1171 2151 1228; x_wconf 86' lang='lat' dir='ltr'><strong>testimo-</strong></span> <span class='ocrx_word' id='word_1_123' title='bbox 2252 1166 2533 1231; x_wconf 81' lang='lat' dir='ltr'><strong>mundum,</strong></span> <span class='ocrx_word' id='word_1_124' title='bbox 2564 1164 2737 1221; x_wconf 82' lang='lat' dir='ltr'><strong>dixit:</strong></span> <span class='ocrx_word' id='word_1_125' title='bbox 2770 1166 2912 1238; x_wconf 65' lang='lat' dir='ltr'><strong>(Ego</strong></span> <span class='ocrx_word' id='word_1_126' title='bbox 2943 1180 3047 1224; x_wconf 90' lang='lat' dir='ltr'><strong>non</strong></span> <span class='ocrx_word' id='word_1_127' title='bbox 3062 1162 3248 1236; x_wconf 81' lang='lat' dir='ltr'><strong>judico</strong></span> <span class='ocrx_word' id='word_1_128' title='bbox 3269 1179 3666 1236; x_wconf 85' lang='lat' dir='ltr'><strong>quemquam;</strong></span> <span class='ocrx_word' id='word_1_129' title='bbox 3703 1185 3727 1220; x_wconf 76' lang='grc' dir='ltr'><strong>ι</strong></span> <span class='ocrx_word' id='word_1_130' title='bbox 3763 1169 3882 1229; x_wconf 69' lang='lat' dir='ltr'><strong>sive.</strong></span> 
     </span>
    </p>
   </div>
   <div class='ocr_carea' id='block_1_10' title="bbox 570 1267 2143 1341">
    <p class='ocr_par' dir='ltr' id='par_1_10' title="bbox 570 1267 2143 1341">
     <span class='ocr_line' id='line_1_10' title="bbox 570 1267 2143 1341; baseline -0.004 -16"><span class='ocrx_word' id='word_1_131' title='bbox 570 1291 590 1325; x_wconf 76' lang='lat' dir='ltr'><strong>c</strong></span> <span class='ocrx_word' id='word_1_132' title='bbox 635 1273 785 1328; x_wconf 87' lang='lat' dir='ltr'><strong>nium</strong></span> <span class='ocrx_word' id='word_1_133' title='bbox 815 1276 996 1326; x_wconf 86' lang='lat' dir='ltr'><strong>meum</strong></span> <span class='ocrx_word' id='word_1_134' title='bbox 1027 1284 1043 1324; x_wconf 89' lang='lat'><strong>:</strong></span> <span class='ocrx_word' id='word_1_135' title='bbox 1071 1270 1199 1341; x_wconf 83' lang='lat' dir='ltr'><strong>quia</strong></span> <span class='ocrx_word' id='word_1_136' title='bbox 1231 1269 1345 1326; x_wconf 90' lang='lat' dir='ltr'><strong>scio</strong></span> <span class='ocrx_word' id='word_1_137' title='bbox 1368 1268 1512 1323; x_wconf 87' lang='lat' dir='ltr'><strong>unde</strong></span> <span class='ocrx_word' id='word_1_138' title='bbox 1540 1267 1702 1322; x_wconf 88' lang='lat' dir='ltr'><strong>venio</strong></span> <span class='ocrx_word' id='word_1_139' title='bbox 1722 1275 1780 1322; x_wconf 92' lang='lat' dir='ltr'><strong>et</strong></span> <span class='ocrx_word' id='word_1_140' title='bbox 1805 1281 1912 1337; x_wconf 89' lang='lat' dir='ltr'><strong>quo</strong></span> <span class='ocrx_word' id='word_1_141' title='bbox 1934 1267 2090 1320; x_wconf 89' lang='lat' dir='ltr'><strong>vado.</strong></span> <span class='ocrx_word' id='word_1_142' title='bbox 2120 1283 2143 1320; x_wconf 77' lang='grc' dir='ltr'><strong>ι</strong></span> 
     </span>
    </p>
   </div>
   <div class='ocr_carea' id='block_1_11' title="bbox 562 1359 2153 1432">
    <p class='ocr_par' dir='ltr' id='par_1_11' title="bbox 562 1359 2153 1432">
     <span class='ocr_line' id='line_1_11' title="bbox 562 1359 2153 1432; baseline -0.004 -12"><span class='ocrx_word' id='word_1_143' title='bbox 562 1361 780 1420; x_wconf 81' lang='lat' dir='ltr'><strong>Patrem</strong></span> <span class='ocrx_word' id='word_1_144' title='bbox 816 1361 1032 1417; x_wconf 87' lang='lat' dir='ltr'><strong>volebat</strong></span> <span class='ocrx_word' id='word_1_145' title='bbox 1082 1361 1322 1432; x_wconf 81' lang='lat' dir='ltr'><strong>intelligi.</strong></span> <span class='ocrx_word' id='word_1_146' title='bbox 1351 1361 1418 1416; x_wconf 89' lang='lat' dir='ltr'><strong>Et</strong></span> <span class='ocrx_word' id='word_1_147' title='bbox 1452 1360 1497 1416; x_wconf 90' lang='lat' dir='ltr'><strong>si</strong></span> <span class='ocrx_word' id='word_1_148' title='bbox 1542 1360 1690 1416; x_wconf 84' lang='lat' dir='ltr'><strong>Patri</strong></span> <span class='ocrx_word' id='word_1_149' title='bbox 1720 1359 1947 1432; x_wconf 89' lang='lat' dir='ltr'><strong>gloriam</strong></span> <span class='ocrx_word' id='word_1_150' title='bbox 1987 1359 2153 1414; x_wconf 81' lang='lat' dir='ltr'><strong>dabat</strong></span> 
     </span>
    </p>
   </div>
   <div class='ocr_carea' id='block_1_12' title="bbox 562 1451 2147 1524">
    <p class='ocr_par' dir='ltr' id='par_1_12' title="bbox 562 1451 2147 1524">
     <span class='ocr_line' id='line_1_12' title="bbox 562 1451 2147 1524; baseline -0.002 -15"><span class='ocrx_word' id='word_1_151' title='bbox 562 1452 756 1520; x_wconf 76' lang='lat' dir='ltr'><strong>Filius,</strong></span> <span class='ocrx_word' id='word_1_152' title='bbox 812 1451 1037 1524; x_wconf 80' lang='lat' dir='ltr'><strong>aequalis</strong></span> <span class='ocrx_word' id='word_1_153' title='bbox 1082 1452 1351 1523; x_wconf 77' lang='lat' dir='ltr'><strong>gloriﬁcat</strong></span> <span class='ocrx_word' id='word_1_154' title='bbox 1389 1466 1513 1507; x_wconf 90' lang='lat' dir='ltr'><strong>eum</strong></span> <span class='ocrx_word' id='word_1_155' title='bbox 1570 1467 1601 1505; x_wconf 85' lang='lat' dir='ltr'><strong>a</strong></span> <span class='ocrx_word' id='word_1_156' title='bbox 1639 1465 1749 1522; x_wconf 87' lang='lat' dir='ltr'><strong>quo</strong></span> <span class='ocrx_word' id='word_1_157' title='bbox 1793 1459 1878 1507; x_wconf 88' lang='lat' dir='ltr'><strong>est</strong></span> <span class='ocrx_word' id='word_1_158' title='bbox 1929 1451 2147 1516; x_wconf 88' lang='lat' dir='ltr'><strong>missus,</strong></span> 
     </span>
    </p>
   </div>
   <div class='ocr_carea' id='block_1_13' title="bbox 561 1542 2153 1616">
    <p class='ocr_par' dir='ltr' id='par_1_13' title="bbox 561 1542 2153 1616">
     <span class='ocr_line' id='line_1_13' title="bbox 561 1542 2153 1616; baseline 0.001 -17"><span class='ocrx_word' id='word_1_159' title='bbox 561 1551 829 1616; x_wconf 83' lang='lat' dir='ltr'><strong>quantum</strong></span> <span class='ocrx_word' id='word_1_160' title='bbox 854 1543 1015 1599; x_wconf 83' lang='lat' dir='ltr'><strong>debet</strong></span> <span class='ocrx_word' id='word_1_161' title='bbox 1034 1544 1198 1598; x_wconf 88' lang='lat' dir='ltr'><strong>homo</strong></span> <span class='ocrx_word' id='word_1_162' title='bbox 1226 1542 1531 1614; x_wconf 81' lang='lat' dir='ltr'><strong>gloriﬁcare</strong></span> <span class='ocrx_word' id='word_1_163' title='bbox 1554 1557 1679 1597; x_wconf 88' lang='lat' dir='ltr'><strong>eum</strong></span> <span class='ocrx_word' id='word_1_164' title='bbox 1709 1560 1739 1597; x_wconf 86' lang='lat' dir='ltr'><strong>a</strong></span> <span class='ocrx_word' id='word_1_165' title='bbox 1762 1557 1870 1613; x_wconf 90' lang='lat' dir='ltr'><strong>quo</strong></span> <span class='ocrx_word' id='word_1_166' title='bbox 1894 1550 1978 1598; x_wconf 85' lang='lat' dir='ltr'><strong>est</strong></span> <span class='ocrx_word' id='word_1_167' title='bbox 1998 1556 2153 1600; x_wconf 83' lang='lat' dir='ltr'><strong>erea-</strong></span> 
     </span>
    </p>
   </div>
   <div class='ocr_carea' id='block_1_14' title="bbox 562 1637 2194 1711">
    <p class='ocr_par' dir='ltr' id='par_1_14' title="bbox 562 1637 2194 1711">
     <span class='ocr_line' id='line_1_14' title="bbox 562 1637 2194 1711; baseline -0.001 -16"><span class='ocrx_word' id='word_1_168' title='bbox 562 1639 689 1695; x_wconf 83' lang='lat' dir='ltr'><strong>tus?</strong></span> <span class='ocrx_word' id='word_1_169' title='bbox 722 1655 741 1689; x_wconf 85' lang='grc' dir='ltr'><strong>ι</strong></span> <span class='ocrx_word' id='word_1_170' title='bbox 802 1637 931 1693; x_wconf 86' lang='lat' dir='ltr'><strong>Scio</strong></span> <span class='ocrx_word' id='word_1_171' title='bbox 965 1638 1105 1693; x_wconf 90' lang='lat' dir='ltr'><strong>unde</strong></span> <span class='ocrx_word' id='word_1_172' title='bbox 1132 1637 1311 1703; x_wconf 88' lang='lat' dir='ltr'><strong>venio,</strong></span> <span class='ocrx_word' id='word_1_173' title='bbox 1340 1645 1397 1694; x_wconf 91' lang='lat' dir='ltr'><strong>et</strong></span> <span class='ocrx_word' id='word_1_174' title='bbox 1430 1653 1536 1707; x_wconf 90' lang='lat' dir='ltr'><strong>quo</strong></span> <span class='ocrx_word' id='word_1_175' title='bbox 1578 1637 1733 1693; x_wconf 88' lang='lat' dir='ltr'><strong>vado.</strong></span> <span class='ocrx_word' id='word_1_176' title='bbox 1781 1658 1801 1691; x_wconf 77' lang='grc' dir='ltr'><strong>ι</strong></span> <span class='ocrx_word' id='word_1_177' title='bbox 1843 1638 1946 1694; x_wconf 87' lang='lat' dir='ltr'><strong>Iste</strong></span> <span class='ocrx_word' id='word_1_178' title='bbox 1972 1639 2065 1708; x_wconf 88' lang='lat' dir='ltr'><strong>qui</strong></span> <span class='ocrx_word' id='word_1_179' title='bbox 2094 1639 2150 1694; x_wconf 83' lang='lat' dir='ltr'><strong>in</strong></span> <span class='ocrx_word' id='word_1_180' title='bbox 2188 1702 2194 1711; x_wconf 32' lang='grc' dir='ltr'>ι</span> 
     </span>
    </p>
   </div>
   <div class='ocr_carea' id='block_1_15' title="bbox 562 1725 2149 1798">
    <p class='ocr_par' dir='ltr' id='par_1_15' title="bbox 562 1725 2149 1798">
     <span class='ocr_line' id='line_1_15' title="bbox 562 1725 2149 1798; baseline 0.001 -16"><span class='ocrx_word' id='word_1_181' title='bbox 562 1725 852 1798; x_wconf 62' lang='lat' dir='ltr'><strong>praemia</strong></span> <span class='ocrx_word' id='word_1_182' title='bbox 886 1727 1044 1788; x_wconf 83' lang='lat' dir='ltr'><strong>vobis</strong></span> <span class='ocrx_word' id='word_1_183' title='bbox 1076 1725 1336 1797; x_wconf 87' lang='lat' dir='ltr'><strong>loquitur,</strong></span> <span class='ocrx_word' id='word_1_184' title='bbox 1383 1726 1546 1782; x_wconf 81' lang='lat' dir='ltr'><strong>habet</strong></span> <span class='ocrx_word' id='word_1_185' title='bbox 1583 1728 1725 1798; x_wconf 89' lang='lat' dir='ltr'><strong>quod</strong></span> <span class='ocrx_word' id='word_1_186' title='bbox 1753 1745 1857 1784; x_wconf 87' lang='lat' dir='ltr'><strong>non</strong></span> <span class='ocrx_word' id='word_1_187' title='bbox 1886 1729 2149 1797; x_wconf 81' lang='lat' dir='ltr'><strong>deseruit,</strong></span> 
     </span>
    </p>
   </div>
   <div class='ocr_carea' id='block_1_16' title="bbox 564 1816 2148 1889">
    <p class='ocr_par' dir='ltr' id='par_1_16' title="bbox 564 1816 2148 1889">
     <span class='ocr_line' id='line_1_16' title="bbox 564 1816 2148 1889; baseline 0.002 -15"><span class='ocrx_word' id='word_1_188' title='bbox 564 1818 661 1874; x_wconf 75' lang='lat' dir='ltr'><strong>sed</strong></span> <span class='ocrx_word' id='word_1_189' title='bbox 688 1827 868 1877; x_wconf 85' lang='lat' dir='ltr'><strong>tamen</strong></span> <span class='ocrx_word' id='word_1_190' title='bbox 896 1818 1063 1873; x_wconf 82' lang='lat' dir='ltr'><strong>venit.</strong></span> <span class='ocrx_word' id='word_1_191' title='bbox 1104 1816 1219 1874; x_wconf 86' lang='lat' dir='ltr'><strong>Non</strong></span> <span class='ocrx_word' id='word_1_192' title='bbox 1253 1819 1398 1874; x_wconf 92' lang='lat' dir='ltr'><strong>enim</strong></span> <span class='ocrx_word' id='word_1_193' title='bbox 1431 1820 1697 1875; x_wconf 85' lang='lat' dir='ltr'><strong>veniendo</strong></span> <span class='ocrx_word' id='word_1_194' title='bbox 1725 1820 1848 1876; x_wconf 88' lang='lat' dir='ltr'><strong>inde</strong></span> <span class='ocrx_word' id='word_1_195' title='bbox 1876 1821 2148 1889; x_wconf 86' lang='lat' dir='ltr'><strong>discessit,</strong></span> 
     </span>
    </p>
   </div>
   <div class='ocr_carea' id='block_1_17' title="bbox 2253 1257 3883 1331">
    <p class='ocr_par' dir='ltr' id='par_1_17' title="bbox 2253 1257 3883 1331">
     <span class='ocr_line' id='line_1_17' title="bbox 2253 1257 3883 1331; baseline 0.002 -19"><span class='ocrx_word' id='word_1_196' title='bbox 2253 1258 2703 1331; x_wconf 82' lang='lat' dir='ltr'><strong>quemadmodum</strong></span> <span class='ocrx_word' id='word_1_197' title='bbox 2721 1257 3163 1323; x_wconf 87' lang='lat' dir='ltr'><strong>commemoravi,</strong></span> <span class='ocrx_word' id='word_1_198' title='bbox 3182 1258 3434 1327; x_wconf 91' lang='lat' dir='ltr'><strong>quoniam</strong></span> <span class='ocrx_word' id='word_1_199' title='bbox 3448 1259 3726 1327; x_wconf 78' lang='lat' dir='ltr'><strong>dixerat,</strong></span> <span class='ocrx_word' id='word_1_200' title='bbox 3748 1275 3771 1312; x_wconf 76' lang='grc' dir='ltr'><strong>ι</strong></span> <span class='ocrx_word' id='word_1_201' title='bbox 3791 1258 3883 1317; x_wconf 71' lang='lat' dir='ltr'><strong>Vos</strong></span> 
     </span>
    </p>
   </div>
   <div class='ocr_carea' id='block_1_18' title="bbox 2251 1344 3879 1422">
    <p class='ocr_par' dir='ltr' id='par_1_18' title="bbox 2251 1344 3879 1422">
     <span class='ocr_line' id='line_1_18' title="bbox 2251 1344 3879 1422; baseline 0.001 -19"><span class='ocrx_word' id='word_1_202' title='bbox 2251 1348 2548 1403; x_wconf 84' lang='lat' dir='ltr'><strong>secundum</strong></span> <span class='ocrx_word' id='word_1_203' title='bbox 2566 1361 2782 1402; x_wconf 87' lang='lat' dir='ltr'><strong>carnem</strong></span> <span class='ocrx_word' id='word_1_204' title='bbox 2794 1344 3107 1418; x_wconf 65' lang='lat' dir='ltr'><strong>judicatis,»</strong></span> <span class='ocrx_word' id='word_1_205' title='bbox 3131 1346 3354 1413; x_wconf 84' lang='lat' dir='ltr'><strong>addidit,</strong></span> <span class='ocrx_word' id='word_1_206' title='bbox 3380 1344 3525 1420; x_wconf 69' lang='lat' dir='ltr'><strong>«Ego</strong></span> <span class='ocrx_word' id='word_1_207' title='bbox 3548 1364 3684 1405; x_wconf 87' lang='lat' dir='ltr'><strong>non</strong></span> <span class='ocrx_word' id='word_1_208' title='bbox 3704 1349 3879 1422; x_wconf 78' lang='lat' dir='ltr'><strong>judico</strong></span> 
     </span>
    </p>
   </div>
   <div class='ocr_carea' id='block_1_19' title="bbox 2253 1439 3878 1512">
    <p class='ocr_par' dir='ltr' id='par_1_19' title="bbox 2253 1439 3878 1512">
     <span class='ocr_line' id='line_1_19' title="bbox 2253 1439 3878 1512; baseline 0.004 -19"><span class='ocrx_word' id='word_1_209' title='bbox 2253 1456 2579 1512; x_wconf 88' lang='lat' dir='ltr'><strong>quemquam</strong></span> <span class='ocrx_word' id='word_1_210' title='bbox 2607 1459 2619 1494; x_wconf 86' lang='lat'><strong>:</strong></span> <span class='ocrx_word' id='word_1_211' title='bbox 2654 1461 2673 1493; x_wconf 75' lang='grc' dir='ltr'><strong>ι</strong></span> <span class='ocrx_word' id='word_1_212' title='bbox 2707 1449 2764 1494; x_wconf 90' lang='grc' dir='ltr'><strong>ιιι</strong></span> <span class='ocrx_word' id='word_1_213' title='bbox 2796 1439 3178 1511; x_wconf 82' lang='lat' dir='ltr'><strong>intelligamus,</strong></span> <span class='ocrx_word' id='word_1_214' title='bbox 3211 1440 3487 1497; x_wconf 87' lang='lat' dir='ltr'><strong>Christum</strong></span> <span class='ocrx_word' id='word_1_215' title='bbox 3518 1459 3659 1498; x_wconf 86' lang='lat' dir='ltr'><strong>non</strong></span> <span class='ocrx_word' id='word_1_216' title='bbox 3695 1459 3878 1499; x_wconf 77' lang='lat' dir='ltr'><strong>secun-</strong></span> 
     </span>
    </p>
   </div>
   <div class='ocr_carea' id='block_1_20' title="bbox 2255 1526 3874 1604">
    <p class='ocr_par' dir='ltr' id='par_1_20' title="bbox 2255 1526 3874 1604">
     <span class='ocr_line' id='line_1_20' title="bbox 2255 1526 3874 1604; baseline 0.002 -15"><span class='ocrx_word' id='word_1_217' title='bbox 2255 1526 2379 1590; x_wconf 89' lang='lat' dir='ltr'><strong>dum</strong></span> <span class='ocrx_word' id='word_1_218' title='bbox 2411 1547 2628 1588; x_wconf 87' lang='lat' dir='ltr'><strong>carnem</strong></span> <span class='ocrx_word' id='word_1_219' title='bbox 2653 1533 2921 1604; x_wconf 85' lang='lat' dir='ltr'><strong>judicare,</strong></span> <span class='ocrx_word' id='word_1_220' title='bbox 2948 1532 3243 1588; x_wconf 88' lang='lat' dir='ltr'><strong>secundum</strong></span> <span class='ocrx_word' id='word_1_221' title='bbox 3269 1533 3409 1602; x_wconf 90' lang='lat' dir='ltr'><strong>quod</strong></span> <span class='ocrx_word' id='word_1_222' title='bbox 3439 1534 3507 1590; x_wconf 90' lang='lat' dir='ltr'><strong>ab</strong></span> <span class='ocrx_word' id='word_1_223' title='bbox 3546 1535 3874 1593; x_wconf 81' lang='lat' dir='ltr'><strong>hominibus</strong></span> 
     </span>
    </p>
   </div>
   <div class='ocr_carea' id='block_1_21' title="bbox 2247 1623 3869 1700">
    <p class='ocr_par' dir='ltr' id='par_1_21' title="bbox 2247 1623 3869 1700">
     <span class='ocr_line' id='line_1_21' title="bbox 2247 1623 3869 1700; baseline 0.003 -19"><span class='ocrx_word' id='word_1_224' title='bbox 2247 1624 2523 1698; x_wconf 74' lang='lat' dir='ltr'><strong>judicatus</strong></span> <span class='ocrx_word' id='word_1_225' title='bbox 2567 1634 2668 1681; x_wconf 90' lang='lat' dir='ltr'><strong>est.</strong></span> <span class='ocrx_word' id='word_1_226' title='bbox 2722 1623 2839 1680; x_wconf 89' lang='lat' dir='ltr'><strong>Non</strong></span> <span class='ocrx_word' id='word_1_227' title='bbox 2871 1633 2931 1681; x_wconf 90' lang='lat' dir='ltr'><strong>ut</strong></span> <span class='ocrx_word' id='word_1_228' title='bbox 2960 1627 3300 1696; x_wconf 87' lang='lat' dir='ltr'><strong>cognoscatis</strong></span> <span class='ocrx_word' id='word_1_229' title='bbox 3326 1628 3442 1699; x_wconf 86' lang='lat' dir='ltr'><strong>jam</strong></span> <span class='ocrx_word' id='word_1_230' title='bbox 3497 1636 3573 1683; x_wconf 86' lang='lat' dir='ltr'><strong>ut</strong></span> <span class='ocrx_word' id='word_1_231' title='bbox 3633 1629 3869 1700; x_wconf 75' lang='lat' dir='ltr'><strong>judicent</strong></span> 
     </span>
    </p>
   </div>
   <div class='ocr_carea' id='block_1_22' title="bbox 2253 1717 3237 1790">
    <p class='ocr_par' dir='ltr' id='par_1_22' title="bbox 2253 1717 3237 1790">
     <span class='ocr_line' id='line_1_22' title="bbox 2253 1717 3237 1790; baseline -0.004 -14"><span class='ocrx_word' id='word_1_232' title='bbox 2253 1719 2553 1786; x_wconf 88' lang='lat' dir='ltr'><strong>Christum,</strong></span> <span class='ocrx_word' id='word_1_233' title='bbox 2586 1717 2766 1774; x_wconf 89' lang='lat' dir='ltr'><strong>audite</strong></span> <span class='ocrx_word' id='word_1_234' title='bbox 2792 1718 2922 1790; x_wconf 88' lang='lat' dir='ltr'><strong>quid</strong></span> <span class='ocrx_word' id='word_1_235' title='bbox 2952 1719 3237 1789; x_wconf 90' lang='lat' dir='ltr'><strong>sequitur:</strong></span> 
     </span>
    </p>
   </div>
   <div class='ocr_carea' id='block_1_23' title="bbox 2331 1807 3859 1883">
    <p class='ocr_par' dir='ltr' id='par_1_23' title="bbox 2331 1807 3859 1883">
     <span class='ocr_line' id='line_1_23' title="bbox 2331 1807 3859 1883; baseline 0.001 -20"><span class='ocrx_word' id='word_1_236' title='bbox 2331 1830 2350 1863; x_wconf 80' lang='grc' dir='ltr'><strong>ι</strong></span> <span class='ocrx_word' id='word_1_237' title='bbox 2380 1811 2448 1865; x_wconf 88' lang='lat' dir='ltr'><strong>Et</strong></span> <span class='ocrx_word' id='word_1_238' title='bbox 2483 1810 2530 1867; x_wconf 88' lang='lat' dir='ltr'><strong>si</strong></span> <span class='ocrx_word' id='word_1_239' title='bbox 2553 1809 2735 1881; x_wconf 85' lang='lat' dir='ltr'><strong>judico</strong></span> <span class='ocrx_word' id='word_1_240' title='bbox 2758 1824 2891 1883; x_wconf 88' lang='lat' dir='ltr'><strong>ego,</strong></span> <span class='ocrx_word' id='word_1_241' title='bbox 2928 1807 3190 1879; x_wconf 83' lang='lat' dir='ltr'><strong>judicium</strong></span> <span class='ocrx_word' id='word_1_242' title='bbox 3228 1823 3407 1865; x_wconf 88' lang='lat' dir='ltr'><strong>meum</strong></span> <span class='ocrx_word' id='word_1_243' title='bbox 3444 1825 3663 1866; x_wconf 85' lang='lat' dir='ltr'><strong>verum</strong></span> <span class='ocrx_word' id='word_1_244' title='bbox 3706 1819 3812 1868; x_wconf 87' lang='lat' dir='ltr'><strong>est.</strong></span> <span class='ocrx_word' id='word_1_245' title='bbox 3844 1833 3859 1864; x_wconf 84' lang='lat' dir='ltr'><strong>I</strong></span> 
     </span>
    </p>
   </div>
   <div class='ocr_carea' id='block_1_24' title="bbox 565 1880 3865 1988">
    <p class='ocr_par' dir='ltr' id='par_1_24' title="bbox 565 1880 3865 1988">
     <span class='ocr_line' id='line_1_24' title="bbox 565 1880 3865 1988; baseline 0.001 -21"><span class='ocrx_word' id='word_1_246' title='bbox 565 1920 658 1968; x_wconf 87' lang='lat' dir='ltr'><strong>aut</strong></span> <span class='ocrx_word' id='word_1_247' title='bbox 679 1911 953 1967; x_wconf 89' lang='lat' dir='ltr'><strong>redeundo</strong></span> <span class='ocrx_word' id='word_1_248' title='bbox 984 1926 1084 1967; x_wconf 90' lang='lat' dir='ltr'><strong>nos</strong></span> <span class='ocrx_word' id='word_1_249' title='bbox 1123 1912 1433 1982; x_wconf 69' lang='lat' dir='ltr'><strong>dereliquit,</strong></span> <span class='ocrx_word' id='word_1_250' title='bbox 1473 1913 1566 1983; x_wconf 85' lang='lat' dir='ltr'><strong>qni</strong></span> <span class='ocrx_word' id='word_1_251' title='bbox 1606 1913 1745 1968; x_wconf 83' lang='lat' dir='ltr'><strong>dixit</strong></span> <span class='ocrx_word' id='word_1_252' title='bbox 1778 1931 1793 1969; x_wconf 76' lang='grc' dir='ltr'><em>ε</em></span> <span class='ocrx_word' id='word_1_253' title='bbox 1827 1933 1845 1966; x_wconf 83' lang='grc' dir='ltr'><strong>ι</strong></span> <span class='ocrx_word' id='word_1_254' title='bbox 1888 1913 2026 1971; x_wconf 86' lang='lat' dir='ltr'><strong>Ecce</strong></span> <span class='ocrx_word' id='word_1_255' title='bbox 2052 1880 2152 1988; x_wconf 68' lang='lat' dir='ltr'><strong>ego</strong></span> <span class='ocrx_word' id='word_1_256' title='bbox 2181 1888 2229 1954; x_wconf 78' lang='grc' dir='ltr'><strong>Β</strong></span> <span class='ocrx_word' id='word_1_257' title='bbox 2252 1880 2397 1960; x_wconf 72' lang='lat' dir='ltr'><strong>Ecce</strong></span> <span class='ocrx_word' id='word_1_258' title='bbox 2422 1880 2586 1958; x_wconf 71' lang='lat' dir='ltr'><strong>habet</strong></span> <span class='ocrx_word' id='word_1_259' title='bbox 2614 1910 2669 1959; x_wconf 72' lang='lat' dir='ltr'><strong>et</strong></span> <span class='ocrx_word' id='word_1_260' title='bbox 2690 1880 2973 1972; x_wconf 76' lang='lat' dir='ltr'><strong>iudicium-</strong></span> <span class='ocrx_word' id='word_1_261' title='bbox 3005 1899 3114 1969; x_wconf 78' lang='lat' dir='ltr'><strong>.Sed</strong></span> <span class='ocrx_word' id='word_1_262' title='bbox 3137 1915 3369 1972; x_wconf 69' lang='lat' dir='ltr'><strong>agnosce</strong></span> <span class='ocrx_word' id='word_1_263' title='bbox 3388 1900 3781 1969; x_wconf 66' lang='grc' dir='ltr'><strong>εεινειονεω.</strong></span> <span class='ocrx_word' id='word_1_264' title='bbox 3805 1921 3865 1961; x_wconf 83' lang='lat' dir='ltr'><strong>ne</strong></span> 
     </span>
    </p>
   </div>
   <div class='ocr_carea' id='block_1_25' title="bbox 564 2001 2153 2077">
    <p class='ocr_par' dir='ltr' id='par_1_25' title="bbox 564 2001 2153 2077">
     <span class='ocr_line' id='line_1_25' title="bbox 564 2001 2153 2077; baseline 0.004 -21"><span class='ocrx_word' id='word_1_265' title='bbox 564 2001 845 2057; x_wconf 85' lang='lat' dir='ltr'><strong>vobiscum</strong></span> <span class='ocrx_word' id='word_1_266' title='bbox 899 2016 1019 2057; x_wconf 89' lang='lat' dir='ltr'><strong>sum</strong></span> <span class='ocrx_word' id='word_1_267' title='bbox 1065 2004 1319 2060; x_wconf 92' lang='lat' dir='ltr'><strong>omnibus</strong></span> <span class='ocrx_word' id='word_1_268' title='bbox 1369 2004 1583 2071; x_wconf 87' lang='lat' dir='ltr'><strong>diebus,</strong></span> <span class='ocrx_word' id='word_1_269' title='bbox 1612 2022 1781 2077; x_wconf 90' lang='lat' dir='ltr'><strong>usque</strong></span> <span class='ocrx_word' id='word_1_270' title='bbox 1805 2008 1873 2061; x_wconf 89' lang='lat' dir='ltr'><strong>ad</strong></span> <span class='ocrx_word' id='word_1_271' title='bbox 1899 2022 2153 2064; x_wconf 89' lang='lat' dir='ltr'><strong>consum-</strong></span> 
     </span>
    </p>
   </div>
   <div class='ocr_carea' id='block_1_26' title="bbox 562 2091 2155 2169">
    <p class='ocr_par' dir='ltr' id='par_1_26' title="bbox 562 2091 2155 2169">
     <span class='ocr_line' id='line_1_26' title="bbox 562 2091 2155 2169; baseline 0.004 -21"><span class='ocrx_word' id='word_1_272' title='bbox 562 2092 857 2148; x_wconf 90' lang='lat' dir='ltr'><strong>mationem</strong></span> <span class='ocrx_word' id='word_1_273' title='bbox 890 2091 1073 2148; x_wconf 62' lang='grc' dir='ltr'><strong>ὅπουιί</strong></span> <span class='ocrx_word' id='word_1_274' title='bbox 1105 2092 1322 2165; x_wconf 77' lang='lat' dir='ltr'><strong>(Matth.</strong></span> <span class='ocrx_word' id='word_1_275' title='bbox 1374 2094 1588 2167; x_wconf 79' lang='lat' dir='ltr'><strong>xxviii).</strong></span> <span class='ocrx_word' id='word_1_276' title='bbox 1632 2115 1651 2149; x_wconf 77' lang='grc' dir='ltr'><strong>ι</strong></span> <span class='ocrx_word' id='word_1_277' title='bbox 1682 2097 1823 2169; x_wconf 88' lang='lat' dir='ltr'><strong>Ergo</strong></span> <span class='ocrx_word' id='word_1_278' title='bbox 1852 2113 2038 2153; x_wconf 86' lang='lat' dir='ltr'><strong>verum</strong></span> <span class='ocrx_word' id='word_1_279' title='bbox 2072 2108 2155 2157; x_wconf 87' lang='lat' dir='ltr'><strong>est</strong></span> 
     </span>
    </p>
   </div>
   <div class='ocr_carea' id='block_1_27' title="bbox 564 2182 2148 2255">
    <p class='ocr_par' dir='ltr' id='par_1_27' title="bbox 564 2182 2148 2255">
     <span class='ocr_line' id='line_1_27' title="bbox 564 2182 2148 2255; baseline 0.006 -17"><span class='ocrx_word' id='word_1_280' title='bbox 564 2182 932 2238; x_wconf 88' lang='lat' dir='ltr'><strong>testimonium</strong></span> <span class='ocrx_word' id='word_1_281' title='bbox 967 2182 1213 2250; x_wconf 91' lang='lat' dir='ltr'><strong>luminis,</strong></span> <span class='ocrx_word' id='word_1_282' title='bbox 1245 2186 1360 2241; x_wconf 88' lang='lat' dir='ltr'><strong>sive</strong></span> <span class='ocrx_word' id='word_1_283' title='bbox 1406 2199 1463 2242; x_wconf 90' lang='lat' dir='ltr'><strong>se</strong></span> <span class='ocrx_word' id='word_1_284' title='bbox 1500 2188 1768 2255; x_wconf 86' lang='lat' dir='ltr'><strong>ostendat,</strong></span> <span class='ocrx_word' id='word_1_285' title='bbox 1798 2189 1913 2245; x_wconf 90' lang='lat' dir='ltr'><strong>sive</strong></span> <span class='ocrx_word' id='word_1_286' title='bbox 1946 2190 2102 2246; x_wconf 86' lang='lat' dir='ltr'><strong>aliter</strong></span> <span class='ocrx_word' id='word_1_287' title='bbox 2133 2208 2148 2247; x_wconf 91' lang='lat'><strong>:</strong></span> 
     </span>
    </p>
   </div>
   <div class='ocr_carea' id='block_1_28' title="bbox 444 2273 2153 2353">
    <p class='ocr_par' dir='ltr' id='par_1_28' title="bbox 444 2273 2153 2353">
     <span class='ocr_line' id='line_1_28' title="bbox 444 2273 2153 2353; baseline 0.005 -25"><span class='ocrx_word' id='word_1_288' title='bbox 444 2294 460 2311; x_wconf 64' lang='grc' dir='ltr'>κ</span> <span class='ocrx_word' id='word_1_289' title='bbox 558 2275 692 2353; x_wconf 73' lang='lat' dir='ltr'><strong>quia</strong></span> <span class='ocrx_word' id='word_1_290' title='bbox 736 2274 854 2335; x_wconf 79' lang='lat' dir='ltr'><strong>sine</strong></span> <span class='ocrx_word' id='word_1_291' title='bbox 898 2273 1101 2349; x_wconf 71' lang='lat' dir='ltr'><strong>lumine</strong></span> <span class='ocrx_word' id='word_1_292' title='bbox 1144 2290 1251 2332; x_wconf 93' lang='lat' dir='ltr'><strong>non</strong></span> <span class='ocrx_word' id='word_1_293' title='bbox 1296 2286 1478 2351; x_wconf 82' lang='lat' dir='ltr'><strong>potest</strong></span> <span class='ocrx_word' id='word_1_294' title='bbox 1514 2279 1689 2339; x_wconf 84' lang='lat' dir='ltr'><strong>videri</strong></span> <span class='ocrx_word' id='word_1_295' title='bbox 1715 2280 1916 2349; x_wconf 78' lang='lat' dir='ltr'><strong>lumen,</strong></span> <span class='ocrx_word' id='word_1_296' title='bbox 1947 2288 2003 2345; x_wconf 83' lang='lat' dir='ltr'><strong>et</strong></span> <span class='ocrx_word' id='word_1_297' title='bbox 2034 2283 2153 2338; x_wconf 88' lang='lat' dir='ltr'><strong>sine</strong></span> 
     </span>
    </p>
   </div>
   <div class='ocr_carea' id='block_1_29' title="bbox 560 2370 2149 2447">
    <p class='ocr_par' dir='ltr' id='par_1_29' title="bbox 560 2370 2149 2447">
     <span class='ocr_line' id='line_1_29' title="bbox 560 2370 2149 2447; baseline 0.007 -21"><span class='ocrx_word' id='word_1_298' title='bbox 560 2370 769 2447; x_wconf 61' lang='lat' dir='ltr'><strong>Lumine</strong></span> <span class='ocrx_word' id='word_1_299' title='bbox 796 2386 903 2435; x_wconf 85' lang='lat' dir='ltr'><strong>non</strong></span> <span class='ocrx_word' id='word_1_300' title='bbox 941 2378 1119 2445; x_wconf 85' lang='lat' dir='ltr'><strong>potest</strong></span> <span class='ocrx_word' id='word_1_301' title='bbox 1147 2372 1317 2443; x_wconf 84' lang='lat' dir='ltr'><strong>videri</strong></span> <span class='ocrx_word' id='word_1_302' title='bbox 1370 2374 1649 2445; x_wconf 82' lang='lat' dir='ltr'><strong>quodlibet</strong></span> <span class='ocrx_word' id='word_1_303' title='bbox 1673 2374 1838 2441; x_wconf 88' lang='lat' dir='ltr'><strong>aliud,</strong></span> <span class='ocrx_word' id='word_1_304' title='bbox 1867 2375 2010 2447; x_wconf 87' lang='lat' dir='ltr'><strong>quod</strong></span> <span class='ocrx_word' id='word_1_305' title='bbox 2043 2394 2149 2437; x_wconf 80' lang='lat' dir='ltr'><strong>non</strong></span> 
     </span>
    </p>
   </div>
   <div class='ocr_carea' id='block_1_30' title="bbox 563 2459 2147 2538">
    <p class='ocr_par' dir='ltr' id='par_1_30' title="bbox 563 2459 2147 2538">
     <span class='ocr_line' id='line_1_30' title="bbox 563 2459 2147 2538; baseline 0.008 -25"><span class='ocrx_word' id='word_1_306' title='bbox 563 2469 646 2538; x_wconf 72' lang='lat' dir='ltr'><strong>est</strong></span> <span class='ocrx_word' id='word_1_307' title='bbox 683 2459 884 2519; x_wconf 85' lang='lat' dir='ltr'><strong>lumen.</strong></span> <span class='ocrx_word' id='word_1_308' title='bbox 943 2461 1097 2523; x_wconf 85' lang='lat' dir='ltr'><strong>Sicut</strong></span> <span class='ocrx_word' id='word_1_309' title='bbox 1137 2462 1283 2521; x_wconf 81' lang='lat' dir='ltr'><strong>enim</strong></span> <span class='ocrx_word' id='word_1_310' title='bbox 1333 2462 1517 2521; x_wconf 90' lang='lat' dir='ltr'><strong>lumen</strong></span> <span class='ocrx_word' id='word_1_311' title='bbox 1543 2474 1599 2523; x_wconf 87' lang='lat' dir='ltr'><strong>et</strong></span> <span class='ocrx_word' id='word_1_312' title='bbox 1624 2466 1860 2536; x_wconf 81' lang='lat' dir='ltr'><strong>seipsnm</strong></span> <span class='ocrx_word' id='word_1_313' title='bbox 1894 2470 2147 2535; x_wconf 81' lang='lat' dir='ltr'><strong>ostendit,</strong></span> 
     </span>
    </p>
   </div>
   <div class='ocr_carea' id='block_1_31' title="bbox 563 2553 2152 2632">
    <p class='ocr_par' dir='ltr' id='par_1_31' title="bbox 563 2553 2152 2632">
     <span class='ocr_line' id='line_1_31' title="bbox 563 2553 2152 2632; baseline 0.008 -23"><span class='ocrx_word' id='word_1_314' title='bbox 563 2561 619 2625; x_wconf 86' lang='lat' dir='ltr'><strong>et</strong></span> <span class='ocrx_word' id='word_1_315' title='bbox 644 2569 766 2631; x_wconf 72' lang='lat' dir='ltr'><strong>quae</strong></span> <span class='ocrx_word' id='word_1_316' title='bbox 812 2553 956 2611; x_wconf 85' lang='lat' dir='ltr'><strong>circa</strong></span> <span class='ocrx_word' id='word_1_317' title='bbox 990 2564 1117 2611; x_wconf 90' lang='lat' dir='ltr'><strong>sunt</strong></span> <span class='ocrx_word' id='word_1_318' title='bbox 1158 2570 1173 2610; x_wconf 89' lang='lat'><strong>:</strong></span> <span class='ocrx_word' id='word_1_319' title='bbox 1215 2555 1289 2613; x_wconf 89' lang='lat' dir='ltr'><strong>ita</strong></span> <span class='ocrx_word' id='word_1_320' title='bbox 1322 2564 1378 2612; x_wconf 89' lang='lat' dir='ltr'><strong>et</strong></span> <span class='ocrx_word' id='word_1_321' title='bbox 1415 2557 1685 2624; x_wconf 84' lang='lat' dir='ltr'><strong>Christus,</strong></span> <span class='ocrx_word' id='word_1_322' title='bbox 1721 2561 2035 2632; x_wconf 87' lang='lat' dir='ltr'><strong>etseipsum</strong></span> <span class='ocrx_word' id='word_1_323' title='bbox 2064 2579 2152 2621; x_wconf 86' lang='lat' dir='ltr'><strong>os-</strong></span> 
     </span>
    </p>
   </div>
   <div class='ocr_carea' id='block_1_32' title="bbox 564 2648 2153 2727">
    <p class='ocr_par' dir='ltr' id='par_1_32' title="bbox 564 2648 2153 2727">
     <span class='ocr_line' id='line_1_32' title="bbox 564 2648 2153 2727; baseline 0.005 -23"><span class='ocrx_word' id='word_1_324' title='bbox 564 2649 757 2727; x_wconf 69' lang='lat' dir='ltr'><strong>tendit,</strong></span> <span class='ocrx_word' id='word_1_325' title='bbox 806 2658 863 2721; x_wconf 76' lang='lat' dir='ltr'><strong>et</strong></span> <span class='ocrx_word' id='word_1_326' title='bbox 916 2648 1051 2719; x_wconf 78' lang='lat' dir='ltr'><strong>alios</strong></span> <span class='ocrx_word' id='word_1_327' title='bbox 1104 2650 1395 2717; x_wconf 87' lang='lat' dir='ltr'><strong>illuminat,</strong></span> <span class='ocrx_word' id='word_1_328' title='bbox 1435 2653 1530 2722; x_wconf 89' lang='lat' dir='ltr'><strong>qui</strong></span> <span class='ocrx_word' id='word_1_329' title='bbox 1580 2654 1848 2711; x_wconf 78' lang='lat' dir='ltr'><strong>eharitate</strong></span> <span class='ocrx_word' id='word_1_330' title='bbox 1896 2656 2044 2713; x_wconf 90' lang='lat' dir='ltr'><strong>circa</strong></span> <span class='ocrx_word' id='word_1_331' title='bbox 2093 2672 2153 2712; x_wconf 84' lang='lat' dir='ltr'><strong>se</strong></span> 
     </span>
    </p>
   </div>
   <div class='ocr_carea' id='block_1_33' title="bbox 563 2745 2153 2819">
    <p class='ocr_par' dir='ltr' id='par_1_33' title="bbox 563 2745 2153 2819">
     <span class='ocr_line' id='line_1_33' title="bbox 563 2745 2153 2819; baseline 0.006 -23"><span class='ocrx_word' id='word_1_332' title='bbox 563 2751 715 2817; x_wconf 67' lang='lat' dir='ltr'><strong>sunt,</strong></span> <span class='ocrx_word' id='word_1_333' title='bbox 740 2751 796 2799; x_wconf 88' lang='lat' dir='ltr'><strong>et</strong></span> <span class='ocrx_word' id='word_1_334' title='bbox 823 2752 1121 2812; x_wconf 79' lang='lat' dir='ltr'><strong>sequuntur</strong></span> <span class='ocrx_word' id='word_1_335' title='bbox 1151 2745 1327 2811; x_wconf 86' lang='lat' dir='ltr'><strong>illum,</strong></span> <span class='ocrx_word' id='word_1_336' title='bbox 1361 2760 1468 2801; x_wconf 94' lang='lat' dir='ltr'><strong>non</strong></span> <span class='ocrx_word' id='word_1_337' title='bbox 1509 2748 1707 2815; x_wconf 86' lang='lat' dir='ltr'><strong>pedum</strong></span> <span class='ocrx_word' id='word_1_338' title='bbox 1736 2749 2032 2819; x_wconf 85' lang='lat' dir='ltr'><strong>gressibus,</strong></span> <span class='ocrx_word' id='word_1_339' title='bbox 2057 2751 2153 2809; x_wconf 87' lang='lat' dir='ltr'><strong>sed</strong></span> 
     </span>
    </p>
   </div>
   <div class='ocr_carea' id='block_1_34' title="bbox 560 2832 2151 2901">
    <p class='ocr_par' dir='ltr' id='par_1_34' title="bbox 560 2832 2151 2901">
     <span class='ocr_line' id='line_1_34' title="bbox 560 2832 2151 2901; baseline 0.007 -13"><span class='ocrx_word' id='word_1_340' title='bbox 560 2833 850 2901; x_wconf 71' lang='lat' dir='ltr'><strong>,charitatis</strong></span> <span class='ocrx_word' id='word_1_341' title='bbox 877 2832 1087 2897; x_wconf 78' lang='lat' dir='ltr'><strong>ciliciis.</strong></span> <span class='ocrx_word' id='word_1_342' title='bbox 1123 2834 1267 2891; x_wconf 92' lang='lat' dir='ltr'><strong>Duos</strong></span> <span class='ocrx_word' id='word_1_343' title='bbox 1301 2836 1567 2893; x_wconf 87' lang='lat' dir='ltr'><strong>adventus</strong></span> <span class='ocrx_word' id='word_1_344' title='bbox 1594 2837 1809 2900; x_wconf 86' lang='lat' dir='ltr'><strong>Domini</strong></span> <span class='ocrx_word' id='word_1_345' title='bbox 1833 2841 2006 2896; x_wconf 89' lang='lat' dir='ltr'><strong>nostri</strong></span> <span class='ocrx_word' id='word_1_346' title='bbox 2025 2840 2151 2899; x_wconf 82' lang='lat' dir='ltr'><strong>Jesu</strong></span> 
     </span>
    </p>
   </div>
   <div class='ocr_carea' id='block_1_35' title="bbox 564 2922 2151 3001">
    <p class='ocr_par' dir='ltr' id='par_1_35' title="bbox 564 2922 2151 3001">
     <span class='ocr_line' id='line_1_35' title="bbox 564 2922 2151 3001; baseline 0.008 -26"><span class='ocrx_word' id='word_1_347' title='bbox 564 2922 768 2991; x_wconf 79' lang='lat' dir='ltr'><strong>Christi</strong></span> <span class='ocrx_word' id='word_1_348' title='bbox 817 2923 1046 2995; x_wconf 76' lang='lat' dir='ltr'><strong>legimus</strong></span> <span class='ocrx_word' id='word_1_349' title='bbox 1094 2925 1149 2980; x_wconf 92' lang='lat' dir='ltr'><strong>in</strong></span> <span class='ocrx_word' id='word_1_350' title='bbox 1200 2924 1501 2997; x_wconf 84' lang='lat' dir='ltr'><strong>Scripturis</strong></span> <span class='ocrx_word' id='word_1_351' title='bbox 1548 2929 1754 2993; x_wconf 82' lang='lat' dir='ltr'><strong>sanctis</strong></span> <span class='ocrx_word' id='word_1_352' title='bbox 1789 2946 1819 2991; x_wconf 86' lang='lat' dir='ltr'><strong>a</strong></span> <span class='ocrx_word' id='word_1_353' title='bbox 1874 2934 2151 3001; x_wconf 80' lang='lat' dir='ltr'><strong>prophetis</strong></span> 
     </span>
    </p>
   </div>
   <div class='ocr_carea' id='block_1_36' title="bbox 567 3015 2153 3093">
    <p class='ocr_par' dir='ltr' id='par_1_36' title="bbox 567 3015 2153 3093">
     <span class='ocr_line' id='line_1_36' title="bbox 567 3015 2153 3093; baseline 0.006 -22"><span class='ocrx_word' id='word_1_354' title='bbox 567 3031 689 3089; x_wconf 78' lang='lat' dir='ltr'><strong>esse</strong></span> <span class='ocrx_word' id='word_1_355' title='bbox 732 3015 1059 3086; x_wconf 59' lang='lat' dir='ltr'><strong>praedictos:</strong></span> <span class='ocrx_word' id='word_1_356' title='bbox 1097 3033 1265 3073; x_wconf 88' lang='lat' dir='ltr'><strong>unum</strong></span> <span class='ocrx_word' id='word_1_357' title='bbox 1315 3019 1718 3087; x_wconf 65' lang='lat' dir='ltr'><strong>misericordiae,</strong></span> <span class='ocrx_word' id='word_1_358' title='bbox 1763 3022 1853 3092; x_wconf 91' lang='lat' dir='ltr'><strong>qui</strong></span> <span class='ocrx_word' id='word_1_359' title='bbox 1900 3034 2153 3093; x_wconf 82' lang='lat' dir='ltr'><strong>peractus</strong></span> 
     </span>
    </p>
   </div>
   <div class='ocr_carea' id='block_1_37' title="bbox 562 3108 2151 3188">
    <p class='ocr_par' dir='ltr' id='par_1_37' title="bbox 562 3108 2151 3188">
     <span class='ocr_line' id='line_1_37' title="bbox 562 3108 2151 3188; baseline 0.003 -22"><span class='ocrx_word' id='word_1_360' title='bbox 562 3118 669 3176; x_wconf 87' lang='lat' dir='ltr'><strong>est,</strong></span> <span class='ocrx_word' id='word_1_361' title='bbox 710 3108 941 3165; x_wconf 86' lang='lat' dir='ltr'><strong>alterum</strong></span> <span class='ocrx_word' id='word_1_362' title='bbox 979 3108 1192 3180; x_wconf 87' lang='lat' dir='ltr'><strong>judicii,</strong></span> <span class='ocrx_word' id='word_1_363' title='bbox 1218 3111 1311 3182; x_wconf 91' lang='lat' dir='ltr'><strong>qui</strong></span> <span class='ocrx_word' id='word_1_364' title='bbox 1354 3120 1615 3168; x_wconf 86' lang='lat' dir='ltr'><strong>venturus</strong></span> <span class='ocrx_word' id='word_1_365' title='bbox 1653 3122 1755 3169; x_wconf 90' lang='lat' dir='ltr'><strong>est.</strong></span> <span class='ocrx_word' id='word_1_366' title='bbox 1799 3113 1981 3173; x_wconf 87' lang='lat' dir='ltr'><strong>Prima</strong></span> <span class='ocrx_word' id='word_1_367' title='bbox 2022 3130 2151 3188; x_wconf 87' lang='lat' dir='ltr'><strong>ergo</strong></span> 
     </span>
    </p>
   </div>
   <div class='ocr_carea' id='block_1_38' title="bbox 566 3203 2222 3321">
    <p class='ocr_par' dir='ltr' id='par_1_38' title="bbox 566 3203 2222 3321">
     <span class='ocr_line' id='line_1_38' title="bbox 566 3203 2222 3321; baseline 0.004 -62"><span class='ocrx_word' id='word_1_368' title='bbox 566 3203 899 3274; x_wconf 86' lang='lat' dir='ltr'><strong>dispensatio</strong></span> <span class='ocrx_word' id='word_1_369' title='bbox 928 3205 1142 3261; x_wconf 85' lang='lat' dir='ltr'><strong>Domini</strong></span> <span class='ocrx_word' id='word_1_370' title='bbox 1191 3206 1362 3262; x_wconf 90' lang='lat' dir='ltr'><strong>nostri</strong></span> <span class='ocrx_word' id='word_1_371' title='bbox 1400 3205 1527 3275; x_wconf 81' lang='lat' dir='ltr'><strong>Jesu</strong></span> <span class='ocrx_word' id='word_1_372' title='bbox 1557 3206 1759 3264; x_wconf 87' lang='lat' dir='ltr'><strong>Christi</strong></span> <span class='ocrx_word' id='word_1_373' title='bbox 1792 3209 2145 3279; x_wconf 85' lang='lat' dir='ltr'><strong>medicinalis,</strong></span> <span class='ocrx_word' id='word_1_374' title='bbox 2176 3257 2222 3321; x_wconf 60' lang='grc' dir='ltr'>Ε</span> 
     </span>
     <span class='ocr_line' id='line_1_39' title="bbox 566 3295 2122 3321; baseline 0 0"><span class='ocrx_word' id='word_1_375' title='bbox 566 3314 671 3321; x_wconf 77' lang='lat'><strong>_-_</strong></span> <span class='ocrx_word' id='word_1_376' title='bbox 715 3295 981 3321; x_wconf 63' lang='lat' dir='ltr'><strong>:..A:-:-l!-</strong></span> <span class='ocrx_word' id='word_1_377' title='bbox 1054 3296 1185 3321; x_wconf 51' lang='lat' dir='ltr'><strong>mn...</strong></span> <span class='ocrx_word' id='word_1_378' title='bbox 1236 3298 1278 3321; x_wconf 77' lang='lat'><strong>-:</strong></span> <span class='ocrx_word' id='word_1_379' title='bbox 1312 3299 1481 3321; x_wconf 54' lang='grc' dir='ltr'><strong>..ηε-..Α</strong></span> <span class='ocrx_word' id='word_1_380' title='bbox 1527 3300 1753 3321; x_wconf 69' lang='grc' dir='ltr'><strong>---..2---ι</strong></span> <span class='ocrx_word' id='word_1_381' title='bbox 1790 3297 2122 3321; x_wconf 69' lang='lat' dir='ltr'><strong>:___l:--.___.__-</strong></span> 
     </span>
    </p>
   </div>
   <div class='ocr_carea' id='block_1_39' title="bbox 564 3295 2145 3369">
    <p class='ocr_par' dir='ltr' id='par_1_39' title="bbox 564 3295 2145 3369">
     <span class='ocr_line' id='line_1_40' title="bbox 564 3295 2145 3369; baseline 0.002 -13"><span class='ocrx_word' id='word_1_382' title='bbox 564 3314 675 3367; x_wconf 80' lang='lat' dir='ltr'><strong>non</strong></span> <span class='ocrx_word' id='word_1_383' title='bbox 708 3295 1005 3367; x_wconf 86' lang='lat' dir='ltr'><strong>jndicialis.</strong></span> <span class='ocrx_word' id='word_1_384' title='bbox 1053 3296 1189 3355; x_wconf 82' lang='lat' dir='ltr'><strong>Nam</strong></span> <span class='ocrx_word' id='word_1_385' title='bbox 1234 3298 1280 3354; x_wconf 90' lang='lat' dir='ltr'><strong>si</strong></span> <span class='ocrx_word' id='word_1_386' title='bbox 1312 3299 1486 3369; x_wconf 86' lang='lat' dir='ltr'><strong>primo</strong></span> <span class='ocrx_word' id='word_1_387' title='bbox 1527 3300 1759 3356; x_wconf 87' lang='lat' dir='ltr'><strong>venisset</strong></span> <span class='ocrx_word' id='word_1_388' title='bbox 1783 3297 2145 3368; x_wconf 76' lang='lat' dir='ltr'><strong>iudicaturus,</strong></span> 
     </span>
    </p>
   </div>
   <div class='ocr_carea' id='block_1_40' title="bbox 560 3389 2145 3466">
    <p class='ocr_par' dir='ltr' id='par_1_40' title="bbox 560 3389 2145 3466">
     <span class='ocr_line' id='line_1_41' title="bbox 560 3389 2145 3466; baseline 0.001 -20"><span class='ocrx_word' id='word_1_389' title='bbox 560 3390 837 3466; x_wconf 61' lang='lat' dir='ltr'><strong>neminem</strong></span> <span class='ocrx_word' id='word_1_390' title='bbox 884 3389 1181 3451; x_wconf 87' lang='lat' dir='ltr'><strong>invenisset</strong></span> <span class='ocrx_word' id='word_1_391' title='bbox 1215 3390 1305 3461; x_wconf 79' lang='lat' dir='ltr'><strong>cui</strong></span> <span class='ocrx_word' id='word_1_392' title='bbox 1350 3391 1571 3461; x_wconf 81' lang='lat' dir='ltr'><strong>praemia</strong></span> <span class='ocrx_word' id='word_1_393' title='bbox 1611 3389 1837 3460; x_wconf 78' lang='lat' dir='ltr'><strong>iustitiae</strong></span> <span class='ocrx_word' id='word_1_394' title='bbox 1876 3391 2145 3457; x_wconf 76' lang='lat' dir='ltr'><strong>redderet.</strong></span> 
     </span>
    </p>
   </div>
   <div class='ocr_carea' id='block_1_41' title="bbox 558 3479 2149 3554">
    <p class='ocr_par' dir='ltr' id='par_1_41' title="bbox 558 3479 2149 3554">
     <span class='ocr_line' id='line_1_42' title="bbox 558 3479 2149 3554; baseline 0.001 -16"><span class='ocrx_word' id='word_1_395' title='bbox 558 3479 699 3553; x_wconf 84' lang='lat' dir='ltr'><strong>Quia</strong></span> <span class='ocrx_word' id='word_1_396' title='bbox 734 3496 866 3554; x_wconf 85' lang='lat' dir='ltr'><strong>ergo</strong></span> <span class='ocrx_word' id='word_1_397' title='bbox 914 3480 1049 3539; x_wconf 87' lang='lat' dir='ltr'><strong>vidit</strong></span> <span class='ocrx_word' id='word_1_398' title='bbox 1083 3496 1273 3539; x_wconf 80' lang='lat' dir='ltr'><strong>omnes</strong></span> <span class='ocrx_word' id='word_1_399' title='bbox 1306 3491 1644 3552; x_wconf 87' lang='lat' dir='ltr'><strong>peccatores,</strong></span> <span class='ocrx_word' id='word_1_400' title='bbox 1675 3492 1731 3541; x_wconf 90' lang='lat' dir='ltr'><strong>et</strong></span> <span class='ocrx_word' id='word_1_401' title='bbox 1774 3483 1997 3550; x_wconf 84' lang='lat' dir='ltr'><strong>omnino</strong></span> <span class='ocrx_word' id='word_1_402' title='bbox 2027 3498 2149 3549; x_wconf 84' lang='lat' dir='ltr'><strong>esse</strong></span> 
     </span>
    </p>
   </div>
   <div class='ocr_carea' id='block_1_42' title="bbox 558 3574 2149 3647">
    <p class='ocr_par' dir='ltr' id='par_1_42' title="bbox 558 3574 2149 3647">
     <span class='ocr_line' id='line_1_43' title="bbox 558 3574 2149 3647; baseline 0.001 -14"><span class='ocrx_word' id='word_1_403' title='bbox 558 3574 831 3633; x_wconf 83' lang='lat' dir='ltr'><strong>neminem</strong></span> <span class='ocrx_word' id='word_1_404' title='bbox 869 3574 1168 3643; x_wconf 81' lang='lat' dir='ltr'><strong>immunem</strong></span> <span class='ocrx_word' id='word_1_405' title='bbox 1199 3589 1228 3628; x_wconf 93' lang='lat' dir='ltr'><strong>a</strong></span> <span class='ocrx_word' id='word_1_406' title='bbox 1256 3583 1432 3639; x_wconf 83' lang='lat' dir='ltr'><strong>morte</strong></span> <span class='ocrx_word' id='word_1_407' title='bbox 1454 3575 1685 3646; x_wconf 87' lang='lat' dir='ltr'><strong>peccati,</strong></span> <span class='ocrx_word' id='word_1_408' title='bbox 1711 3576 1862 3646; x_wconf 83' lang='lat' dir='ltr'><strong>prius</strong></span> <span class='ocrx_word' id='word_1_409' title='bbox 1893 3585 2012 3635; x_wconf 87' lang='lat' dir='ltr'><strong>erat</strong></span> <span class='ocrx_word' id='word_1_410' title='bbox 2032 3575 2149 3647; x_wconf 86' lang='lat' dir='ltr'><strong>ejus</strong></span> 
     </span>
    </p>
   </div>
   <div class='ocr_carea' id='block_1_43' title="bbox 560 3664 2147 3737">
    <p class='ocr_par' dir='ltr' id='par_1_43' title="bbox 560 3664 2147 3737">
     <span class='ocr_line' id='line_1_44' title="bbox 560 3664 2147 3737; baseline -0.001 -14"><span class='ocrx_word' id='word_1_411' title='bbox 560 3664 935 3723; x_wconf 84' lang='lat' dir='ltr'><strong>misericordia</strong></span> <span class='ocrx_word' id='word_1_412' title='bbox 970 3664 1349 3737; x_wconf 70' lang='lat' dir='ltr'><strong>praeroganda,</strong></span> <span class='ocrx_word' id='word_1_413' title='bbox 1377 3672 1433 3720; x_wconf 90' lang='lat' dir='ltr'><strong>et</strong></span> <span class='ocrx_word' id='word_1_414' title='bbox 1477 3672 1598 3735; x_wconf 91' lang='lat' dir='ltr'><strong>post</strong></span> <span class='ocrx_word' id='word_1_415' title='bbox 1623 3664 2147 3735; x_wconf 81' lang='lat' dir='ltr'><strong>exercendumjudi—</strong></span> 
     </span>
    </p>
   </div>
   <div class='ocr_carea' id='block_1_44' title="bbox 561 3755 2143 3836">
    <p class='ocr_par' dir='ltr' id='par_1_44' title="bbox 561 3755 2143 3836">
     <span class='ocr_line' id='line_1_45' title="bbox 561 3755 2143 3836; baseline 0.001 -22"><span class='ocrx_word' id='word_1_416' title='bbox 561 3760 728 3827; x_wconf 79' lang='lat' dir='ltr'><strong>cium.</strong></span> <span class='ocrx_word' id='word_1_417' title='bbox 752 3755 890 3836; x_wconf 82' lang='lat' dir='ltr'><strong>Quia</strong></span> <span class='ocrx_word' id='word_1_418' title='bbox 917 3756 986 3825; x_wconf 81' lang='lat' dir='ltr'><strong>de</strong></span> <span class='ocrx_word' id='word_1_419' title='bbox 1007 3755 1099 3825; x_wconf 85' lang='lat' dir='ltr'><strong>illo</strong></span> <span class='ocrx_word' id='word_1_420' title='bbox 1113 3764 1434 3828; x_wconf 64' lang='lat' dir='ltr'><strong>cantaverat</strong></span> <span class='ocrx_word' id='word_1_421' title='bbox 1458 3756 1708 3823; x_wconf 81' lang='lat' dir='ltr'><strong>Psalmus</strong></span> <span class='ocrx_word' id='word_1_422' title='bbox 1739 3775 1754 3811; x_wconf 91' lang='lat'><strong>:</strong></span> <span class='ocrx_word' id='word_1_423' title='bbox 1785 3778 1804 3811; x_wconf 81' lang='grc' dir='ltr'><strong>ι</strong></span> <span class='ocrx_word' id='word_1_424' title='bbox 1836 3756 2143 3825; x_wconf 76' lang='lat' dir='ltr'><strong>Misericor-</strong></span> 
     </span>
    </p>
   </div>
   <div class='ocr_carea' id='block_1_45' title="bbox 562 3846 2142 3923">
    <p class='ocr_par' dir='ltr' id='par_1_45' title="bbox 562 3846 2142 3923">
     <span class='ocr_line' id='line_1_46' title="bbox 562 3846 2142 3923; baseline 0.002 -18"><span class='ocrx_word' id='word_1_425' title='bbox 562 3849 707 3913; x_wconf 82' lang='lat' dir='ltr'><strong>diam</strong></span> <span class='ocrx_word' id='word_1_426' title='bbox 733 3856 791 3909; x_wconf 87' lang='lat' dir='ltr'><strong>et</strong></span> <span class='ocrx_word' id='word_1_427' title='bbox 829 3846 1093 3921; x_wconf 79' lang='lat' dir='ltr'><strong>judicium</strong></span> <span class='ocrx_word' id='word_1_428' title='bbox 1132 3848 1364 3915; x_wconf 81' lang='lat' dir='ltr'><strong>cantabo</strong></span> <span class='ocrx_word' id='word_1_429' title='bbox 1391 3847 1508 3915; x_wconf 87' lang='lat' dir='ltr'><strong>tibi,</strong></span> <span class='ocrx_word' id='word_1_430' title='bbox 1547 3847 1773 3906; x_wconf 84' lang='lat' dir='ltr'><strong>Domine</strong></span> <span class='ocrx_word' id='word_1_431' title='bbox 1807 3848 1981 3923; x_wconf 78' lang='lat' dir='ltr'><strong>(Psal.</strong></span> <span class='ocrx_word' id='word_1_432' title='bbox 2010 3851 2087 3923; x_wconf 92' lang='lat' dir='ltr'><strong>c).</strong></span> <span class='ocrx_word' id='word_1_433' title='bbox 2122 3872 2142 3908; x_wconf 74' lang='grc' dir='ltr'><strong>ι</strong></span> 
     </span>
    </p>
   </div>
   <div class='ocr_carea' id='block_1_46' title="bbox 562 3934 2148 4007">
    <p class='ocr_par' dir='ltr' id='par_1_46' title="bbox 562 3934 2148 4007">
     <span class='ocr_line' id='line_1_47' title="bbox 562 3934 2148 4007; baseline -0.001 -10"><span class='ocrx_word' id='word_1_434' title='bbox 562 3937 680 3997; x_wconf 79' lang='lat' dir='ltr'><strong>Non</strong></span> <span class='ocrx_word' id='word_1_435' title='bbox 721 3937 871 4005; x_wconf 84' lang='lat' dir='ltr'><strong>enim</strong></span> <span class='ocrx_word' id='word_1_436' title='bbox 921 3935 988 3997; x_wconf 82' lang='lat' dir='ltr'><strong>ad</strong></span> <span class='ocrx_word' id='word_1_437' title='bbox 1026 3934 1289 4006; x_wconf 85' lang='lat' dir='ltr'><strong>judicium</strong></span> <span class='ocrx_word' id='word_1_438' title='bbox 1333 3944 1389 3994; x_wconf 88' lang='lat' dir='ltr'><strong>et</strong></span> <span class='ocrx_word' id='word_1_439' title='bbox 1435 3936 1885 4003; x_wconf 86' lang='lat' dir='ltr'><strong>misericordiam.</strong></span> <span class='ocrx_word' id='word_1_440' title='bbox 1931 3938 2065 3995; x_wconf 82' lang='lat' dir='ltr'><strong>Nam</strong></span> <span class='ocrx_word' id='word_1_441' title='bbox 2100 3942 2148 4007; x_wconf 77' lang='lat' dir='ltr'><strong>si</strong></span> 
     </span>
    </p>
   </div>
   <div class='ocr_carea' id='block_1_47' title="bbox 560 4025 2142 4103">
    <p class='ocr_par' dir='ltr' id='par_1_47' title="bbox 560 4025 2142 4103">
     <span class='ocr_line' id='line_1_48' title="bbox 560 4025 2142 4103; baseline 0.002 -18"><span class='ocrx_word' id='word_1_442' title='bbox 560 4029 796 4103; x_wconf 88' lang='lat' dir='ltr'><strong>primum</strong></span> <span class='ocrx_word' id='word_1_443' title='bbox 834 4034 979 4089; x_wconf 84' lang='lat' dir='ltr'><strong>esset</strong></span> <span class='ocrx_word' id='word_1_444' title='bbox 1016 4025 1305 4103; x_wconf 87' lang='lat' dir='ltr'><strong>judicium,</strong></span> <span class='ocrx_word' id='word_1_445' title='bbox 1356 4026 1503 4085; x_wconf 85' lang='lat' dir='ltr'><strong>nulla</strong></span> <span class='ocrx_word' id='word_1_446' title='bbox 1555 4035 1701 4084; x_wconf 87' lang='lat' dir='ltr'><strong>esset</strong></span> <span class='ocrx_word' id='word_1_447' title='bbox 1727 4029 2142 4100; x_wconf 87' lang='lat' dir='ltr'><strong>misericordia;</strong></span> 
     </span>
    </p>
   </div>
   <div class='ocr_carea' id='block_1_48' title="bbox 562 4116 2150 4193">
    <p class='ocr_par' dir='ltr' id='par_1_48' title="bbox 562 4116 2150 4193">
     <span class='ocr_line' id='line_1_49' title="bbox 562 4116 2150 4193; baseline 0.003 -18"><span class='ocrx_word' id='word_1_448' title='bbox 562 4120 658 4177; x_wconf 87' lang='lat' dir='ltr'><strong>sed</strong></span> <span class='ocrx_word' id='word_1_449' title='bbox 685 4119 862 4190; x_wconf 91' lang='lat' dir='ltr'><strong>primo</strong></span> <span class='ocrx_word' id='word_1_450' title='bbox 902 4116 1295 4184; x_wconf 83' lang='lat' dir='ltr'><strong>misericordia,</strong></span> <span class='ocrx_word' id='word_1_451' title='bbox 1346 4127 1534 4189; x_wconf 87' lang='lat' dir='ltr'><strong>postea</strong></span> <span class='ocrx_word' id='word_1_452' title='bbox 1574 4116 1862 4187; x_wconf 89' lang='lat' dir='ltr'><strong>judicium.</strong></span> <span class='ocrx_word' id='word_1_453' title='bbox 1907 4120 2036 4193; x_wconf 67' lang='lat' dir='ltr'><strong>Quae</strong></span> <span class='ocrx_word' id='word_1_454' title='bbox 2064 4133 2150 4179; x_wconf 89' lang='lat' dir='ltr'><strong>est</strong></span> 
     </span>
    </p>
   </div>
   <div class='ocr_carea' id='block_1_49' title="bbox 561 4208 2148 4291">
    <p class='ocr_par' dir='ltr' id='par_1_49' title="bbox 561 4208 2148 4291">
     <span class='ocr_line' id='line_1_50' title="bbox 561 4208 2148 4291; baseline 0.003 -26"><span class='ocrx_word' id='word_1_455' title='bbox 561 4210 737 4291; x_wconf 85' lang='lat' dir='ltr'><strong>prima</strong></span> <span class='ocrx_word' id='word_1_456' title='bbox 767 4211 1172 4275; x_wconf 83' lang='lat' dir='ltr'><strong>misericordia?</strong></span> <span class='ocrx_word' id='word_1_457' title='bbox 1197 4208 1425 4266; x_wconf 90' lang='lat' dir='ltr'><strong>Creator</strong></span> <span class='ocrx_word' id='word_1_458' title='bbox 1453 4209 1689 4267; x_wconf 88' lang='lat' dir='ltr'><strong>hominis</strong></span> <span class='ocrx_word' id='word_1_459' title='bbox 1731 4211 1895 4267; x_wconf 90' lang='lat' dir='ltr'><strong>homo</strong></span> <span class='ocrx_word' id='word_1_460' title='bbox 1918 4226 2038 4268; x_wconf 89' lang='lat' dir='ltr'><strong>esse</strong></span> <span class='ocrx_word' id='word_1_461' title='bbox 2066 4214 2148 4269; x_wconf 88' lang='lat' dir='ltr'><strong>di-</strong></span> 
     </span>
    </p>
   </div>
   <div class='ocr_carea' id='block_1_50' title="bbox 563 4302 2144 4377">
    <p class='ocr_par' dir='ltr' id='par_1_50' title="bbox 563 4302 2144 4377">
     <span class='ocr_line' id='line_1_51' title="bbox 563 4302 2144 4377; baseline 0.001 -19"><span class='ocrx_word' id='word_1_462' title='bbox 563 4313 761 4376; x_wconf 86' lang='lat' dir='ltr'><strong>gnatus</strong></span> <span class='ocrx_word' id='word_1_463' title='bbox 793 4313 895 4369; x_wconf 92' lang='lat' dir='ltr'><strong>est,</strong></span> <span class='ocrx_word' id='word_1_464' title='bbox 924 4304 1102 4361; x_wconf 78' lang='lat' dir='ltr'><strong>factus</strong></span> <span class='ocrx_word' id='word_1_465' title='bbox 1120 4304 1265 4376; x_wconf 90' lang='lat' dir='ltr'><strong>quod</strong></span> <span class='ocrx_word' id='word_1_466' title='bbox 1290 4302 1606 4372; x_wconf 81' lang='lat' dir='ltr'><strong>lecerat,,ne</strong></span> <span class='ocrx_word' id='word_1_467' title='bbox 1628 4303 1771 4374; x_wconf 89' lang='lat' dir='ltr'><strong>quod</strong></span> <span class='ocrx_word' id='word_1_468' title='bbox 1789 4302 1997 4362; x_wconf 77' lang='lat' dir='ltr'><strong>fecerat</strong></span> <span class='ocrx_word' id='word_1_469' title='bbox 2017 4320 2144 4377; x_wconf 88' lang='lat' dir='ltr'><strong>per-</strong></span> 
     </span>
    </p>
   </div>
   <div class='ocr_carea' id='block_1_51' title="bbox 559 4394 2148 4469">
    <p class='ocr_par' dir='ltr' id='par_1_51' title="bbox 559 4394 2148 4469">
     <span class='ocr_line' id='line_1_52' title="bbox 559 4394 2148 4469; baseline 0.001 -18"><span class='ocrx_word' id='word_1_470' title='bbox 559 4395 685 4463; x_wconf 85' lang='lat' dir='ltr'><strong>iret.</strong></span> <span class='ocrx_word' id='word_1_471' title='bbox 719 4394 856 4469; x_wconf 86' lang='lat' dir='ltr'><strong>Quid</strong></span> <span class='ocrx_word' id='word_1_472' title='bbox 908 4397 1036 4455; x_wconf 89' lang='lat' dir='ltr'><strong>huic</strong></span> <span class='ocrx_word' id='word_1_473' title='bbox 1084 4394 1469 4459; x_wconf 78' lang='lat' dir='ltr'><strong>misericordiae</strong></span> <span class='ocrx_word' id='word_1_474' title='bbox 1506 4394 1632 4450; x_wconf 91' lang='lat' dir='ltr'><strong>addi</strong></span> <span class='ocrx_word' id='word_1_475' title='bbox 1669 4397 1882 4467; x_wconf 86' lang='lat' dir='ltr'><strong>potest?</strong></span> <span class='ocrx_word' id='word_1_476' title='bbox 1925 4397 2148 4453; x_wconf 79' lang='lat' dir='ltr'><strong>Adiidit</strong></span> 
     </span>
    </p>
   </div>
   <div class='ocr_carea' id='block_1_52' title="bbox 558 4484 2144 4569">
    <p class='ocr_par' dir='ltr' id='par_1_52' title="bbox 558 4484 2144 4569">
     <span class='ocr_line' id='line_1_53' title="bbox 558 4484 2144 4569; baseline 0 -24"><span class='ocrx_word' id='word_1_477' title='bbox 558 4496 762 4549; x_wconf 86' lang='lat' dir='ltr'><strong>tamen.</strong></span> <span class='ocrx_word' id='word_1_478' title='bbox 808 4487 946 4545; x_wconf 86' lang='lat' dir='ltr'><strong>Nam</strong></span> <span class='ocrx_word' id='word_1_479' title='bbox 998 4488 1317 4569; x_wconf 77' lang='lat' dir='ltr'><strong>reprobatus</strong></span> <span class='ocrx_word' id='word_1_480' title='bbox 1342 4484 1411 4553; x_wconf 83' lang='lat' dir='ltr'><strong>ab</strong></span> <span class='ocrx_word' id='word_1_481' title='bbox 1440 4485 1773 4553; x_wconf 89' lang='lat' dir='ltr'><strong>hominibus,</strong></span> <span class='ocrx_word' id='word_1_482' title='bbox 1795 4504 1894 4561; x_wconf 93' lang='lat' dir='ltr'><strong>pro</strong></span> <span class='ocrx_word' id='word_1_483' title='bbox 1913 4504 2144 4569; x_wconf 87' lang='lat' dir='ltr'><strong>quorum</strong></span> 
     </span>
    </p>
   </div>
   <div class='ocr_carea' id='block_1_53' title="bbox 558 4564 2143 4657">
    <p class='ocr_par' dir='ltr' id='par_1_53' title="bbox 558 4564 2143 4657">
     <span class='ocr_line' id='line_1_54' title="bbox 558 4564 2143 4657; baseline -0.002 -19"><span class='ocrx_word' id='word_1_484' title='bbox 558 4580 733 4638; x_wconf 88' lang='lat' dir='ltr'><strong>salute</strong></span> <span class='ocrx_word' id='word_1_485' title='bbox 763 4587 990 4636; x_wconf 91' lang='lat' dir='ltr'><strong>venerat</strong></span> <span class='ocrx_word' id='word_1_486' title='bbox 1017 4564 1073 4634; x_wconf 89' lang='lat' dir='ltr'><strong>in</strong></span> <span class='ocrx_word' id='word_1_487' title='bbox 1120 4578 1404 4643; x_wconf 84' lang='lat' dir='ltr'><strong>mundum,</strong></span> <span class='ocrx_word' id='word_1_488' title='bbox 1433 4577 1716 4635; x_wconf 88' lang='lat' dir='ltr'><strong>irrisioncs</strong></span> <span class='ocrx_word' id='word_1_489' title='bbox 1742 4579 2015 4647; x_wconf 89' lang='lat' dir='ltr'><strong>sustinuit,</strong></span> <span class='ocrx_word' id='word_1_490' title='bbox 2044 4564 2143 4657; x_wconf 75' lang='lat' dir='ltr'><strong>lla-</strong></span> 
     </span>
    </p>
   </div>
   <div class='ocr_carea' id='block_1_54' title="bbox 550 4670 2144 4747">
    <p class='ocr_par' dir='ltr' id='par_1_54' title="bbox 550 4670 2144 4747">
     <span class='ocr_line' id='line_1_55' title="bbox 550 4670 2144 4747; baseline 0 -18"><span class='ocrx_word' id='word_1_491' title='bbox 550 4673 717 4747; x_wconf 82' lang='lat' dir='ltr'><strong>gella,</strong></span> <span class='ocrx_word' id='word_1_492' title='bbox 778 4681 958 4745; x_wconf 85' lang='lat' dir='ltr'><strong>sputa,</strong></span> <span class='ocrx_word' id='word_1_493' title='bbox 1008 4671 1298 4744; x_wconf 88' lang='lat' dir='ltr'><strong>opprobria</strong></span> <span class='ocrx_word' id='word_1_494' title='bbox 1351 4670 1713 4733; x_wconf 88' lang='lat' dir='ltr'><strong>inimicorum.</strong></span> <span class='ocrx_word' id='word_1_495' title='bbox 1774 4673 2144 4745; x_wconf 86' lang='lat' dir='ltr'><strong>turpissimam</strong></span> 
     </span>
    </p>
   </div>
   <div class='ocr_carea' id='block_1_55' title="bbox 558 4762 2146 4833">
    <p class='ocr_par' dir='ltr' id='par_1_55' title="bbox 558 4762 2146 4833">
     <span class='ocr_line' id='line_1_56' title="bbox 558 4762 2146 4833; baseline 0 -14"><span class='ocrx_word' id='word_1_496' title='bbox 558 4772 790 4819; x_wconf 82' lang='lat' dir='ltr'><strong>mortem</strong></span> <span class='ocrx_word' id='word_1_497' title='bbox 821 4764 1018 4821; x_wconf 89' lang='lat' dir='ltr'><strong>crucis.</strong></span> <span class='ocrx_word' id='word_1_498' title='bbox 1058 4762 1183 4819; x_wconf 80' lang='lat' dir='ltr'><strong>Htec</strong></span> <span class='ocrx_word' id='word_1_499' title='bbox 1212 4762 1397 4829; x_wconf 85' lang='lat' dir='ltr'><strong>omnia</strong></span> <span class='ocrx_word' id='word_1_500' title='bbox 1423 4762 1700 4829; x_wconf 89' lang='lat' dir='ltr'><strong>sustinuit,</strong></span> <span class='ocrx_word' id='word_1_501' title='bbox 1722 4762 1849 4833; x_wconf 89' lang='lat' dir='ltr'><strong>quia</strong></span> <span class='ocrx_word' id='word_1_502' title='bbox 1870 4763 2059 4829; x_wconf 88' lang='lat' dir='ltr'><strong>voluit,</strong></span> <span class='ocrx_word' id='word_1_503' title='bbox 2085 4772 2146 4819; x_wconf 91' lang='lat' dir='ltr'><strong>nt</strong></span> 
     </span>
    </p>
   </div>
   <div class='ocr_carea' id='block_1_56' title="bbox 555 4853 2145 4928">
    <p class='ocr_par' dir='ltr' id='par_1_56' title="bbox 555 4853 2145 4928">
     <span class='ocr_line' id='line_1_57' title="bbox 555 4853 2145 4928; baseline 0.002 -18"><span class='ocrx_word' id='word_1_504' title='bbox 555 4856 795 4917; x_wconf 85' lang='lat' dir='ltr'><strong>salvaret</strong></span> <span class='ocrx_word' id='word_1_505' title='bbox 837 4856 1112 4913; x_wconf 90' lang='lat' dir='ltr'><strong>hominem</strong></span> <span class='ocrx_word' id='word_1_506' title='bbox 1173 4871 1334 4928; x_wconf 84' lang='lat' dir='ltr'><strong>quem</strong></span> <span class='ocrx_word' id='word_1_507' title='bbox 1382 4865 1680 4912; x_wconf 86' lang='lat' dir='ltr'><strong>creaverat.</strong></span> <span class='ocrx_word' id='word_1_508' title='bbox 1726 4853 1940 4910; x_wconf 85' lang='lat' dir='ltr'><strong>Nullum</strong></span> <span class='ocrx_word' id='word_1_509' title='bbox 1975 4871 2145 4928; x_wconf 85' lang='lat' dir='ltr'><strong>genus</strong></span> 
     </span>
    </p>
   </div>
   <div class='ocr_carea' id='block_1_57' title="bbox 557 4944 2145 5017">
    <p class='ocr_par' dir='ltr' id='par_1_57' title="bbox 557 4944 2145 5017">
     <span class='ocr_line' id='line_1_58' title="bbox 557 4944 2145 5017; baseline -0.002 -13"><span class='ocrx_word' id='word_1_510' title='bbox 557 4946 759 5004; x_wconf 88' lang='lat' dir='ltr'><strong>mortis</strong></span> <span class='ocrx_word' id='word_1_511' title='bbox 787 4945 1183 5001; x_wconf 87' lang='lat' dir='ltr'><strong>intolerabilius</strong></span> <span class='ocrx_word' id='word_1_512' title='bbox 1212 4945 1313 5002; x_wconf 83' lang='lat' dir='ltr'><strong>fuit</strong></span> <span class='ocrx_word' id='word_1_513' title='bbox 1341 4960 1524 5011; x_wconf 80' lang='lat' dir='ltr'><strong>cruce,</strong></span> <span class='ocrx_word' id='word_1_514' title='bbox 1556 4953 1777 5017; x_wconf 87' lang='lat' dir='ltr'><strong>propter</strong></span> <span class='ocrx_word' id='word_1_515' title='bbox 1807 4944 1994 5017; x_wconf 86' lang='lat' dir='ltr'><strong>longos</strong></span> <span class='ocrx_word' id='word_1_516' title='bbox 2019 4961 2145 5001; x_wconf 87' lang='lat' dir='ltr'><strong>cru-</strong></span> 
     </span>
    </p>
   </div>
   <div class='ocr_carea' id='block_1_58' title="bbox 557 5036 2147 5111">
    <p class='ocr_par' dir='ltr' id='par_1_58' title="bbox 557 5036 2147 5111">
     <span class='ocr_line' id='line_1_59' title="bbox 557 5036 2147 5111; baseline -0.003 -14"><span class='ocrx_word' id='word_1_517' title='bbox 557 5039 733 5099; x_wconf 85' lang='lat' dir='ltr'><strong>ciatos</strong></span> <span class='ocrx_word' id='word_1_518' title='bbox 786 5053 803 5094; x_wconf 89' lang='lat'><strong>:</strong></span> <span class='ocrx_word' id='word_1_519' title='bbox 859 5038 958 5095; x_wconf 88' lang='lat' dir='ltr'><strong>sed</strong></span> <span class='ocrx_word' id='word_1_520' title='bbox 996 5037 1131 5095; x_wconf 90' lang='lat' dir='ltr'><strong>nihil</strong></span> <span class='ocrx_word' id='word_1_521' title='bbox 1160 5037 1444 5111; x_wconf 80' lang='lat' dir='ltr'><strong>gloriosius</strong></span> <span class='ocrx_word' id='word_1_522' title='bbox 1486 5052 1650 5109; x_wconf 88' lang='lat' dir='ltr'><strong>quam</strong></span> <span class='ocrx_word' id='word_1_523' title='bbox 1696 5038 1909 5107; x_wconf 84' lang='lat' dir='ltr'><strong>signum</strong></span> <span class='ocrx_word' id='word_1_524' title='bbox 1963 5036 2147 5101; x_wconf 70' lang='lat' dir='ltr'><strong>crucis,</strong></span> 
     </span>
    </p>
   </div>
   <div class='ocr_carea' id='block_1_59' title="bbox 552 5123 2141 5204">
    <p class='ocr_par' dir='ltr' id='par_1_59' title="bbox 552 5123 2141 5204">
     <span class='ocr_line' id='line_1_60' title="bbox 552 5123 2141 5204; baseline 0 -17"><span class='ocrx_word' id='word_1_525' title='bbox 552 5138 778 5204; x_wconf 85' lang='lat' dir='ltr'><strong>portare</strong></span> <span class='ocrx_word' id='word_1_526' title='bbox 802 5130 861 5186; x_wconf 92' lang='lat' dir='ltr'><strong>in</strong></span> <span class='ocrx_word' id='word_1_527' title='bbox 885 5128 1080 5189; x_wconf 80' lang='lat' dir='ltr'><strong>fronte.</strong></span> <span class='ocrx_word' id='word_1_528' title='bbox 1124 5128 1277 5195; x_wconf 82' lang='lat' dir='ltr'><strong>Unde</strong></span> <span class='ocrx_word' id='word_1_529' title='bbox 1319 5130 1609 5203; x_wconf 84' lang='lat' dir='ltr'><strong>Apostolus</strong></span> <span class='ocrx_word' id='word_1_530' title='bbox 1635 5130 1731 5195; x_wconf 90' lang='lat' dir='ltr'><strong>ait,</strong></span> <span class='ocrx_word' id='word_1_531' title='bbox 1766 5128 1991 5203; x_wconf 88' lang='lat' dir='ltr'><strong>gloriam</strong></span> <span class='ocrx_word' id='word_1_532' title='bbox 2014 5123 2141 5187; x_wconf 47' lang='lat' dir='ltr'><strong>cru?</strong></span> 
     </span>
    </p>
   </div>
   <div class='ocr_carea' id='block_1_60' title="bbox 553 5221 2138 5305">
    <p class='ocr_par' dir='ltr' id='par_1_60' title="bbox 553 5221 2138 5305">
     <span class='ocr_line' id='line_1_61' title="bbox 553 5221 2138 5305; baseline -0.003 -22"><span class='ocrx_word' id='word_1_533' title='bbox 553 5225 635 5283; x_wconf 80' lang='lat' dir='ltr'><strong>cis</strong></span> <span class='ocrx_word' id='word_1_534' title='bbox 671 5224 1016 5297; x_wconf 74' lang='lat' dir='ltr'><strong>pmdicans:</strong></span> <span class='ocrx_word' id='word_1_535' title='bbox 1054 5244 1074 5281; x_wconf 77' lang='grc' dir='ltr'><strong>ι</strong></span> <span class='ocrx_word' id='word_1_536' title='bbox 1113 5223 1243 5295; x_wconf 72' lang='lat' dir='ltr'><strong>Mihi</strong></span> <span class='ocrx_word' id='word_1_537' title='bbox 1282 5235 1464 5305; x_wconf 79' lang='lat' dir='ltr'><strong>autem</strong></span> <span class='ocrx_word' id='word_1_538' title='bbox 1503 5224 1648 5281; x_wconf 85' lang='lat' dir='ltr'><strong>absit</strong></span> <span class='ocrx_word' id='word_1_539' title='bbox 1674 5221 1918 5295; x_wconf 89' lang='lat' dir='ltr'><strong>gloriari,</strong></span> <span class='ocrx_word' id='word_1_540' title='bbox 1949 5221 2052 5276; x_wconf 88' lang='lat' dir='ltr'><strong>nisi</strong></span> <span class='ocrx_word' id='word_1_541' title='bbox 2081 5221 2138 5278; x_wconf 89' lang='lat' dir='ltr'><strong>in</strong></span> 
     </span>
    </p>
   </div>
   <div class='ocr_carea' id='block_1_61' title="bbox 552 5313 2139 5397">
    <p class='ocr_par' dir='ltr' id='par_1_61' title="bbox 552 5313 2139 5397">
     <span class='ocr_line' id='line_1_62' title="bbox 552 5313 2139 5397; baseline -0.006 -19"><span class='ocrx_word' id='word_1_542' title='bbox 552 5332 717 5378; x_wconf 84' lang='lat' dir='ltr'><strong>cruce</strong></span> <span class='ocrx_word' id='word_1_543' title='bbox 763 5318 977 5377; x_wconf 88' lang='lat' dir='ltr'><strong>Domini</strong></span> <span class='ocrx_word' id='word_1_544' title='bbox 1020 5316 1148 5395; x_wconf 72' lang='lat' dir='ltr'><strong>Iesu</strong></span> <span class='ocrx_word' id='word_1_545' title='bbox 1177 5317 1406 5397; x_wconf 66' lang='lat' dir='ltr'><strong>Christi,</strong></span> <span class='ocrx_word' id='word_1_546' title='bbox 1433 5331 1531 5397; x_wconf 90' lang='lat' dir='ltr'><strong>per</strong></span> <span class='ocrx_word' id='word_1_547' title='bbox 1559 5330 1720 5393; x_wconf 87' lang='lat' dir='ltr'><strong>quem</strong></span> <span class='ocrx_word' id='word_1_548' title='bbox 1746 5313 1877 5370; x_wconf 87' lang='lat' dir='ltr'><strong>mihi</strong></span> <span class='ocrx_word' id='word_1_549' title='bbox 1908 5313 2139 5393; x_wconf 77' lang='lat' dir='ltr'><strong>mundus</strong></span> 
     </span>
    </p>
   </div>
   <div class='ocr_carea' id='block_1_62' title="bbox 551 5404 2138 5491">
    <p class='ocr_par' dir='ltr' id='par_1_62' title="bbox 551 5404 2138 5491">
     <span class='ocr_line' id='line_1_63' title="bbox 551 5404 2138 5491; baseline -0.007 -20"><span class='ocrx_word' id='word_1_550' title='bbox 551 5409 844 5471; x_wconf 78' lang='lat' dir='ltr'><strong>cruciﬁxus</strong></span> <span class='ocrx_word' id='word_1_551' title='bbox 886 5419 970 5470; x_wconf 85' lang='lat' dir='ltr'><strong>est</strong></span> <span class='ocrx_word' id='word_1_552' title='bbox 1007 5420 1063 5471; x_wconf 89' lang='lat' dir='ltr'><strong>et</strong></span> <span class='ocrx_word' id='word_1_553' title='bbox 1089 5426 1190 5491; x_wconf 73' lang='lat' dir='ltr'><strong>ego</strong></span> <span class='ocrx_word' id='word_1_554' title='bbox 1235 5408 1440 5483; x_wconf 83' lang='lat' dir='ltr'><strong>mundo</strong></span> <span class='ocrx_word' id='word_1_555' title='bbox 1471 5404 1615 5482; x_wconf 82' lang='lat' dir='ltr'><strong>(Gal.</strong></span> <span class='ocrx_word' id='word_1_556' title='bbox 1645 5405 1743 5478; x_wconf 84' lang='lat' dir='ltr'><strong>vi).</strong></span> <span class='ocrx_word' id='word_1_557' title='bbox 1776 5424 1795 5460; x_wconf 77' lang='grc' dir='ltr'><strong>ι</strong></span> <span class='ocrx_word' id='word_1_558' title='bbox 1831 5404 1968 5474; x_wconf 86' lang='lat' dir='ltr'><strong>Quia</strong></span> <span class='ocrx_word' id='word_1_559' title='bbox 1991 5405 2138 5487; x_wconf 67' lang='lat' dir='ltr'><strong>venth</strong></span> 
     </span>
    </p>
   </div>
   <div class='ocr_carea' id='block_1_63' title="bbox 551 5499 2128 5577">
    <p class='ocr_par' dir='ltr' id='par_1_63' title="bbox 551 5499 2128 5577">
     <span class='ocr_line' id='line_1_64' title="bbox 551 5499 2128 5577; baseline -0.004 -13"><span class='ocrx_word' id='word_1_560' title='bbox 551 5504 1113 5577; x_wconf 87' lang='lat' dir='ltr'><strong>neminemjudicare,</strong></span> <span class='ocrx_word' id='word_1_561' title='bbox 1147 5511 1540 5574; x_wconf 83' lang='lat' dir='ltr'><strong>consequenter</strong></span> <span class='ocrx_word' id='word_1_562' title='bbox 1567 5500 1768 5557; x_wconf 67' lang='lat' dir='ltr'><strong>Judaeis</strong></span> <span class='ocrx_word' id='word_1_563' title='bbox 1808 5499 2085 5572; x_wconf 86' lang='lat' dir='ltr'><strong>respondit</strong></span> <span class='ocrx_word' id='word_1_564' title='bbox 2113 5514 2128 5557; x_wconf 91' lang='lat'><strong>:</strong></span> 
     </span>
    </p>
   </div>
   <div class='ocr_carea' id='block_1_64' title="bbox 626 5589 2136 5664">
    <p class='ocr_par' dir='ltr' id='par_1_64' title="bbox 626 5589 2136 5664">
     <span class='ocr_line' id='line_1_65' title="bbox 626 5589 2136 5664; baseline -0.001 -14"><span class='ocrx_word' id='word_1_565' title='bbox 626 5616 646 5650; x_wconf 80' lang='grc' dir='ltr'><strong>ι</strong></span> <span class='ocrx_word' id='word_1_566' title='bbox 684 5597 793 5654; x_wconf 82' lang='lat' dir='ltr'><strong>Vos</strong></span> <span class='ocrx_word' id='word_1_567' title='bbox 822 5597 1120 5654; x_wconf 85' lang='lat' dir='ltr'><strong>secundum</strong></span> <span class='ocrx_word' id='word_1_568' title='bbox 1158 5610 1377 5652; x_wconf 89' lang='lat' dir='ltr'><strong>carnem</strong></span> <span class='ocrx_word' id='word_1_569' title='bbox 1397 5591 1675 5663; x_wconf 89' lang='lat' dir='ltr'><strong>judicatis,</strong></span> <span class='ocrx_word' id='word_1_570' title='bbox 1703 5606 1804 5664; x_wconf 83' lang='lat' dir='ltr'><strong>ego</strong></span> <span class='ocrx_word' id='word_1_571' title='bbox 1829 5608 1933 5649; x_wconf 89' lang='lat' dir='ltr'><strong>non</strong></span> <span class='ocrx_word' id='word_1_572' title='bbox 1950 5589 2136 5662; x_wconf 89' lang='lat' dir='ltr'><strong>judico</strong></span> 
     </span>
    </p>
   </div>
   <div class='ocr_carea' id='block_1_65' title="bbox 555 5686 2138 5764">
    <p class='ocr_par' dir='ltr' id='par_1_65' title="bbox 555 5686 2138 5764">
     <span class='ocr_line' id='line_1_66' title="bbox 555 5686 2138 5764; baseline -0.003 -18"><span class='ocrx_word' id='word_1_573' title='bbox 555 5711 575 5746; x_wconf 81' lang='grc' dir='ltr'><strong>ι</strong></span> <span class='ocrx_word' id='word_1_574' title='bbox 602 5707 966 5764; x_wconf 79' lang='lat' dir='ltr'><strong>quemquam.</strong></span> <span class='ocrx_word' id='word_1_575' title='bbox 992 5711 1009 5745; x_wconf 82' lang='grc' dir='ltr'><strong>ι</strong></span> <span class='ocrx_word' id='word_1_576' title='bbox 1034 5689 1265 5749; x_wconf 89' lang='lat' dir='ltr'><strong>Pertulit</strong></span> <span class='ocrx_word' id='word_1_577' title='bbox 1285 5688 1543 5761; x_wconf 90' lang='lat' dir='ltr'><strong>injustum</strong></span> <span class='ocrx_word' id='word_1_578' title='bbox 1559 5686 1846 5759; x_wconf 88' lang='lat' dir='ltr'><strong>judicium,</strong></span> <span class='ocrx_word' id='word_1_579' title='bbox 1868 5696 1927 5742; x_wconf 90' lang='lat' dir='ltr'><strong>ut</strong></span> <span class='ocrx_word' id='word_1_580' title='bbox 1952 5696 2138 5759; x_wconf 87' lang='lat' dir='ltr'><strong>ageret</strong></span> 
     </span>
    </p>
   </div>
   <div class='ocr_carea' id='block_1_66' title="bbox 545 5776 2136 5855">
    <p class='ocr_par' dir='ltr' id='par_1_66' title="bbox 545 5776 2136 5855">
     <span class='ocr_line' id='line_1_67' title="bbox 545 5776 2136 5855; baseline -0.002 -20"><span class='ocrx_word' id='word_1_581' title='bbox 545 5776 755 5855; x_wconf 77' lang='lat' dir='ltr'><strong>justum</strong></span> <span class='ocrx_word' id='word_1_582' title='bbox 784 5799 798 5834; x_wconf 92' lang='lat'><strong>:</strong></span> <span class='ocrx_word' id='word_1_583' title='bbox 835 5782 929 5838; x_wconf 89' lang='lat' dir='ltr'><strong>sed</strong></span> <span class='ocrx_word' id='word_1_584' title='bbox 977 5782 1029 5836; x_wconf 95' lang='lat' dir='ltr'><strong>in</strong></span> <span class='ocrx_word' id='word_1_585' title='bbox 1058 5796 1123 5836; x_wconf 90' lang='lat' dir='ltr'><strong>eo</strong></span> <span class='ocrx_word' id='word_1_586' title='bbox 1152 5780 1293 5851; x_wconf 91' lang='lat' dir='ltr'><strong>quod</strong></span> <span class='ocrx_word' id='word_1_587' title='bbox 1329 5778 1551 5851; x_wconf 87' lang='lat' dir='ltr'><strong>pertulit</strong></span> <span class='ocrx_word' id='word_1_588' title='bbox 1581 5776 1871 5847; x_wconf 90' lang='lat' dir='ltr'><strong>injustum,</strong></span> <span class='ocrx_word' id='word_1_589' title='bbox 1919 5778 2136 5833; x_wconf 89' lang='lat' dir='ltr'><strong>miseri-</strong></span> 
     </span>
    </p>
   </div>
   <div class='ocr_carea' id='block_1_67' title="bbox 549 5870 2138 5945">
    <p class='ocr_par' dir='ltr' id='par_1_67' title="bbox 549 5870 2138 5945">
     <span class='ocr_line' id='line_1_68' title="bbox 549 5870 2138 5945; baseline -0.002 -17"><span class='ocrx_word' id='word_1_590' title='bbox 549 5872 749 5931; x_wconf 71' lang='lat' dir='ltr'><strong>cordiae</strong></span> <span class='ocrx_word' id='word_1_591' title='bbox 781 5873 898 5929; x_wconf 83' lang='lat' dir='ltr'><strong>fuit.</strong></span> <span class='ocrx_word' id='word_1_592' title='bbox 930 5870 1172 5945; x_wconf 90' lang='lat' dir='ltr'><strong>Denique</strong></span> <span class='ocrx_word' id='word_1_593' title='bbox 1191 5873 1267 5931; x_wconf 90' lang='lat' dir='ltr'><strong>ita</strong></span> <span class='ocrx_word' id='word_1_594' title='bbox 1292 5873 1510 5931; x_wconf 89' lang='lat' dir='ltr'><strong>humilis</strong></span> <span class='ocrx_word' id='word_1_595' title='bbox 1539 5873 1713 5931; x_wconf 78' lang='lat' dir='ltr'><strong>factus</strong></span> <span class='ocrx_word' id='word_1_596' title='bbox 1737 5878 1840 5940; x_wconf 90' lang='lat' dir='ltr'><strong>est,</strong></span> <span class='ocrx_word' id='word_1_597' title='bbox 1870 5879 1931 5926; x_wconf 92' lang='lat' dir='ltr'><strong>ut</strong></span> <span class='ocrx_word' id='word_1_598' title='bbox 1948 5883 2138 5942; x_wconf 90' lang='lat' dir='ltr'><strong>perve-</strong></span> 
     </span>
    </p>
   </div>
   <div class='ocr_carea' id='block_1_68' title="bbox 2171 4622 2224 4685">
    <p class='ocr_par' dir='ltr' id='par_1_68' title="bbox 2171 4622 2224 4685">
     <span class='ocr_line' id='line_1_69' title="bbox 2171 4622 2224 4685; baseline 0 0"><span class='ocrx_word' id='word_1_599' title='bbox 2171 4622 2224 4685; x_wconf 83' lang='lat' dir='ltr'><strong>D</strong></span> 
     </span>
    </p>
   </div>
   <div class='ocr_carea' id='block_1_69' title="bbox 2255 1991 3861 2065">
    <p class='ocr_par' dir='ltr' id='par_1_69' title="bbox 2255 1991 3861 2065">
     <span class='ocr_line' id='line_1_70' title="bbox 2255 1991 3861 2065; baseline -0.001 -15"><span class='ocrx_word' id='word_1_600' title='bbox 2255 1993 2458 2050; x_wconf 87' lang='lat' dir='ltr'><strong>sentias</strong></span> <span class='ocrx_word' id='word_1_601' title='bbox 2481 1992 2763 2065; x_wconf 90' lang='lat' dir='ltr'><strong>judicium.</strong></span> <span class='ocrx_word' id='word_1_602' title='bbox 2796 1991 2978 2060; x_wconf 83' lang='lat' dir='ltr'><strong>Quare</strong></span> <span class='ocrx_word' id='word_1_603' title='bbox 3001 2001 3181 2048; x_wconf 89' lang='lat' dir='ltr'><strong>autem</strong></span> <span class='ocrx_word' id='word_1_604' title='bbox 3211 1992 3345 2048; x_wconf 82' lang='lat' dir='ltr'><strong>dixit</strong></span> <span class='ocrx_word' id='word_1_605' title='bbox 3377 1991 3673 2062; x_wconf 87' lang='lat' dir='ltr'><strong>judicium</strong></span> <span class='ocrx_word' id='word_1_606' title='bbox 3718 2010 3861 2050; x_wconf 87' lang='lat' dir='ltr'><strong>suum</strong></span> 
     </span>
    </p>
   </div>
   <div class='ocr_carea' id='block_1_70' title="bbox 2252 2082 3861 2159">
    <p class='ocr_par' dir='ltr' id='par_1_70' title="bbox 2252 2082 3861 2159">
     <span class='ocr_line' id='line_1_71' title="bbox 2252 2082 3861 2159; baseline 0.002 -21"><span class='ocrx_word' id='word_1_607' title='bbox 2252 2099 2442 2139; x_wconf 89' lang='lat' dir='ltr'><strong>verum</strong></span> <span class='ocrx_word' id='word_1_608' title='bbox 2465 2084 2618 2140; x_wconf 84' lang='lat' dir='ltr'><strong>esse?</strong></span> <span class='ocrx_word' id='word_1_609' title='bbox 2642 2100 2662 2136; x_wconf 76' lang='grc' dir='ltr'><strong>ι</strong></span> <span class='ocrx_word' id='word_1_610' title='bbox 2689 2083 2825 2152; x_wconf 88' lang='lat' dir='ltr'><strong>Quia</strong></span> <span class='ocrx_word' id='word_1_611' title='bbox 2872 2083 3039 2149; x_wconf 87' lang='lat' dir='ltr'><strong>solus,</strong></span> <span class='ocrx_word' id='word_1_612' title='bbox 3082 2082 3277 2154; x_wconf 90' lang='lat' dir='ltr'><strong>inquit,</strong></span> <span class='ocrx_word' id='word_1_613' title='bbox 3323 2099 3430 2139; x_wconf 93' lang='lat' dir='ltr'><strong>non</strong></span> <span class='ocrx_word' id='word_1_614' title='bbox 3459 2099 3622 2151; x_wconf 86' lang='lat' dir='ltr'><strong>sum,</strong></span> <span class='ocrx_word' id='word_1_615' title='bbox 3647 2084 3750 2141; x_wconf 85' lang='lat' dir='ltr'><strong>sed</strong></span> <span class='ocrx_word' id='word_1_616' title='bbox 3775 2100 3861 2159; x_wconf 77' lang='lat' dir='ltr'><strong>ego</strong></span> 
     </span>
    </p>
   </div>
   <div class='ocr_carea' id='block_1_71' title="bbox 2262 2173 3856 2248">
    <p class='ocr_par' dir='ltr' id='par_1_71' title="bbox 2262 2173 3856 2248">
     <span class='ocr_line' id='line_1_72' title="bbox 2262 2173 3856 2248; baseline 0.001 -21"><span class='ocrx_word' id='word_1_617' title='bbox 2262 2193 2280 2227; x_wconf 83' lang='grc' dir='ltr'><strong>ι</strong></span> <span class='ocrx_word' id='word_1_618' title='bbox 2313 2185 2369 2232; x_wconf 88' lang='lat' dir='ltr'><strong>ct</strong></span> <span class='ocrx_word' id='word_1_619' title='bbox 2395 2177 2489 2248; x_wconf 90' lang='lat' dir='ltr'><strong>qui</strong></span> <span class='ocrx_word' id='word_1_620' title='bbox 2520 2175 2668 2232; x_wconf 92' lang='lat' dir='ltr'><strong>misit</strong></span> <span class='ocrx_word' id='word_1_621' title='bbox 2694 2191 2803 2243; x_wconf 90' lang='lat' dir='ltr'><strong>me,</strong></span> <span class='ocrx_word' id='word_1_622' title='bbox 2834 2173 3019 2231; x_wconf 85' lang='lat' dir='ltr'><strong>Pater.</strong></span> <span class='ocrx_word' id='word_1_623' title='bbox 3054 2194 3073 2228; x_wconf 80' lang='grc' dir='ltr'><strong>ι</strong></span> <span class='ocrx_word' id='word_1_624' title='bbox 3111 2173 3249 2242; x_wconf 89' lang='lat' dir='ltr'><strong>Quid</strong></span> <span class='ocrx_word' id='word_1_625' title='bbox 3274 2181 3358 2230; x_wconf 85' lang='lat' dir='ltr'><strong>est</strong></span> <span class='ocrx_word' id='word_1_626' title='bbox 3388 2173 3593 2229; x_wconf 89' lang='lat' dir='ltr'><strong>missio</strong></span> <span class='ocrx_word' id='word_1_627' title='bbox 3637 2174 3856 2239; x_wconf 85' lang='lat' dir='ltr'><strong>Christi,</strong></span> 
     </span>
    </p>
   </div>
   <div class='ocr_carea' id='block_1_72' title="bbox 2253 2266 3853 2341">
    <p class='ocr_par' dir='ltr' id='par_1_72' title="bbox 2253 2266 3853 2341">
     <span class='ocr_line' id='line_1_73' title="bbox 2253 2266 3853 2341; baseline -0.001 -14"><span class='ocrx_word' id='word_1_628' title='bbox 2253 2270 2358 2327; x_wconf 89' lang='lat' dir='ltr'><strong>nisi</strong></span> <span class='ocrx_word' id='word_1_629' title='bbox 2387 2269 2688 2325; x_wconf 86' lang='lat' dir='ltr'><strong>incarnatio</strong></span> <span class='ocrx_word' id='word_1_630' title='bbox 2717 2268 2878 2341; x_wconf 83' lang='lat' dir='ltr'><strong>ejus?</strong></span> <span class='ocrx_word' id='word_1_631' title='bbox 2912 2267 3111 2324; x_wconf 78' lang='lat' dir='ltr'><strong>Missus</strong></span> <span class='ocrx_word' id='word_1_632' title='bbox 3136 2277 3220 2323; x_wconf 89' lang='lat' dir='ltr'><strong>est</strong></span> <span class='ocrx_word' id='word_1_633' title='bbox 3247 2266 3522 2332; x_wconf 88' lang='lat' dir='ltr'><strong>Christus,</strong></span> <span class='ocrx_word' id='word_1_634' title='bbox 3558 2269 3719 2324; x_wconf 88' lang='lat' dir='ltr'><strong>idem</strong></span> <span class='ocrx_word' id='word_1_635' title='bbox 3748 2276 3853 2332; x_wconf 82' lang='lat' dir='ltr'><strong>est,</strong></span> 
     </span>
    </p>
   </div>
   <div class='ocr_carea' id='block_1_73' title="bbox 2254 2357 3855 2427">
    <p class='ocr_par' dir='ltr' id='par_1_73' title="bbox 2254 2357 3855 2427">
     <span class='ocr_line' id='line_1_74' title="bbox 2254 2357 3855 2427; baseline -0.003 -8"><span class='ocrx_word' id='word_1_636' title='bbox 2254 2364 2298 2419; x_wconf 87' lang='lat' dir='ltr'><strong>si</strong></span> <span class='ocrx_word' id='word_1_637' title='bbox 2334 2361 2483 2418; x_wconf 87' lang='lat' dir='ltr'><strong>dicas</strong></span> <span class='ocrx_word' id='word_1_638' title='bbox 2503 2403 2517 2427; x_wconf 93' lang='lat'><strong>,</strong></span> <span class='ocrx_word' id='word_1_639' title='bbox 2550 2360 2863 2416; x_wconf 87' lang='lat' dir='ltr'><strong>incarnatus</strong></span> <span class='ocrx_word' id='word_1_640' title='bbox 2893 2368 2979 2416; x_wconf 91' lang='lat' dir='ltr'><strong>est</strong></span> <span class='ocrx_word' id='word_1_641' title='bbox 2998 2357 3266 2415; x_wconf 84' lang='lat' dir='ltr'><strong>Christus.</strong></span> <span class='ocrx_word' id='word_1_642' title='bbox 3302 2358 3368 2414; x_wconf 88' lang='lat' dir='ltr'><strong>Et</strong></span> <span class='ocrx_word' id='word_1_643' title='bbox 3396 2374 3426 2414; x_wconf 91' lang='lat' dir='ltr'><strong>a</strong></span> <span class='ocrx_word' id='word_1_644' title='bbox 3453 2357 3634 2415; x_wconf 73' lang='lat' dir='ltr'><strong>Patre</strong></span> <span class='ocrx_word' id='word_1_645' title='bbox 3666 2361 3855 2416; x_wconf 78' lang='lat' dir='ltr'><strong>missus</strong></span> 
     </span>
    </p>
   </div>
   <div class='ocr_carea' id='block_1_74' title="bbox 2254 2446 3857 2523">
    <p class='ocr_par' dir='ltr' id='par_1_74' title="bbox 2254 2446 3857 2523">
     <span class='ocr_line' id='line_1_75' title="bbox 2254 2446 3857 2523; baseline -0.003 -14"><span class='ocrx_word' id='word_1_646' title='bbox 2254 2464 2407 2520; x_wconf 89' lang='lat' dir='ltr'><strong>erat,</strong></span> <span class='ocrx_word' id='word_1_647' title='bbox 2449 2461 2506 2508; x_wconf 89' lang='lat' dir='ltr'><strong>et</strong></span> <span class='ocrx_word' id='word_1_648' title='bbox 2533 2469 2562 2508; x_wconf 90' lang='lat' dir='ltr'><strong>a</strong></span> <span class='ocrx_word' id='word_1_649' title='bbox 2593 2450 2756 2507; x_wconf 88' lang='lat' dir='ltr'><strong>Patre</strong></span> <span class='ocrx_word' id='word_1_650' title='bbox 2784 2465 3059 2521; x_wconf 88' lang='lat' dir='ltr'><strong>nunquam</strong></span> <span class='ocrx_word' id='word_1_651' title='bbox 3101 2448 3349 2505; x_wconf 90' lang='lat' dir='ltr'><strong>recessit.</strong></span> <span class='ocrx_word' id='word_1_652' title='bbox 3395 2446 3465 2504; x_wconf 80' lang='lat' dir='ltr'><strong>Et</strong></span> <span class='ocrx_word' id='word_1_653' title='bbox 3504 2450 3600 2506; x_wconf 91' lang='lat' dir='ltr'><strong>hic</strong></span> <span class='ocrx_word' id='word_1_654' title='bbox 3633 2449 3741 2507; x_wconf 82' lang='lat' dir='ltr'><strong>fuit</strong></span> <span class='ocrx_word' id='word_1_655' title='bbox 3766 2465 3857 2523; x_wconf 86' lang='lat' dir='ltr'><strong>per</strong></span> 
     </span>
    </p>
   </div>
   <div class='ocr_carea' id='block_1_75' title="bbox 2255 2540 3856 2613">
    <p class='ocr_par' dir='ltr' id='par_1_75' title="bbox 2255 2540 3856 2613">
     <span class='ocr_line' id='line_1_76' title="bbox 2255 2540 3856 2613; baseline -0.002 -10"><span class='ocrx_word' id='word_1_656' title='bbox 2255 2546 2701 2611; x_wconf 78' lang='lat' dir='ltr'><strong>incarnationem,</strong></span> <span class='ocrx_word' id='word_1_657' title='bbox 2724 2550 2779 2599; x_wconf 89' lang='lat' dir='ltr'><strong>et</strong></span> <span class='ocrx_word' id='word_1_658' title='bbox 2796 2544 2886 2599; x_wconf 89' lang='lat' dir='ltr'><strong>hic</strong></span> <span class='ocrx_word' id='word_1_659' title='bbox 2904 2551 2989 2598; x_wconf 91' lang='lat' dir='ltr'><strong>est</strong></span> <span class='ocrx_word' id='word_1_660' title='bbox 3011 2541 3168 2598; x_wconf 88' lang='lat' dir='ltr'><strong>modo</strong></span> <span class='ocrx_word' id='word_1_661' title='bbox 3188 2557 3283 2613; x_wconf 89' lang='lat' dir='ltr'><strong>per</strong></span> <span class='ocrx_word' id='word_1_662' title='bbox 3304 2540 3675 2599; x_wconf 87' lang='lat' dir='ltr'><strong>divinitatem.</strong></span> <span class='ocrx_word' id='word_1_663' title='bbox 3702 2541 3856 2600; x_wconf 79' lang='lat' dir='ltr'><strong>Fides</strong></span> 
     </span>
    </p>
   </div>
   <div class='ocr_carea' id='block_1_76' title="bbox 2254 2634 3853 2710">
    <p class='ocr_par' dir='ltr' id='par_1_76' title="bbox 2254 2634 3853 2710">
     <span class='ocr_line' id='line_1_77' title="bbox 2254 2634 3853 2710; baseline -0.002 -16"><span class='ocrx_word' id='word_1_664' title='bbox 2254 2654 2384 2710; x_wconf 84' lang='lat' dir='ltr'><strong>ergo</strong></span> <span class='ocrx_word' id='word_1_665' title='bbox 2421 2639 2646 2694; x_wconf 90' lang='lat' dir='ltr'><strong>mundat</strong></span> <span class='ocrx_word' id='word_1_666' title='bbox 2694 2640 2856 2694; x_wconf 87' lang='lat' dir='ltr'><strong>corda</strong></span> <span class='ocrx_word' id='word_1_667' title='bbox 2902 2645 3087 2692; x_wconf 89' lang='lat' dir='ltr'><strong>nostra</strong></span> <span class='ocrx_word' id='word_1_668' title='bbox 3111 2675 3126 2702; x_wconf 96' lang='lat'><strong>,</strong></span> <span class='ocrx_word' id='word_1_669' title='bbox 3178 2643 3239 2690; x_wconf 92' lang='lat' dir='ltr'><strong>ut</strong></span> <span class='ocrx_word' id='word_1_670' title='bbox 3279 2634 3587 2692; x_wconf 80' lang='lat' dir='ltr'><strong>intellectus</strong></span> <span class='ocrx_word' id='word_1_671' title='bbox 3623 2635 3853 2709; x_wconf 75' lang='lat' dir='ltr'><strong>impleat</strong></span> 
     </span>
    </p>
   </div>
   <div class='ocr_carea' id='block_1_77' title="bbox 2255 2727 3858 2801">
    <p class='ocr_par' dir='ltr' id='par_1_77' title="bbox 2255 2727 3858 2801">
     <span class='ocr_line' id='line_1_78' title="bbox 2255 2727 3858 2801; baseline -0.002 -13"><span class='ocrx_word' id='word_1_672' title='bbox 2255 2733 2418 2788; x_wconf 88' lang='lat' dir='ltr'><strong>corda</strong></span> <span class='ocrx_word' id='word_1_673' title='bbox 2449 2740 2653 2786; x_wconf 92' lang='lat' dir='ltr'><strong>nostra.</strong></span> <span class='ocrx_word' id='word_1_674' title='bbox 2700 2729 2768 2784; x_wconf 89' lang='lat' dir='ltr'><strong>Et</strong></span> <span class='ocrx_word' id='word_1_675' title='bbox 2800 2737 2858 2785; x_wconf 92' lang='lat' dir='ltr'><strong>ut</strong></span> <span class='ocrx_word' id='word_1_676' title='bbox 2887 2727 3277 2801; x_wconf 89' lang='lat' dir='ltr'><strong>intelligamus,</strong></span> <span class='ocrx_word' id='word_1_677' title='bbox 3309 2728 3620 2801; x_wconf 80' lang='lat' dir='ltr'><strong>mysterium</strong></span> <span class='ocrx_word' id='word_1_678' title='bbox 3649 2728 3858 2785; x_wconf 81' lang='lat' dir='ltr'><strong>salutis</strong></span> 
     </span>
    </p>
   </div>
   <div class='ocr_carea' id='block_1_78' title="bbox 2253 2821 3855 2893">
    <p class='ocr_par' dir='ltr' id='par_1_78' title="bbox 2253 2821 3855 2893">
     <span class='ocr_line' id='line_1_79' title="bbox 2253 2821 3855 2893; baseline -0.003 -13"><span class='ocrx_word' id='word_1_679' title='bbox 2253 2834 2452 2880; x_wconf 70' lang='lat' dir='ltr'><strong>nostra:</strong></span> <span class='ocrx_word' id='word_1_680' title='bbox 2474 2824 2640 2878; x_wconf 89' lang='lat' dir='ltr'><strong>altum</strong></span> <span class='ocrx_word' id='word_1_681' title='bbox 2670 2830 2775 2889; x_wconf 88' lang='lat' dir='ltr'><strong>est,</strong></span> <span class='ocrx_word' id='word_1_682' title='bbox 2804 2821 3127 2893; x_wconf 79' lang='lat' dir='ltr'><strong>profundum</strong></span> <span class='ocrx_word' id='word_1_683' title='bbox 3159 2829 3261 2887; x_wconf 90' lang='lat' dir='ltr'><strong>est,</strong></span> <span class='ocrx_word' id='word_1_684' title='bbox 3291 2830 3548 2877; x_wconf 83' lang='lat' dir='ltr'><strong>secretum</strong></span> <span class='ocrx_word' id='word_1_685' title='bbox 3572 2830 3695 2885; x_wconf 87' lang='lat' dir='ltr'><strong>est,</strong></span> <span class='ocrx_word' id='word_1_686' title='bbox 3730 2836 3855 2876; x_wconf 81' lang='lat' dir='ltr'><strong>una</strong></span> 
     </span>
    </p>
   </div>
   <div class='ocr_carea' id='block_1_79' title="bbox 2255 2908 3856 2982">
    <p class='ocr_par' dir='ltr' id='par_1_79' title="bbox 2255 2908 3856 2982">
     <span class='ocr_line' id='line_1_80' title="bbox 2255 2908 3856 2982; baseline -0.001 -13"><span class='ocrx_word' id='word_1_687' title='bbox 2255 2914 2551 2969; x_wconf 85' lang='lat' dir='ltr'><strong>substantia</strong></span> <span class='ocrx_word' id='word_1_688' title='bbox 2583 2922 2686 2979; x_wconf 88' lang='lat' dir='ltr'><strong>est,</strong></span> <span class='ocrx_word' id='word_1_689' title='bbox 2716 2928 2823 2968; x_wconf 91' lang='lat' dir='ltr'><strong>una</strong></span> <span class='ocrx_word' id='word_1_690' title='bbox 2846 2912 3100 2968; x_wconf 90' lang='lat' dir='ltr'><strong>divinitas</strong></span> <span class='ocrx_word' id='word_1_691' title='bbox 3128 2920 3231 2978; x_wconf 90' lang='lat' dir='ltr'><strong>est,</strong></span> <span class='ocrx_word' id='word_1_692' title='bbox 3262 2927 3370 2967; x_wconf 88' lang='lat' dir='ltr'><strong>una</strong></span> <span class='ocrx_word' id='word_1_693' title='bbox 3394 2910 3645 2982; x_wconf 83' lang='lat' dir='ltr'><strong>majestas</strong></span> <span class='ocrx_word' id='word_1_694' title='bbox 3666 2908 3856 2967; x_wconf 83' lang='lat' dir='ltr'><strong>Patris</strong></span> 
     </span>
    </p>
   </div>
   <div class='ocr_carea' id='block_1_80' title="bbox 2255 3006 3853 3079">
    <p class='ocr_par' dir='ltr' id='par_1_80' title="bbox 2255 3006 3853 3079">
     <span class='ocr_line' id='line_1_81' title="bbox 2255 3006 3853 3079; baseline -0.001 -16"><span class='ocrx_word' id='word_1_695' title='bbox 2255 3019 2309 3063; x_wconf 91' lang='lat' dir='ltr'><strong>et</strong></span> <span class='ocrx_word' id='word_1_696' title='bbox 2338 3009 2481 3063; x_wconf 86' lang='lat' dir='ltr'><strong>Filii.</strong></span> <span class='ocrx_word' id='word_1_697' title='bbox 2516 3009 2676 3064; x_wconf 87' lang='lat' dir='ltr'><strong>Pater</strong></span> <span class='ocrx_word' id='word_1_698' title='bbox 2705 3023 2809 3062; x_wconf 94' lang='lat' dir='ltr'><strong>non</strong></span> <span class='ocrx_word' id='word_1_699' title='bbox 2841 3021 3034 3078; x_wconf 89' lang='lat' dir='ltr'><strong>passus</strong></span> <span class='ocrx_word' id='word_1_700' title='bbox 3056 3013 3161 3073; x_wconf 91' lang='lat' dir='ltr'><strong>est,</strong></span> <span class='ocrx_word' id='word_1_701' title='bbox 3198 3006 3293 3063; x_wconf 88' lang='lat' dir='ltr'><strong>sed</strong></span> <span class='ocrx_word' id='word_1_702' title='bbox 3316 3006 3461 3063; x_wconf 82' lang='lat' dir='ltr'><strong>solus</strong></span> <span class='ocrx_word' id='word_1_703' title='bbox 3485 3006 3681 3062; x_wconf 87' lang='lat' dir='ltr'><strong>Filius.</strong></span> <span class='ocrx_word' id='word_1_704' title='bbox 3712 3007 3853 3079; x_wconf 80' lang='lat' dir='ltr'><strong>Ergo</strong></span> 
     </span>
    </p>
   </div>
   <div class='ocr_carea' id='block_1_81' title="bbox 2254 3080 3849 3168">
    <p class='ocr_par' dir='ltr' id='par_1_81' title="bbox 2254 3080 3849 3168">
     <span class='ocr_line' id='line_1_82' title="bbox 2254 3080 3849 3168; baseline 0 -13"><span class='ocrx_word' id='word_1_705' title='bbox 2254 3100 2620 3168; x_wconf 81' lang='lat' dir='ltr'><strong>intelligamus</strong></span> <span class='ocrx_word' id='word_1_706' title='bbox 2652 3099 2964 3154; x_wconf 88' lang='lat' dir='ltr'><strong>missionem</strong></span> <span class='ocrx_word' id='word_1_707' title='bbox 2991 3096 3116 3153; x_wconf 88' lang='lat' dir='ltr'><strong>Filii</strong></span> <span class='ocrx_word' id='word_1_708' title='bbox 3147 3098 3479 3154; x_wconf 87' lang='lat' dir='ltr'><strong>nominatam</strong></span> <span class='ocrx_word' id='word_1_709' title='bbox 3511 3080 3849 3155; x_wconf 70' lang='lat' dir='ltr'><strong>incarnatio-</strong></span> 
     </span>
    </p>
   </div>
   <div class='ocr_carea' id='block_1_82' title="bbox 2255 3190 3853 3248">
    <p class='ocr_par' dir='ltr' id='par_1_82' title="bbox 2255 3190 3853 3248">
     <span class='ocr_line' id='line_1_83' title="bbox 2255 3190 3853 3248; baseline -0.001 0"><span class='ocrx_word' id='word_1_710' title='bbox 2255 3209 2378 3248; x_wconf 91' lang='lat' dir='ltr'><strong>nem</strong></span> <span class='ocrx_word' id='word_1_711' title='bbox 2410 3192 2528 3248; x_wconf 84' lang='lat' dir='ltr'><strong>Filii</strong></span> <span class='ocrx_word' id='word_1_712' title='bbox 2562 3212 2572 3245; x_wconf 93' lang='lat'><strong>:</strong></span> <span class='ocrx_word' id='word_1_713' title='bbox 2616 3190 2828 3247; x_wconf 86' lang='lat' dir='ltr'><strong>Patrem</strong></span> <span class='ocrx_word' id='word_1_714' title='bbox 2855 3200 3037 3247; x_wconf 88' lang='lat' dir='ltr'><strong>autem</strong></span> <span class='ocrx_word' id='word_1_715' title='bbox 3074 3191 3411 3247; x_wconf 90' lang='lat' dir='ltr'><strong>incarnatum</strong></span> <span class='ocrx_word' id='word_1_716' title='bbox 3438 3205 3563 3247; x_wconf 88' lang='lat' dir='ltr'><strong>esse</strong></span> <span class='ocrx_word' id='word_1_717' title='bbox 3586 3206 3707 3246; x_wconf 89' lang='lat' dir='ltr'><strong>non</strong></span> <span class='ocrx_word' id='word_1_718' title='bbox 3742 3207 3853 3247; x_wconf 58' lang='lat' dir='ltr'><strong>creo</strong></span> 
     </span>
    </p>
   </div>
   <div class='ocr_carea' id='block_1_83' title="bbox 2252 3278 3848 3353">
    <p class='ocr_par' dir='ltr' id='par_1_83' title="bbox 2252 3278 3848 3353">
     <span class='ocr_line' id='line_1_84' title="bbox 2252 3278 3848 3353; baseline -0.001 -16"><span class='ocrx_word' id='word_1_719' title='bbox 2252 3282 2369 3338; x_wconf 85' lang='lat' dir='ltr'><strong>das.</strong></span> <span class='ocrx_word' id='word_1_720' title='bbox 2418 3282 2571 3339; x_wconf 91' lang='lat' dir='ltr'><strong>Unde</strong></span> <span class='ocrx_word' id='word_1_721' title='bbox 2607 3297 2738 3351; x_wconf 83' lang='lat' dir='ltr'><strong>ergo</strong></span> <span class='ocrx_word' id='word_1_722' title='bbox 2779 3296 2967 3339; x_wconf 87' lang='lat' dir='ltr'><strong>verum</strong></span> <span class='ocrx_word' id='word_1_723' title='bbox 2996 3290 3080 3337; x_wconf 89' lang='lat' dir='ltr'><strong>est</strong></span> <span class='ocrx_word' id='word_1_724' title='bbox 3100 3280 3366 3350; x_wconf 91' lang='lat' dir='ltr'><strong>judicium</strong></span> <span class='ocrx_word' id='word_1_725' title='bbox 3396 3278 3543 3350; x_wconf 82' lang='lat' dir='ltr'><strong>ejus.</strong></span> <span class='ocrx_word' id='word_1_726' title='bbox 3584 3281 3705 3337; x_wconf 90' lang='lat' dir='ltr'><strong>nisi</strong></span> <span class='ocrx_word' id='word_1_727' title='bbox 3733 3282 3848 3353; x_wconf 88' lang='lat' dir='ltr'><strong>quia</strong></span> 
     </span>
    </p>
   </div>
   <div class='ocr_carea' id='block_1_84' title="bbox 2251 3369 3850 3431">
    <p class='ocr_par' dir='ltr' id='par_1_84' title="bbox 2251 3369 3850 3431">
     <span class='ocr_line' id='line_1_85' title="bbox 2251 3369 3850 3431; baseline -0.002 -1"><span class='ocrx_word' id='word_1_728' title='bbox 2251 3391 2413 3431; x_wconf 88' lang='lat' dir='ltr'><strong>verus</strong></span> <span class='ocrx_word' id='word_1_729' title='bbox 2435 3384 2517 3431; x_wconf 92' lang='lat' dir='ltr'><strong>est</strong></span> <span class='ocrx_word' id='word_1_730' title='bbox 2544 3374 2711 3430; x_wconf 84' lang='lat' dir='ltr'><strong>Filius</strong></span> <span class='ocrx_word' id='word_1_731' title='bbox 2730 3373 2945 3430; x_wconf 88' lang='lat' dir='ltr'><strong>Patris?</strong></span> <span class='ocrx_word' id='word_1_732' title='bbox 2968 3373 3091 3429; x_wconf 89' lang='lat' dir='ltr'><strong>ldee</strong></span> <span class='ocrx_word' id='word_1_733' title='bbox 3114 3373 3248 3428; x_wconf 84' lang='lat' dir='ltr'><strong>dixit</strong></span> <span class='ocrx_word' id='word_1_734' title='bbox 3272 3391 3288 3427; x_wconf 92' lang='lat'><strong>:</strong></span> <span class='ocrx_word' id='word_1_735' title='bbox 3326 3390 3345 3424; x_wconf 77' lang='grc' dir='ltr'><strong>ι</strong></span> <span class='ocrx_word' id='word_1_736' title='bbox 3369 3369 3653 3429; x_wconf 66' lang='lat' dir='ltr'><strong>Iudicium</strong></span> <span class='ocrx_word' id='word_1_737' title='bbox 3676 3386 3850 3428; x_wconf 72' lang='lat' dir='ltr'><strong>meum</strong></span> 
     </span>
    </p>
   </div>
   <div class='ocr_carea' id='block_1_85' title="bbox 2252 3466 3850 3539">
    <p class='ocr_par' dir='ltr' id='par_1_85' title="bbox 2252 3466 3850 3539">
     <span class='ocr_line' id='line_1_86' title="bbox 2252 3466 3850 3539; baseline -0.001 -18"><span class='ocrx_word' id='word_1_738' title='bbox 2252 3482 2439 3522; x_wconf 90' lang='lat' dir='ltr'><strong>verum</strong></span> <span class='ocrx_word' id='word_1_739' title='bbox 2466 3476 2552 3523; x_wconf 91' lang='lat' dir='ltr'><strong>est</strong></span> <span class='ocrx_word' id='word_1_740' title='bbox 2570 3508 2584 3531; x_wconf 88' lang='lat'><strong>,</strong></span> <span class='ocrx_word' id='word_1_741' title='bbox 2615 3467 2742 3539; x_wconf 89' lang='lat' dir='ltr'><strong>quia</strong></span> <span class='ocrx_word' id='word_1_742' title='bbox 2767 3467 2916 3522; x_wconf 90' lang='lat' dir='ltr'><strong>solus</strong></span> <span class='ocrx_word' id='word_1_743' title='bbox 2946 3482 3051 3521; x_wconf 92' lang='lat' dir='ltr'><strong>non</strong></span> <span class='ocrx_word' id='word_1_744' title='bbox 3085 3482 3205 3522; x_wconf 91' lang='lat' dir='ltr'><strong>sum</strong></span> <span class='ocrx_word' id='word_1_745' title='bbox 3227 3506 3243 3531; x_wconf 92' lang='lat'><strong>,</strong></span> <span class='ocrx_word' id='word_1_746' title='bbox 3271 3466 3365 3521; x_wconf 88' lang='lat' dir='ltr'><strong>sed</strong></span> <span class='ocrx_word' id='word_1_747' title='bbox 3402 3480 3526 3539; x_wconf 88' lang='lat' dir='ltr'><strong>ego,</strong></span> <span class='ocrx_word' id='word_1_748' title='bbox 3557 3476 3620 3521; x_wconf 86' lang='lat' dir='ltr'><strong>et</strong></span> <span class='ocrx_word' id='word_1_749' title='bbox 3648 3467 3749 3537; x_wconf 87' lang='lat' dir='ltr'><strong>qui</strong></span> <span class='ocrx_word' id='word_1_750' title='bbox 3774 3481 3850 3521; x_wconf 76' lang='lat' dir='ltr'><strong>nte</strong></span> 
     </span>
    </p>
   </div>
   <div class='ocr_carea' id='block_1_86' title="bbox 2251 3554 3852 3630">
    <p class='ocr_par' dir='ltr' id='par_1_86' title="bbox 2251 3554 3852 3630">
     <span class='ocr_line' id='line_1_87' title="bbox 2251 3554 3852 3630; baseline 0.001 -17"><span class='ocrx_word' id='word_1_751' title='bbox 2251 3559 2401 3614; x_wconf 89' lang='lat' dir='ltr'><strong>misit</strong></span> <span class='ocrx_word' id='word_1_752' title='bbox 2425 3557 2604 3614; x_wconf 88' lang='lat' dir='ltr'><strong>Pater.</strong></span> <span class='ocrx_word' id='word_1_753' title='bbox 2636 3576 2654 3610; x_wconf 79' lang='grc' dir='ltr'><strong>ι</strong></span> <span class='ocrx_word' id='word_1_754' title='bbox 2685 3558 2832 3613; x_wconf 84' lang='lat' dir='ltr'><strong>Idem</strong></span> <span class='ocrx_word' id='word_1_755' title='bbox 2859 3571 2989 3630; x_wconf 92' lang='lat' dir='ltr'><strong>ergo</strong></span> <span class='ocrx_word' id='word_1_756' title='bbox 3016 3557 3070 3612; x_wconf 91' lang='lat' dir='ltr'><strong>in</strong></span> <span class='ocrx_word' id='word_1_757' title='bbox 3101 3555 3210 3612; x_wconf 87' lang='lat' dir='ltr'><strong>alio</strong></span> <span class='ocrx_word' id='word_1_758' title='bbox 3244 3554 3364 3612; x_wconf 92' lang='lat' dir='ltr'><strong>loco</strong></span> <span class='ocrx_word' id='word_1_759' title='bbox 3384 3556 3521 3612; x_wconf 81' lang='lat' dir='ltr'><strong>dixit</strong></span> <span class='ocrx_word' id='word_1_760' title='bbox 3547 3574 3560 3610; x_wconf 94' lang='lat'><strong>:</strong></span> <span class='ocrx_word' id='word_1_761' title='bbox 3592 3576 3615 3607; x_wconf 80' lang='grc' dir='ltr'><strong>ι</strong></span> <span class='ocrx_word' id='word_1_762' title='bbox 3652 3555 3771 3629; x_wconf 83' lang='lat' dir='ltr'><strong>Ego</strong></span> <span class='ocrx_word' id='word_1_763' title='bbox 3802 3563 3852 3614; x_wconf 84' lang='lat' dir='ltr'><strong>et</strong></span> 
     </span>
    </p>
   </div>
   <div class='ocr_carea' id='block_1_87' title="bbox 2250 3646 3848 3722">
    <p class='ocr_par' dir='ltr' id='par_1_87' title="bbox 2250 3646 3848 3722">
     <span class='ocr_line' id='line_1_88' title="bbox 2250 3646 3848 3722; baseline -0.002 -17"><span class='ocrx_word' id='word_1_764' title='bbox 2250 3648 2414 3705; x_wconf 88' lang='lat' dir='ltr'><strong>Pater</strong></span> <span class='ocrx_word' id='word_1_765' title='bbox 2438 3666 2601 3705; x_wconf 90' lang='lat' dir='ltr'><strong>unum</strong></span> <span class='ocrx_word' id='word_1_766' title='bbox 2630 3664 2819 3705; x_wconf 90' lang='lat' dir='ltr'><strong>sumus</strong></span> <span class='ocrx_word' id='word_1_767' title='bbox 2840 3648 3022 3722; x_wconf 80' lang='lat' dir='ltr'><strong>(Joan.</strong></span> <span class='ocrx_word' id='word_1_768' title='bbox 3050 3646 3129 3720; x_wconf 90' lang='lat' dir='ltr'><strong>x).</strong></span> <span class='ocrx_word' id='word_1_769' title='bbox 3164 3667 3184 3700; x_wconf 76' lang='grc' dir='ltr'><strong>ι</strong></span> <span class='ocrx_word' id='word_1_770' title='bbox 3219 3646 3397 3704; x_wconf 90' lang='lat' dir='ltr'><strong>Unum</strong></span> <span class='ocrx_word' id='word_1_771' title='bbox 3428 3647 3478 3702; x_wconf 92' lang='lat' dir='ltr'><strong>in</strong></span> <span class='ocrx_word' id='word_1_772' title='bbox 3511 3646 3848 3709; x_wconf 74' lang='lat' dir='ltr'><strong>substantia.</strong></span> 
     </span>
    </p>
   </div>
   <div class='ocr_carea' id='block_1_88' title="bbox 2251 3739 3847 3814">
    <p class='ocr_par' dir='ltr' id='par_1_88' title="bbox 2251 3739 3847 3814">
     <span class='ocr_line' id='line_1_89' title="bbox 2251 3739 3847 3814; baseline -0.002 -16"><span class='ocrx_word' id='word_1_773' title='bbox 2251 3743 2357 3799; x_wconf 91' lang='lat' dir='ltr'><strong>duo</strong></span> <span class='ocrx_word' id='word_1_774' title='bbox 2386 3744 2439 3798; x_wconf 92' lang='lat' dir='ltr'><strong>in</strong></span> <span class='ocrx_word' id='word_1_775' title='bbox 2469 3757 2718 3814; x_wconf 89' lang='lat' dir='ltr'><strong>persona.</strong></span> <span class='ocrx_word' id='word_1_776' title='bbox 2752 3740 2930 3798; x_wconf 87' lang='lat' dir='ltr'><strong>Unum</strong></span> <span class='ocrx_word' id='word_1_777' title='bbox 2963 3741 3133 3807; x_wconf 82' lang='lat' dir='ltr'><strong>dixit,</strong></span> <span class='ocrx_word' id='word_1_778' title='bbox 3160 3740 3215 3797; x_wconf 92' lang='lat' dir='ltr'><strong>in</strong></span> <span class='ocrx_word' id='word_1_779' title='bbox 3251 3739 3566 3796; x_wconf 72' lang='lat' dir='ltr'><strong>substantia:</strong></span> <span class='ocrx_word' id='word_1_780' title='bbox 3591 3741 3847 3806; x_wconf 82' lang='lat' dir='ltr'><strong>unitate;</strong></span> 
     </span>
    </p>
   </div>
   <div class='ocr_carea' id='block_1_89' title="bbox 2251 3828 3849 3902">
    <p class='ocr_par' dir='ltr' id='par_1_89' title="bbox 2251 3828 3849 3902">
     <span class='ocr_line' id='line_1_90' title="bbox 2251 3828 3849 3902; baseline -0.003 -13"><span class='ocrx_word' id='word_1_781' title='bbox 2251 3847 2439 3889; x_wconf 88' lang='lat' dir='ltr'><strong>sumus</strong></span> <span class='ocrx_word' id='word_1_782' title='bbox 2462 3832 2616 3897; x_wconf 81' lang='lat' dir='ltr'><strong>dixit,</strong></span> <span class='ocrx_word' id='word_1_783' title='bbox 2642 3840 2865 3902; x_wconf 88' lang='lat' dir='ltr'><strong>propter</strong></span> <span class='ocrx_word' id='word_1_784' title='bbox 2886 3845 3240 3902; x_wconf 88' lang='lat' dir='ltr'><strong>personarum</strong></span> <span class='ocrx_word' id='word_1_785' title='bbox 3263 3828 3703 3885; x_wconf 87' lang='lat' dir='ltr'><strong>distinctionem.</strong></span> <span class='ocrx_word' id='word_1_786' title='bbox 3721 3828 3849 3885; x_wconf 83' lang='lat' dir='ltr'><strong>Audi</strong></span> 
     </span>
    </p>
   </div>
   <div class='ocr_carea' id='block_1_90' title="bbox 2249 3918 3850 3995">
    <p class='ocr_par' dir='ltr' id='par_1_90' title="bbox 2249 3918 3850 3995">
     <span class='ocr_line' id='line_1_91' title="bbox 2249 3918 3850 3995; baseline -0.001 -18"><span class='ocrx_word' id='word_1_787' title='bbox 2249 3924 2379 3995; x_wconf 87' lang='lat' dir='ltr'><strong>quid</strong></span> <span class='ocrx_word' id='word_1_788' title='bbox 2408 3923 2580 3978; x_wconf 78' lang='lat' dir='ltr'><strong>dixit:</strong></span> <span class='ocrx_word' id='word_1_789' title='bbox 2611 3941 2630 3975; x_wconf 82' lang='grc' dir='ltr'><strong>ι</strong></span> <span class='ocrx_word' id='word_1_790' title='bbox 2654 3923 2786 3993; x_wconf 86' lang='lat' dir='ltr'><strong>Ego,</strong></span> <span class='ocrx_word' id='word_1_791' title='bbox 2807 3931 2861 3978; x_wconf 92' lang='lat' dir='ltr'><strong>et</strong></span> <span class='ocrx_word' id='word_1_792' title='bbox 2885 3921 2975 3993; x_wconf 89' lang='lat' dir='ltr'><strong>qui</strong></span> <span class='ocrx_word' id='word_1_793' title='bbox 3002 3936 3090 3978; x_wconf 92' lang='lat' dir='ltr'><strong>me</strong></span> <span class='ocrx_word' id='word_1_794' title='bbox 3121 3920 3288 3987; x_wconf 87' lang='lat' dir='ltr'><strong>misit,</strong></span> <span class='ocrx_word' id='word_1_795' title='bbox 3307 3918 3486 3975; x_wconf 86' lang='lat' dir='ltr'><strong>Pater.</strong></span> <span class='ocrx_word' id='word_1_796' title='bbox 3513 3939 3534 3972; x_wconf 73' lang='grc' dir='ltr'><strong>ι</strong></span> <span class='ocrx_word' id='word_1_797' title='bbox 3563 3919 3850 3994; x_wconf 83' lang='lat' dir='ltr'><strong>Distingue</strong></span> 
     </span>
    </p>
   </div>
   <div class='ocr_carea' id='block_1_91' title="bbox 2248 4013 3849 4091">
    <p class='ocr_par' dir='ltr' id='par_1_91' title="bbox 2248 4013 3849 4091">
     <span class='ocr_line' id='line_1_92' title="bbox 2248 4013 3849 4091; baseline -0.003 -17"><span class='ocrx_word' id='word_1_798' title='bbox 2248 4033 2510 4091; x_wconf 88' lang='lat' dir='ltr'><strong>personas</strong></span> <span class='ocrx_word' id='word_1_799' title='bbox 2537 4036 2550 4073; x_wconf 93' lang='lat'><strong>:</strong></span> <span class='ocrx_word' id='word_1_800' title='bbox 2588 4030 2822 4089; x_wconf 89' lang='lat' dir='ltr'><strong>agnosce</strong></span> <span class='ocrx_word' id='word_1_801' title='bbox 2847 4015 2973 4086; x_wconf 90' lang='lat' dir='ltr'><strong>quia</strong></span> <span class='ocrx_word' id='word_1_802' title='bbox 3000 4013 3183 4082; x_wconf 88' lang='lat' dir='ltr'><strong>Pater,</strong></span> <span class='ocrx_word' id='word_1_803' title='bbox 3230 4013 3390 4069; x_wconf 88' lang='lat' dir='ltr'><strong>Pater</strong></span> <span class='ocrx_word' id='word_1_804' title='bbox 3424 4021 3544 4080; x_wconf 89' lang='lat' dir='ltr'><strong>est;</strong></span> <span class='ocrx_word' id='word_1_805' title='bbox 3575 4028 3849 4085; x_wconf 80' lang='lat' dir='ltr'><strong>agnosce,</strong></span> 
     </span>
    </p>
   </div>
   <div class='ocr_carea' id='block_1_92' title="bbox 2247 4102 3851 4182">
    <p class='ocr_par' dir='ltr' id='par_1_92' title="bbox 2247 4102 3851 4182">
     <span class='ocr_line' id='line_1_93' title="bbox 2247 4102 3851 4182; baseline -0.003 -18"><span class='ocrx_word' id='word_1_806' title='bbox 2247 4111 2373 4182; x_wconf 90' lang='lat' dir='ltr'><strong>quia</strong></span> <span class='ocrx_word' id='word_1_807' title='bbox 2398 4109 2587 4175; x_wconf 81' lang='lat' dir='ltr'><strong>Filius,</strong></span> <span class='ocrx_word' id='word_1_808' title='bbox 2614 4108 2785 4164; x_wconf 90' lang='lat' dir='ltr'><strong>Filius</strong></span> <span class='ocrx_word' id='word_1_809' title='bbox 2813 4116 2896 4163; x_wconf 92' lang='lat' dir='ltr'><strong>est</strong></span> <span class='ocrx_word' id='word_1_810' title='bbox 2922 4124 2937 4174; x_wconf 91' lang='lat'><strong>;</strong></span> <span class='ocrx_word' id='word_1_811' title='bbox 2969 4122 3037 4163; x_wconf 94' lang='lat' dir='ltr'><strong>ne</strong></span> <span class='ocrx_word' id='word_1_812' title='bbox 3058 4106 3113 4161; x_wconf 92' lang='lat' dir='ltr'><strong>in</strong></span> <span class='ocrx_word' id='word_1_813' title='bbox 3139 4106 3452 4162; x_wconf 91' lang='lat' dir='ltr'><strong>barathrum</strong></span> <span class='ocrx_word' id='word_1_814' title='bbox 3473 4102 3851 4160; x_wconf 83' lang='lat' dir='ltr'><strong>Sabelliannm</strong></span> 
     </span>
    </p>
   </div>
   <div class='ocr_carea' id='block_1_93' title="bbox 2248 4200 3853 4278">
    <p class='ocr_par' dir='ltr' id='par_1_93' title="bbox 2248 4200 3853 4278">
     <span class='ocr_line' id='line_1_94' title="bbox 2248 4200 3853 4278; baseline -0.001 -19"><span class='ocrx_word' id='word_1_815' title='bbox 2248 4207 2551 4278; x_wconf 85' lang='lat' dir='ltr'><strong>pervenias.</strong></span> <span class='ocrx_word' id='word_1_816' title='bbox 2580 4205 2646 4260; x_wconf 89' lang='lat' dir='ltr'><strong>Et</strong></span> <span class='ocrx_word' id='word_1_817' title='bbox 2667 4204 2773 4261; x_wconf 93' lang='lat' dir='ltr'><strong>noli</strong></span> <span class='ocrx_word' id='word_1_818' title='bbox 2798 4206 2997 4269; x_wconf 89' lang='lat' dir='ltr'><strong>dicere,</strong></span> <span class='ocrx_word' id='word_1_819' title='bbox 3022 4203 3164 4258; x_wconf 86' lang='lat' dir='ltr'><strong>aliud</strong></span> <span class='ocrx_word' id='word_1_820' title='bbox 3186 4211 3243 4260; x_wconf 90' lang='lat' dir='ltr'><strong>et</strong></span> <span class='ocrx_word' id='word_1_821' title='bbox 3263 4202 3436 4259; x_wconf 86' lang='lat' dir='ltr'><strong>aliud:</strong></span> <span class='ocrx_word' id='word_1_822' title='bbox 3457 4202 3550 4257; x_wconf 90' lang='lat' dir='ltr'><strong>sed</strong></span> <span class='ocrx_word' id='word_1_823' title='bbox 3572 4200 3696 4270; x_wconf 86' lang='lat' dir='ltr'><strong>dic,</strong></span> <span class='ocrx_word' id='word_1_824' title='bbox 3720 4202 3853 4258; x_wconf 82' lang='lat' dir='ltr'><strong>alius</strong></span> 
     </span>
    </p>
   </div>
   <div class='ocr_carea' id='block_1_94' title="bbox 2248 4297 3851 4370">
    <p class='ocr_par' dir='ltr' id='par_1_94' title="bbox 2248 4297 3851 4370">
     <span class='ocr_line' id='line_1_95' title="bbox 2248 4297 3851 4370; baseline -0.001 -14"><span class='ocrx_word' id='word_1_825' title='bbox 2248 4308 2303 4356; x_wconf 91' lang='lat' dir='ltr'><strong>et</strong></span> <span class='ocrx_word' id='word_1_826' title='bbox 2333 4300 2490 4357; x_wconf 87' lang='lat' dir='ltr'><strong>alius.</strong></span> <span class='ocrx_word' id='word_1_827' title='bbox 2530 4298 2645 4356; x_wconf 86' lang='lat' dir='ltr'><strong>Non</strong></span> <span class='ocrx_word' id='word_1_828' title='bbox 2673 4300 2816 4355; x_wconf 90' lang='lat' dir='ltr'><strong>aliud</strong></span> <span class='ocrx_word' id='word_1_829' title='bbox 2849 4300 2901 4354; x_wconf 95' lang='lat' dir='ltr'><strong>in</strong></span> <span class='ocrx_word' id='word_1_830' title='bbox 2927 4300 3250 4363; x_wconf 84' lang='lat' dir='ltr'><strong>substantia,</strong></span> <span class='ocrx_word' id='word_1_831' title='bbox 3281 4298 3374 4355; x_wconf 91' lang='lat' dir='ltr'><strong>sed</strong></span> <span class='ocrx_word' id='word_1_832' title='bbox 3405 4298 3542 4354; x_wconf 76' lang='lat' dir='ltr'><strong>alius</strong></span> <span class='ocrx_word' id='word_1_833' title='bbox 3570 4297 3623 4352; x_wconf 91' lang='lat' dir='ltr'><strong>in</strong></span> <span class='ocrx_word' id='word_1_834' title='bbox 3652 4314 3851 4370; x_wconf 68' lang='lat' dir='ltr'><strong>persoo</strong></span> 
     </span>
    </p>
   </div>
   <div class='ocr_carea' id='block_1_95' title="bbox 2248 4390 3851 4462">
    <p class='ocr_par' dir='ltr' id='par_1_95' title="bbox 2248 4390 3851 4462">
     <span class='ocr_line' id='line_1_96' title="bbox 2248 4390 3851 4462; baseline -0.002 -12"><span class='ocrx_word' id='word_1_835' title='bbox 2248 4411 2337 4450; x_wconf 90' lang='lat' dir='ltr'><strong>na.</strong></span> <span class='ocrx_word' id='word_1_836' title='bbox 2368 4393 2483 4449; x_wconf 84' lang='lat' dir='ltr'><strong>Non</strong></span> <span class='ocrx_word' id='word_1_837' title='bbox 2511 4392 2674 4449; x_wconf 89' lang='lat' dir='ltr'><strong>Pater</strong></span> <span class='ocrx_word' id='word_1_838' title='bbox 2700 4390 2889 4462; x_wconf 88' lang='lat' dir='ltr'><strong>major,</strong></span> <span class='ocrx_word' id='word_1_839' title='bbox 2922 4408 3027 4448; x_wconf 90' lang='lat' dir='ltr'><strong>non</strong></span> <span class='ocrx_word' id='word_1_840' title='bbox 3051 4390 3222 4448; x_wconf 83' lang='lat' dir='ltr'><strong>Filius</strong></span> <span class='ocrx_word' id='word_1_841' title='bbox 3245 4391 3425 4448; x_wconf 91' lang='lat' dir='ltr'><strong>minor</strong></span> <span class='ocrx_word' id='word_1_842' title='bbox 3450 4390 3501 4446; x_wconf 93' lang='lat' dir='ltr'><strong>in</strong></span> <span class='ocrx_word' id='word_1_843' title='bbox 3538 4391 3851 4449; x_wconf 80' lang='lat' dir='ltr'><strong>divinitatis</strong></span> 
     </span>
    </p>
   </div>
   <div class='ocr_carea' id='block_1_96' title="bbox 2248 4483 3852 4561">
    <p class='ocr_par' dir='ltr' id='par_1_96' title="bbox 2248 4483 3852 4561">
     <span class='ocr_line' id='line_1_97' title="bbox 2248 4483 3852 4561; baseline -0.001 -20"><span class='ocrx_word' id='word_1_844' title='bbox 2248 4487 2459 4557; x_wconf 89' lang='lat' dir='ltr'><strong>gloria:</strong></span> <span class='ocrx_word' id='word_1_845' title='bbox 2507 4487 2602 4543; x_wconf 89' lang='lat' dir='ltr'><strong>sed</strong></span> <span class='ocrx_word' id='word_1_846' title='bbox 2635 4487 2825 4552; x_wconf 91' lang='lat' dir='ltr'><strong>crede,</strong></span> <span class='ocrx_word' id='word_1_847' title='bbox 2864 4502 3030 4541; x_wconf 90' lang='lat' dir='ltr'><strong>unum</strong></span> <span class='ocrx_word' id='word_1_848' title='bbox 3079 4501 3285 4541; x_wconf 89' lang='lat' dir='ltr'><strong>sumus.</strong></span> <span class='ocrx_word' id='word_1_849' title='bbox 3331 4483 3390 4561; x_wconf 70' lang='lat' dir='ltr'><strong>in</strong></span> <span class='ocrx_word' id='word_1_850' title='bbox 3421 4499 3486 4540; x_wconf 92' lang='lat' dir='ltr'><strong>co</strong></span> <span class='ocrx_word' id='word_1_851' title='bbox 3524 4486 3683 4556; x_wconf 85' lang='lat' dir='ltr'><strong>quod</strong></span> <span class='ocrx_word' id='word_1_852' title='bbox 3714 4484 3852 4540; x_wconf 88' lang='lat' dir='ltr'><strong>dixit</strong></span> 
     </span>
    </p>
   </div>
   <div class='ocr_carea' id='block_1_97' title="bbox 2249 4572 3849 4661">
    <p class='ocr_par' dir='ltr' id='par_1_97' title="bbox 2249 4572 3849 4661">
     <span class='ocr_line' id='line_1_98' title="bbox 2249 4572 3849 4661; baseline 0 -26"><span class='ocrx_word' id='word_1_853' title='bbox 2249 4581 2364 4651; x_wconf 89' lang='lat' dir='ltr'><strong>ipsa</strong></span> <span class='ocrx_word' id='word_1_854' title='bbox 2399 4579 2644 4647; x_wconf 83' lang='lat' dir='ltr'><strong>Veritas,</strong></span> <span class='ocrx_word' id='word_1_855' title='bbox 2675 4596 2872 4661; x_wconf 83' lang='lat' dir='ltr'><strong>unum,</strong></span> <span class='ocrx_word' id='word_1_856' title='bbox 2915 4580 3086 4653; x_wconf 83' lang='lat' dir='ltr'><strong>libera</strong></span> <span class='ocrx_word' id='word_1_857' title='bbox 3122 4589 3174 4635; x_wconf 92' lang='lat' dir='ltr'><strong>te</strong></span> <span class='ocrx_word' id='word_1_858' title='bbox 3202 4572 3271 4635; x_wconf 86' lang='lat' dir='ltr'><strong>ab</strong></span> <span class='ocrx_word' id='word_1_859' title='bbox 3299 4579 3465 4661; x_wconf 55' lang='lat' dir='ltr'><strong>Ario:</strong></span> <span class='ocrx_word' id='word_1_860' title='bbox 3495 4578 3635 4652; x_wconf 86' lang='lat' dir='ltr'><strong>quod</strong></span> <span class='ocrx_word' id='word_1_861' title='bbox 3678 4581 3849 4648; x_wconf 85' lang='lat' dir='ltr'><strong>dixit,</strong></span> 
     </span>
    </p>
   </div>
   <div class='ocr_carea' id='block_1_98' title="bbox 2250 4662 3848 4745">
    <p class='ocr_par' dir='ltr' id='par_1_98' title="bbox 2250 4662 3848 4745">
     <span class='ocr_line' id='line_1_99' title="bbox 2250 4662 3848 4745; baseline -0.001 -16"><span class='ocrx_word' id='word_1_862' title='bbox 2250 4688 2468 4738; x_wconf 90' lang='lat' dir='ltr'><strong>sumus,</strong></span> <span class='ocrx_word' id='word_1_863' title='bbox 2516 4662 2686 4728; x_wconf 78' lang='lat' dir='ltr'><strong>libera</strong></span> <span class='ocrx_word' id='word_1_864' title='bbox 2717 4680 2767 4728; x_wconf 92' lang='lat' dir='ltr'><strong>te</strong></span> <span class='ocrx_word' id='word_1_865' title='bbox 2797 4688 2829 4728; x_wconf 90' lang='lat' dir='ltr'><strong>a</strong></span> <span class='ocrx_word' id='word_1_866' title='bbox 2860 4670 3114 4728; x_wconf 84' lang='lat' dir='ltr'><strong>Sabellio.</strong></span> <span class='ocrx_word' id='word_1_867' title='bbox 3157 4671 3214 4727; x_wconf 90' lang='lat' dir='ltr'><strong>Si</strong></span> <span class='ocrx_word' id='word_1_868' title='bbox 3246 4688 3432 4741; x_wconf 80' lang='lat' dir='ltr'><strong>unum,</strong></span> <span class='ocrx_word' id='word_1_869' title='bbox 3460 4687 3565 4727; x_wconf 92' lang='lat' dir='ltr'><strong>non</strong></span> <span class='ocrx_word' id='word_1_870' title='bbox 3594 4686 3740 4745; x_wconf 72' lang='lat' dir='ltr'><strong>ergo</strong></span> <span class='ocrx_word' id='word_1_871' title='bbox 3767 4672 3848 4728; x_wconf 80' lang='lat' dir='ltr'><strong>di-</strong></span> 
     </span>
    </p>
   </div>
   <div class='ocr_carea' id='block_1_99' title="bbox 2248 4761 3848 4835">
    <p class='ocr_par' dir='ltr' id='par_1_99' title="bbox 2248 4761 3848 4835">
     <span class='ocr_line' id='line_1_100' title="bbox 2248 4761 3848 4835; baseline 0.002 -16"><span class='ocrx_word' id='word_1_872' title='bbox 2248 4780 2464 4819; x_wconf 89' lang='lat' dir='ltr'><strong>versum</strong></span> <span class='ocrx_word' id='word_1_873' title='bbox 2490 4782 2504 4831; x_wconf 94' lang='lat'><strong>;</strong></span> <span class='ocrx_word' id='word_1_874' title='bbox 2552 4764 2597 4819; x_wconf 91' lang='lat' dir='ltr'><strong>si</strong></span> <span class='ocrx_word' id='word_1_875' title='bbox 2627 4780 2841 4831; x_wconf 86' lang='lat' dir='ltr'><strong>sumus,</strong></span> <span class='ocrx_word' id='word_1_876' title='bbox 2882 4780 2988 4821; x_wconf 92' lang='lat' dir='ltr'><strong>non</strong></span> <span class='ocrx_word' id='word_1_877' title='bbox 3010 4779 3140 4835; x_wconf 86' lang='lat' dir='ltr'><strong>ergo</strong></span> <span class='ocrx_word' id='word_1_878' title='bbox 3164 4780 3323 4820; x_wconf 87' lang='lat' dir='ltr'><strong>unus.</strong></span> <span class='ocrx_word' id='word_1_879' title='bbox 3353 4762 3430 4819; x_wconf 91' lang='lat' dir='ltr'><strong>De</strong></span> <span class='ocrx_word' id='word_1_880' title='bbox 3454 4761 3664 4835; x_wconf 86' lang='lat' dir='ltr'><strong>judicio</strong></span> <span class='ocrx_word' id='word_1_881' title='bbox 3692 4764 3848 4821; x_wconf 76' lang='lat' dir='ltr'><strong>dixe-</strong></span> 
     </span>
    </p>
   </div>
   <div class='ocr_carea' id='block_1_100' title="bbox 2249 4855 3847 4930">
    <p class='ocr_par' dir='ltr' id='par_1_100' title="bbox 2249 4855 3847 4930">
     <span class='ocr_line' id='line_1_101' title="bbox 2249 4855 3847 4930; baseline 0.002 -20"><span class='ocrx_word' id='word_1_882' title='bbox 2249 4864 2370 4910; x_wconf 91' lang='lat' dir='ltr'><strong>rat:</strong></span> <span class='ocrx_word' id='word_1_883' title='bbox 2401 4876 2419 4908; x_wconf 82' lang='grc' dir='ltr'><strong>ι</strong></span> <span class='ocrx_word' id='word_1_884' title='bbox 2452 4856 2568 4930; x_wconf 86' lang='lat' dir='ltr'><strong>Ego</strong></span> <span class='ocrx_word' id='word_1_885' title='bbox 2609 4872 2716 4912; x_wconf 91' lang='lat' dir='ltr'><strong>non</strong></span> <span class='ocrx_word' id='word_1_886' title='bbox 2758 4857 2943 4929; x_wconf 89' lang='lat' dir='ltr'><strong>judico</strong></span> <span class='ocrx_word' id='word_1_887' title='bbox 2970 4871 3299 4930; x_wconf 89' lang='lat' dir='ltr'><strong>quemquam</strong></span> <span class='ocrx_word' id='word_1_888' title='bbox 3324 4871 3340 4924; x_wconf 86' lang='lat'><strong>;</strong></span> <span class='ocrx_word' id='word_1_889' title='bbox 3372 4875 3392 4909; x_wconf 82' lang='grc' dir='ltr'><strong>ι</strong></span> <span class='ocrx_word' id='word_1_890' title='bbox 3423 4855 3492 4912; x_wconf 87' lang='lat' dir='ltr'><strong>de</strong></span> <span class='ocrx_word' id='word_1_891' title='bbox 3522 4855 3847 4913; x_wconf 77' lang='lat' dir='ltr'><strong>testimonio</strong></span> 
     </span>
    </p>
   </div>
   <div class='ocr_carea' id='block_1_101' title="bbox 2246 4948 2761 5007">
    <p class='ocr_par' dir='ltr' id='par_1_101' title="bbox 2246 4948 2761 5007">
     <span class='ocr_line' id='line_1_102' title="bbox 2246 4948 2761 5007; baseline -0.002 -2"><span class='ocrx_word' id='word_1_892' title='bbox 2246 4965 2393 5007; x_wconf 90' lang='lat' dir='ltr'><strong>nunc</strong></span> <span class='ocrx_word' id='word_1_893' title='bbox 2420 4948 2534 5004; x_wconf 89' lang='lat' dir='ltr'><strong>vult</strong></span> <span class='ocrx_word' id='word_1_894' title='bbox 2561 4949 2761 5005; x_wconf 92' lang='lat' dir='ltr'><strong>dicere.</strong></span> 
     </span>
    </p>
   </div>
   <div class='ocr_carea' id='block_1_102' title="bbox 2325 5038 3850 5114">
    <p class='ocr_par' dir='ltr' id='par_1_102' title="bbox 2325 5038 3850 5114">
     <span class='ocr_line' id='line_1_103' title="bbox 2325 5038 3850 5114; baseline 0.005 -23"><span class='ocrx_word' id='word_1_895' title='bbox 2325 5058 2343 5091; x_wconf 82' lang='grc' dir='ltr'><strong>ι</strong></span> <span class='ocrx_word' id='word_1_896' title='bbox 2375 5039 2435 5096; x_wconf 85' lang='grc' dir='ltr'><strong>ιιι</strong></span> <span class='ocrx_word' id='word_1_897' title='bbox 2462 5039 2600 5112; x_wconf 88' lang='lat' dir='ltr'><strong>lege,</strong></span> <span class='ocrx_word' id='word_1_898' title='bbox 2632 5060 2650 5093; x_wconf 80' lang='grc' dir='ltr'><strong>ι</strong></span> <span class='ocrx_word' id='word_1_899' title='bbox 2683 5038 2878 5111; x_wconf 91' lang='lat' dir='ltr'><strong>inquit,</strong></span> <span class='ocrx_word' id='word_1_900' title='bbox 2908 5057 2928 5092; x_wconf 82' lang='grc' dir='ltr'><strong>ι</strong></span> <span class='ocrx_word' id='word_1_901' title='bbox 2955 5048 3138 5097; x_wconf 88' lang='lat' dir='ltr'><strong>vestra</strong></span> <span class='ocrx_word' id='word_1_902' title='bbox 3169 5041 3431 5114; x_wconf 87' lang='lat' dir='ltr'><strong>scriptum</strong></span> <span class='ocrx_word' id='word_1_903' title='bbox 3456 5049 3559 5097; x_wconf 86' lang='lat' dir='ltr'><strong>est.</strong></span> <span class='ocrx_word' id='word_1_904' title='bbox 3588 5059 3608 5093; x_wconf 78' lang='grc' dir='ltr'><strong>ι</strong></span> <span class='ocrx_word' id='word_1_905' title='bbox 3636 5039 3850 5098; x_wconf 73' lang='lat' dir='ltr'><strong>Vestra</strong></span> 
     </span>
    </p>
   </div>
   <div class='ocr_carea' id='block_1_103' title="bbox 2244 5130 3849 5206">
    <p class='ocr_par' dir='ltr' id='par_1_103' title="bbox 2244 5130 3849 5206">
     <span class='ocr_line' id='line_1_104' title="bbox 2244 5130 3849 5206; baseline 0.001 -21"><span class='ocrx_word' id='word_1_906' title='bbox 2244 5130 2396 5196; x_wconf 91' lang='lat' dir='ltr'><strong>dicit,</strong></span> <span class='ocrx_word' id='word_1_907' title='bbox 2420 5139 2677 5203; x_wconf 90' lang='lat' dir='ltr'><strong>tanquam</strong></span> <span class='ocrx_word' id='word_1_908' title='bbox 2701 5131 2921 5198; x_wconf 90' lang='lat' dir='ltr'><strong>diceret,</strong></span> <span class='ocrx_word' id='word_1_909' title='bbox 2952 5131 3011 5187; x_wconf 86' lang='lat' dir='ltr'><strong>In</strong></span> <span class='ocrx_word' id='word_1_910' title='bbox 3041 5131 3159 5206; x_wconf 87' lang='lat' dir='ltr'><strong>lege</strong></span> <span class='ocrx_word' id='word_1_911' title='bbox 3188 5147 3307 5205; x_wconf 66' lang='lat' dir='ltr'><strong>qua:</strong></span> <span class='ocrx_word' id='word_1_912' title='bbox 3335 5130 3485 5188; x_wconf 89' lang='lat' dir='ltr'><strong>vobis</strong></span> <span class='ocrx_word' id='word_1_913' title='bbox 3507 5146 3536 5185; x_wconf 92' lang='lat' dir='ltr'><strong>a</strong></span> <span class='ocrx_word' id='word_1_914' title='bbox 3569 5130 3687 5187; x_wconf 88' lang='lat' dir='ltr'><strong>Deo</strong></span> <span class='ocrx_word' id='word_1_915' title='bbox 3720 5131 3849 5187; x_wconf 78' lang='lat' dir='ltr'><strong>data</strong></span> 
     </span>
    </p>
   </div>
   <div class='ocr_carea' id='block_1_104' title="bbox 2241 5222 3847 5311">
    <p class='ocr_par' dir='ltr' id='par_1_104' title="bbox 2241 5222 3847 5311">
     <span class='ocr_line' id='line_1_105' title="bbox 2241 5222 3847 5311; baseline -0.002 -29"><span class='ocrx_word' id='word_1_916' title='bbox 2241 5234 2354 5289; x_wconf 89' lang='lat' dir='ltr'><strong>est,</strong></span> <span class='ocrx_word' id='word_1_917' title='bbox 2402 5227 2544 5282; x_wconf 89' lang='lat' dir='ltr'><strong>sicut</strong></span> <span class='ocrx_word' id='word_1_918' title='bbox 2584 5225 2851 5282; x_wconf 88' lang='lat' dir='ltr'><strong>dicimus:</strong></span> <span class='ocrx_word' id='word_1_919' title='bbox 2891 5224 3097 5291; x_wconf 81' lang='lat' dir='ltr'><strong>Panem</strong></span> <span class='ocrx_word' id='word_1_920' title='bbox 3140 5235 3385 5311; x_wconf 78' lang='lat' dir='ltr'><strong>nostrum</strong></span> <span class='ocrx_word' id='word_1_921' title='bbox 3420 5222 3847 5295; x_wconf 85' lang='lat' dir='ltr'><strong>quotidianum,</strong></span> 
     </span>
    </p>
   </div>
   <div class='ocr_carea' id='block_1_105' title="bbox 2240 5316 3865 5398">
    <p class='ocr_par' dir='ltr' id='par_1_105' title="bbox 2240 5316 3865 5398">
     <span class='ocr_line' id='line_1_106' title="bbox 2240 5316 3865 5398; baseline 0 -25"><span class='ocrx_word' id='word_1_922' title='bbox 2240 5335 2400 5392; x_wconf 91' lang='lat' dir='ltr'><strong>quem</strong></span> <span class='ocrx_word' id='word_1_923' title='bbox 2423 5336 2453 5375; x_wconf 92' lang='lat' dir='ltr'><strong>a</strong></span> <span class='ocrx_word' id='word_1_924' title='bbox 2480 5318 2590 5376; x_wconf 90' lang='lat' dir='ltr'><strong>Deo</strong></span> <span class='ocrx_word' id='word_1_925' title='bbox 2619 5320 2775 5377; x_wconf 86' lang='lat' dir='ltr'><strong>nobis</strong></span> <span class='ocrx_word' id='word_1_926' title='bbox 2806 5318 2919 5397; x_wconf 82' lang='lat' dir='ltr'><strong>dari</strong></span> <span class='ocrx_word' id='word_1_927' title='bbox 2947 5319 3312 5398; x_wconf 87' lang='lat' dir='ltr'><strong>poposcimus.</strong></span> <span class='ocrx_word' id='word_1_928' title='bbox 3343 5316 3481 5386; x_wconf 88' lang='lat' dir='ltr'><strong>Quid</strong></span> <span class='ocrx_word' id='word_1_929' title='bbox 3506 5324 3591 5373; x_wconf 92' lang='lat' dir='ltr'><strong>est</strong></span> <span class='ocrx_word' id='word_1_930' title='bbox 3608 5316 3771 5388; x_wconf 83' lang='lat' dir='ltr'><strong>quod</strong></span> <span class='ocrx_word' id='word_1_931' title='bbox 3791 5316 3865 5398; x_wconf 28' lang='lat' dir='ltr'><strong>in,</strong></span> 
     </span>
    </p>
   </div>
   <div class='ocr_carea' id='block_1_106' title="bbox 2240 5396 3847 5489">
    <p class='ocr_par' dir='ltr' id='par_1_106' title="bbox 2240 5396 3847 5489">
     <span class='ocr_line' id='line_1_107' title="bbox 2240 5396 3847 5489; baseline 0 -22"><span class='ocrx_word' id='word_1_932' title='bbox 2240 5412 2357 5487; x_wconf 90' lang='lat' dir='ltr'><strong>lege</strong></span> <span class='ocrx_word' id='word_1_933' title='bbox 2385 5428 2571 5471; x_wconf 89' lang='lat' dir='ltr'><strong>eorum</strong></span> <span class='ocrx_word' id='word_1_934' title='bbox 2599 5396 2859 5486; x_wconf 84' lang='lat' dir='ltr'><strong>scriptum</strong></span> <span class='ocrx_word' id='word_1_935' title='bbox 2900 5420 2987 5469; x_wconf 90' lang='lat' dir='ltr'><strong>est</strong></span> <span class='ocrx_word' id='word_1_936' title='bbox 3009 5396 3028 5468; x_wconf 68' lang='grc' dir='ltr'><strong>τ’</strong></span> <span class='ocrx_word' id='word_1_937' title='bbox 3061 5431 3079 5465; x_wconf 83' lang='grc' dir='ltr'><strong>ι</strong></span> <span class='ocrx_word' id='word_1_938' title='bbox 3117 5410 3252 5482; x_wconf 88' lang='lat' dir='ltr'><strong>Quia</strong></span> <span class='ocrx_word' id='word_1_939' title='bbox 3289 5412 3521 5469; x_wconf 90' lang='lat' dir='ltr'><strong>duorum</strong></span> <span class='ocrx_word' id='word_1_940' title='bbox 3549 5409 3847 5489; x_wconf 83' lang='lat' dir='ltr'><strong>hominum</strong></span> 
     </span>
    </p>
   </div>
   <div class='ocr_carea' id='block_1_107' title="bbox 2245 5501 3867 5585">
    <p class='ocr_par' dir='ltr' id='par_1_107' title="bbox 2245 5501 3867 5585">
     <span class='ocr_line' id='line_1_108' title="bbox 2245 5501 3867 5585; baseline 0.004 -26"><span class='ocrx_word' id='word_1_941' title='bbox 2245 5527 2263 5559; x_wconf 80' lang='grc' dir='ltr'><strong>ι</strong></span> <span class='ocrx_word' id='word_1_942' title='bbox 2287 5505 2651 5562; x_wconf 89' lang='lat' dir='ltr'><strong>testimonium</strong></span> <span class='ocrx_word' id='word_1_943' title='bbox 2667 5521 2854 5561; x_wconf 89' lang='lat' dir='ltr'><strong>verum</strong></span> <span class='ocrx_word' id='word_1_944' title='bbox 2876 5513 2978 5563; x_wconf 88' lang='lat' dir='ltr'><strong>est.</strong></span> <span class='ocrx_word' id='word_1_945' title='bbox 2993 5524 3010 5554; x_wconf 81' lang='grc' dir='ltr'><strong>ι</strong></span> <span class='ocrx_word' id='word_1_946' title='bbox 3029 5504 3283 5578; x_wconf 87' lang='lat' dir='ltr'><strong>Nunquid</strong></span> <span class='ocrx_word' id='word_1_947' title='bbox 3305 5519 3519 5577; x_wconf 87' lang='lat' dir='ltr'><strong>semper</strong></span> <span class='ocrx_word' id='word_1_948' title='bbox 3539 5503 3643 5583; x_wconf 84' lang='lat' dir='ltr'><strong>duo</strong></span> <span class='ocrx_word' id='word_1_949' title='bbox 3656 5501 3867 5585; x_wconf 42' lang='lat' dir='ltr'><strong>humi;</strong></span> 
     </span>
    </p>
   </div>
   <div class='ocr_carea' id='block_1_108' title="bbox 2241 5593 3847 5655">
    <p class='ocr_par' dir='ltr' id='par_1_108' title="bbox 2241 5593 3847 5655">
     <span class='ocr_line' id='line_1_109' title="bbox 2241 5593 3847 5655; baseline -0.001 -2"><span class='ocrx_word' id='word_1_950' title='bbox 2241 5613 2337 5653; x_wconf 91' lang='lat' dir='ltr'><strong>nes</strong></span> <span class='ocrx_word' id='word_1_951' title='bbox 2351 5611 2537 5655; x_wconf 87' lang='lat' dir='ltr'><strong>verum</strong></span> <span class='ocrx_word' id='word_1_952' title='bbox 2553 5595 2738 5652; x_wconf 90' lang='lat' dir='ltr'><strong>dicunt</strong></span> <span class='ocrx_word' id='word_1_953' title='bbox 2762 5596 3165 5653; x_wconf 86' lang='lat' dir='ltr'><strong>testimonium?</strong></span> <span class='ocrx_word' id='word_1_954' title='bbox 3185 5594 3373 5653; x_wconf 88' lang='lat' dir='ltr'><strong>Nonne</strong></span> <span class='ocrx_word' id='word_1_955' title='bbox 3399 5597 3505 5653; x_wconf 89' lang='lat' dir='ltr'><strong>duo</strong></span> <span class='ocrx_word' id='word_1_956' title='bbox 3528 5593 3643 5651; x_wconf 81' lang='lat' dir='ltr'><strong>falsi</strong></span> <span class='ocrx_word' id='word_1_957' title='bbox 3658 5600 3847 5651; x_wconf 85' lang='lat' dir='ltr'><strong>testes</strong></span> 
     </span>
    </p>
   </div>
   <div class='ocr_carea' id='block_1_109' title="bbox 2242 5683 3845 5765">
    <p class='ocr_par' dir='ltr' id='par_1_109' title="bbox 2242 5683 3845 5765">
     <span class='ocr_line' id='line_1_110' title="bbox 2242 5683 3845 5765; baseline -0.003 -21"><span class='ocrx_word' id='word_1_958' title='bbox 2242 5695 2430 5744; x_wconf 91' lang='lat' dir='ltr'><strong>contra</strong></span> <span class='ocrx_word' id='word_1_959' title='bbox 2480 5686 2784 5743; x_wconf 88' lang='lat' dir='ltr'><strong>Susannam</strong></span> <span class='ocrx_word' id='word_1_960' title='bbox 2833 5686 3026 5744; x_wconf 77' lang='lat' dir='ltr'><strong>falsum</strong></span> <span class='ocrx_word' id='word_1_961' title='bbox 3074 5687 3416 5758; x_wconf 90' lang='lat' dir='ltr'><strong>protulerunt</strong></span> <span class='ocrx_word' id='word_1_962' title='bbox 3457 5683 3845 5765; x_wconf 79' lang='lat' dir='ltr'><strong>testimonium</strong></span> 
     </span>
    </p>
   </div>
   <div class='ocr_carea' id='block_1_110' title="bbox 2244 5754 3843 5859">
    <p class='ocr_par' dir='ltr' id='par_1_110' title="bbox 2244 5754 3843 5859">
     <span class='ocr_line' id='line_1_111' title="bbox 2244 5754 3843 5859; baseline -0.002 -26"><span class='ocrx_word' id='word_1_963' title='bbox 2244 5779 2558 5849; x_wconf 69' lang='lat' dir='ltr'><strong>(Datum)?</strong></span> <span class='ocrx_word' id='word_1_964' title='bbox 2572 5777 2846 5857; x_wconf 83' lang='lat' dir='ltr'><strong>EtJudaeis</strong></span> <span class='ocrx_word' id='word_1_965' title='bbox 2862 5754 3227 5849; x_wconf 74' lang='lat' dir='ltr'><strong>quaerentibus</strong></span> <span class='ocrx_word' id='word_1_966' title='bbox 3243 5777 3437 5834; x_wconf 78' lang='lat' dir='ltr'><strong>falsum</strong></span> <span class='ocrx_word' id='word_1_967' title='bbox 3460 5754 3843 5859; x_wconf 73' lang='lat' dir='ltr'><strong>testimonium</strong></span> 
     </span>
    </p>
   </div>
   <div class='ocr_carea' id='block_1_111' title="bbox 2242 5867 3842 5943">
    <p class='ocr_par' dir='ltr' id='par_1_111' title="bbox 2242 5867 3842 5943">
     <span class='ocr_line' id='line_1_112' title="bbox 2242 5867 3842 5943; baseline -0.004 -16"><span class='ocrx_word' id='word_1_968' title='bbox 2242 5878 2429 5927; x_wconf 86' lang='lat' dir='ltr'><strong>contra</strong></span> <span class='ocrx_word' id='word_1_969' title='bbox 2465 5868 2737 5925; x_wconf 87' lang='lat' dir='ltr'><strong>Christum</strong></span> <span class='ocrx_word' id='word_1_970' title='bbox 2758 5909 2772 5935; x_wconf 96' lang='lat'><strong>,</strong></span> <span class='ocrx_word' id='word_1_971' title='bbox 2807 5869 2936 5925; x_wconf 90' lang='lat' dir='ltr'><strong>dicit</strong></span> <span class='ocrx_word' id='word_1_972' title='bbox 2960 5867 3326 5943; x_wconf 86' lang='lat' dir='ltr'><strong>evangelista:</strong></span> <span class='ocrx_word' id='word_1_973' title='bbox 3358 5888 3375 5921; x_wconf 85' lang='grc' dir='ltr'><strong>ι</strong></span> <span class='ocrx_word' id='word_1_974' title='bbox 3418 5868 3698 5925; x_wconf 80' lang='lat' dir='ltr'><strong>Venerunt</strong></span> <span class='ocrx_word' id='word_1_975' title='bbox 3730 5879 3842 5921; x_wconf 83' lang='lat' dir='ltr'><strong>no-</strong></span> 
     </span>
    </p>
   </div>
  </div>
