3994 6354
1403 375 1708 436 HOMlLl/E
1744 376 1834 434 DE
1868 376 2213 436 TEMPORE.

179 498 418 554 vissime
469 498 574 554 duo
615 494 735 553 falsi
786 502 951 551 testes
992 493 1209 567 (Matth.
1240 494 1414 564 xxvi).
1454 513 1474 547 ι
1518 493 1770 562 Nunquid
1798 501 1847 560 Α
1873 490 2219 547 dubitationis
2243 494 2466 549 verbum
2509 502 2623 561 est,
2660 494 2876 566 quando
2908 494 3105 552 dicitur
3132 495 3202 553 ab
3229 496 3450 558 homine

175 589 322 661 quia
344 588 449 643 duo
468 596 639 650 erant,
675 587 795 641 ideo
826 585 944 641 falsi
977 594 1144 641 testes
1172 601 1276 640 non
1302 586 1501 641 erant?
1539 585 1678 652 Quid
1705 586 1769 651 de

176 680 408 735 duobus
432 679 660 733 dicimus
684 677 769 733 vel
797 677 1008 732 tribus?
1044 677 1334 732 Universus
1366 676 1592 747 populus
1620 693 1771 731 men-

176 770 328 826 titus
356 776 440 825 est
468 776 657 824 contra
685 766 979 822 Christum.
1011 765 1068 821 Si
1096 782 1224 838 ergo
1242 774 1383 822 totus
1408 767 1649 838 populus,
1678 767 1770 836 qui

177 870 408 919 constat
425 876 493 915 ex
514 875 707 932 magna
732 859 1007 914 hominum
1022 859 1381 937 multitudine,
1404 859 1594 914 falsum
1621 859 1771 915 testi-

176 953 438 1009 monium
461 951 641 1006 dicere
658 950 918 1007 inventus
940 959 1055 1013 est,
1088 949 1356 1019 quomodo
1395 948 1769 1020 accipiendum

173 1054 276 1103 est
303 1062 318 1100 :
358 1062 377 1094 ‹
409 1044 467 1099 lu
490 1058 584 1098 ore
614 1042 841 1098 duorum
870 1042 954 1124 vel
980 1042 1142 1096 trium
1176 1042 1393 1096 testium
1419 1040 1584 1096 stabit
1610 1055 1771 1096 omne

173 1134 417 1191 verbum
453 1134 632 1203 (Deut.
658 1132 794 1205 xix),
815 1154 834 1186 ι
860 1133 962 1189 nisi
991 1134 1117 1205 quia
1147 1135 1251 1189 hoc
1273 1133 1432 1189 modo
1449 1149 1548 1203 per
1573 1142 1770 1204 myste-

175 1225 334 1281 rium
369 1225 608 1281 Trinitas
637 1222 1009 1279 commendata
1037 1231 1140 1289 est,
1168 1223 1221 1278 in
1247 1237 1351 1292 qua
1372 1231 1628 1293 perpetua
1655 1230 1767 1277 sta-

174 1315 377 1370 bilitas
406 1313 653 1371 veritatis
691 1315 815 1370 est?
853 1311 911 1369 Si
938 1314 1019 1369 vis
1050 1315 1247 1369 habere
1275 1315 1471 1370 bonam
1507 1329 1765 1380 causam,

175 1404 390 1460 habeto
419 1404 553 1458 duos
582 1401 664 1458 vel
694 1410 803 1457 tres
825 1409 1007 1466 testes,
1032 1402 1248 1458 Patrem
1273 1412 1329 1459 et
1349 1403 1544 1458 Filium
1571 1415 1627 1459 et
1648 1402 1768 1473 Spi-

178 1491 363 1549 ritum
377 1499 640 1551 sanctum.
659 1490 922 1565 Denique,
937 1489 1153 1561 quando
1168 1489 1436 1558 Susanna,
1453 1502 1598 1549 casta
1612 1492 1768 1547 femi-

179 1602 265 1642 na
291 1585 568 1655 fidelisque
596 1586 813 1655 conjux,
849 1601 880 1639 a
912 1587 1121 1642 duobus
1154 1586 1304 1643 falsis
1338 1589 1564 1644 testibus
1608 1602 1768 1660 urge-

160 1678 380 1742 batur,
405 1675 644 1732 Trinitas
668 1675 744 1732 illi
791 1677 844 1732 in
881 1677 1208 1733 conscientia
1250 1686 1411 1750 atque
1455 1681 1511 1735 in
1554 1680 1766 1735 occulto

174 1767 605 1840 suffragabatur.
630 1766 722 1822 Illa
758 1765 999 1825 Trinitas
1028 1768 1095 1824 de
1130 1768 1340 1824 ecculm
1376 1785 1540 1825 unum
1575 1779 1765 1827 testem

1871 582 2186 638 dubitante:
2218 582 2339 638 ideo
2368 584 2664 651 dubitante,
2689 585 2813 656 quia
2842 587 3137 643 nesciente.
3161 587 3295 644 Cum
3317 605 3448 648 vero

1872 673 2070 727 dicitur
2100 689 2131 727 a
2168 672 2282 729 Deo
2310 676 2533 729 verbum
2567 675 2939 753 dubitationis,
2965 693 3088 735 cum
3115 678 3282 737 Deum
3313 682 3449 738 nihil

1872 766 2057 833 utique
2096 762 2291 829 lateat,
2338 762 2428 819 illa
2469 763 2803 820 dubitatione
2844 768 3090 838 arguitur
3128 769 3446 839 infidelitas,

1871 869 1977 906 non
2005 854 2260 923 opinatur
2288 854 2559 911 divinitas.
2606 854 2865 918 Homines
2902 861 3048 921 enim
3079 860 3147 929 de
3176 861 3260 921 bis
3284 863 3449 923 rebus

1870 960 2005 1014 quas
2036 956 2215 1001 certas
2248 947 2467 1012 habent,
2496 947 2779 1017 aliquando
2812 949 3140 1020 increpative
3167 953 3445 1021 dubitant,

1873 1034 1928 1089 id
1957 1043 2041 1089 est
2081 1036 2304 1090 verbum
2346 1035 2694 1091 dubitationis
2721 1048 2943 1107 ponunt,
2983 1056 3104 1095 cum
3145 1043 3308 1100 corde
3339 1060 3447 1103 non

1871 1123 2140 1181 dubitant.
2171 1124 2356 1191 Velut,
2402 1126 2451 1180 si
2481 1126 2779 1197 indigneris
2814 1136 2973 1184 servo
3003 1134 3124 1198 tuo,
3158 1140 3213 1187 et
3255 1134 3444 1191 dicas:

1870 1210 1980 1267 Con
1989 1214 2184 1268 temnis
2198 1216 2318 1269 me?
2331 1216 2632 1282 considera,
2650 1216 2876 1272 forsitan
2891 1219 3139 1277 dominus
3160 1230 3281 1279 tuus
3300 1240 3440 1298 sum.

1869 1304 2007 1361 Hinc
2053 1315 2110 1362 et
2152 1307 2441 1377 Apostolus
2476 1310 2543 1365 ad
2580 1310 2845 1381 quosdam
2878 1321 3275 1384 contemptores
3317 1334 3446 1376 suos

1868 1396 2112 1468 loquens,
2140 1400 2217 1454 ait
2245 1417 2259 1454 :
2292 1418 2311 1452 ι
2339 1400 2476 1456 Puto
2495 1410 2676 1459 autem
2703 1403 2844 1472 quod
2869 1414 2925 1458 et
2952 1419 3053 1475 ego
3075 1407 3322 1476 spiritum
3347 1410 3443 1467 Dei

1868 1489 2042 1545 habeo
2073 1489 2123 1563 (Ι
2149 1490 2270 1545 Cor.
2295 1492 2415 1565 vn).
2449 1513 2469 1546 ι
2502 1492 2654 1561 Quod
2682 1495 2813 1550 dicit
2834 1507 2980 1566 puto,
3020 1496 3270 1557 dubitare
3294 1503 3444 1559 vide-

1870 1588 1979 1645 tur,
2009 1581 2104 1637 sed
2132 1580 2221 1636 ille
2248 1582 2584 1653 increpabat,
2615 1601 2722 1640 non
2750 1585 3048 1643 dubitabat.
3087 1589 3153 1645 Et
3187 1590 3442 1649 Dominus

1868 1668 2116 1725 Christus
2158 1670 2263 1727 alio
2294 1671 2415 1728 loco
2457 1673 2743 1744 increpans
2790 1677 3159 1737 inﬁdelitatem
3203 1682 3441 1739 futuram

1869 1760 2083 1830 generis
2127 1761 2346 1819 humani
2382 1781 2397 1817 :
2427 1782 2447 1817 ι
2480 1764 2615 1820 Cum
2661 1767 2903 1837 venerit,
2930 1788 2949 1822 ι
2981 1769 3187 1841 inquit,
3228 1790 3247 1824 ι
3274 1773 3443 1830 Filius

175 1858 462 1920 Datdelem
503 1858 788 1923 excitavit,
832 1866 888 1913 et
926 1859 1062 1915 duos
1088 1860 1340 1915 convicit.
1384 1860 1527 1931 Ergo
1552 1863 1680 1933 quia
1709 1863 1763 1916 in
1792 1866 1842 1925 Β
1867 1852 2122 1919 hominis,
2152 1862 2309 1925 putas
2333 1858 2571 1912 inveniet
2596 1858 2754 1915 fidem
2780 1859 2837 1916 in
2857 1869 3001 1918 terra
3026 1856 3438 1937 (Luc.'xv1n)?s

172 1950 306 2023 lege
337 1959 514 2006 vestra
543 1952 801 2020 scriptum
823 1958 909 2006 est
936 1951 1163 2006 duorum
1192 1951 1470 2007 hominum
1517 1954 1762 2010 testimo-

176 2044 339 2100 nium
364 2060 550 2100 verum
588 2060 738 2110 esse,
781 2043 1011 2113 accipite
1035 2058 1226 2109 verum
1241 2043 1656 2117 testimonium,
1696 2060 1764 2100 ne

173 2135 433 2192 sentiatis
451 2136 717 2206 judicium
737 2153 756 2192 :
783 2155 801 2188 ί
829 2136 942 2207 Ego
969 2137 1133 2202 enim,
1164 2155 1184 2187 ι
1203 2136 1400 2206 inquit,
1418 2155 1436 2188 ι
1459 2152 1564 2191 non
1582 2136 1763 2206 judico

170 2242 506 2297 quemquam
525 2267 541 2294 ,
566 2226 660 2283 sed
693 2227 1065 2283 testimonium
1090 2227 1346 2298 perbibeo
1392 2228 1457 2283 de
1483 2228 1709 2300 meipso.
1738 2247 1756 2281 ι

169 2317 385 2374 Differu
400 2317 688 2388 judicium,
707 2335 814 2374 non
842 2318 1031 2375 differo
1053 2319 1438 2382 testimonium.
1462 2320 1761 2390 Eligamus,

162 2408 400 2475 fratres,
434 2401 798 2466 testimonium
828 2411 960 2477 Dei,
1000 2411 1125 2482 quia
1163 2413 1528 2470 testimonium
1552 2414 1646 2470 Dei
1674 2429 1764 2469 ve-

168 2515 301 2555 rum
323 2509 441 2567 est;
469 2509 526 2556 et
550 2501 818 2572 quomodo
842 2502 993 2558 testis
1021 2512 1105 2558 est
1126 2503 1365 2558 omnium
1390 2519 1510 2574 qua:
1532 2505 1762 2575 agimus,

160 2590 339 2661 judex
358 2592 465 2646 erit
486 2592 725 2646 omnium
747 2607 867 2663 quae
886 2591 1131 2649 fecimus.
1164 2593 1232 2648 Et
1255 2593 1415 2648 alium
1443 2610 1547 2649 non
1570 2595 1763 2665 quaerit

172 2690 393 2747 testem,
408 2680 513 2736 nisi
536 2682 771 2752 seipsum
796 2700 810 2736 :
834 2683 925 2753 qui
948 2685 1128 2737 omnia
1153 2693 1365 2738 secreta
1384 2684 1564 2739 cordis
1587 2686 1759 2740 nostri

169 2771 506 2835 considerat,
536 2779 591 2825 et
616 2771 745 2841 quid
763 2810 778 2836 ,
806 2770 890 2825 vel
918 2786 985 2827 ex
1009 2787 1117 2842 quo
1146 2770 1293 2827 fonte
1316 2773 1592 2843 procedat.
1636 2774 1758 2828 Ideo

172 2862 352 2927 testis,
377 2862 504 2931 quia
530 2875 636 2916 non
660 2863 852 2932 quaerit
875 2861 1039 2917 alium
1066 2863 1205 2918 unde
1230 2872 1521 2933 cognoscat
1541 2864 1632 2933 qui
1657 2865 1754 2931 sis,

166 2953 263 3009 vel
287 2948 559 3025 qualis'sit
592 2953 701 3008 vita
744 2961 868 3020 tua,
904 2954 997 3024 qui
1027 2954 1204 3010 reddit
1237 2955 1527 3026 unicuique
1564 2969 1759 3011 secun-

165 3049 305 3105 dum
344 3060 506 3117 opera
550 3061 668 3102 sua.
703 3046 1117 3116 Responderunt
1158 3044 1498 3117 ergouludaai
1523 3046 1754 3104 Domino

167 3141 417 3211 loquenti
438 3141 506 3196 de
534 3140 697 3196 Patre
715 3154 833 3206 suo,
862 3149 917 3194 et
950 3139 1203 3194 dixerunt
1227 3156 1242 3193 :

1866 1946 1980 2001 Scit
2004 1961 2134 2017 ergo
2160 1948 2342 2003 omnia
2361 1987 2377 2014 ,
2403 1964 2501 2019 per
2529 1965 2690 2019 quem
2719 1949 2862 2009 facta
2891 1963 3021 2013 sunt
3044 1955 3242 2019 omnia,
3275 1964 3331 2012 et
3356 1966 3438 2013 ta.

1840 2035 1987 2093 'men
2013 2040 2305 2096 dubitando
2336 2041 2577 2113 increpat
2604 2061 2618 2097 :
2648 2061 2668 2096 ι
2698 2042 2757 2100 Si
2778 2060 2869 2101 me
2890 2047 3122 2114 sciretis,
3149 2058 3204 2105 et
3224 2049 3438 2108 Patrem

1863 2145 2043 2186 meum
2073 2131 2296 2188 forsitan
2326 2134 2560 2190 sciretis.
2585 2153 2603 2187 ι
2628 2134 2872 2208 Increpat
2898 2137 3159 2203 infideles,
3190 2141 3443 2199 admonet

1864 2220 2048 2276 fideles
2068 2262 2083 2286 ,
2125 2231 2183 2277 ut
2217 2224 2397 2279 sciant
2424 2239 2589 2279 unam
2632 2211 2762 2284 esse.
2788 2229 3148 2300 cognitionem
3181 2230 3362 2295 Patris
3388 2241 3444 2297 et

1862 2308 2005 2375 Filii,
2034 2319 2298 2379 quatenus
2322 2313 2497 2368 sciant
2517 2315 2876 2385 cognitionem
2898 2316 3020 2375 Filii
3052 2320 3146 2376 Dei
3181 2323 3442 2392 cognitio—

1863 2413 1986 2453 nem
2012 2414 2134 2456 esse
2159 2409 2212 2455 et
2249 2401 2448 2458 Patris.
2478 2403 2604 2460 Ideo
2636 2405 2898 2476 discipulo
2924 2409 3095 2467 electo
3111 2414 3354 2481 poscenti
3382 2421 3443 2471 ut

1864 2492 2176 2575 ostenderet
2209 2493 2289 2548 eis
2321 2492 2557 2560 Patrem.
2601 2497 2910 2565 respondit:
2947 2517 2967 2553 ι
3005 2499 3176 2557 Tanto
3201 2511 3442 2575 tempore

1861 2574 2139 2645 vobiscum
2163 2599 2305 2649 sum,
2333 2592 2387 2641 et
2417 2601 2523 2641 non
2552 2589 2882 2659 cognovistis
2896 2592 3020 2647 me?
3054 2574 3323 2667 Philippe,
3346 2597 3436 2666 qui

1861 2675 2005 2730 videt
2032 2692 2137 2741 me,
2158 2676 2303 2735 videt
2326 2686 2382 2733 et
2403 2678 2620 2735 Patrem
2650 2680 2829 2751 (Joan.
2861 2683 2994 2753 xiv).
3025 2704 3046 2738 ι
3080 2684 3138 2741 Si
3163 2687 3441 2745 dissimilis

1857 2774 2002 2821 esset
2037 2767 2206 2827 Filius
2247 2768 2426 2835 Patri,
2459 2772 2700 2841 nunquid
2740 2774 2942 2831 diceret
2976 2776 3255 2848 discipulis
3283 2781 3432 2837 suis:

1864 2873 1883 2908 α
1918 2856 2021 2924 Qui
2047 2871 2134 2915 me
2168 2859 2337 2925 videt,
2369 2860 2513 2917 videt
2531 2869 2587 2916 et
2609 2862 2869 2919 Patrem?
2902 2884 2920 2917 ι
2956 2863 3208 2937 Nunquid
3234 2870 3438 2929 diceret

1853 2946 2054 3005 Judaeis
2079 2968 2092 3003 :
2126 2967 2146 3003 ς
2170 2950 2227 3006 Si
2249 2966 2338 3007 me
2356 2952 2589 3020 sciretis,
2609 2962 2666 3010 et
2688 2953 2905 3013 Patrem
2926 2974 3106 3016 meum
3136 2962 3383 3020 sciretis?
3410 2985 3431 3019 ι

1932 3058 1951 3092 ι
1987 3040 2114 3097 Haec
2157 3043 2319 3098 verba
2366 3042 2579 3115 locutus
2626 3054 2710 3102 est
2746 3045 2903 3104 Iesus
2938 3049 2995 3104 in
3022 3052 3437 3127 gazophylacio,

1859 3147 1879 3183 ι
1914 3131 2114 3188 docens
2136 3132 2192 3189 in
2214 3134 2435 3205 templo.
2460 3154 2481 3186 ι
2512 3134 2701 3208 Magna
2723 3136 2919 3195 fiducia
2946 3141 3064 3198 sine
3085 3143 3294 3201 timore.
3320 3145 3437 3202 Non

257 3249 276 3283 ι
307 3232 407 3288 Ubi
445 3241 528 3288 est
566 3230 726 3288 Pater
751 3231 918 3287 tuus?
947 3251 968 3285 ι
998 3229 1215 3287 Patrem
1240 3228 1442 3285 Christi
1464 3229 1756 3286 carnaliter
1780 3237 1825 3300 ο
1856 3224 2002 3279 enim
2048 3233 2344 3293 pateretur.
2386 3226 2433 3281 si
2476 3227 2679 3282 nollet:
2711 3231 2839 3298 quia
2878 3246 2981 3288 nec
3015 3244 3352 3303 nasceretur,
3389 3236 3438 3293 si

177 3333 536 3395 acceperunt,
578 3325 703 3396 quia
739 3324 907 3379 verbo
939 3321 1140 3379 Christi
1188 3320 1484 3376 secundum
1527 3336 1750 3376 carnem

174 3415 573 3487 judicaveruut.
617 3416 746 3471 Erat
773 3425 954 3471 autent
985 3413 1077 3483 qui
1115 3411 1453 3483 loquebatur,
1487 3412 1540 3467 in
1564 3420 1751 3482 aperto

180 3520 317 3560 caro
336 3545 351 3571 ,
398 3505 454 3561 iu
478 3504 682 3563 occulto
710 3504 951 3561 Verbum
977 3521 993 3559 :
1033 3506 1194 3563 homo
1225 3502 1575 3567 manifestus,
1609 3503 1751 3559 Deus

170 3598 441 3655 occultus.
472 3597 761 3655 Videamus
788 3613 918 3667 ergo
958 3598 1088 3668 quid
1116 3598 1185 3652 ad
1212 3597 1329 3652 haec
1364 3595 1623 3652 Dominus
1666 3611 1753 3651 re-

170 3690 431 3761 spondit:
463 3709 480 3742 ι
512 3689 615 3751 Ubi
644 3700 746 3758 est,
767 3709 787 3743 ι
816 3690 1091 3761 inquiunt,
1119 3706 1137 3740 ι
1166 3688 1326 3745 Pater
1353 3688 1508 3743 tuus?
1539 3707 1557 3741 ι
1583 3687 1751 3743 Audi-

169 3783 354 3839 vimus
390 3783 534 3838 enim
563 3791 614 3838 te
652 3783 853 3848 dicere,
878 3801 897 3834 t
918 3781 1065 3838 solus
1086 3797 1197 3838 non
1240 3796 1381 3847 sum,
1421 3781 1517 3837 sed
1557 3794 1657 3851 ego
1696 3789 1752 3835 et

169 3874 267 3945 qui
305 3889 391 3929 me
420 3874 568 3929 misit
595 3873 773 3929 Pater.
807 3893 826 3927 ι
857 3872 991 3928 Nam
1036 3871 1209 3929 solum
1239 3879 1292 3926 te
1336 3871 1619 3937 videmus;
1645 3869 1749 3925 Pa-

173 3974 310 4020 trem
354 3975 504 4023 tuum
563 3973 743 4022 tecum
797 3980 904 4027 non
934 3964 1199 4020 videmus.
1260 3963 1539 4033 Quomodo
1578 3973 1632 4020 te
1672 3963 1753 4020 di-

173 4058 254 4113 cis
275 4057 447 4123 solum
482 4074 590 4125 non
627 4072 780 4125 esse,
818 4057 916 4113 sed
948 4073 1072 4112 cum
1100 4055 1260 4113 Patre
1303 4066 1394 4112 tuo
1433 4056 1587 4119 esse?
1615 4055 1749 4128 Age,

174 4149 395 4204 ostende
424 4148 578 4204 nobis
610 4142 797 4205 'tecum
827 4163 947 4205 esse
978 4147 1198 4204 Patrem
1236 4156 1407 4203 tuum.
1459 4148 1527 4203 Et
1564 4147 1750 4204 Domi-

175 4255 314 4294 nus:
351 4238 604 4310 Nunquid
657 4256 747 4297 me
778 4239 1008 4305 videtis,
1061 4249 1119 4296 et
1152 4238 1368 4297 Patrem
1411 4255 1592 4297 meum
1645 4255 1751 4295 non

174 4330 402 4387 videtis?
450 4329 565 4387 Hoc
612 4330 759 4386 enim
798 4331 1064 4401 sequitur,
1116 4331 1220 4387 hoc
1258 4332 1372 4387 suis
1416 4331 1598 4387 verbis
1637 4331 1753 4402 ipse

177 4420 485 4492 respondit,
513 4436 742 4492 quorum
771 4422 1057 4479 verborum
1084 4421 1476 4493 expositionem
1504 4435 1604 4476 nos
1628 4430 1754 4476 ante

176 4512 746 4584 premisimusNidete
765 4514 909 4569 enim
925 4513 1054 4584 quid
1074 4512 1291 4570 dixerit.
1312 4532 1332 4566 ι
1354 4511 1753 4585 ResponditJe-

1852 3319 2033 3375 nollet.
2051 3318 2190 3386 Quid
2205 3328 2291 3376 est
2307 3319 2450 3390 quod
2469 3322 2584 3378 hmo
2604 3323 2769 3378 verba
2784 3323 2940 3380 Jesus
2958 3326 3012 3381 in
3032 3330 3433 3402 gazophylacio,

1852 3412 2054 3467 docens
2088 3413 2142 3467 in
2178 3414 2394 3485 templo,
2436 3414 2647 3470 locutus
2672 3417 2797 3473 est?
2832 3417 3284 3491 Gazophylacium
3313 3433 3428 3490 est,

1851 3500 1942 3556 ubi
1971 3502 2210 3558 thesauri
2230 3504 2554 3559 conduntur.
2578 3503 2736 3587 Jesus
2761 3505 2814 3561 in
2836 3510 3218 3582 gazophylacio
3243 3512 3432 3583 loque-

1851 3594 2012 3648 batur
2043 3593 2276 3659 Judaais,
2306 3594 2436 3650 dum
2477 3594 2531 3650 in
2559 3596 2828 3666 parabolis
2864 3599 3074 3657 locutus
3099 3610 3184 3657 est
3212 3605 3386 3661 turbis
3413 3624 3428 3661 :

1852 3697 1978 3737 nam
2009 3684 2448 3756 gazophylacium
2490 3684 2591 3741 fuit
2616 3685 2851 3756 Christi,
2876 3690 2929 3745 in
2952 3706 3060 3762 quo
3083 3695 3264 3757 omnia
3290 3694 3431 3751 latu-

1852 3783 2013 3833 erunt
2043 3777 2297 3848 mysteria
2327 3785 2458 3833 tunc
2485 3779 2798 3850 aperienda,
2825 3783 2950 3838 dum
2982 3784 3119 3855 ipse,
3154 3789 3247 3859 qui
3275 3787 3434 3845 latuit

1854 3865 1915 3927 in
1940 3866 2136 3932 littera,
2172 3866 2494 3939 loquebatur
2524 3887 2539 3925 :
2568 3886 2678 3936 non
2703 3873 2761 3929 in
2779 3876 3104 3945 proverbiis,
3135 3879 3231 3935 sed
3258 3879 3429 3949 palam

1853 3960 2033 4017 omnia
2060 3959 2307 4018 ﬁdelibus
2337 3964 2449 4019 suis
2475 3980 2760 4022 enarrans.
2801 3967 2935 4023 Nam
2964 3978 3021 4025 et
3051 3974 3431 4044 gazophylacia

1855 4051 2202 4109 adhaerebant
2230 4054 2452 4126 templo,
2480 4058 2604 4126 quia
2630 4058 2745 4129 ipse
2773 4059 3021 4117 Christus
3049 4063 3302 4134 templum
3327 4073 3431 4133 est,

1854 4145 1924 4200 de
1951 4160 2056 4215 quo
2084 4148 2197 4217 ipse
2224 4148 2302 4205 ait
2326 4166 2339 4202 :
2373 4166 2393 4200 ι
2425 4147 2633 4206 Solvite
2661 4152 2919 4221 templum
2947 4154 3050 4209 hoe
3080 4154 3262 4229 (Joan.
3285 4163 3369 4229 tt).
3408 4176 3427 4210 ι

1854 4235 1952 4292 Cui
1982 4239 2160 4293 omnia
2193 4240 2448 4310 mysteria
2480 4243 2679 4298 veteris
2711 4243 2844 4315 legis
2872 4246 3248 4314 adhaerebant,
3286 4258 3343 4304 et
3364 4250 3433 4305 ad

1855 4344 1978 4385 eum
2008 4330 2187 4384 omnia
2221 4332 2603 4401 respiciebant,
2628 4335 2803 4391 donec
2822 4336 3033 4393 veniret
3050 4337 3117 4393 ad
3142 4340 3431 4410 aperienda

1855 4422 2186 4496 singulorum
2217 4430 2600 4500 gazophylacia
2632 4434 3043 4503 mysteriorum,
3072 4437 3347 4505 aperiente
3366 4451 3432 4491 eo

1856 4528 2049 4569 sensus
2088 4514 2324 4571 fidelium
2365 4533 2619 4585 suorum,
2660 4531 2720 4576 ut
2754 4522 3113 4593 intelligerent
3141 4538 3262 4594 qum
3292 4523 3431 4579 late-

182 4621 201 4655 t
238 4616 366 4658 sus:
396 4601 582 4674 Neque
607 4617 695 4661 me
718 4603 890 4668 scitis,
914 4618 1089 4674 neque
1110 4603 1326 4660 Patrem
1354 4619 1552 4660 meum.
1585 4604 1643 4661 Si
1667 4621 1753 4662 me
1777 4595 1834 4658 Ι)
1856 4603 2004 4671 bant,
2037 4608 2179 4663 sicut
2201 4610 2529 4681 evangelista
2572 4613 2650 4667 ait
2675 4627 2691 4666 :
2728 4633 2745 4665 ι
2781 4613 2933 4668 Tunc
2967 4615 3142 4684 aperit
3174 4614 3277 4671 illis
3305 4631 3432 4672 sen-

181 4712 202 4746 ι
239 4693 470 4760 sciretis,
488 4693 715 4755 forsitan
734 4702 790 4750 et
813 4694 1031 4753 Patrem
1061 4709 1240 4750 meum
1267 4694 1501 4752 sciretis.
1525 4715 1544 4748 ι
1566 4697 1754 4754 Dicitis

176 4800 307 4856 ergo
329 4803 344 4841 :
365 4805 384 4839 ι
410 4785 509 4843 Ubi
539 4794 625 4843 est
646 4784 808 4849 Pater
836 4795 979 4857 tuus,
1005 4806 1025 4847 ι
1043 4786 1203 4857 quasi
1226 4787 1341 4859 jam
1369 4788 1573 4855 sciatis,
1596 4791 1752 4860 quasi

178 4886 349 4933 totum
365 4878 469 4934 hoc
482 4878 605 4946 sim,
622 4879 765 4949 quod
787 4878 997 4936 videtis.
1023 4878 1165 4950 Ergo
1184 4880 1310 4950 quia
1330 4895 1417 4936 me
1439 4897 1546 4937 non
1562 4883 1750 4951 nostis,

176 4969 299 5027 ideo
317 4969 470 5027 vobis
480 4968 699 5033 Patrem
716 4986 895 5037 meum
915 4986 1023 5029 non
1042 4972 1284 5029 ostendo.
1307 4972 1590 5029 Hominem
1611 4989 1756 5045 quae-

178 5060 317 5127 ritis,
353 5062 480 5132 quia
515 5063 813 5123 secundum
850 5078 1070 5120 carnem
1109 5061 1389 5131 iudicatis.
1431 5064 1568 5131 Quia
1603 5079 1753 5133 vero,

181 5151 472 5213 secundum
513 5154 660 5225 quod
702 5153 897 5211 videtis
928 5153 1074 5211 aliud
1105 5169 1244 5219 sum,
1281 5161 1338 5211 et
1384 5154 1530 5211 aliud
1562 5170 1759 5212 secun-

181 5243 305 5299 dum
332 5247 476 5315 quod
504 5262 615 5304 non
637 5246 853 5315 videtis,
891 5246 1110 5305 Patrem
1140 5257 1321 5305 autem
1353 5261 1533 5304 meum
1564 5247 1759 5318 loquar

180 5337 470 5395 oecultum.
493 5336 749 5402 Occultos
776 5339 929 5411 prius
948 5348 1062 5405 est,
1092 5349 1155 5396 ut
1185 5355 1274 5399 me
1302 5340 1564 5397 noveritis
1581 5380 1596 5406 ,
1630 5347 1758 5397 tunc

183 5438 237 5487 et
256 5429 469 5489 Patrem
492 5447 674 5491 meum
697 5432 921 5491 scietis:
956 5452 974 5486 ‹
1006 5431 1066 5489 Si
1095 5435 1242 5491 enim
1272 5450 1361 5492 me
1389 5434 1623 5501 sciretis,
1650 5434 1760 5493 for-

185 5526 322 5582 sitan
346 5536 404 5583 et
424 5526 644 5591 Patrem
670 5544 850 5586 meum
876 5529 1113 5585 sciretis.
1146 5550 1167 5584 ›
1199 5531 1291 5587 Ille
1310 5531 1402 5602 qui
1426 5532 1609 5587 omnia
1633 5532 1756 5597 scit,

184 5618 399 5696 quando
427 5618 560 5675 dicit
582 5619 826 5684 forsitan,
858 5636 967 5677 non
987 5620 1216 5688 dubitat,
1241 5625 1337 5679 sed
1364 5623 1627 5695 increpat.
1658 5623 1758 5680 At-

188 5710 345 5766 tende
370 5712 517 5767 enim
540 5713 808 5783 quomodo
847 5713 1180 5786 increpative
1209 5715 1425 5771 dicatur
1451 5718 1622 5786 ipsum
1653 5715 1762 5772 for-

187 5802 324 5859 sitan
347 5844 361 5869 ,
408 5804 550 5879 quod
589 5804 801 5863 videtur
826 5819 948 5864 esse
982 5806 1203 5863 verbum
1230 5807 1581 5865 dubitationis
1607 5827 1637 5869 :~
1664 5809 1763 5867 sed

1856 4715 1997 4766 sum,
2032 4708 2090 4754 ut
2115 4701 2476 4774 intelligerent
2505 4702 2815 4774 Scripturas
2842 4704 2994 4777 (Luc.
3015 4704 3098 4777 ιι).
3128 4726 3148 4758 ι
3192 4707 3435 4781 Denique

1856 4792 1985 4860 quid
2015 4793 2282 4863 sequitur,
2313 4795 2592 4849 audiamus
2617 4812 2630 4847 :
2670 4811 2691 4846 ι
2717 4794 2884 4850 Nemo
2912 4796 3263 4867 apprehendit
3284 4815 3431 4866 eum,

1863 4902 1881 4935 ι
1916 4883 2041 4951 quia
2083 4884 2310 4938 necdttm
2344 4895 2566 4941 venerat
2600 4886 2733 4941 hora
2770 4885 2903 4955 ejus.
2935 4889 2955 4941 ι
2989 4887 3210 4945 Scilicet
3251 4893 3433 4949 omnia

1858 4983 1984 5029 sunt
2022 4974 2387 5045 dispositionis
2424 4992 2564 5043 suas,
2602 4978 2783 5033 omnia
2806 4979 3099 5037 voluntatis
3135 4997 3265 5037 sum.
3296 4983 3434 5052 Quia

1861 5066 1952 5136 qui
1982 5066 2257 5124 voluntate
2290 5077 2449 5126 natus
2478 5079 2595 5137 est,
2623 5069 2901 5127 voluntate
2936 5080 2993 5127 et
3024 5088 3215 5144 passus
3242 5083 3345 5130 est.
3376 5074 3436 5131 Si

1860 5173 1990 5230 ergo
2034 5160 2146 5232 pati
2190 5160 2375 5227 nollet,
2426 5177 2532 5218 non
2572 5170 2890 5233 pateretur;
2929 5164 3028 5220 sed
3069 5166 3113 5220 si
3144 5182 3252 5221 non
3283 5175 3435 5236 pate-

1863 5263 2032 5321 retur,
2072 5257 2291 5327 sanguis
2320 5257 2464 5313 illius
2496 5273 2605 5312 non
2634 5256 2985 5325 funderetur;
3024 5258 3070 5315 si
3099 5261 3318 5332 sanguis
3347 5258 3437 5317 ille

1863 5366 1971 5405 non
2014 5350 2348 5419 funderetur,
2388 5352 2606 5407 mundis
2634 5367 2741 5408 non
2769 5353 3149 5411 redimeretur.
3196 5355 3435 5425 Agamus

1866 5443 2046 5512 itaque
2069 5445 2271 5513 gratias
2293 5454 2348 5501 et
2370 5445 2623 5516 potestati
2647 5444 2947 5505 divinitatis
2963 5486 2978 5512 ,
3007 5454 3064 5500 et
3101 5444 3436 5501 miserationi

1862 5532 2194 5589 infirmitatis
2208 5534 2347 5604 ejus,
2365 5536 2430 5592 de
2447 5536 2655 5592 occulta
2678 5536 2941 5606 potentia,
2961 5551 3122 5611 quam
3142 5533 3309 5591 Judaei
3329 5548 3437 5591 nou

1863 5634 2143 5690 noverant,
2172 5628 2313 5684 unde
2335 5628 2441 5685 illis
2465 5629 2625 5687 modo
2648 5629 2853 5686 dictum
2877 5637 2991 5685 est:

1941 5737 1959 5769 ι
1993 5718 2178 5790 Neque
2202 5734 2288 5775 me
2317 5723 2489 5777 nostis
2507 5763 2521 5786 ,
2550 5737 2725 5793 neque
2753 5722 2969 5778 Patrem
2997 5730 3196 5775 meum.
3227 5736 3247 5770 ι
3278 5716 3348 5773 Et
3371 5718 3441 5775 de

1863 5824 2030 5867 carne
2058 5820 2334 5884 suscepta,
2363 5827 2525 5885 quam
2552 5812 2719 5869 Judaei
2754 5819 3043 5877 noverant,
3084 5817 3140 5865 et
3163 5805 3314 5881 cujus
3339 5823 3439 5887 pe-
