3994 6354
525 384 638 442 52τ
1135 373 1492 432 HAYMONIS
1524 369 2003 429 HALBERSTAT.
2044 369 2260 428 EPISC.
2303 369 2456 428 OPP.
2493 368 2675 425 PARS
2714 369 2775 424 ll.
2804 398 2874 410 —
2910 349 3145 424 HOMIL.
3487 357 3494 362 ’
3757 369 3869 427 328

518 498 680 554 triam
719 493 973 552 sciebant.
1024 489 1169 546 Unde
1213 487 1320 543 illis
1352 486 1458 540 alio
1491 486 1608 541 loco
1652 485 1787 540 dixit
1815 501 1828 536 ε
1866 501 1884 534 t
1915 484 1982 538 Et
2012 499 2097 539 me
2125 489 2176 547 Α
2202 499 2322 554 qua:
2342 498 2441 553 ego
2463 481 2602 537 facio
2627 483 2677 536 in
2701 481 2916 537 nomine
2935 482 3112 538 Patris
3133 483 3261 549 mei,
3286 484 3400 554 ipsa
3426 483 3865 541 testimonium

521 589 694 650 scitis,
722 597 777 643 et
807 586 946 640 unde
980 582 1079 637 sim
1110 581 1280 636 scitis.
1318 599 1338 631 ι
1374 578 1677 648 Utrumque
1712 576 2020 631 noverimus
2050 577 2104 630 in
2209 578 2499 648 perhibent
2550 578 2616 631 de
2649 592 2734 630 me
2785 574 2966 644 (Joan.
2992 576 3070 647 χ).
3101 596 3119 627 ι
3180 577 3247 634 Ut
3275 587 3453 652 autem
3488 577 3868 633 ostenderet

521 681 758 746 Christo,
785 688 838 732 et
862 676 1000 730 unde
1025 673 1248 745 aequalis
1269 672 1443 738 Patri,
1471 682 1525 727 et
1553 671 1692 726 unde
1717 669 1806 724 illo
1834 669 2006 738 major
2026 677 2110 722 est
2213 688 2306 727 eos
2334 688 2362 725 a
2395 671 2636 741 peccatis
2669 668 2888 724 liberari
2925 685 3104 740 posse,
3136 670 3178 724 si
3211 670 3263 723 in
3294 685 3418 724 eum
3443 671 3731 726 credere
3757 670 3866 724 vel-

523 773 723 829 Pater:
757 771 883 825 illud
914 769 1150 825 Verbum
1182 775 1283 831 est,
1317 766 1445 820 illud
1477 781 1643 829 caro;
1678 763 1806 818 illud
1838 762 1981 818 Deus
2001 769 2108 827 est,
2212 761 2344 828 lent,
2382 761 2681 832 subiunxit,
2719 761 2940 815 dicens:
2971 778 2989 811 ‹
3023 759 3081 815 Si
3119 762 3406 816 veritatem
3453 762 3636 822 dico,
3685 778 3863 830 quare

524 865 652 923 illud
681 865 879 930 homo;
912 863 1008 919 sed
1036 877 1177 916 unus
1206 860 1490 927 Christus,
1524 859 1664 914 Deus
1691 866 1746 913 et
1779 857 1962 912 homo.
2220 870 2239 904 ι
2269 867 2375 906 non
2423 851 2642 906 creditis
2693 849 2870 904 mihi?
2910 870 2928 902 ι
2992 848 3203 906 Veritas
3257 852 3372 921 ipse
3404 862 3490 908 est
3566 852 3688 921 qui
3746 853 3862 909 ait:

1095 993 1375 1053 ΠΟΜΠᾸΑ
1407 993 1539 1048 LVI.
2225 941 2385 1053 irEgo
2428 956 2546 1053 sum
2594 940 2700 1006 via,
2732 941 2953 1053 veritas,
2983 942 3191 1046 et.vita
3224 942 3407 1013 (Joan.
3433 945 3599 1053 ἓν).
3651 963 3672 994 ι
3713 944 3797 997 Ac
3818 947 3860 1047 fi

2219 1033 2460 1089 diceret:
2500 1031 2634 1088 Cum
2678 1033 2807 1088 mihi
2837 1034 2927 1104 qui
2957 1034 3158 1090 veritas
3197 1051 3338 1099 sum,
3385 1052 3417 1090 a
3447 1035 3655 1090 Patre
3713 1037 3860 1090 veri-

560 1124 779 1168 ormuca
813 1122 1014 1174 eumn
1062 1121 1115 1162 IN
1162 1120 1593 1170 ousonacesma,
1641 1120 1758 1169 ρυλε
1802 1118 2020 1158 ntcrrun
2062 1117 2116 1156 IN

1053 1212 1306 1251 “ssnon:
1349 1196 1568 1251 Donum.

2281 1127 2348 1181 tis
2372 1127 2616 1189 veniens,
2643 1126 2928 1180 veritatem
2951 1127 3105 1181 vobis
3139 1127 3379 1198 loquenti
3426 1145 3548 1184 non
3590 1130 3853 1194 creditis,

2276 1217 2470 1251 .nl‘untn
2496 1219 2630 1251 "line
2665 1217 2806 1251 {Iliun
2840 1233 2935 1251 vnn
2980 1233 3100 1251 οεοο
3146 1220 3429 1251 Λιιοηιιίοῖο
3495 1221 3615 1251 η.ιὲ
3658 1220 3736 1251 ,ιιι
3765 1221 3853 1251 :nL

1053 1212 1306 1253 PASSlONE
1349 1212 1568 1252 UOIINI.

2224 1217 2470 1288 profecto
2496 1219 2633 1273 lilios
2665 1217 2809 1272 illius
2840 1233 2938 1273 vos
2979 1233 3100 1273 esse
3145 1220 3449 1284 ostenditis,
3493 1221 3616 1291 qui
3656 1220 3736 1274 ab
3765 1221 3859 1274 ini-

602 1310 775 1385 (Joau.
800 1308 941 1378 Vill).
981 1327 1000 1361 ι
1035 1307 1092 1363 In
1117 1307 1208 1362 illo
1248 1316 1526 1378 tempore:
1567 1305 1789 1362 Dicebat
1822 1303 1979 1359 JeSUS
2009 1314 2122 1359 ειη·
2227 1313 2302 1366 tio
2335 1309 2566 1365 mendax
2617 1308 2735 1374 fuit,
2765 1318 2821 1362 et
2845 1309 2898 1363 in
2940 1310 3168 1365 veritate
3207 1325 3312 1366 non
3354 1312 3540 1376 stetit,
3579 1313 3857 1381 quoniam

534 1424 553 1458 ι
586 1405 669 1460 bis
693 1402 1020 1466 Judzeorum,
1045 1409 1100 1454 et
1127 1399 1459 1470 principibus
1483 1397 1825 1453 sacerdotum
1852 1413 1864 1448 :
1895 1395 2027 1463 Quis
2055 1411 2124 1449 ex
2229 1402 2430 1457 veritas
2457 1401 2509 1454 in
2537 1415 2602 1456 eo
2623 1415 2727 1455 non
2753 1409 2854 1455 est.

537 1513 556 1547 ο
593 1496 748 1550 vobis
795 1500 984 1563 arguet
1016 1507 1102 1545 me.
1149 1493 1214 1546 de
1259 1489 1528 1559 peccato?
1567 1489 1624 1542 Si
1670 1488 1951 1541 veritatem
1981 1485 2122 1550 dico,
2306 1509 2326 1542 ε
2367 1490 2469 1558 Qui
2508 1499 2678 1545 estex
2709 1491 2851 1556 Deo,
2895 1491 3058 1545 verba
3091 1490 3186 1547 Dei
3219 1493 3388 1548 audii,
3423 1513 3442 1546 ι
3478 1493 3552 1548 ιη
3590 1495 3697 1550 his
3739 1510 3854 1548 τεν.

537 1609 556 1642 ‹
586 1605 756 1660 quare
781 1604 877 1643 vos
904 1603 1008 1642 non
1037 1586 1259 1641 creditis
1283 1585 1448 1640 mihi?
1467 1604 1485 1637 ι
1517 1592 1573 1640 et
1606 1583 1814 1652 reliqua
1837 1581 2126 1649 Postquam
2231 1582 2316 1640 bis
2350 1581 2719 1651 unusquisque
2756 1596 2907 1636 suam
2934 1582 3319 1636 conscientiam
3349 1585 3609 1654 probare
3650 1595 3850 1656 potest,

535 1681 799 1737 Dominus
835 1679 1050 1735 Judzeos
1097 1677 1353 1740 convicit,
1382 1683 1437 1730 et
1485 1690 1580 1730 eos
1610 1674 1749 1728 ﬁlios
1777 1671 1975 1728 diaboli
2008 1685 2130 1726 esse
2232 1684 2417 1730 utrum
2449 1688 2519 1729 ex
2546 1673 2656 1728 Deo
2686 1672 2758 1728 sit
2785 1689 2852 1727 an
2882 1687 3008 1727 non.
3044 1673 3146 1740 Qui
3173 1675 3319 1728 enim
3351 1676 3604 1730 verbum
3657 1675 3759 1731 Dei
3801 1677 3853 1730 li-

537 1771 794 1836 osiendit,
822 1771 1008 1825 dicens
1032 1767 1216 1841 (Joan.
1242 1765 1362 1836 vin)
1390 1785 1401 1819 :
1432 1785 1450 1816 ι
1499 1763 1608 1820 Vos
1633 1779 1699 1819 ex
1734 1771 1887 1833 patre
1914 1760 2129 1817 diabolo
2234 1767 2424 1823 benter
2455 1767 2625 1831 audit,
2659 1775 2714 1819 et
2737 1764 2992 1820 libentius
3017 1779 3180 1835 opere
3207 1765 3459 1837 complet,
3492 1767 3673 1821 nullo
3707 1768 3853 1822 modo

536 1865 692 1930 estis,
723 1872 778 1918 et
811 1861 1081 1917 desideria
1127 1858 1299 1930 patris
1347 1856 1514 1912 vestri
1563 1856 1740 1911 facere
1783 1854 1986 1908 vultis:
2024 1872 2042 1906 ι
2077 1861 2135 1908 et
2161 1875 2208 1935 Β
2235 1875 2294 1914 se
2329 1874 2397 1913 ex
2436 1857 2546 1912 Deo
2585 1871 2706 1912 esse
2743 1856 2974 1921 dubitet,
3007 1857 3260 1926 quoniam
3292 1858 3437 1913 sicut
3465 1858 3763 1914 Dominus
3788 1859 3852 1913 ait

538 1965 825 2028 postquam
855 1955 998 2026 (qua:
1027 1953 1080 2008 in
1105 1952 1295 2007 eadem
1325 1949 1554 2005 historia
1586 1947 1833 2018 superius
1855 1946 2126 2017 leguntur,
2238 1947 2292 2002 in
2333 1946 2660 2018 Evangelio:
2708 1965 2725 1997 ι
2754 1945 2871 2000 Non
2903 1954 2988 2000 est
3027 1947 3190 2014 arbor
3216 1945 3357 2000 mala
3385 1946 3618 2002 faciens
3650 1948 3853 2004 fructus

539 2049 664 2119 quia
700 2048 766 2102 de
808 2059 1008 2118 genere
1058 2041 1358 2098 nobilitatis
1403 2040 1794 2111 gloriabantur,
1846 2032 2131 2092 dicentes:
2235 2041 2406 2096 bonos
2434 2038 2649 2110 (Matth.
2675 2037 2796 2111 vit).
2829 2057 2848 2090 ›
2879 2037 2982 2106 Qui
3031 2053 3160 2095 vero
3185 2054 3375 2094 vecors
3415 2047 3472 2095 et
3515 2041 3716 2096 durus
3742 2057 3853 2096 vcr-

545 2159 564 2192 ι
611 2139 807 2195 Semen
861 2136 1094 2192 Abrahse
1121 2149 1330 2197 sumus,
1365 2141 1420 2188 et
1456 2131 1658 2187 nemini
1683 2131 2005 2186 servivrmus
2031 2145 2132 2182 un-
2237 2132 2365 2186 hum
2394 2130 2486 2184 Dei
2517 2129 2706 2184 audire
2731 2130 3046 2195 contemnit,
3077 2130 3162 2186 vel
3211 2131 3256 2186 si
3295 2146 3419 2186 cum
3473 2147 3628 2188 aure
3658 2148 3848 2203 corpo-

534 2239 704 2302 'quam
727 2231 792 2300 ι),
812 2226 1200 2285 demonstravit
1221 2224 1352 2280 nihil
1382 2221 1989 2295 prodessenobilitatem
2006 2235 2138 2275 car-
2239 2221 2316 2275 ris
2351 2219 2604 2285 audierit,
2643 2218 2774 2273 illud
2804 2219 2952 2274 nullo
2982 2221 3165 2275 studio
3215 2221 3298 2276 vel
3343 2221 3534 2278 labore
3577 2228 3641 2278 in
3695 2239 3848 2294 opere

550 2325 636 2379 nis
664 2321 781 2378 sine
807 2321 1086 2377 nobilitate
1124 2319 1344 2383 mentis,
1363 2316 1628 2387 adiunxit,
1653 2317 1840 2371 dicens
1865 2332 1879 2368 :
1917 2334 1936 2365 ι
1961 2313 2134 2368 Amen
2240 2311 2456 2368 mittere
2487 2322 2733 2379 conatur,
2766 2314 3011 2382 profecto
3040 2329 3097 2368 se
3140 2329 3207 2369 ex
3237 2313 3347 2369 Deo
3374 2331 3484 2370 non
3516 2331 3655 2372 esse
3685 2319 3848 2370 maui~

545 2429 705 2470 amen
736 2413 856 2468 dico
884 2409 1060 2477 vobis,
1085 2410 1210 2482 quia
1232 2408 1410 2464 omnis
1434 2408 1524 2478 qui
1553 2406 1680 2462 facit
1700 2414 1999 2477 peccatum,
2025 2417 2138 2458 ser-
2241 2401 2404 2458 festat
2432 2419 2447 2469 ;
2496 2404 2682 2474 quales
2707 2413 2865 2458 erant
2891 2403 3003 2469 isti,
3035 2404 3231 2474 quibus
3262 2421 3292 2460 a
3322 2405 3561 2462 Domino
3606 2408 3843 2462 dicitur:

545 2520 648 2560 vus
667 2513 750 2559 est
783 2503 1009 2574 peccati.
1059 2500 1260 2556 Servus
1290 2509 1467 2555 autem
1498 2515 1602 2554 non
1652 2506 1836 2554 manet
1886 2498 1938 2552 in
1977 2496 2138 2551 domo
2247 2513 2265 2545 ι
2296 2494 2588 2564 Propterea
2618 2509 2714 2550 vos
2739 2509 2844 2549 non
2868 2495 3086 2560 auditis,
3121 2495 3246 2566 quia
3267 2510 3331 2550 ex
3362 2497 3478 2552 Deo
3505 2513 3621 2553 non
3650 2498 3803 2553 estis.
3825 2517 3842 2547 ι

548 2599 602 2654 in
626 2605 907 2652 reternum.
939 2614 957 2648 ι
992 2594 1063 2650 Ut
1083 2608 1212 2665 ergo
1232 2593 1536 2650 ostenderet
1561 2593 1687 2662 quia
1711 2592 1756 2648 si
1787 2607 1908 2646 eum
1939 2591 2138 2645 imitari
2241 2583 2300 2640 In
2327 2585 2522 2654 quibus
2549 2585 2730 2640 verbis
2751 2585 2978 2655 quaestio
2998 2586 3191 2651 oritur,
3210 2602 3382 2657 quare
3406 2587 3683 2643 Dominus
3710 2587 3850 2642 dicat

548 2689 770 2752 vellent,
800 2685 894 2741 ﬁlii
936 2685 1032 2741 Dei
1069 2700 1192 2740 esse
1223 2693 1466 2756 possent,
1502 2683 1748 2752 adiunxit
1786 2684 1888 2738 hoc
1914 2683 2059 2752 quod
2083 2683 2137 2737 in
2241 2674 2478 2732 Iudaeis:
2513 2693 2532 2727 ι
2565 2673 2675 2730 Vos
2697 2691 2764 2730 ex
2785 2676 2896 2731 Deo
2912 2691 3018 2730 non
3040 2676 3197 2740 estis,
3227 2696 3246 2728 ι
3274 2691 3396 2731 eum
3420 2677 3545 2732 alibi
3566 2680 3848 2748 scripturn

551 2781 728 2852 capite
776 2776 936 2847 hujus
983 2777 1236 2832 lectionis
1290 2777 1562 2831 habetur:
1621 2795 1638 2826 ι
1692 2774 1825 2841 Quis
1878 2788 1945 2828 ex
1986 2771 2142 2827 vobis
2245 2769 2354 2823 sit:
2389 2786 2408 2820 ι
2447 2766 2591 2823 Vidit
2623 2769 2764 2823 Deus
2806 2777 3002 2824 cuncta
3030 2783 3150 2837 qua:
3193 2768 3348 2834 fecit,
3391 2779 3436 2824 et
3465 2778 3623 2824 erant
3678 2769 3854 2824 valde

554 2877 745 2942 arguet
773 2883 859 2924 me
894 2869 959 2925 de
983 2869 1250 2939 peccato?
1286 2887 1304 2919 ›
1341 2867 1493 2933 Quis,
1523 2881 1818 2936 pronomen
1850 2863 2141 2929 inﬁnitum,
2246 2863 2386 2919 bona
2415 2861 2568 2934 (Gen.
2596 2862 2660 2924 ι).
2691 2882 2709 2915 ›
2748 2862 2818 2918 Ει
2860 2863 3096 2918 iterum:
3129 2882 3146 2914 ι
3188 2863 3292 2930 Qui
3336 2872 3514 2920 manet
3561 2865 3620 2918 in
3677 2873 3854 2919 mter-

557 2961 848 3032 aliquando
875 2962 984 3016 vim
1011 2958 1399 3030 interrogantis
1427 2957 1610 3022 habet,
1657 2955 1947 3026 aliquando
1979 2954 2145 3009 abne-
2248 2971 2400 3023 num,
2422 2956 2630 3012 creavit
2659 2956 2839 3011 omnia
2867 2955 3027 3010 simul
3078 2955 3270 3026 (Eccli.
3296 2957 3472 3025 xvm).
3503 2977 3528 3008 δ
3559 2956 3648 3010 Ad
3704 2956 3851 3025 quod

559 3055 756 3126 gantis.
815 3052 1224 3123 lnterrogantis,
1257 3049 1397 3104 sicut
1426 3063 1524 3118 per
1560 3046 1899 3102 Psalmistam
1947 3044 2146 3099 dicitur
2247 3050 2556 3115 dicendum,
2589 3051 2716 3120 quia
2745 3065 2850 3104 non
2885 3057 3048 3122 negat
3069 3065 3166 3105 eos
3194 3057 3389 3105 natura
3423 3065 3494 3106 ex
3538 3051 3656 3106 Deo
3706 3066 3847 3116 esse,

557 3143 731 3216 (Psal.
760 3143 914 3214 xxv):
951 3160 970 3194 ι
1011 3141 1256 3205 Domine,
1293 3140 1416 3209 quis
1465 3137 1732 3194 habitabit
1783 3136 1837 3191 in
1895 3133 2146 3190 labema-
2250 3140 2344 3196 sed
2375 3141 2525 3196 vitio.
2553 3139 2712 3195 Aliud
2763 3149 2848 3196 est
2895 3141 3038 3196 enim
3087 3151 3280 3194 natura
3314 3141 3366 3194 iu
3397 3140 3654 3208 homine,
3710 3142 3847 3197 aliud

558 3235 680 3292 culo
709 3233 838 3289 tuo?
861 3239 955 3286 aut
977 3231 1099 3301 quis
1124 3229 1430 3300 requiescet
1452 3229 1506 3284 in
1533 3236 1716 3283 monte
1745 3235 1932 3282 sancto
1958 3224 2095 3280 tuo?
2116 3242 2134 3276 ι
2169 3239 2216 3304 C
2247 3240 2529 3304 peccatum
2557 3250 2570 3286 ε
2597 3231 2800 3287 Naiura
2837 3233 2891 3288 in
2937 3231 3176 3298 nomine,
3209 3248 3240 3286 α
3289 3233 3397 3288 Deo
3446 3244 3646 3289 creata
3697 3236 3846 3290 valde

557 3326 641 3384 Ad
695 3341 857 3397 quam
915 3323 1398 3394 interrogationem
1455 3321 1701 3392 protinus
1762 3319 2138 3390 respondetur,
2245 3326 2388 3380 bona
2417 3333 2518 3391 est,
2547 3333 2832 3395 peccatum
2867 3341 2898 3380 a
2928 3325 3142 3382 diabolo
3173 3325 3453 3382 inventum
3483 3335 3595 3380 est.
3632 3327 3840 3382 Bonum

561 3434 682 3476 cum
709 3417 996 3473 subditur:
1033 3435 1050 3466 ι
1085 3414 1187 3483 Qui
1212 3413 1510 3486 ingreditur
1539 3413 1654 3469 sine
1684 3412 1916 3477 macula,
1937 3419 1991 3466 et
2016 3425 2144 3480 ope-
2248 3416 2446 3486 quippe
2482 3415 2600 3472 sine
2631 3416 2772 3471 malo
2820 3431 2940 3472 esse
2971 3425 3170 3487 potest,
3205 3418 3406 3472 malum
3436 3430 3572 3473 vero
3612 3418 3742 3473 sine
3768 3418 3848 3473 bo-

569 3520 728 3566 ratur
753 3508 1040 3578 justitiam.
1071 3526 1090 3560 ι
1140 3507 1491 3590 Abqegantis,
1532 3505 1672 3561 sicut
1722 3503 1977 3558 Salomon
2027 3503 2141 3555 ait:
2250 3521 2320 3562 no
2345 3521 2468 3562 esse
2493 3521 2601 3560 non
2652 3513 2862 3575 potest;
2895 3506 3022 3576 quia
3073 3506 3307 3577 privatio
3337 3507 3486 3571 boni,
3533 3507 3687 3563 nihil
3713 3507 3847 3562 aliud

567 3621 585 3652 ι
623 3601 756 3668 Quis
786 3607 962 3671 potest
987 3598 1192 3662 dicere,
1236 3597 1490 3652 Mundum
1517 3604 1599 3651 est
1621 3611 1718 3652 cor
1746 3609 1950 3658 meum,
1977 3608 2147 3663 purus
2251 3605 2353 3661 est,
2414 3597 2519 3652 nisi
2573 3596 2811 3651 inventio
2865 3596 3015 3651 mali.
3070 3596 3236 3668 igitur
3265 3597 3581 3654 conditione
3619 3615 3694 3654 ex
3752 3597 3848 3651 Deo

562 3709 682 3749 sum
712 3709 742 3746 a
771 3699 992 3762 peccato
1015 3688 1199 3760 (Prov.
1223 3690 1362 3759 xx)?
1390 3708 1408 3740 ι
1450 3689 1517 3742 Et
1545 3688 1778 3742 iterum:
1809 3705 1827 3736 ι
1865 3687 1920 3741 ln
1938 3687 2149 3742 inferno
2253 3697 2429 3754 erant,
2467 3687 2563 3742 sed
2592 3687 2722 3742 vitio
2758 3702 2826 3742 ex
2881 3687 2994 3744 Deo
3029 3703 3135 3744 non
3190 3697 3366 3744 erant.
3404 3689 3561 3756 Quod
3611 3690 3850 3761 apertius

565 3796 746 3839 autem
769 3784 891 3854 quis
917 3782 1264 3837 conﬁtebitur
1300 3781 1396 3835 tibi
1419 3778 1592 3848 (Psal.
1618 3779 1735 3848 vi)?
1774 3799 1792 3831 ι
1829 3779 1920 3834 ubi
1953 3781 2151 3834 subau-
2254 3781 2650 3854 cognoscimus,
2687 3781 2732 3835 si
2761 3781 3040 3851 paululum
3088 3780 3248 3851 hujus
3282 3781 3533 3838 lectionis
3562 3784 3849 3854 superior:

567 3875 822 3930 diendum
848 3883 932 3928 cst
971 3887 1068 3944 per
1093 3872 1327 3942 singula,
1366 3871 1564 3926 nullus.
1605 3872 1680 3926 lta
1725 3882 1780 3926 et
1809 3873 1861 3927 in
1892 3872 1996 3928 hoc
2032 3873 2150 3929 loco
2256 3872 2620 3928 attendamus.
2676 3873 2930 3945 Legimus
2979 3873 3122 3928 enim
3172 3875 3299 3946 quia
3359 3876 3581 3932 eosdem
3645 3877 3853 3933 Judaaos

567 3965 888 4037 abnegative
905 3964 1144 4038 ponitur,
1167 3980 1291 4019 cum
1315 3979 1346 4018 a
1371 3964 1850 4019 Domino-dicitur:
1882 3985 1900 4017 ‹
1931 3965 2063 4032 Quis
2083 3980 2153 4020 ex
2259 3964 2398 4020 ﬁlios
2451 3964 2680 4018 Abrahae
2735 3963 3016 4020 confessus
3067 3975 3171 4031 est,
3227 3966 3413 4022 dicens
3462 3966 3666 4036 (Joan.
3704 3969 3849 4036 vni):

567 4057 722 4112 vobis
747 4065 939 4128 arguet
981 4071 1066 4110 me
1104 4055 1171 4109 de
1212 4055 1477 4124 peccato?
1506 4073 1523 4106 ι
1579 4058 1916 4122 subauditur,
1950 4055 2148 4111 nullus.
2265 4075 2282 4107 ‹
2315 4055 2441 4110 Scio
2469 4055 2597 4125 quia
2633 4053 2727 4109 ﬁlii
2767 4055 3001 4111 Abraha:
3037 4056 3206 4122 estis;
3246 4075 3266 4108 ›
3294 4066 3351 4112 et
3377 4068 3498 4128 post
3526 4073 3719 4128 pauca
3751 4075 3854 4114 esse

571 4147 738 4203 Nemo
763 4163 886 4202 eum
906 4147 974 4203 de
1011 4155 1232 4217 peccato
1262 4160 1490 4216 arguere
1518 4155 1748 4216 poterat,
1805 4147 1896 4216 qui
1947 4157 2005 4201 ut
2037 4163 2156 4218 pec-
2264 4147 2405 4204 ﬁlios
2436 4148 2669 4203 Abrahae
2695 4150 2932 4219 negavit,
2979 4149 3304 4219 subjiciens:
3346 4169 3364 4202 α
3402 4151 3457 4206 Si
3490 4152 3584 4206 ﬁlii
3630 4153 3854 4209 Abrab:

571 4253 787 4300 calores
817 4258 846 4297 a
874 4250 1100 4313 peccato
1128 4241 1381 4304 solveret,
1406 4240 1460 4294 in
1501 4239 1758 4294 mundum
1809 4251 2012 4310 absque
2033 4255 2158 4311 pec-
2260 4243 2413 4308 estis,
2442 4257 2605 4314 opera
2653 4240 2884 4297 Abraha:
2916 4242 3096 4298 facite.
3129 4263 3147 4296 ι
3180 4244 3322 4316 Ergo
3369 4260 3467 4315 per
3496 4247 3854 4318 propaginem

571 4345 696 4392 cato
726 4344 968 4391 venerat.
1018 4334 1120 4388 Alii
1159 4349 1393 4402 namque
1439 4331 1684 4387 homines
1734 4331 1939 4388 similes
1964 4332 2066 4387 sibi
2093 4333 2159 4388 de
2261 4335 2446 4390 carnis
2476 4333 2571 4388 ﬁlii
2600 4344 2754 4389 erant
2784 4334 3041 4402 Abrahae,
3094 4336 3188 4391 sed
3227 4352 3323 4406 per
3353 4337 3737 4395 imitationem
3769 4341 3855 4392 hu-

570 4427 812 4498 peccatis
842 4427 1171 4496 redarguere
1200 4434 1446 4493 possunt,
1473 4423 1586 4478 sive
1623 4423 1690 4478 de
1713 4422 2019 4493 praateritis,
2045 4422 2158 4477 sive
2264 4427 2508 4483 militatis
2534 4436 2588 4482 et
2623 4426 2769 4493 ﬁdei,
2820 4443 2927 4483 non
2975 4437 3132 4484 erant
3163 4428 3258 4484 ﬁlii
3284 4430 3541 4486 Abralm.
3575 4431 3684 4489 Sic
3716 4450 3850 4504 ergo.

569 4517 637 4573 de
663 4516 885 4584 futuris,
934 4531 1052 4586 qua:
1092 4514 1391 4585 perpetrari
1432 4523 1657 4584 possunt
1683 4531 1696 4566 :
1739 4513 2027 4568 Dominum
2061 4529 2158 4568 au-
2265 4526 2323 4572 ut
2351 4519 2552 4574 dictum
2581 4527 2683 4584 est,
2715 4527 2906 4574 natura
2935 4535 3002 4574 ex
3031 4521 3138 4576 Deo
3158 4529 3336 4586 erant,
3364 4523 3459 4577 sed
3482 4523 3618 4577 vitio
3655 4541 3729 4580 ex
3761 4526 3855 4578 Deo

573 4620 682 4668 tem
711 4610 896 4668 Jesum
926 4610 1201 4666 Christum
1232 4625 1332 4665 nec
1367 4610 1433 4665 de
1487 4609 1796 4680 praeteritis,
1856 4623 1956 4663 nec
1984 4609 2048 4662 de
2078 4608 2159 4662 fu-
2183 4595 2237 4657 D
2263 4626 2369 4666 non
2405 4619 2580 4665 erant.
2638 4609 2792 4678 Quod
2844 4608 3013 4682 genus
3044 4611 3331 4669 locutionis
3386 4614 3522 4669 adeo
3560 4617 3855 4671 usitatissi-

573 4706 710 4760 turis
739 4701 877 4759 ullus
902 4705 1220 4774 redarguere
1247 4701 1518 4772 przevalet,
1547 4701 1671 4772 quia
1700 4717 1916 4756 carnem
1939 4700 2154 4771 quidem
2264 4717 2410 4754 mum
2440 4709 2523 4756 est
2552 4701 2606 4755 in
2635 4702 2952 4772 Scripturis,
3011 4713 3071 4758 ut
3097 4704 3262 4760 etiam
3309 4705 3364 4760 in
3393 4710 3687 4763 communi
3725 4709 3855 4764 locu-

573 4810 641 4848 ex
670 4810 831 4849 carne
880 4794 1046 4848 traxit
1090 4792 1284 4857 Adam,
1335 4791 1430 4847 sed
1483 4800 1659 4846 tamen
1708 4791 1907 4845 nullam
1943 4790 2154 4862 culpam
2262 4795 2406 4848 tione
2437 4795 2758 4865 reperiatur.
2792 4795 2954 4850 Verbi
2986 4797 3158 4869 gratia
3187 4815 3199 4852 :
3234 4797 3388 4853 video
3421 4799 3714 4856 hominem
3746 4816 3857 4873 pec-

575 4887 782 4956 peccati
812 4901 877 4940 ex
901 4885 1109 4954 origine
1140 4885 1308 4939 traxit
1353 4885 1500 4940 Adin.
1549 4885 1623 4940 De
1654 4900 1761 4956 quo
1806 4884 2155 4940 veracissime
2263 4897 2533 4951 calorem;
2562 4903 2683 4941 cum
2713 4888 2987 4943 hominem
3017 4889 3382 4955 nominamus,
3403 4898 3667 4946 naturam
3705 4894 3854 4948 intel-

578 4977 852 5047 apostolus
886 4977 1082 5031 Petrus
1133 4976 1296 5030 aitzt
1364 4976 1466 5044 Qui
1515 4987 1794 5047 peccatum
1845 4992 1950 5030 non
2003 4975 2152 5041 fecit,
2265 4978 2524 5048 ligimus;
2583 4996 2704 5035 cum
2759 4979 3137 5052 subiungimus
3189 4993 3527 5054 peccatorem
3561 5026 3576 5050 ,
3638 4989 3851 5042 vitium.

578 5083 680 5122 nec
704 5068 953 5122 inventus
988 5075 1071 5122 est
1099 5067 1253 5122 dolus
1282 5068 1334 5123 in
1363 5083 1457 5124 ore
1501 5068 1620 5137 ejus
1665 5067 1717 5136 (Ι
1751 5064 1896 5120 Petr.
1917 5067 2000 5135 ιι).
2033 5086 2050 5117 ι
2093 5065 2160 5121 Et
2265 5067 2529 5123 Similiter
2556 5071 2720 5125 etiam
2753 5080 2807 5126 et
2836 5072 3084 5127 homines
3113 5073 3283 5129 bonos
3329 5075 3562 5131 dicimus
3585 5085 3648 5130 et
3689 5077 3854 5132 homi-

551 5151 696 5230 'ipse
737 5160 995 5216 Dominus
1034 5161 1099 5216 de
1151 5163 1366 5232 seipse:
1400 5182 1417 5213 ι
1459 5163 1618 5218 Venit
1665 5161 1733 5215 ad
1784 5176 1868 5215 me
1909 5161 2160 5230 princeps
2264 5174 2360 5214 nes
2388 5160 2594 5215 malos:
2645 5162 2837 5228 bonos,
2869 5163 2992 5233 quia
3023 5179 3052 5218 a
3086 5165 3197 5220 Deo
3225 5173 3351 5220 sunt
3376 5168 3614 5234 conditi;
3661 5169 3854 5231 malos,

580 5250 742 5319 huius
785 5250 988 5317 mundi,
1021 5263 1076 5308 et
1103 5254 1156 5308 in
1188 5270 1274 5309 me
1309 5270 1412 5307 non
1443 5253 1604 5306 habet
1641 5251 1933 5321 quidquam
1975 5249 2156 5321 (Joan.
2263 5254 2388 5322 quia
2422 5255 2621 5309 vitiosi.
2654 5255 2722 5310 Et
2759 5256 2989 5313 dicimus
3044 5258 3293 5330 angelum
3346 5261 3568 5325 bonum,
3600 5271 3664 5316 et
3701 5279 3856 5333 ange-

582 5342 716 5414 xiv).
749 5361 768 5396 ι
802 5341 912 5398 Nec
948 5344 1121 5399 solum
1157 5345 1272 5415 ejus
1301 5352 1489 5399 sancta
1528 5342 1810 5412 conceptio
1837 5351 1996 5411 atque
2023 5343 2162 5395 nati-
2265 5347 2373 5400 lum
2404 5348 2603 5402 malum
2638 5367 2650 5401 :
2685 5364 2790 5402 non
2822 5350 2964 5418 quod
2993 5350 3104 5420 ipse
3131 5367 3228 5422 per
3255 5361 3501 5405 naturam
3535 5353 3858 5409 malusesse

584 5434 740 5489 vitas-
771 5435 975 5505 absque
1020 5445 1244 5507 peccato
1297 5435 1418 5497 fuit,
1472 5435 1564 5489 sed
1621 5434 1786 5488 etiam
1838 5433 2015 5488 omnis
2048 5431 2164 5501 eius
2265 5438 2454 5510 possit,
2486 5440 2578 5493 sed
2599 5440 2740 5508 quod
2766 5439 2896 5494 vitio
2925 5457 2985 5496 se
3012 5441 3213 5496 malum
3241 5457 3361 5497 esse
3389 5441 3536 5497 fecit.
3571 5442 3687 5499 Sed
3720 5445 3856 5515 quod

580 5529 840 5599 operatio,
883 5529 1216 5599 praedicatio,
1265 5537 1427 5595 atque
1475 5527 1614 5582 inter
1655 5527 1899 5582 homines
1935 5541 2164 5581 conver-
2271 5531 2528 5585 Dominus
2558 5530 2736 5585 verbis
2765 5530 2832 5584 de
2856 5530 3056 5588 Judazis
3088 5541 3336 5600 testatur,
3375 5534 3583 5588 scilicet
3610 5537 3768 5604 quod
3798 5551 3857 5588 ex

581 5619 721 5674 satio
775 5618 1263 5690 irreprehensibilis
1312 5619 1579 5689 apparuit,
1638 5619 1776 5674 sicut
1827 5620 1939 5688 ipse
1988 5619 2063 5672 ait
2107 5618 2161 5673 in
2269 5621 2378 5676 Deo
2413 5637 2518 5676 non
2545 5630 2746 5684 essent,
2789 5621 2890 5691 ipsi
2939 5622 3005 5678 de
3049 5639 3108 5678 se
3157 5624 3414 5694 operibus
3469 5625 3855 5682 manifestam.

584 5710 872 5782 Evangelio
899 5729 911 5763 :
947 5727 968 5762 ι
1005 5708 1060 5764 Si
1092 5709 1231 5764 male
1252 5709 1463 5765 locutus
1491 5725 1631 5774 sum,
1657 5710 2021 5765 testimonium
2046 5726 2165 5780 per-
2268 5713 2400 5768 Nam
2431 5727 2498 5768 ex
2525 5716 2884 5783 correptione,
2937 5731 3041 5784 qua
3071 5701 3345 5770 emendari
3401 5715 3730 5784 debuerant,
3774 5720 3861 5773 de—

533 5839 538 5844 -
585 5803 709 5860 bibe
745 5804 809 5858 de
850 5803 991 5857 malo
1042 5803 1221 5872 (Joan.
1259 5804 1433 5873 xvm).
1468 5824 1484 5855 ι
1547 5804 1612 5859 Et
1660 5805 1890 5859 iterum:
1931 5823 1947 5856 ε
1985 5802 2160 5876 Opera
2268 5803 2497 5860 teriorcs
2529 5801 2700 5858 cﬁ‘ecti
2733 5813 2873 5860 sunt.
2909 5805 3044 5872 Quia
3075 5805 3215 5860 sicut
3243 5806 3525 5877 sequitur:
