3994 6354
109 421 228 477 329

1349 384 1654 484 nonius;
1695 426 1785 483 ne
1821 424 2167 483 TEMPORE.

3308 442 3414 501 550

192 558 213 591 ι
264 535 721 609 Responderunt,
779 549 836 594 et
885 537 1138 596 dixerunt
1173 539 1223 595 ei
1283 559 1297 594 :
1339 539 1530 597 Nonne
1589 542 1726 596 bene
1753 542 1805 602 Α
1830 546 1984 592 verat
2029 551 2149 594 esse
2197 538 2496 607 custodem,
2527 542 2679 613 illum
2730 544 2958 614 scilicet,
3020 551 3108 607 cui
3138 551 3410 626 Propheta

115 649 133 682 ι
170 631 432 687 dicimus
465 647 588 700 nos,
615 633 742 704 quia
789 633 1166 690 Samaritanus
1203 649 1263 691 es
1308 645 1388 702 tu,
1433 643 1489 692 et
1529 635 1729 692 daemo-

117 744 136 775 ι
181 724 353 779 nium
390 725 607 782 habes?
635 746 653 778 ι
689 725 843 794 Quod
871 735 932 782 ut
961 729 1029 783 ad
1057 728 1534 801 vituperationem
1562 728 1729 800 perti-

109 825 272 883 neat,
309 816 445 872 illos
471 817 757 874 Dominum
787 820 1114 876 daemonium
1130 821 1340 878 habere
1367 819 1592 886 dixisse,
1615 835 1729 874 ma-

111 908 396 966 nifestum
423 918 525 966 est.
561 909 669 966 Sed
700 911 831 982 quid
877 911 1292 984 vituperationis
1325 912 1545 977 habeat,
1585 911 1727 982 quod

108 1021 240 1061 eum
275 1005 699 1064 Samaritanum
753 1009 1176 1076 nominaverint,
1239 1017 1461 1080 propter
1488 1022 1602 1073 eos,
1633 1009 1725 1078 qui

109 1104 423 1160 historiam
456 1105 732 1176 ignorant,
769 1106 1302 1163 commemorandum
1331 1113 1431 1162 est.
1471 1104 1724 1177 Legimus

105 1196 258 1250 enim
289 1196 353 1251 in
394 1195 712 1266 Regnorum
740 1197 896 1254 libris
922 1196 1038 1269 (III
1064 1195 1190 1270 Reg.
1214 1196 1337 1269 xu),
1372 1197 1516 1268 quod
1537 1195 1726 1252 decem
1750 1191 1753 1199 ’

107 1287 292 1344 tribus
325 1288 571 1346 filiorum
621 1290 787 1347 Israel
832 1291 892 1346 in'
937 1291 1181 1346 Samaria
1227 1291 1294 1346 ad
1333 1289 1726 1361 suggestionem

104 1379 440 1450 Jeroboam,
490 1383 583 1454 qui
607 1385 872 1454 peccavit,
913 1392 968 1440 et
1012 1400 1240 1455 peccare
1274 1383 1402 1440 fecit
1424 1382 1610 1448 Israel,
1643 1397 1727 1437 re-

104 1471 238 1530 licto
267 1473 396 1531 Deo
429 1484 644 1545 patrum
678 1489 919 1541 suorum,
967 1474 1164 1530 vitulos
1192 1487 1386 1529 aureos
1435 1481 1492 1527 et
1540 1487 1729 1542 argen-

107 1571 249 1628 teos,
275 1579 429 1634 quos
465 1565 582 1634 ipse
603 1565 658 1620 in
683 1565 872 1621 Bethel
895 1573 950 1620 et
980 1564 1096 1620 Dan
1127 1572 1404 1629 statuerat,
1435 1562 1718 1619 coluerint.

106 1651 173 1707 Et
196 1652 424 1710 idcirco
444 1654 725 1710 suscitavit
745 1653 1005 1712 Dominus
1024 1664 1216 1712 contra
1236 1654 1357 1709 illos
1378 1652 1724 1710 Salmanasar
1752 1689 1772 1704 .

107 1760 300 1815 regem
327 1746 706 1819 Assyriorum,
738 1747 830 1816 qui
859 1747 1010 1803 duxit
1039 1762 1133 1803 eos
1157 1747 1402 1818 captivos
1432 1747 1488 1802 in
1510 1754 1726 1802 exteras

107 1836 399 1902 nationes,
427 1838 500 1894 ita
523 1846 723 1903 tamen,
752 1847 810 1894 ut
836 1838 890 1892 in
918 1853 1108 1894 eorum
1138 1839 1356 1910 regione
1378 1837 1511 1893 alias
1530 1846 1720 1910 gentes

1830 645 1984 686 suam
2012 629 2356 703 fragilitatem
2387 635 2796 695 custodiendam
2839 646 3258 716 commendavit,
3295 667 3420 708 cum

1830 721 2005 777 dixit:
2046 739 2066 773 ι
2116 721 2336 779 Custodi
2387 739 2494 788 me,
2549 725 2800 798 Domine,
2856 742 2916 788 ut
2966 737 3226 809 pupillam
3275 743 3421 800 oculi

1830 813 2002 885 (Paul.
2033 813 2113 887 x).
2147 833 2166 867 ι
2221 816 2290 872 Et
2337 815 2574 873 iterum:
2617 840 2636 873 ι
2697 819 2920 882 Custodi
2970 844 3058 886 me
3110 847 3144 890 a
3203 832 3418 906 laqueo,

1827 921 1989 976 quem
2040 915 2346 964 statuerunt
2398 911 2532 966 mihi
2582 909 2756 983 (Paul.
2798 918 2944 988 (ιιι).
2995 940 3014 973 ι
3072 922 3177 978 Et:
3219 944 3238 978 ι
3303 925 3421 984 Non

1830 998 2144 1056 dormitabit
2181 1017 2359 1073 neque
2390 1004 2641 1071 dormiet,
2669 1008 2762 1077 qui
2787 1011 3024 1069 custodit
3049 1013 3213 1072 Israel
3243 1017 3417 1090 (Paul.

1830 1088 1978 1161 cxx).
2013 1108 2033 1142 ι
2067 1090 2169 1146 Ει;
2207 1111 2225 1143 ι
2279 1092 2605 1151 Custodiens
2650 1101 2909 1169 parvulos
2950 1102 3212 1166 Dominus
3242 1088 3420 1181 (Paul.

1828 1180 1998 1253 cxrv).
2030 1201 2050 1235 ι
2083 1182 2190 1240 Iste
2242 1193 2327 1240 est
2353 1186 2498 1242 enim
2527 1187 2616 1244 ille
2665 1189 3064 1264 Samaritanus,
3115 1203 3206 1271 qui
3234 1180 3422 1274 proxi-

1829 1285 1978 1326 mum
2007 1287 2164 1328 suum
2213 1275 2493 1334 inveniens
2517 1280 2880 1352 vulneratum,
2935 1288 3174 1362 alligavit
3197 1297 3439 1356 vulnera.

1827 1361 1964 1433 ejus,
1990 1371 2044 1420 et
2072 1365 2354 1437 imponens
2379 1369 2530 1426 illum
2556 1372 2611 1428 in
2639 1371 2944 1443 jumentum
2975 1395 3157 1451 suum,
3183 1386 3338 1446 duxit
3365 1392 3423 1448 in

1825 1455 2122 1523 stabulum,
2145 1467 2199 1513 et
2221 1474 2407 1514 curam
2446 1461 2562 1528 ejus
2582 1465 2692 1536 egit
2720 1465 2874 1538 (Luc.
2898 1472 3054 1543 xvu).
3093 1473 3170 1531 De
3191 1492 3300 1548 quo
3326 1499 3425 1552 per

1827 1549 2147 1622 prophetam
2168 1551 2361 1609 Isaiam
2384 1555 2583 1613 dicitur
2608 1577 2621 1613 :
2651 1578 2669 1611 σ
2716 1561 2866 1619 Onus
2890 1565 3062 1622 Duma
3099 1570 3170 1626 ad
3194 1588 3281 1630 me
3307 1549 3421 1633 cla-

1827 1645 1942 1692 mat
1966 1654 2032 1694 ex
2067 1638 2226 1696 Seir:
2256 1642 2467 1712 Custos,
2493 1648 2623 1718 quid
2663 1650 2729 1706 de
2755 1663 2938 1722 nocte,
2960 1666 3166 1726 custos,
3197 1665 3328 1732 quid
3355 1668 3424 1724 de

1828 1731 2025 1786 nocte?
2049 1731 2195 1787 Dixit
2218 1743 2400 1791 custos
2425 1754 2438 1790 :
2460 1737 2620 1794 Vlenit
2641 1756 2801 1797 mane
2829 1754 2884 1800 et
2916 1761 3044 1804 nox.
3071 1749 3128 1806 Si
3152 1731 3420 1823 quaeritis,

1829 1822 2096 1892 quaerite;
2127 1829 2509 1885 convertimini
2543 1840 2598 1888 et
2647 1833 2828 1892 videte
2858 1837 2998 1911 (Isa.
3020 1822 3212 1915 χω.)
3253 1867 3272 1899 ι
3311 1847 3420 1906 Sed

106 1928 504 1984 constitueret.
535 1927 665 1996 Quae
702 1929 869 1985 etiam
896 1945 1020 1986 cum
1043 1929 1116 1985 ibi
1141 1930 1271 1986 deos
1308 1945 1437 1986 suos
1464 1929 1720 1997 colerent,

1836 1932 1856 1966 ί
1892 1915 2192 1974 honoriﬁco
2212 1917 2428 1978 Patrem
2451 1938 2653 1993 meum,
2677 1937 2732 1984 et
2752 1944 2849 1986 vos
2871 1931 3237 1994 inhonorastis
3264 1955 3371 1996 me.
3395 1962 3416 1996 ι

105 2020 262 2076 misit
294 2023 570 2078 Dominus
601 2023 658 2078 in
687 2039 781 2079 eos
803 2024 1070 2094 pessimas
1090 2024 1312 2105 bestias,
1341 2039 1499 2079 ursos
1524 2023 1731 2079 scilicet

101 2119 156 2166 et
185 2113 414 2180 leones,
452 2115 518 2170 ad
549 2129 780 2184 quorum
825 2130 1040 2171 morsus
1084 2123 1141 2171 et
1167 2115 1356 2186 plagas
1391 2129 1514 2170 cum
1545 2115 1728 2186 plures

103 2212 504 2269 morerentur,
535 2205 808 2260 miserunt
843 2206 1064 2261 nuntios
1087 2206 1158 2260 ad
1198 2220 1406 2276 regem,
1439 2206 1723 2262 dicentes:

107 2311 123 2344 ‹
152 2292 344 2349 Terra
379 2295 434 2348 in
488 2311 594 2365 qua
623 2296 933 2352 habitamus
975 2296 1182 2366 optima
1225 2304 1332 2362 est,
1360 2295 1454 2352 sed
1507 2296 1725 2350 habita-

104 2396 260 2442 tores
310 2403 450 2443 suos
475 2390 723 2455 devorat,
752 2403 816 2445 eo
842 2390 985 2459 quod
1012 2389 1324 2460 ignoremus
1361 2389 1601 2458 legitima
1630 2389 1727 2443 Dei

105 2491 274 2532 terrae
318 2478 527 2535 colere.
559 2498 580 2531 ι
607 2478 761 2534 Tunc
785 2494 903 2546 rex,
935 2479 1070 2534 inito
1093 2479 1340 2544 consilio,
1385 2478 1535 2534 misit
1559 2493 1726 2533 unum

105 2567 167 2623 de
197 2569 594 2624 sacerdotibus
629 2568 1003 2636 Hebraeorum,
1054 2570 1148 2640 qui
1193 2585 1288 2626 eos
1336 2568 1577 2641 legitima
1629 2569 1725 2626 Dei

111 2671 273 2717 terra;
335 2660 524 2716 colere
554 2663 799 2729 doceret,
852 2670 908 2717 et
954 2677 1021 2718 eo
1066 2672 1311 2732 tempore
1371 2661 1502 2732 ipsae
1538 2671 1726 2733 gentes

111 2749 281 2806 Deum
315 2749 445 2806 caeli
485 2749 793 2816 coluerunt,
841 2765 949 2805 non
1003 2759 1182 2806 tamen
1237 2749 1380 2804 idola
1431 2766 1529 2806 sua
1560 2751 1726 2805 relin-

114 2851 368 2911 quentes.
405 2840 605 2897 Tribus
632 2850 817 2896 autem
841 2840 981 2897 Juda
1010 2850 1067 2897 et
1098 2840 1402 2911 Benjamin,
1443 2842 1499 2896 in
1528 2842 1724 2912 quibus

117 2947 270 3002 reges
296 2933 366 2986 de
401 2935 571 3001 stirpe
599 2921 769 2986 David
815 2931 1132 3002 regnabant,
1173 2931 1316 2987 sicut
1356 2933 1408 2988 ei
1464 2933 1723 2988 Dominus

117 3028 446 3096 promiserat
478 3027 758 3082 lucernam
801 3026 850 3082 ei
878 3040 937 3083 se
963 3027 1215 3082 daturum
1241 3043 1310 3083 cx
1351 3027 1566 3083 semine
1605 3025 1722 3095 ejus

119 3119 173 3174 in
198 3127 490 3186 aeternum,
535 3121 768 3177 necdum
805 3120 984 3176 adhuc
1029 3121 1204 3176 ductae
1234 3121 1288 3174 in
1327 3121 1717 3191 captivitatem,

122 3213 177 3265 in
203 3212 507 3268 Jerusalem
528 3213 850 3268 manebant.
883 3213 961 3268 Ex
984 3227 1096 3283 quo
1127 3221 1365 3283 tempore
1392 3211 1565 3267 «ἰυόωὶ
1592 3211 1719 3268 dicti

1827 2003 1886 2059 In
1910 2007 2094 2063 multis
2120 2009 2256 2066 locis
2284 2013 2564 2086 Evangelii
2594 2018 2899 2078 invenimus
2955 2025 3150 2083 Filium
3199 2029 3420 2089 Patrem

1828 2095 2234 2156 honoriﬁcasse.
2288 2101 2406 2159 Non
2459 2105 2633 2162 solum
2697 2111 2840 2165 enim
2891 2112 3281 2177 incarnationis
3312 2138 3423 2180 suae

1829 2189 2149 2256 mysterium
2196 2192 2265 2247 ad
2310 2193 2488 2252 Patris
2541 2197 2768 2269 gloriam
2821 2207 3059 2276 retorsit,
3114 2213 3211 2268 sed
3256 2215 3420 2271 etiam

1826 2281 2289 2353 praedicationem,
2321 2289 2711 2349 miraculorum
2763 2300 3134 2358 ostensionem
3165 2313 3220 2361 et
3268 2307 3421 2364 intir-

1827 2388 2068 2441 morum,
2094 2378 2234 2434 sicut
2289 2381 2407 2452 ipse
2435 2384 2552 2439 ait:
2589 2404 2608 2437 ‹
2640 2387 2754 2458 Ego
2793 2405 2824 2444 a
2877 2394 3084 2464 meipso
3137 2413 3249 2454 non
3272 2403 3422 2470 veni,

1827 2466 1920 2521 sed
1954 2466 2118 2524 Pater
2150 2487 2306 2529 meus
2333 2476 2483 2532 misit
2510 2493 2597 2557 me
2638 2479 2822 2551 (Joan.
2848 2486 2991 2557 vm).
3022 2509 3042 2541 ι
3082 2490 3153 2546 Ει
3177 2493 3376 2550 iterum

1834 2573 1853 2606 ‹
1883 2557 2002 2613 Mea
2025 2561 2276 2619 doctrina
2314 2581 2424 2622 non
2450 2553 2536 2624 est
2562 2586 2706 2638 mea,
2737 2575 2834 2630 sed
2857 2575 2974 2645 ejus
2991 2580 3086 2648 qui
3133 2583 3282 2640 misit
3306 2602 3416 2652 me,

1827 2645 2007 2706 Patris
2033 2650 2220 2722 (Joun.
2242 2655 2363 2728 vn).
2395 2678 2418 2712 ι
2465 2659 2535 2715 Ει
2561 2662 2689 2720 alibi
2715 2683 2728 2718 :
2760 2685 2780 2716 ‹
2816 2666 2976 2724 Pater
3004 2645 3180 2740 major
3207 2691 3296 2732 me
3335 2645 3421 2734 est

1827 2737 2010 2809 (Joan.
2038 2744 2172 2814 xxv).
2207 2765 2225 2796 ι
2280 2747 2350 2802 Et
2376 2749 2612 2807 iterum:
2643 2773 2663 2805 ‹
2715 2754 2881 2813 Pater
2927 2737 3134 2824 sancte,
3188 2768 3419 2824 manife-

1824 2833 1964 2886 stavi
2021 2850 2218 2894 nomen
2269 2848 2420 2897 tuum
2469 2845 2802 2917 hominibus,
2853 2867 2991 2922 quos
3039 2857 3234 2914 dedisti
3282 2863 3420 2919 mihi

1825 2922 2007 2992 (Joun.
2032 2927 2192 3000 xvn).
2224 2950 2245 2983 ι
2281 2931 2348 2986 Et
2376 2934 2610 2992 iterum:
2654 2957 2673 2990 ι
2709 2940 2823 3012 Ego
2849 2959 2881 2999 a
2922 2948 3131 3018 meipso
3157 2952 3292 3007 nihil
3331 2954 3417 3009 fa-

1823 3017 1908 3072 cio
1936 3018 2120 3091 (Joan.
2146 3025 2285 3097 vin).
2317 3045 2336 3078 ι
2381 3028 2451 3083 Ει
2491 3030 2545 3085 in
2583 3034 2872 3102 passione:
2905 3057 2926 3091 ι
2987 3017 3171 3110 Pater,
3225 3046 3271 3101 si
3302 3048 3420 3102 fieri

1822 3121 2021 3179 potest,
2051 3123 2293 3174 transeat
2328 3136 2360 3175 a
2386 3136 2474 3178 me
2495 3124 2636 3179 calix
2664 3126 2768 3184 iste
2801 3130 3017 3201 (Matth.
3043 3136 3214 3209 xxvr).
3237 3158 3256 3190 ι
3312 3139 3420 3196 Sed

1821 3200 1992 3258 Judaei
2030 3205 2224 3262 Filium
2252 3208 2467 3266 Patrem
2520 3200 2877 3276 honorantem
2932 3200 3415 3294 inhonoraverunt,

125 3313 274 3370 sum,
330 3320 437 3359 mn
471 3313 528 3360 ut
579 3305 798 3376 quidam
853 3312 1067 3375 putant,
1116 3319 1147 3357 a
1198 3301 1336 3357 juda
1385 3301 1717 3358 Machabgeo,
1749 3289 1795 3352 C
1826 3295 2043 3386 quando
2099 3298 2354 3356 dixerunt
2388 3319 2401 3355 :
2440 3323 2459 3354 ι
2500 3305 2558 3359 ln
2593 3305 2895 3365 Beelzebub
2936 3313 3178 3386 principe
3222 3289 3420 3374 daemo;

129 3391 306 3446 Tanta
356 3394 515 3464 igitur
562 3394 830 3451 discordia
887 3395 1028 3449 inter
1075 3392 1289 3448 Iudaeos
1319 3401 1376 3448 et
1428 3392 1718 3462 praedictos

131 3481 501 3541 Samaritanos
525 3487 783 3550 excrevit,
823 3494 884 3540 ut
934 3484 1115 3539 nullus
1142 3483 1449 3539 Iudaeorum
1480 3483 1716 3539 familia-

127 3571 262 3625 riter
311 3572 633 3644 colloquium
678 3575 883 3630 habere
939 3574 1255 3645 dignaretur
1282 3590 1404 3630 cum
1461 3574 1562 3640 eis,
1616 3589 1718 3629 nec

127 3665 428 3720 convivium
454 3667 802 3738 participare,
849 3681 952 3722 nec
981 3667 1215 3737 aliquam
1264 3668 1579 3722 societatem
1618 3667 1715 3720 ha-

127 3755 270 3822 bere,
295 3759 436 3813 sicut
462 3759 700 3815 ostendit
727 3759 922 3814 mulier
943 3757 1308 3823 Samaritana,
1337 3773 1459 3828 qua:
1488 3757 1716 3812 Domino

130 3845 320 3905 dixisse
367 3849 558 3915 fertur,
611 3850 752 3907 sicut
787 3850 840 3904 in
877 3850 1170 3921 Evangelio
1221 3849 1457 3919 legitur:
1494 3868 1511 3900 ι
1567 3848 1715 3916 Quo-

133 3940 280 3994 modo
309 3949 362 3995 tu
411 3941 630 3998 Iudaeus
656 3957 776 3997 cum
807 3943 903 4008 sis,
942 3940 1127 3997 bibere
1171 3957 1202 3996 a
1232 3957 1318 3996 me
1366 3941 1564 4010 poscis,
1596 3955 1716 4009 quae

133 4042 239 4084 sum
269 4033 470 4089 mulier
525 4033 914 4089 Samaritana?
950 4032 1067 4089 Non
1104 4033 1252 4090 enim
1282 4040 1574 4088 coutuntur
1622 4029 1717 4086 Ju-

134 4121 220 4176 daai
253 4123 617 4182 Samaritanis
669 4126 854 4195 (Joan.
901 4126 999 4198 IV).
1029 4146 1047 4178 ι
1099 4124 1488 4196 Quemcunque
1533 4133 1713 4180 autem

135 4210 283 4272 Iudaei
311 4219 648 4290 improperio
700 4219 970 4276 lacessere
1020 4219 1293 4286 volebant,
1332 4219 1483 4274 illum
1525 4217 1715 4275 Sama-

137 4307 347 4368 ritanum
373 4314 666 4369 vocabant.
708 4314 861 4371 Unde
891 4323 1076 4370 contra
1106 4314 1391 4370 Dominum
1420 4313 1543 4370 felle
1568 4330 1714 4370 com-

138 4401 268 4466 moti,
300 4405 434 4474 quia
459 4421 561 4461 nec
586 4421 717 4462 vera
744 4406 887 4461 mala
909 4421 1029 4477 quae
1053 4407 1450 4477 exprobrarent
1467 4406 1715 4462 invenire

137 4498 383 4563 poterant,
447 4496 583 4552 falsa
633 4498 962 4569 improperia
1021 4499 1418 4570 imposuerunt,
1473 4498 1714 4555 dicentes

1821 3384 2036 3440 niorum
2082 3387 2230 3456 ejicit
2282 3393 2546 3451 daemonia
2600 3399 2818 3470 (Matth.
2849 3406 2972 3474 xu).
3003 3426 3023 3460 ι
3077 3384 3146 3463 Et
3177 3411 3416 3467 iterum:

1825 3482 1843 3526 ‹
1873 3474 2064 3532 Nonne
2090 3479 2231 3536 bene
2255 3483 2485 3541 dicimus
2531 3504 2651 3554 nos,
2678 3494 2807 3561 quia
2841 3493 3218 3556 Samaritanus
3247 3519 3308 3560 es
3338 3514 3414 3570 tu,

1819 3574 1875 3620 et
1897 3568 2222 3628 daemonium
2254 3574 2423 3632 habes
2469 3578 2650 3650 (Joan.
2676 3586 2842 3658 vni)?
2873 3609 2892 3640 ι
2923 3589 3022 3644 Et:
3061 3613 3081 3644 σ
3113 3593 3213 3650 Hic
3253 3568 3417 3654 homo

1819 3675 1928 3716 non
1953 3671 2040 3718 est
2084 3680 2117 3720 a
2157 3665 2290 3734 Deo,
2343 3671 2433 3740 qui
2473 3672 2760 3732 sabbatum
2793 3696 2901 3736 non
2946 3687 3181 3742 custodit
3229 3689 3412 3761 (.Ioau.

1820 3750 1919 3823 Ix).
1946 3772 1964 3805 ι
2007 3754 2115 3811 Ει;
2147 3775 2168 3809 ι
2227 3757 2284 3814 Si
2338 3777 2447 3817 non
2483 3775 2626 3821 esset
2671 3769 2761 3825 hic
2791 3773 3126 3844 malefactor,
3177 3750 3284 3838 non
3317 3784 3414 3840 tibi

1821 3843 2230 3917 tradidissemus
2255 3864 2379 3906 eum
2413 3853 2596 3925 (Joan.
2622 3860 2801 3934 xvm).
2831 3882 2850 3914 ι

1894 3953 1912 3984 ι
1957 3936 2071 4009 Ego
2112 3955 2221 3996 non
2247 3957 2430 4012 quacro
2469 3948 2691 4019 gloriam
2719 3970 2896 4012 meam
2926 3977 2940 4012 :
2972 3970 3056 4017 est
3084 3965 3176 4034 qui
3208 3981 3417 4037 quaerat

1825 4049 1840 4079 ι
1890 4038 1945 4083 ct
1967 4029 2193 4098 judicet.
2233 4054 2250 4086 ι
2283 4035 2419 4092 Cum
2454 4039 2622 4098 Filius
2648 4045 2744 4101 Dei
2773 4050 2944 4106 multa
2987 4029 3141 4126 signa
3189 4029 3412 4128 faceret,

1817 4121 2015 4177 nmltas
2041 4123 2270 4182 virtutes
2314 4133 2645 4202 ostenderet,
2683 4137 2910 4208 gloriam
2956 4121 3107 4200 suam
3138 4164 3242 4205 non
3269 4168 3415 4222 qure-

1817 4210 1963 4265 sivit.
2010 4213 2082 4268 Ut
2125 4231 2224 4272 nos
2278 4217 2395 4288 ejus
2439 4225 2687 4295 exemplo
2730 4228 3004 4300 instructi,
3046 4210 3303 4297 dicamus.
3351 4247 3416 4299 de

1815 4303 1959 4361 bono
1983 4307 2128 4376 quod
2153 4310 2365 4381 agimus
2385 4329 2491 4370 non
2517 4317 2757 4388 gloriari,
2783 4340 2852 4380 ne
2888 4325 3029 4384 forte
3052 4331 3320 4404 dirigatur
3345 4338 3412 4392 ad

1818 4410 1916 4450 nos
1948 4396 2039 4450 illa
2067 4402 2365 4464 sententia,
2401 4420 2520 4474 qua:
2546 4408 2623 4462 ait
2656 4427 2669 4463 :
2711 4431 2730 4463 ‹
2769 4411 2908 4480 Quid
2939 4396 3208 4488 superbis,
3266 4433 3409 4479 terra

1817 4492 1872 4539 et
1895 4486 2032 4542 cinis
2058 4486 2248 4558 (Eccli.
2291 4492 2384 4563 x)?
2423 4508 2442 4545 ι
2488 4494 2642 4554 Unde
2686 4501 2975 4572 Apostolus
3002 4486 3323 4578 gloriantem
3358 4517 3410 4568 in

136 4593 246 4637 eum
273 4586 603 4646 daemonium
628 4591 850 4659 habere,
895 4602 951 4648 et
1000 4593 1405 4649 Samaritanum
1453 4609 1593 4650 esse.
1648 4594 1715 4650 Et

1824 4592 1877 4633 se
1917 4584 2392 4653 przesumptionem
2435 4590 2702 4658 reprimit,
2734 4594 2961 4652 dicens:
2999 4617 3017 4649 ι
3054 4599 3193 4666 Quid
3247 4605 3413 4661 habes

137 4687 242 4730 cum
287 4679 338 4735 in
374 4683 613 4740 veritate
649 4686 729 4741 eis
779 4687 1108 4757 respondere
1148 4696 1350 4757 posset,
1382 4687 1491 4743 vos
1519 4688 1720 4745 Clamo.
1744 4659 1798 4718 D
1824 4672 1968 4740 quod
2017 4688 2124 4728 non
2180 4677 2475 4746 accepisti?
2499 4681 2626 4748 quid
2658 4683 2910 4753 gloriaris
2933 4691 3088 4757 quasi
3118 4708 3224 4748 non
3258 4712 3413 4753 acce‘

138 4764 266 4824 nium
307 4773 548 4844 habetis,
584 4773 775 4845 noluit,
827 4780 924 4835 sed
974 4795 1162 4836 verum
1209 4780 1412 4836 malum
1466 4782 1610 4852 quod
1659 4781 1715 4836 in

140 4851 250 4922 iPsis
274 4878 389 4922 esse
431 4868 703 4939 cognovit,
750 4871 1018 4942 patienter
1045 4871 1233 4938 tacuit,
1266 4851 1582 4930 imitabilem
1612 4888 1712 4929 no-

141 4943 209 5000 bis
235 4957 549 5019 patientiam
577 4961 891 5029 ostendens,
941 4972 1001 5018 ut
1050 4964 1476 5035 quotiescunque
1508 4981 1538 5018 a
1587 4980 1714 5035 pro-

143 5035 282 5098 ximis
308 5047 534 5117 injurias
568 5053 830 5124 patimur,
880 5071 1066 5111 eorum
1113 5072 1244 5112 vera
1274 5058 1413 5112 mala
1440 5059 1713 5128 patienter

143 5133 411 5208 taceamus,
446 5157 517 5198 ne
544 5143 683 5200 forte
708 5146 832 5201 talis
852 5149 1124 5219 correptio
1150 5164 1259 5204 non
1287 5165 1353 5205 ex
1387 5149 1698 5217 dilectione,

144 5221 223 5275 sed
249 5239 312 5282 ex
340 5232 581 5289 vindicta
611 5243 741 5291 nata
761 5237 1028 5294 videatur.

207 5329 224 5364 ε
257 5315 549 5391 Respondit
578 5323 738 5383 Iesus
781 5337 835 5384 et
864 5330 1000 5386 dixit
1047 5333 1189 5390 illis:
1226 5334 1336 5406 Ego
1380 5334 1708 5392 dannonium

149 5416 282 5461 «non
331 5413 526 5472 habeo.
557 5437 576 5471 ι
613 5417 920 5476 Notandum
959 5433 1141 5480 autem
1198 5427 1342 5495 quod
1389 5426 1496 5482 duo
1533 5426 1585 5482 ei
1612 5440 1712 5496 op-

145 5499 297 5559 POSita
326 5505 563 5577 fuerunt,
595 5514 692 5568 sed
721 5514 836 5584 ipse
859 5531 1024 5570 unum
1055 5519 1291 5589 negavit,
1323 5518 1555 5575 alterum
1583 5535 1715 5575 vero

147 5589 350 5652 tacendo
378 5603 673 5659 consensit.
725 5602 954 5676 Negavit
1006 5621 1067 5662 se
1117 5608 1443 5664 daemonium
1490 5610 1711 5675 habere,

146 5686 237 5734 n0n
262 5691 437 5747 tamen
467 5695 685 5766 negavit
740 5711 800 5752 se
835 5710 956 5754 esse
1007 5696 1431 5756 Samaritanum.
1471 5701 1714 5759 Samari-

151 5769 287 5866 ιίιξιιιδ
311 5782 504 5854 quippe
553 5785 948 5856 interpretatur
991 5802 1182 5846 custos.
1214 5789 1399 5848 Noluit
1432 5808 1564 5866 ergo
1601 5796 1707 5852 Do.

150 5857 306 5922 minus
331 5887 386 5926 se
411 5876 815 5935 Samaritanum
855 5895 977 5938 esse
1006 5898 1228 5955 negare,
1263 5900 1321 5941 se
1348 5898 1595 5944 nostrum
1619 5905 1716 5946 no-

523 5970 799 6036 Ριτιιοι..
841 5973 1124 6038 CXVIII.

1821 4764 1970 4834 peris
2027 4762 2083 4834 (Ι
2133 4763 2254 4818 Cor.
2299 4767 2416 4837 iv)?
2467 4789 2484 4820 ν
2548 4769 2654 4826 Sed
2701 4776 2965 4842 quieritur
3015 4796 3183 4851 quare
3221 4786 3408 4844 dicat:

1828 4874 1848 4907 ‹
1894 4857 2006 4928 Ego
2052 4873 2157 4914 non
2199 4876 2383 4929 quaero
2429 4863 2655 4931 gloriam
2704 4885 2904 4937 mea-tn,
2932 4883 3016 4931 est
3051 4879 3142 4947 qui
3203 4897 3410 4952 quierat

1820 4957 1870 5004 et
1895 4948 2122 5017 judicet,
2158 4971 2175 5004 ι
2215 4967 2336 5008 cum
2384 4955 2511 5012 alibi
2538 4957 2744 5017 dixisse
2768 4961 3018 5034 legatur:
3055 4987 3077 5020 ι
3109 4948 3276 5029 Pater
3301 4992 3408 5031 non

1812 5041 2022 5113 judicat
2045 5060 2393 5117 quemquam,
2423 5051 2517 5106 sed
2560 5068 2720 5109 omne
2760 5055 3028 5124 judicium
3075 5065 3222 5122 dedit
3275 5070 3412 5127 Filio

1803 5135 1987 5222 (Ιοαη.
2030 5137 2123 5209 v)?
2180 5160 2198 5192 ι
2267 5139 2327 5197 Si
2370 5142 2535 5199 Pater
2559 5147 3004 5217 omnejudicium
3043 5155 3193 5214 dedit
3238 5161 3401 5232 Filio,

1808 5244 1979 5299 quare
2009 5230 2151 5288 idem
2181 5231 2352 5289 Filius
2373 5245 2496 5307 post
2521 5252 2802 5312 acceptam
2821 5250 3204 5308 contumeliam
3233 5230 3402 5315 dicit:

1818 5338 1838 5372 ι
1874 5322 1970 5377 Est
1994 5324 2085 5394 qui
2115 5333 2319 5395 quarat
2346 5335 2402 5383 et
2435 5327 2675 5398 judicet?
2712 5355 2730 5385 ι
2775 5336 2855 5392 Ad
2902 5342 3045 5411 quod
3096 5345 3404 5417 dicendum,

1819 5414 1945 5484 quia
1967 5415 2230 5485 judicium
2255 5418 2309 5472 in
2333 5418 2632 5493 Scripturis
2657 5425 2928 5497 duplicem
2956 5414 3406 5506 signiﬁcationem

1823 5505 2006 5563 habet.
2035 5507 2340 5579 Aliquando
2369 5523 2552 5570 autem
2581 5517 2648 5573 ad
2681 5505 3087 5592 discretionem,
3115 5529 3412 5598 aliquaue»

1818 5602 2053 5673 pertinet
2073 5603 2140 5658 ad
2169 5603 2594 5665 damnationem.
2618 5609 2730 5668 Nisi
2756 5614 2900 5669 enim
2925 5617 2992 5673 ad
3024 5618 3409 5680 discretionem

1819 5698 2132 5768 pertineret,
2180 5716 2525 5772 nequaquam
2562 5703 2847 5761 Psalmista
2884 5707 3124 5763 diceret:
3165 5729 3183 5761 ‹
3216 5708 3407 5771 Judica

1818 5805 1925 5855 me,
1958 5790 2122 5858 Deus,
2147 5801 2203 5846 et
2227 5793 2476 5852 discerne
2505 5812 2725 5854 causam
2759 5813 2936 5853 meam
2981 5798 3050 5856 de
3094 5812 3256 5873 gente
3300 5823 3407 5864 non

1819 5895 2006 5943 sancta
2064 5885 2237 5958 (Paul.
2278 5892 2434 5961 xui).
2487 5911 2503 5943 ι
2543 5892 2607 5947 Et
2643 5911 2654 5947 ε
2693 5912 2711 5943 ι
2751 5892 2913 5958 Deus,
2947 5895 2999 5950 in
3053 5896 3268 5954 nomine
3321 5910 3412 5958 tuo

2895 5989 2966 6048 11
