3994 6354
557 459 656 517 551

559 575 767 631 salvum
792 588 879 628 me
904 569 987 625 fac
1016 556 1185 637 (Psal.
1220 567 1358 640 uti).
1391 590 1410 623 ι
1437 568 1505 623 Et
1530 568 1634 623 nisi
1689 568 1756 622 ad
1805 568 2128 624 candemna-
2162 572 2216 633 Α

560 666 759 721 tionem
788 661 1101 732 pertineret,
1126 644 1378 715 Salvator
1401 658 1549 715 nulla
1574 658 1735 714 modo
1757 658 1811 712 in
1841 656 2133 729 Evangelia

559 758 810 813 dixisset:
836 773 855 805 ‹
868 746 1226 816 Veniethara,
1245 750 1459 824 quando
1481 752 1679 806 mortui
1704 751 1925 807 audient
1944 746 2133 805 vacem

557 846 679 903 Filii
716 839 831 911 D'ei,
856 853 910 900 et
938 845 1231 916 pracedent
1252 844 1346 915 qui
1367 845 1507 899 bona
1530 851 1778 915 egerunt,
1803 843 1860 898 in
1891 835 2135 898 resurre-

542 932 790 994 ctionem
809 937 932 991 vita:
961 955 974 991 :
999 938 1090 1006 qui
1107 953 1235 992 vero
1250 937 1413 1004 mala,
1432 937 1487 991 in
1511 937 1965 992 resurrectionem
1991 935 2135 1006 judi-

555 1029 624 1086 cii
659 1027 840 1101 (Joan.
864 1026 940 1098 v).
981 1048 999 1079 ι
1034 1024 1176 1099 Erga
1200 1027 1253 1082 in
1276 1027 1377 1083 bac
1398 1027 1516 1083 loco
1538 1026 1801 1097 judicium
1840 1027 1909 1082 ad
1932 1025 2135 1082 discre-

556 1122 758 1177 tionem
786 1120 1041 1191 pertinet,
1066 1135 1187 1174 cum
1207 1120 1286 1175 ait
1311 1140 1324 1174 :
1362 1140 1380 1172 ι
1407 1120 1519 1192 Ego
1547 1136 1652 1176 non
1679 1135 1864 1191 quaara
1905 1119 2134 1191 gloriam

556 1228 753 1278 meam,
783 1220 867 1268 est
897 1212 990 1282 Qui
1020 1220 1227 1283 quaerat
1268 1221 1321 1267 et
1345 1213 1568 1283 judicct.
1623 1233 1642 1264 ι
1701 1212 1779 1268 Ac
1808 1212 1854 1267 si
1891 1211 2130 1267 diceret:

554 1303 649 1360 Est
676 1302 838 1359 Pater“
862 1319 1016 1359 meus
1040 1304 1133 1374 qui
1164 1303 1426 1359 discernit
1455 1305 1596 1359 inter
1624 1318 1844 1359 causam
1875 1318 2052 1358 meam
2080 1309 2135 1357 et

552 1404 807 1453 vestram.
836 1396 1054 1451 Mittens
1082 1398 1228 1452 enim
1258 1396 1397 1453 Deus
1430 1396 1592 1452 Pater
1621 1396 1817 1451 Filium
1872 1411 2029 1451 suum
2078 1395 2134 1451 in

556 1487 835 1552 mundum,
867 1502 971 1542 non
999 1487 1172 1542 solum
1202 1503 1233 1542 a
1276 1488 1543 1559 reprabis,
1572 1474 1679 1543 sed'
1707 1487 1871 1543 etiam
1913 1503 1944 1541 a
1971 1485 2135 1556 justis

554 1575 672 1647 ejus
698 1588 916 1633 causam
939 1577 1095 1648 longe
1119 1578 1407 1634 discretam
1429 1578 1683 1635 ostendit.
1707 1578 1813 1634 Alii
1843 1579 1991 1634 enim
2011 1593 2136 1634 cum

556 1673 778 1737 peccata
804 1670 1120 1731 nascuntur,
1148 1667 1240 1722 ille
1267 1668 1384 1722 sine
1416 1676 1643 1738 peccata
1672 1676 1758 1724 est
1802 1678 1995 1736 natus;
2042 1667 2135 1722 alii

556 1754 964 1810 ad'mensuram
995 1755 1269 1827 accipiunt
1323 1755 1611 1831 Spiritum
1643 1768 1914 1824 sanctum,
1968 1758 2022 1812 in
2071 1772 2138 1814 eo

557 1848 738 1900 autem
765 1845 976 1900 habitat
1000 1847 1177 1902 omnis
1215 1846 1494 1918 plenitudo
1516 1846 1818 1903 divinitatis
1843 1847 2137 1918 corporali-

556 1946 657 2001 ter,
685 1938 827 1992 sicut
848 1930 1014 1993 lsaias
1036 1937 1112 1993 ait
1141 1955 1153 1990 :
1190 1955 1208 1988 ι
1238 1936 1305 1992 Et
1340 1937 1615 2007 requievit
1637 1954 1800 2009 super
1827 1953 1949 1993 eum
1979 1936 2137 2007 spiri-
2161 1959 2211 2020 Β

555 2038 640 2087 tus
658 2028 890 2097 Domini,
915 2031 1137 2101 spiritus
1168 2030 1449 2102 sapientia:
1474 2038 1528 2085 et
1555 2031 1888 2096 intellectus,
1912 2029 2134 2100 spiritus

556 2122 766 2179 consilii
809 2130 864 2177 et
900 2116 1262 2187 fortitudinis,
1294 2122 1517 2192 spiritus
1543 2122 1784 2177 scientiae
1815 2132 1871 2177 et
1896 2120 2132 2191 pietatis,

556 2219 611 2267 et
642 2206 865 2281 replevit
903 2222 1027 2265 eum
1067 2206 1289 2281 spiritus
1340 2210 1547 2265 timoris
1571 2210 1783 2265 Domini
1810 2208 1943 2281 (Isa.
1968 2210 2069 2281 ιιι).
2110 2228 2130 2261 ι

557 2303 634 2359 De
666 2316 779 2372 qua
797 2299 1124 2357 discretione
1150 2315 1247 2371 per
1268 2299 1610 2356 Psalmistam
1635 2300 1834 2355 dicitur
1858 2317 1871 2353 :
1914 2318 1933 2351 ι
1971 2296 2139 2356 Unxit

554 2398 609 2451 te
634 2394 777 2451 D’eus
802 2393 949 2450 Deus
970 2403 1095 2448 tuus
1123 2391 1242 2448 alea
1272 2392 1472 2448 laetitiae
1494 2408 1607 2464 pra:
1633 2393 1986 2464 participibus
2030 2392 2136 2446 tuis

556 2485 728 2559 (Paul.
761 2485 925 2556 xuv).
971 2504 990 2536 ι
1021 2482 1333 2540 Secundum
1365 2499 1493 2540 vera
1541 2484 1670 2539 illud
1703 2480 1998 2553 judicium,
2028 2498 2137 2553 qua

557 2576 770 2648 reprobi
811 2577 866 2631 in
904 2575 1407 2631 condemnationem
1457 2576 1759 2641 mittentur,
1808 2575 1971 2630 Pater
2025 2588 2137 2628 non

556 2670 756 2724 dicitur
775 2682 1097 2738 quemquam
1111 2666 1375 2736 judicare,
1399 2667 1495 2723 sed
1519 2678 1678 2722 omne
1700 2666 1964 2736 judicium
1991 2665 2136 2721 dedit

558 2761 695 2815 Filia
724 2778 738 2814 :
771 2762 895 2831 quia
918 2759 1124 2830 justum
1150 2769 1204 2815 et
1223 2772 1439 2830 aaqtmm
1468 2768 1551 2815 est
1591 2767 1648 2814 ut
1672 2758 1842 2814 Filius
1876 2758 2008 2824 Dei,
2040 2757 2134 2827 qui

558 2850 627 2905 ab
660 2850 968 2906 hominibus
1014 2849 1210 2919 injuste
1269 2860 1353 2907 est
1394 2851 1688 2921 judicatus,
1737 2853 1790 2905 in
1842 2846 2135 2906 universali

555 2940 757 3008 judicio
795 2939 963 3009 judex
1007 2941 1251 2996 vivarum
1287 2950 1345 2996 et
1388 2949 1725 2996 mortuorum
1770 2944 2057 3012 appareat,
2082 2948 2137 2995 et

558 3040 807 3101 segreget
831 3032 1003 3086 bonos
1029 3042 1061 3085 a
1092 3032 1279 3101 malis,
1317 3032 1467 3087 sicut
1494 3034 1609 3102 ipse
1654 3032 1732 3086 ait
1767 3047 1781 3085 :
1819 3051 1837 3083 ‹
1881 3030 2016 3087 Cum
2046 3047 2133 3088 se-

556 3123 698 3178 derit
747 3120 919 3177 Filius
960 3122 1207 3177 hominis
1237 3122 1291 3176 in
1341 3122 1469 3177 sede
1508 3123 1806 3191 majestatis
1835 3138 1976 3189 suat,
2007 3132 2137 3179 tunc

556 3214 1026 3283 congregabantur
1048 3221 1173 3267 ante
1193 3224 1316 3268 eum
1334 3228 1523 3269 omnes
1549 3224 1756 3285 gentes,
1782 3223 1837 3271 et
1862 3216 2142 3286 separabit

564 3321 658 3363 eos
684 3306 753 3362 ab
774 3306 1026 3373 invicem,
1055 3306 1196 3363 sicut
1226 3316 1413 3378 pastor
1437 3315 1656 3380 separat
1683 3322 1812 3363 aves
1855 3309 1923 3363 ab
1966 3307 2137 3364 haedis
2166 3317 2210 3382 ρ

560 3399 774 3469 (Matth.
807 3402 955 3472 nev):
992 3422 1010 3453 ι
1050 3401 1124 3455 De
1162 3415 1271 3471 quo
1316 3402 1519 3473 judicio
1573 3402 1699 3457 alibi
1752 3403 1807 3457 in
1846 3399 2140 3473 Evangelia

560 3495 799 3565 legitur:
845 3513 875 3545 «η
908 3494 1236 3550 Patestatem
1284 3495 1431 3551 dedit
1472 3495 1522 3550 ei
1564 3494 1726 3550 Pater
1770 3493 1949 3550 facere
1989 3494 2139 3564 judi-

560 3588 725 3652 cium,
753 3586 1052 3657 qula'ﬁlius
1082 3587 1319 3642 hominis
1337 3580 1421 3643 est
1452 3585 1636 3656 (Jaan.
1658 3586 1733 3659 v).
1767 3607 1785 3640 ι
1814 3582 1887 3641 Et‘
1909 3586 2142 3657 Aposta—

559 3680 645 3732 lus
677 3695 690 3730 :
728 3696 747 3727 ‹
782 3676 981 3732 Omnes
1028 3690 1126 3731 nos
1175 3676 1512 3732 manifestari
1565 3684 1779 3747 oportet
1813 3686 1938 3732 ante
1977 3679 2142 3735 tribu-

562 3767 651 3822 nal
693 3766 914 3830 Christi,
960 3775 1020 3819 ut
1065 3765 1265 3821 referat
1321 3766 1691 3837 unusquisque
1736 3777 1901 3839 prout
1949 3772 2138 3841 gessit.

563 3860 677 3915 sive
704 3860 926 3925 bonum,
954 3859 1068 3914 sive
1096 3859 1297 3913 malum
1321 3858 1410 3931 (II
1422 3857 1547 3915 Cor.
1577 3864 1654 3931 v).
1686 3881 1704 3913 ι
1723 3860 1834 3919 Nec
1864 3862 2023 3919 alicui
2041 3866 2140 3919 im-

561 3954 817 4026 possibile
846 3954 1002 4010 debet
1027 3955 1218 4021 videri,
1252 3970 1360 4011 una
1379 3954 1568 4023 judicii
1600 3959 1818 4013 nomine
1859 3960 1997 4015 duas
2036 3963 2139 4015 ha.—

564 4047 693 4101 bere
721 4045 1169 4122 signiﬁcationes,
1194 4060 1314 4101 cum
1344 4048 1511 4102 multa
1552 4048 1679 4103 talia
1713 4049 2059 4105 inveniantur
2086 4052 2142 4105 in

564 4137 879 4208 Scripturis.
923 4139 1018 4195 Est
1062 4140 1205 4195 enim
1252 4140 1476 4196 tentatio
1510 4140 1784 4198 adducens
1811 4143 2062 4213 gloriam,
2087 4152 2143 4199 et

562 4234 646 4283 est
669 4230 895 4284 tentatio
926 4230 1199 4286 adducens
1238 4240 1542 4301 peccatum.
1573 4232 1669 4288 Est
1698 4234 1860 4289 timor
1907 4235 2137 4303 servilis,

561 4333 724 4391 quem
747 4320 984 4391 perfecta
1026 4323 1265 4379 charitas
1308 4324 1455 4379 foras
1491 4325 1711 4395 eXpellit
1739 4345 1751 4379 :
1781 4335 1837 4382 et
1865 4338 1949 4383 est
1982 4328 2143 4384 timor

567 4419 772 4477 castus,
803 4412 893 4481 qui
913 4423 1193 4482 permanet
1222 4414 1277 4468 in
1308 4415 1562 4471 saeculum
1594 4418 1795 4473 sazculi.
1850 4418 1942 4474 Sic
1969 4431 2051 4475 cst
2089 4430 2146 4477 et

553 4499 817 4569 judicium
853 4501 994 4570 quod
1023 4503 1255 4572 pertinet
1284 4505 1348 4557 ad
1377 4505 1776 4572 discretionem,
1807 4519 1861 4564 et
1880 4509 2142 4578 judicium

562 4591 704 4662 quad
728 4592 795 4645 ad
839 4593 1367 4649 mndemnatiouem.
1401 4594 1506 4650 Sed
1538 4610 1637 4651 nec
1673 4598 1915 4670 ingratus
1955 4602 2141 4657 Dami—

565 4700 664 4739 nus
701 4683 1022 4739 beneflcium
1070 4700 1181 4740 suae
1238 4687 1634 4754 praedicationis
1680 4693 1969 4748 subtrahit.
2004 4691 2142 4751 Nam
2167 4682 2221 4741 Ι)

565 4788 699 4843 quos
724 4789 822 4844 per
848 4775 1273 4843 increpationem
1315 4778 1511 4849 corrigi
1541 4795 1647 4834 non
1677 4782 1911 4850 videbat,
1944 4784 2142 4842 blanda

565 4866 920 4935 promissione
943 4867 1009 4920 ad
1041 4867 1416 4937 corrigendum
1441 4884 1719 4941 provocat,
1738 4877 1922 4933 dicens
1950 4899 1961 4933 :

644 4978 662 5010 ι
706 4961 1071 5024 Amen,amen
1100 4960 1220 5017 dico
1237 4963 1404 5030 vobis,
1424 4966 1465 5020 si
1485 4968 1606 5038 quis
1635 4985 1937 5027 sermonem
1964 4991 2144 5030 meum

574 5069 592 5101 ι
637 5050 969 5114 servaverit,
1016 5059 1243 5107 mortem
1274 5070 1380 5111 non
1424 5059 1627 5115 videbit
1668 5061 1722 5114 in
1771 5072 2052 5118 aeternum.
2120 5084 2138 5118 ι

570 5140 799 5212 Semper
815 5143 960 5198 enim
985 5158 1138 5200 amen
1170 5146 1222 5200 in
1254 5148 1547 5223 Evangelia
1578 5154 1902 5222 geminatur,
1921 5167 1979 5212 ut
2000 5160 2142 5229 quod

568 5232 722 5297 dicit,
750 5233 1219 5293 credaturverius.
1247 5238 1521 5305 Quaeritur
1544 5249 1723 5297 autem
1765 5260 1934 5315 quare
1957 5248 2139 5306 dicat:

575 5345 591 5375 ε
637 5324 692 5379 Si
736 5326 855 5395 quis
898 5343 1204 5386 sermonem
1228 5348 1407 5387 meum
1430 5337 1747 5403 servaverit,
1782 5349 2011 5395 mortem
2038 5358 2145 5399 non

572 5417 771 5472 videbit
807 5420 860 5473 in
908 5430 1191 5488 aeternum,
1226 5442 1245 5475 ι
1281 5439 1403 5478 cum
1435 5424 1673 5496 legamus
1720 5441 1937 5487 sanctas
1964 5407 2146 5505 patres

569 5522 815 5564 servasse
856 5510 1068 5567 Domini
1115 5526 1447 5580 sermonem,
1476 5526 1530 5570 et
1557 5526 1734 5573 tamen
1762 5531 1989 5578 mortem
2020 5541 2142 5581 car-

570 5598 715 5664 poris
759 5600 904 5654 nulla
938 5602 1100 5657 modo
1141 5602 1399 5671 evasisse,
1445 5617 1671 5677 excepta
1698 5610 1813 5667 Elia
1847 5622 1901 5668 et
1934 5613 2141 5687 Enach,

569 5689 658 5755 qui
688 5693 933 5758 quamvis
964 5692 1138 5749 adhuc
1169 5694 1371 5763 vivant,
1406 5708 1635 5756 mortem
1675 5712 1851 5759 tamen
1899 5711 2143 5778 carparis

572 5791 675 5832 non
704 5782 953 5835 evadent.
983 5783 1063 5836 Ex
1104 5799 1210 5854 quo
1255 5787 1398 5842 enim
1451 5792 1658 5859 primus
1715 5810 1913 5864 parens
1962 5809 2147 5858 noster

571 5880 895 5937 praeceptum
946 5876 1065 5928 vita:
1114 5883 1459 5951 contempsit,
1505 5898 1563 5938 se
1612 5902 1871 5958 suamque
1906 5892 2143 5950 sobolem

1195 454 1547 511 unuams
1584 450 2062 510 HALBERSTAT.
2100 408 2312 509 Epist).
2350 450 2499 508 app.
2534 410 2712 509 pains
2747 451 2812 508 ιι.
2834 408 2905 493 -έ
2940 430 3175 508 natuL’.

3772 444 3887 503 552

2240 566 2532 623 conditioni
2555 569 2743 624 mortis
2765 556 3081 637 substravit,
3094 568 3247 638 juxta
3261 569 3609 625 sententiam
3627 567 3881 624 Domini

2238 656 2657 715 comminantis:
2688 678 2706 711 ι
2740 654 3069 730 Quacunque
3100 658 3184 715 die
3210 656 3559 716 comederitis
3595 675 3687 714 ex
3728 659 3882 734 ligna

2236 742 2474 816 scientiae
2501 742 2627 815 boui
2653 770 2708 815 et
2736 758 2883 828 mali,
2913 769 3088 816 marte
3122 758 3428 815 moriemini
3451 756 3707 832 (Cenes.
3732 759 3832 829 ιι).
3856 781 3874 813 ι

2237 855 2303 910 Et
2334 844 2476 910 unde
2500 852 2781 925 Scriptura
2807 854 2938 910 dicit
2972 874 2983 909 :
3024 874 3043 905 ι
3076 844 3206 923 Quis
3236 867 3320 911 est
3343 857 3507 911 homo
3538 854 3659 924 qui
3694 850 3873 918 vivet,

2242 954 2297 1000 et
2330 962 2434 1002 non
2461 948 2666 1004 videbit
2693 957 2922 1004 mortem
2937 946 2973 1002 ἵ
2992 969 3010 1001 ι
3044 946 3215 1018 (Psal.
3243 948 3538 1016 Lxxxvm.)
3558 945 3874 1002 Subaudi-

2237 1049 2343 1107 tur,
2370 1041 2565 1098 nullus.
2606 1038 2729 1098 Haec
2748 1038 2930 1098 autem
2961 1042 3045 1096 lex
3073 1042 3321 1095 humana:
3356 1038 3701 1097 conditioni
3731 1055 3870 1094 con-

2236 1135 2423 1190 stituta
2448 1147 2550 1201 est,
2574 1145 2635 1191 ut
2658 1136 2751 1207 qui
2777 1135 3075 1205 gustaverit
3113 1122 3299 1201 vitam,
3346 1141 3531 1207 gustet
3586 1134 3665 1188 ρι’
3710 1136 3865 1188 rnor-

2237 1233 2366 1291 tem,
2398 1227 2633 1280 maxime
2683 1242 2807 1281 cum
2855 1225 2921 1281 de
2966 1210 3193 1281 Domina
3241 1235 3497 1296 scriptum
3544 1232 3655 1279 est
3687 1241 3707 1278 :
3740 1243 3760 1274 ι
3808 1222 3868 1277 Et

2237 1316 2449 1372 Domini
2474 1316 2685 1373 Domini
2714 1318 2893 1372 exitus
2939 1317 3128 1373 martis
3164 1314 3337 1389 (Psal.
3365 1313 3565 1387 van).
3618 1335 3643 1367 ι
3680 1313 3865 1381 Quare

2237 1424 2368 1479 ergo
2408 1408 2581 1464 dicit:
2618 1428 2638 1460 ι
2684 1407 2740 1464 Si
2767 1409 2888 1479 quis
2927 1423 3231 1464 sermonem
3276 1423 3456 1464 meum
3501 1408 3859 1470 servaverit,

2238 1507 2467 1555 mortem
2482 1515 2587 1556 non
2609 1489 2810 1555 videbit
2831 1499 2884 1554 in
2906 1507 3167 1554 aiternum
3183 1503 3236 1553 Ὺ»
3254 1497 3336 1554 Ad
3352 1499 3496 1569 quod
3514 1499 3856 1562 dicendum,

2239 1587 2364 1660 quia
2395 1588 2498 1642 alia
2537 1597 2622 1644 est
2656 1604 2803 1643 mars
2840 1589 3054 1654 animae,
3086 1597 3141 1643 et
3176 1589 3280 1643 alia
3307 1590 3591 1659 corporis.
3656 1590 3856 1644 Anima

2241 1695 2475 1750 namque
2509 1695 2606 1751 per
2633 1688 2911 1750 peccatum
2940 1681 3190 1746 moritur,
3230 1680 3370 1737 sicut
3397 1681 3693 1753 scriptum
3731 1691 3851 1736 est:

2244 1789 2265 1823 ι
2310 1770 2503 1824 Anima
2564 1785 2685 1840 quae
2735 1762 3058 1841 peccaverit,
3108 1771 3222 1841 ipsa
3273 1771 3540 1826 morietur
3600 1770 3846 1842 (Each.

2242 1859 2396 1932 xvm)
2429 1877 2441 1914 :
2477 1880 2495 1912 ι
2532 1874 2726 1930 corpus
2772 1862 2900 1916 vero
2930 1870 3150 1932 prapter
3180 1868 3393 1931 ptenam
3439 1862 3699 1931 peccati,
3732 1862 3848 1931 quia

2239 1954 2382 2007 sicut
2409 1953 2487 2007 ait
2519 1950 2798 2022 Scriptura
2826 1972 2838 2005 :
2874 1971 2892 2004 ι
2917 1953 3144 2008 Peccata
3169 1969 3291 2008 cum
3313 1956 3721 2009 conSummata
3746 1955 3851 2007 fue-

2245 2044 2374 2109 rint,
2413 2052 2672 2114 generant
2718 2053 2946 2099 mortem
2997 2032 3136 2117 (fac.
3168 2044 3230 2116 ι).
3282 2066 3301 2098 ι
3342 2042 3655 2116 Utriusque
3689 2046 3850 2116 igitur

2242 2138 2633 2209 genus'mortis
2677 2137 2935 2194 Dominus
2980 2130 3407 2211 comprehendit,
3454 2144 3588 2196 cum
3648 2138 3787 2196 dicit
3830 2158 3843 2193 :

2248 2245 2267 2277 ι
2307 2225 2435 2281 Sine
2472 2232 2714 2283 mortuas
2755 2228 2983 2298 sepelire
3032 2224 3272 2286 mortuos
3312 2245 3440 2286 suos
3488 2229 3658 2303 (Luc.
3688 2236 3791 2303 rx),
3819 2249 3839 2284 ι

2244 2321 2296 2376 id
2321 2330 2404 2377 est
2429 2331 2487 2376 ut
2510 2323 2709 2378 mortui
2738 2322 2932 2378 anima:
2962 2318 3227 2395 sepeliant
3268 2328 3516 2382 mortuos
3565 2328 3838 2399 corporis.

2243 2413 2365 2469 Vita
2390 2415 2587 2486 quippe
2614 2416 2878 2486 corporis,
2902 2418 3082 2472 anima
3105 2425 3189 2473 est
3212 2436 3225 2471 :
3255 2426 3310 2474 et
3333 2419 3443 2474 vita
3471 2420 3681 2475 anima:
3706 2422 3842 2476 Deus

2243 2513 2344 2559 est.
2368 2503 2520 2559 Sicut
2542 2498 2685 2561 enim
2708 2507 2938 2561 moritur
2963 2522 3158 2578 corpus
3182 2508 3299 2563 sine
3324 2506 3522 2574 anima,
3549 2510 3634 2565 sic
3660 2510 3841 2564 anima

2244 2594 2360 2650 sine
2394 2594 2523 2650 Deo.
2556 2592 2631 2650 De
2660 2596 2763 2652 hac
2788 2612 2920 2668 ergo
2942 2599 3137 2665 morte,
3158 2599 3214 2654 id
3232 2606 3316 2654 est
3338 2600 3407 2656 de
3427 2606 3598 2657 marte
3613 2601 3841 2665 animae,

2244 2682 2310 2737 de
2339 2691 2512 2739 morte
2551 2692 2829 2755 perpetua,
2856 2686 2923 2741 de
2963 2682 3137 2743 mart'e
3189 2686 3475 2760 gehennali
3506 2689 3635 2745 dicit
3664 2710 3682 2745 :
3716 2709 3738 2742 ε
3782 2689 3845 2746 Si

2244 2772 2364 2842 quis
2394 2788 2700 2829 sermonem
2730 2791 2910 2833 meum
2940 2780 3259 2847 servaverit,
3291 2782 3509 2836 mortem
3528 2796 3635 2836 non
3667 2781 3842 2837 vide-

2242 2863 2322 2920 bit
2351 2865 2405 2919 in
2434 2870 2712 2922 aater'num.
2771 2887 2789 2919 ι
2839 2866 3123 2936 Quaniam‘
3151 2872 3457 2943 quicunque
3501 2874 3844 2944 praeceptum

2244 2944 2821 3025 Damini'custadierit,
2841 2956 2967 3016 licet
2992 2963 3045 3015 iu
3076 2972 3309 3020 mortem
3336 2965 3580 3035 corporis
3602 2965 3839 3031 incidat,

2246 3056 2427 3103 tamen
2456 3065 2485 3103 a
2512 3060 2685 3107 morte
2714 3052 2909 3110 animae
2936 3053 3273 3125 liberabitur,
3305 3074 3507 3115 canens
3544 3074 3674 3115 cum
3704 3057 3839 3114 Pra-

2244 3139 2408 3208 pbeta
2438 3161 2450 3195 :
2489 3161 2507 3193 ‹
2542 3142 2599 3199 Si
2629 3144 2974 3203 ambulavero
2994 3149 3049 3203 in
3072 3151 3250 3207 medio
3270 3152 3475 3207 umbra:
3495 3152 3718 3218 martis,
3738 3165 3839 3205 non

2249 3232 2448 3290 timebo
2475 3236 2635 3303 mala,
2668 3239 2921 3308 quoniam
2956 3249 3012 3295 tu
3053 3257 3264 3298 mecum
3303 3246 3373 3299 es'
3407 3226 3582 3314 (Paul.
3616 3244 3782 3316 xm).
3816 3262 3833 3295 ι

2246 3322 2399 3381 Und‘e
2430 3327 2690 3384 Dominus
2713 3330 2768 3384 in
2790 3326 3083 3404 Evangelia
3113 3352 3125 3388 :
3171 3353 3190 3386 (
3223 3334 3335 3406 Ego
3358 3351 3479 3391 sum
3507 3335 3839 3392 resurrectio

2244 3433 2301 3478 et
2346 3424 2476 3492 vita,
2516 3426 2607 3495 qui
2654 3428 2828 3483 credit
2871 3429 2925 3483 in
2964 3446 3085 3499 me,
3110 3432 3276 3488 etiam
3303 3432 3345 3488 si
3377 3446 3631 3488 mortuus
3659 3431 3837 3498 fuerit,

2246 3514 2405 3570 vivet.
2429 3514 2497 3571 Et
2525 3517 2702 3573 omnis
2725 3519 2814 3589 qui
2845 3520 2977 3575 vivit
3010 3531 3067 3576 et
3098 3523 3273 3579 credit
3297 3508 3353 3577 in
3383 3537 3468 3577 me
3496 3537 3606 3578 nan
3639 3522 3837 3577 morie-

2245 3612 2336 3657 tur
2357 3604 2411 3658 in
2438 3615 2699 3662 aeternum
2741 3607 2923 3681 (Joan.
2953 3611 3054 3683 x1).
3092 3632 3111 3664 ι
3143 3598 3209 3668 Et
3254 3610 3488 3669 Joannes
3529 3614 3584 3667 in
3626 3613 3838 3685 Apoca-

2244 3691 2381 3765 lypsi
2409 3713 2421 3748 :
2452 3716 2470 3748 ι
2504 3694 2704 3752 Beatus
2724 3705 2780 3753 et
2800 3708 3020 3756 sanctus
3041 3702 3135 3771 qui
3161 3701 3322 3758 habet
3344 3713 3554 3772 partem
3576 3703 3642 3757 in
3666 3717 3841 3757 resur-

2245 3787 2487 3842 rectione
2535 3790 2707 3859 prima
2746 3790 2929 3864 (Apoc.
2960 3792 3076 3867 xx).
3103 3813 3122 3847 ι
3158 3793 3215 3849 In
3263 3795 3349 3851 bis
3378 3795 3650 3862 secunda,
3683 3795 3739 3849 id
3764 3804 3839 3849 est

2246 3878 2629 3946 anima:,mars
2658 3899 2764 3939 non
2813 3884 2977 3940 habet
3021 3895 3363 3957 potestatem,
3405 3885 3459 3943 id
3487 3897 3577 3944 est
3626 3888 3840 3960 quando

2245 3972 2424 4025 anima
2475 3973 2543 4028 de
2568 3974 2715 4031 vitiis
2764 3976 2817 4030 in
2865 3978 2970 4034 hoc
3021 3980 3219 4036 saecula
3263 3980 3455 4036 transit
3483 3982 3554 4036 ad
3581 3982 3838 4036 virtutes.

2245 4061 2397 4129 Quod
2418 4072 2476 4118 ut
2500 4064 2712 4121 facilius
2743 4067 3093 4141 intelligatur,
3120 4070 3338 4141 aliquod
3355 4087 3624 4143 ponamus
3655 4089 3838 4129 exem-

2243 4153 2413 4224 plum.
2439 4153 2604 4210 Verbi
2632 4159 2826 4229 gratia,
2857 4162 3182 4231 quibusdam
3213 4152 3417 4220 dictum
3441 4174 3530 4221 est
3558 4184 3573 4220 :
3606 4166 3842 4222 Δάοι-διο

2245 4234 2406 4311 idola,
2439 4246 2675 4331 alioquin
2728 4251 3149 4309 interﬁciemini.
3200 4255 3273 4311 At
3301 4256 3377 4311 illi
3406 4258 3585 4331 magis
3613 4268 3840 4314 mortem

2244 4334 2491 4405 corporis
2526 4326 2778 4398 timentes
2819 4357 2981 4412 quam
3030 4345 3259 4413 animae,
3284 4326 3679 4415 adoraverunt,
3710 4361 3767 4406 et
3793 4352 3841 4403 in

2244 4435 2474 4483 mortem
2504 4430 2700 4485 animae
2728 4432 3056 4501 inciderunt,
3085 4451 3187 4492 nec
3214 4444 3421 4493 tantum
3450 4448 3701 4495 mortem
3728 4454 3840 4495 car-

2245 4517 2391 4585 paris
2413 4520 2727 4588 perenniter
2754 4533 3061 4595 evaserunt.
3091 4527 3167 4582 De
3200 4526 3391 4585 talibus
3418 4530 3697 4600 scriptum
3725 4543 3836 4588 est:

2252 4626 2271 4657 ι
2313 4606 2457 4664 Mars
2494 4622 2842 4680 peccatorum
2895 4616 3129 4685 pessima
3180 4615 3352 4689 (Psal.
3396 4620 3622 4694 sunt).
3659 4641 3682 4675 ι
3711 4622 3838 4677 Aliis

2246 4700 2410 4755 etiam
2446 4700 2651 4758 dictum
2678 4712 2790 4761 est:
2821 4698 3057 4765 Adarate
3082 4710 3243 4776 idola,
3275 4711 3513 4784 alioquin
3546 4713 3837 4770 mittemiui

2247 4793 2300 4846 in
2330 4794 2605 4849 caminum
2638 4797 2776 4868 ignis
2807 4801 3069 4858 ardentis.
3118 4802 3199 4858 Illi
3230 4818 3359 4860 vero
3400 4805 3579 4877 magis
3612 4816 3839 4861 mortem

2247 4882 2442 4938 animae
2472 4900 2634 4954 quam
2663 4885 2907 4958 carpdris
2951 4891 3226 4959 timentes,
3258 4894 3588 4950 ﬁducialiter
3612 4912 3834 4967 respon-

2247 4974 2462 5043 denmt,
2494 4976 2735 5036 dicentes
2765 5001 2776 5035 :
2812 5000 2831 5033 ι
2868 4980 3069 5040 Potens
3096 4995 3180 5043 est
3205 5002 3305 5043 nos
3339 4976 3608 5045 Dominus
3646 4990 3721 5046 de
3757 5003 3837 5044 ca-

2248 5069 2397 5123 mino
2425 5072 2562 5140 ignis
2589 5073 2850 5141 ardentis,
2883 5085 2938 5131 et
2963 5078 3029 5133 de
3064 5074 3313 5135 manibus
3348 5081 3473 5146 this,
3497 5095 3534 5134 ο
3559 5094 3685 5147 rex,
3718 5079 3837 5135 libe-

2249 5173 2388 5213 rare.
2417 5159 2571 5227 Quod
2594 5162 2637 5217 si
2666 5163 2921 5232 noluerit,
2940 5175 3125 5222 nolunt
3148 5168 3219 5224 sit
3246 5168 3363 5235 tibi,
3394 5156 3519 5241 quia
3553 5164 3692 5225 deos
3726 5181 3836 5225 tuas

2246 5270 2355 5310 non
2386 5256 2631 5325 colimus,
2663 5267 2719 5314 et
2742 5269 2973 5318 statuam
3003 5270 3224 5319 attream
3251 5280 3414 5336 quam
3448 5262 3703 5331 erexisti,
3735 5280 3835 5319 non

2249 5345 2536 5403 adoramus
2560 5349 2720 5419 (Dan.
2759 5351 2862 5422 ιιι).
2893 5372 2911 5404 ›
2936 5344 3001 5408 Et
3022 5354 3143 5411 ideo
3168 5355 3296 5425 quia
3322 5356 3498 5426 magis
3528 5344 3837 5412 dilexerunt

2248 5434 2421 5496 vitam
2442 5442 2652 5509 animae,
2686 5458 2846 5514 quam
2876 5446 3182 5503 timhiSsent
3204 5437 3442 5505 mortem
3486 5449 3761 5520 corporis,
3786 5458 3837 5503 et

2253 5534 2411 5589 istam
2439 5534 2507 5589 ad
2534 5542 2745 5605 tempus
2774 5542 3082 5594 evaserunt.
3132 5526 3215 5594 Eti
3241 5541 3287 5596 si
3317 5541 3372 5596 in
3402 5541 3623 5596 camino
3658 5556 3838 5596 more.

2254 5633 2463 5694 rentur,
2502 5646 2519 5678 ι
2562 5628 2799 5698 pretiosa
2834 5640 2917 5687 est
2952 5632 3005 5686 in
3063 5632 3371 5703 conspectu
3410 5624 3629 5689 Domini
3688 5649 3834 5688 mars

2255 5725 2563 5771 sanctarum
2602 5718 2718 5788 ejus
2767 5720 2943 5791 (Paul;
2965 5712 3113 5793 (xxv):
3147 5744 3165 5776 ι
3201 5724 3308 5779 Sed
3355 5724 3619 5794 quaeritur
3664 5738 3837 5795 quare

2250 5808 2472 5875 dixerit,
2505 5830 2521 5861 ι
2544 5810 2766 5869 Martem
2790 5806 3481 5879 natividebititizeternum.
3508 5841 3525 5872 ι
3559 5836 3686 5875 cum
3722 5821 3833 5873 haec

2256 5900 2427 5955 visum
2459 5902 2635 5973 potius
2661 5906 2890 5974 auferat,
2924 5925 3085 5981 quam
3114 5912 3335 5971 tribuat.
3362 5915 3445 5972 Ad
3468 5912 3611 5984 qu0d
3661 5912 3834 5969 etiam
