3994 6354
185 514 291 572 533

1390 478 1705 573 uomunt
1738 476 1837 607 nn.
1866 474 2209 570 Teneone.

3346 515 3451 570 554

185 627 643 699 reSpondendum',
675 630 804 701 quia
825 630 1010 695 videre
1040 630 1094 685 in
1133 629 1237 685 hoc
1254 628 1383 685 loco
1426 640 1525 700 pro
1567 628 1769 685 sentire
1871 626 1967 707 sed
1988 626 2105 696 ejus
2133 625 2223 694 qui
2250 623 2399 689 misit
2428 641 2515 679 me
2536 624 2715 681 Patris
2743 624 2926 698 (Joan.
2952 626 3071 697 vn).
3104 596 3301 695 i,Unde
3321 606 3446 684 alibi

184 722 271 778 vel
294 722 532 792 experiri
563 723 801 793 ponitur.
845 722 999 779 Sicut
1041 724 1187 779 enim
1216 732 1272 779 et
1291 722 1438 780 fossa
1473 737 1617 779 caeca
1643 722 1770 780 dici-

182 821 295 878 tur,
326 830 432 870 non
463 816 607 884 quod
635 815 808 871 oculis
836 828 1043 882 careat,
1070 830 1207 886 quos
1235 822 1513 886 nunquam
1556 815 1765 883 habuit,

180 909 281 964 sed
330 909 463 978 quia
502 923 627 977 eos;
647 924 783 979 quos
821 911 960 964 intra
1008 924 1069 965 se
1115 910 1332 975 retinet,
1372 924 1479 965 non
1523 908 1769 964 videntes

179 998 354 1066 facit;
383 1008 439 1054 et
462 1000 604 1055 sicut
630 1001 810 1056 tristes
837 999 1327 1071 lupinos’dicimus,
1356 1015 1463 1056 non
1491 999 1639 1070 quod
1664 998 1769 1068 ipsi

178 1091 371 1148 tristes
396 1093 482 1147 vel
504 1093 611 1148 laeti
641 1109 761 1151 esse
782 1093 1014 1165 possint,
1032 1096 1127 1152 sed
1157 1092 1291 1166 quia'
1308 1095 1377 1150 de
1398 1110 1461 1151 se
1489 1094 1769 1165 gustantes

178 1184 383 1240 tristes'
407 1184 659 1251 reddunt,
684 1184 907 1258 propter
937 1188 1357 1243 amaritudinem
1390 1205 1404 1241 :
1437 1187 1516 1243 sic
1540 1194 1597 1242 et
1622 1200 1770 1241 mors

176 1277 358 1331 videri
385 1276 604 1342 dicitur,
630 1284 697 1333 e‘o
725 1274 871 1348 quod
912 1278 1333 1335 amaritudinem
1381 1294 1535 1335 suam
1578 1278 1768 1334 sentiri

172 1369 332 1426 facit.
366 1370 473 1428 Sed
502 1372 629 1442 quia
657 1368 827 1429 Judaei
869 1368 925 1428 in
952 1382 1183 1431 mortem
1217 1373 1520 1430 inciderant
1552 1370 1766 1437 animai,

172 1465 260 1520 ita
289 1473 351 1520 ut
382 1478 503 1520 eam
527 1465 751 1521 minime
768 1460 1041 1534 viderunt,
1068 1468 1324 1524 dixerunt
1351 1486 1363 1521 :

257 1575 277 1609 ι
352 1552 507 1613 Nunc
580 1559 936 1628 cognovimus
1000 1560 1124 1629 quia
1191 1557 1519 1615 daemonium
1577 1558 1764 1613 habes.

173 1666 199 1701 ‹
246 1648 520 1705 Abraham
542 1648 785 1707 mortuus
810 1659 894 1707 est
917 1644 977 1707 et
997 1653 1309 1721 prophetae:
1346 1659 1401 1706 et
1430 1658 1488 1705 tu
1516 1648 1656 1705 dicis
1673 1663 1688 1702 :
1705 1647 1767 1703 Si

178 1760 203 1794 ¢
250 1741 377 1812 quis
425 1733 731 1798 sermonem
779 1734 959 1799 meum
1008 1743 1341 1810 servaverit,‘
1377 1756 1482 1796 non
1531 1739 1772 1812 gustabit

170 1853 195 1886 ε
251 1840 483 1889 mortem
512 1835 565 1888 in
590 1834 875 1889 aeternum.
908 1852 927 1888 ι
962 1834 1244 1902 Quomodo
1273 1832 1671 1899 intellexerunt,
1696 1832 1769 1885 ita

161 1933 229 1982 et
259 1926 780 1997 responderunt.'Ac
805 1927 850 1981 si
880 1920 1126 1982 dicerent
1156 1941 1171 1980 :
1202 1926 1272 1982 Et
1292 1925 1337 1981 si
1374 1924 1655 1993 hucusque
1679 1922 1768 1977 in-

158 2016 337 2071 dubii'
356 2016 557 2073 fuimus
585 2014 638 2073 te
667 2018 992 2073 daemonium
1034 2032 1140 2073 non
1171 2010 1396 2082 habere,
1438 2030 1581 2071 nunc
1608 2027 1764 2068 vera-
1791 1998 1839 2057 Β

155 2106 314 2161 citer
343 2108 793 2174 credimus,‘cum
838 2110 977 2165 dicis
1024 2126 1039 2163 :
1104 2128 1123 2160 ι
1179 2107 1238 2164 Si
1285 2108 1406 2177 quis
1455 2119 1762 2162 sermonem

154 2211 356 2253 meum
383 2199 961 2265 servaverit,'mortem
1002 2215 1110 2255 non
1141 2200 1404 2272 gustabit,
1434 2214 1556 2253 cum
1586 2196 1762 2252 Abra-

150 2278 686 2344 hamimortuus‘sit'.
728 2309 747 2341 ι
778 2290 931 2357 Quod
972 2291 1117 2345 enim
1166 2281 1429 2344 Dominus
1472 2288 1541 2342 de
1587 2286 1763 2341 morte

148 2378 373 2432 animm
401 2378 635 2443 dicebat,
660 2379 733 2433 illi
764 2380 833 2435 de
869 2386 1047 2436 morte
1088 2372 1349 2449 corporea
1380 2377 1762 2448 intelligentes,

145 2481 301 2523 cum
333 2468 566 2535 q'u0dam
598 2467 778 2539 jurgio
818 2468 1500 2539 responderunt,'dicentes
1534 2482 1548 2521 :

250 2576 269 2609 ε
315 2556 572 2629 Nunquid
596 2569 652 2615 tu
683 2561 857 2632 major
882 2577 943 2617 es
971 2566 1131 2633 patre
1151 2565 1338 2617 nostro
1360 2558 1767 2627 Abraham,qui

170 2670 193 2704 ί
250 2659 499 2707 mortuus
548 2654 669 2708 e'St?
720 2662 775 2709 et
829 2655 1108 2724 prophetae
1155 2654 1369 2711 mortui
1410 2661 1554 2709 sunt.
1592 2651 1763 2718 Quem

164 2760 187 2794 α
245 2738 477 2809 teipsu'm
506 2739 681 2796 facis?
716 2762 734 2793 ι
768 2742 848 2797 Ac
872 2743 919 2797 si
948 2742 1196 2799 dicerent
1228 2761 1242 2796 :
1276 2740 1515 2797 Nimium
1541 2740 1767 2797 extolle-

161 2834 272 2900 ris,
313 2832 582 2905 superflue
627 2834 877 2901 elevaris,
918 2836 1061 2891 ultra
1104 2837 1324 2892 modum
1355 2836 1604 2905 erigeris,
1634 2851 1758 2891 cum

163 2928 480 2982 servatores
510 2932 821 2983 sermonum
851 2932 1067 2983 tuorum
1110 2927 1345 2983 Abrahae
1381 2933 1438 2982 et
1484 2924 1765 2996 prophetis

163 3015 433 3087 praeferre
461 3006 772 3088 praesumis,
805 3032 943 3088 quos
973 3024 1188 3075 constat
1210 3028 1264 3073 et
1309 3031 1617 3074 sermonem
1657 3017 1765 3072 Do-

167 3107 309 3161 mini
345 3124 611 3177 servasse,
651 3117 706 3165 et
750 3118 933 3166 tamen
972 3120 1217 3167 mortuos
1254 3122 1484 3181 corpore
1506 3124 1648 3166 esse.
1693 3108 1763 3164 Et

168 3199 303 3268 quia
325 3201 671 3270 temporalem
694 3200 1051 3273 gloriam'non
1074 3208 1482 3273 permanentem
1506 3199 1644 3256 vidit
1668 3214 1763 3256 eos

173 3286 443 3357 qhae‘rere',‘
459 3292 527 3346 a'd
544 3292 909 3348 humilitatem
929 3294 1242 3349 sectandam
1272 3293 1618 3364 provocando
1644 3305 1760 3356 eos,

1869 721 2130 790 scriptum
2153 726 2234 776 est
2263 736 2276 772 :
2313 736 2331 771 τ
2368 717 2531 775 Pater
2550 728 2756 786 sancte,
2774 736 2873 791 ego
2897 730 2948 777 te
2970 721 3265 779 clariﬁcavi
3288 736 3449 790 super

1871 821 2094 879 terram,
2126 828 2262 883 opus
2284 812 2656 892 consummavi
2680 813 2824 881 quod
2854 813 3047 869 dedisti
3072 814 3206 873 mihi
3236 821 3295 867 ut
3315 811 3453 885 face-

1869 924 1984 966 rem
2015 908 2195 981 (Joan.
2229 907 2386 978 xvu).
2420 928 2438 960 ι
2470 907 2553 985 Ex
2580 907 2728 962 nulla
2757 922 2887 963 vero
2912 922 3075 965 causa
3121 907 3225 969 alia
3277 907 3450 977 magis

1866 998 2035 1057 Judaei
2080 1010 2270 1055 contra
2315 999 2603 1054 Dominum
2652 998 3044 1066 irascebantur,
3074 1014 3237 1069 quam
3266 1014 3332 1053 ex
3364 1012 3451 1064 ea,

1869 1092 2012 1162 quod
2041 1092 2212 1148 Deum
2243 1092 2459 1148 illorum
2488 1093 2704 1147 Patrem
2732 1106 2889 1146 suum
2914 1106 3036 1146 esse
3054 1092 3287 1158 dicebat,
3311 1092 3453 1149 sicut

1870 1185 2011 1240 idem
2044 1183 2285 1242 Joannes
2308 1185 2437 1241 alibi
2466 1184 2722 1250 ostendit,
2746 1199 2867 1243 cum
2905 1183 3037 1239 dicit
3065 1203 3077 1238 :
3109 1204 3128 1237 ι
3160 1177 3457 1256 Propterea

1869 1278 2185 1347 quaerebant
2212 1276 2381 1332 Judaei
2412 1275 2598 1333 Jesum
2631 1274 2968 1339 interﬁcere,
2991 1276 3118 1346 quia
3151 1292 3261 1333 non
3284 1278 3456 1334 solum

1869 1371 2155 1427 sabbatum
2194 1371 2464 1438 solvebat,
2492 1371 2587 1426 sed
2621 1371 2784 1427 etiam
2808 1368 3033 1429 Patrem
3062 1386 3219 1427 suum
3247 1373 3461 1431 dicebat

1870 1463 2065 1530 Deum,
2112 1463 2376 1532 aequalem
2418 1477 2477 1519 se
2523 1462 2732 1519 faciens
2787 1462 2898 1518 Deo
2945 1460 3127 1534 (Joan.
3156 1463 3231 1534 v).
3281 1485 3299 1515 ι
3350 1463 3458 1525 Sed

1869 1556 2119 1627 quamvis
2139 1555 2527 1620 irascerentur,
2551 1554 2800 1624 quamvis
2827 1553 3256 1625 indignarentur,
3275 1571 3460 1625 quam~

1868 1649 1963 1708 vis,
1986 1648 2304 1715 fremerent,
2327 1647 2541 1704 Veritas
2562 1663 2777 1718 semper
2807 1657 2987 1702 tamen
3012 1647 3227 1704 dicebat
3261 1648 3456 1710 verita-

1872 1747 1998 1803 tem,
2047 1737 2337 1794 ostendens
2363 1738 2520 1794 nobis
2545 1738 2673 1808 quia
2709 1738 3139 1809 quotiescunque
3166 1752 3265 1809 pro
3314 1738 3456 1795 veri-

1872 1840 1984 1887 tate
2012 1830 2329 1887 scandalum
2357 1832 2632 1897 nascithr,
2661 1831 2856 1887 melius
2900 1840 2987 1888 est
3031 1840 3091 1887 ut
3145 1831 3458 1888 scandalum

1873 1907 2226 1991 sustineatur,
2252 1920 2415 1995 quain
2444 1925 2651 1980 veritas
2673 1924 3033 1995 relinquatur.

1944 2033 1964 2067 ι
1997 2014 2061 2069 Et
2084 2028 2190 2070 non
2234 2015 2563 2087 eognovistis
2602 2030 2745 2070 eum.
2783 2035 2801 2068 ι
2837 2014 2896 2070 In
2922 2017 3024 2071 hoc
3066 2030 3126 2071 se
3148 2016 3318 2073 Judaei
3344 2017 3450 2073 Pa-

1869 2118 2005 2165 trem
2032 2123 2139 2163 non
2154 2109 2470 2180 cognovisse
2492 2106 2866 2172 ostenderunt,
2892 2108 3019 2178 quia
3031 2107 3230 2163 Filium
3250 2106 3367 2177 ejus
3391 2110 3460 2165 ab

1863 2216 1930 2258 eo
1964 2202 2188 2258 missum
2212 2216 2325 2257 non
2352 2201 2719 2256 crediderunt.
2750 2200 2807 2256 Si
2836 2202 2980 2256 enim
3005 2201 3222 2256 Patrem
3255 2216 3459 2272 cogno-

1864 2298 2100 2363 vissent,
2135 2297 2320 2365 utique
2359 2303 2413 2350 et
2441 2294 2578 2350 Filio
2603 2293 2720 2363 ejus
2747 2292 3137 2361 credidissent,
3176 2295 3316 2350 sicut
3346 2294 3462 2365 ipse
3497 2338 3513 2351 .

1863 2387 2034 2443 Filius
2055 2388 2138 2443 eis
2158 2387 2320 2443 dicit:
2343 2406 2360 2438 ι
2386 2387 2445 2442 Si
2472 2387 2616 2441 Deus
2633 2385 2794 2441 Pater
2814 2394 2994 2442 vester
3015 2394 3181 2452 esset,
3207 2386 3459 2457 diligere-

1870 2482 1938 2534 tis
1973 2479 2156 2551 utique
2207 2487 2260 2535 et
2314 2495 2420 2546 me,
2466 2480 2593 2549 quia
2628 2494 2658 2533 a
2687 2480 2799 2534 Deo
2838 2474 2991 2534 exivi
3024 2490 3079 2535 et
3122 2480 3242 2535 veni
3273 2479 3455 2551 (Joau.

1868 2573 2005 2646 V111).
2034 2594 2050 2626 ι
2078 2574 2221 2629 Bene
2246 2576 2411 2631 etiam
2433 2564 2711 2631 subditur:
2740 2595 2759 2628 ς
2790 2576 2902 2648 Ego
2924 2584 3105 2632 autem
3128 2578 3253 2633 novi
3274 2566 3453 2632 eumJ

1865 2665 2039 2721 Aliter
2067 2667 2210 2721 enim
2242 2665 2414 2722 Filius
2456 2666 2675 2722 Patrem
2703 2668 2878 2732 novit,
2918 2660 2975 2723 et
3010 2668 3170 2724 aliter
3200 2660 3319 2724 nos.
3349 2668 3457 2725 Nos

1865 2772 1996 2812 vero
2022 2773 2085 2813 ex
2121 2767 2362 2828 tempore
2410 2759 2477 2813 ab
2519 2759 2611 2815 illo
2654 2748 2975 2827 illuminati,‘
2999 2752 3201 2832 parum
3233 2763 3299 2819 de
3345 2761 3462 2832 ejus

1865 2848 2048 2904 subtili
2072 2856 2264 2904 natura
2289 2849 2572 2905 sentimus.
2592 2850 2673 2905 Illi
2704 2860 2887 2907 autem
2914 2866 3074 2908 nosse
3106 2853 3327 2909 Patrem
3351 2862 3458 2920 est,

1860 2952 2189 2996 coaeternum
2220 2949 2276 2995 et
2300 2942 2821 2997 consubstantialem
2838 2958 3056 3015 semper
3077 2934 3215 3000 cum”
3229 2959 3297 3000 eo
3310 2959 3454 3010 esse,

1866 3031 2005 3087 sicut
2054 3031 2169 3100 ipse
2202 3031 2379 3086 dicit:
2413 3052 2433 3084 «
2486 3032 2640 3089 Sicut
2681 3036 2831 3090 novit
2873 3042 2961 3092 me
3001 3037 3207 3104 Pa’ter‘,’
3257 3024 3317 3093 et
3356 3048 3457 3108 ego

1863 3137 2097 3194 agnosco
2117 3110 2543 3196 Patrem'(loan.
2570 3124 2646 3198 x)‘.
2674 3146 2692 3177 ι
2717 3144 2736 3178 ι
2757 3127 2889 3183 Etsi
2912 3115 3099 3184 dixer‘d
3120 3126 3247 3200 quia
3272 3132 3458 3186 nescio

1872 3232 1889 3264 ι
1920 3229 2065 3280 eum,
2094 3228 2188 3269 ero
2210 3214 2401 3270 similis
2426 3212 2877 3283 vobis,'menda‘x.
2901 3222 2927 3270 ι’
2949 3218 3083 3274 Cum
3108 3221 3251 3275 enim
3280 3222 3360 3289 (ut
3383 3220 3461 3288 ait

1868 3301 2173 3373 Scriptura)
2206 3322 2224 3355 ‹
2246 3307 2422 3360 omnis
2445 3308 2607 3361 homo
2631 3308 2863 3363 mendax
2884 3305 3059 3378 ('Psal.
3083 3311 3227 3382 cxv),
3265 3330 3282 3363 ι
3318 3312 3462 3366 Deus

180 3379 502 3465 respondit:
534 3388 561 3432 ι’
588 3381 646 3438 Si
677 3397 779 3455 ego
803 3383 1055 3455 gloriﬁco
1097 3384 1386 3453 meipsum,
1422 3382 1591 3455 gloria
1639 3395 1759 3436 mea

1866 3400 2048 3451 autem
2074 3396 2220 3450 solus
2252 3402 2447 3462 verax,
2470 3399 2624 3481 ‘sicut
2666 3399 2781 3467 ipse
2806 3398 2884 3453 ait
2913 3418 2927 3453 :
2964 3386 2995 3451 «‘-
3019 3400 3132 3472 Ego
3158 3410 3278 3456 sum
3318 3404 3460 3456 veri-

176 3468 317 3523 nihil
338 3458 616 3542 e'st'(Joan.
653 3475 795 3548 vm).
832 3495 851 3528 ι
880 3474 958 3531 Ac
1000 3476 1047 3531 si
1087 3474 1295 3531 diceret
1342 3493 1355 3528 :
1395 3473 1582 3531 Gloria
1642 3488 1764 3528 mea

172 3560 312 3616 nihil
339 3576 457 3620 esse
484 3576 686 3637 posset,
715 3569 760 3624 si
788 3584 888 3641 ego
918 3564 1181 3640 meipsum
1211 3569 1517 3642 gloriﬁcare
1548 3567 1759 3623 vellem.

165 3652 315 3724 Ergo
343 3655 512 3727 gloria
543 3668 728 3716 vestra
757 3661 892 3716 nihil
920 3671 1003 3718 est
1032 3681 1044 3716 :
1077 3662 1203 3734 quia
1260 3662 1328 3717 ab
1375 3660 1605 3717 invicem
1644 3660 1761 3732 glo-

172 3747 316 3802 riam
349 3753 593 3820 quaeritis
626 3772 639 3808 :
670 3762 726 3809 et
751 3744 977 3827 gloriam
1007 3771 1128 3827 quae
1158 3772 1189 3811 a
1214 3754 1329 3813 solo
1357 3756 1466 3829 Deo
1508 3754 1624 3821 est,
1654 3770 1762 3809 non

174 3841 533 3900 desideratis."
554 3844 829 3917 Scriptum
852 3856 938 3903 est
958 3847 1102 3903 enim
1136 3865 1148 3900 :
1173 3867 1192 3899 ι
1215 3846 1425 3903 Laudet
1448 3850 1501 3901 te
1530 3843 1758 3911 alienus,

161 3941 221 3987 et
240 3949 348 3988 non
374 3952 437 3991 os
466 3930 661 3993 tuum':
699 3942 1015 4010 extra'n’eus,
1045 3949 1101 3996 et
1126 3957 1232 3997 non
1262 3941 1403 3996 labia
1432 3948 1526 3995 tua
1570 3936 1755 4013 (Prov.

164 4026 323 4097 xvu).
362 4048 381 4081 ι
413 4028 568 4086 Unde
589 4039 645 4086 et
672 4031 919 4088 subditur
952 4052 964 4088 :

243 4138 261 4171 ι
308 4120 406 4177 Est
461 4122 624 4180 Pater
666 4140 817 4181 meus
862 4127 952 4197 qui
1010 4126 1279 4199 gloriﬁcat
1324 4143 1441 4192 me,
1469 4130 1758 4197 quem‘vos

176 4229 194 4263 ι
242 4213 423 4270 dicitis
452 4217 575 4285 quia
608 4217 751 4273 Deus
780 4228 966 4274 noster
1013 4214 1113 4275 est'.
1150 4218 1183 4275 ι’
1208 4212 1283 4277 δί’
1313 4212 1434 4291 quis
1474 4202 1773 4277 historiam.

161 4302 650 4378 sanctiiEvangelii
700 4306 983 4365 recenseat
1012 4328 1043 4376 ,θ
1072 4309 1231 4368 facile
1278 4306 1455 4383 potest
1513 4300 1775 4385 reperire’

161 4396 397 4462 qualiter
418 4398 581 4454 Pater
614 4398 810 4456 Filium
848 4397 1249 4475 glttrilic'averit.
1283 4400 1621 4461 Gloriiica‘vit
1666 4403 1755 4460 Fi-

160 4486 293 4542 lium
322 4489 504 4559 Pater,
533 4494 761 4565 quando,
778 4510 846 4551 eo
869 4497 1149 4566 baptizato
1175 4513 1279 4553 vox
1321 4499 1386 4553 de
1423 4497 1561 4553 coelo
1610 4499 1753 4554 into-

157 4583 311 4649 nuit,
338 4585 568 4641 dicens:
610 4606 626 4636 ι
667 4585 747 4641 Tu
785 4603 845 4644 es
881 4588 1053 4644 Filius
1101 4605 1255 4645 meus
1282 4589 1541 4657 dilectus,
1592 4592 1646 4646 in
1702 4600 1753 4647 te

157 4675 459 4745 complacui
485 4677 677 4749 (Marc.
710 4683 772 4751 ι).
808 4678 1189 4737 i‘Gloriﬁcavit
1219 4672 1414 4747 etiam,
1447 4686 1664 4754 quando
1692 4694 1747 4741 et

156 4782 342 4821 curram
395 4769 674 4839 discipulis
720 4772 774 4826 in
824 4781 1011 4827 monte
1065 4774 1488 4847 transﬁguratus
1541 4776 1664 4844 est;’
1691 4787 1746 4833 et

155 4946 405 5013 dilectus,
437 4951 491 5005 in
528 4964 636 5022 quo
666 4955 799 5010 mihi
826 4956 966 5011 bene
1003 4958 1329 5028 complacui,
1360 4961 1533 5030 ipsum
1565 4961 1747 5017 audite

155 5037 393 5107 (ΜαιιΙι.’
420 5045 576 5116 xvu).
614 5062 633 5098 ι
689 5044 1043 5115 Gloriﬁcavit,
1087 5054 1304 5121 quando
1346 5054 1481 5109 tales
1520 5055 1749 5111 virtutes

153 5141 211 5186 et
270 5133 422 5204 signa
463 5140 567 5207 per
609 5146 734 5194 eum
781 5138 930 5207 fecit,
970 5148 1029 5197 u't
1066 5132 1241 5214 ipsum
1270 5144 1541 5201 hominem
1577 5148 1745 5202 Deum

152 5240 277 5278 esse
308 5228 639 5286 ostenderet.
682 5230 833 5288 Unde
868 5235 1056 5290 eodem
1093 5235 1230 5292 Filio
1267 5238 1476 5294 dicente
1510 5258 1522 5293 :
1570 5258 1588 5289 ι
1632 5238 1754 5293 Cla-

150 5314 311 5372 riﬁca
381 5333 468 5374 me
515 5316 590 5388 tu,
643 5322 829 5391 Pater,
883 5326 1025 5395 apud
1073 5318 1452 5400 temetipsum,
1504 5330 1752 5385 claritate

148 5420 322 5477 quam
402 5412 563 5468 habui
630 5415 946 5487 priusquam
1013 5418 1245 5476 mundus
1315 5421 1469 5478 ﬁeret
1543 5420 1745 5493 (Joan.

148 5504 316 5577 xv"),
367 5527 384 5557 ι
420 5500 698 5580 respondit
719 5513 920 5569 Pater:
953 5516 1071 5571 «'Et
1107 5518 1426 5586 clarificavi,
1474 5524 1530 5573 et
1552 5518 1747 5573 iterum

147 5592 472 5654 clariﬁcabo
513 5599 708 5671 ~(Joan.
769 5604 891 5675 xu).
953 5625 969 5655 ι
1026 5594 1361 5662 Clariﬁcavit
1419 5607 1544 5662 alibi
1582 5608 1748 5664 Filius

146 5681 395 5752 Patrem,
419 5688 639 5759 quando
668 5693 804 5748 dixit
831 5713 842 5748 :
885 5714 903 5746 ς
935 5694 1045 5767 Ego
1069 5712 1098 5750 a
1130 5698 1335 5767 meips‘o
1361 5713 1466 5753 non
1492 5698 1746 5763 veni,setl

144 5775 317 5833 Pater
336 5784 489 5835 meus
515 5776 661 5838 misit
689 5794 774 5840 me
822 5785 1001 5858 (Joan.
1036 5788 1177 5858 Vill).
1219 5808 1236 5839 ι
1273 5788 1550 5844 Clariﬁcat
1579 5791 1743 5846 etiam

144 5869 369 5937 quando
401 5885 565 5939 opera
587 5883 642 5928 et
666 5877 912 5943 virtutes,
947 5894 1082 5949 quas
1113 5880 1260 5943 fecit,
1296 5880 1364 5933 ad
1412 5880 1592 5936 Patris
1624 5881 1743 5953 glo-

143 5962 289 6017 riam
324 5963 559 6031 reduxit,
598 5966 820 6024 dicens;
854 5989 870 6023 ι
901 5969 1016 6026 Mea
1039 5972 1285 6028 doctrina
1314 5985 1426 6027 non
1470 5977 1555 6029 est.
1594 5986 1743 6039 mea,

1771 4726 1825 4786 D

154 4858 348 4913 eadem
374 4875 476 4915 vox
501 4862 753 4928 intonuit,
782 4866 1013 4922 dicens:
1053 4886 1070 4917 σ
1114 4867 1213 4922 liic
1261 4877 1345 4923 est
1373 4869 1543 4926 Filius
1594 4854 1746 4927 meus
1812 4888 1817 4889 ν

1868 3496 1949 3544 tas
2002 3488 2182 3561 (Joa‘n.
2221 3490 2354 3561 xlv),
2394 3492 2419 3541 ι’
2448 3474 2616 3546 multo
2664 3476 2901 3547 deterius
2950 3490 3117 3547 Judaei
3170 3493 3456 3550 mendaces

1866 3584 2042 3641 erant,
2071 3578 2161 3646 qui
2194 3566 2388 3633 Filium
2428 3579 2522 3633 Dei
2566 3580 2901 3635 daemonium
2934 3582 3135 3637 habere
3176 3583 3447 3638 dicebant.

1871 3686 1890 3720 ί
1931 3667 2037 3723 Sed
2063 3668 2177 3723 scio
2212 3682 2370 3735 eum,
2412 3666 2469 3724 et
2506 3685 2812 3726 sermonem
2852 3672 2969 3743 ejus
3003 3676 3181 3729 servo.
3229 3693 3248 3725 ι
3293 3662 3373 3728 Ac
3410 3675 3454 3730 si

1864 3762 2068 3818 diceret
2098 3781 2109 3816 :
2143 3758 2249 3817 Sed
2293 3762 2618 3818 invis'ihilem
2656 3764 2825 3819 Deum
2872 3762 3056 3822 videre
3091 3782 3195 3822 non
3242 3766 3453 3833 valetis,

1864 3868 1931 3910 ex
1958 3854 2245 3924 operibus,
2280 3852 2400 3924 quae
2440 3854 2509 3909 in'
2542 3854 2762 3911 nomine
2789 3855 2905 3925 ejus
2932 3850 3105 3925 facio,
3149 3858 3235 3914 me
3270 3858 3456 3915 abillo

1864 3945 2089 4001 missum
2111 3960 2230 4000 esse
2256 3960 2587 4016 cognoscere
2615 3949 2865 4017 potestis,
2896 3948 3038 4004 sicut
3062 3951 3177 4021 ipse
3199 3950 3275 4005 ait
3300 3970 3313 4004 :
3348 3970 3365 4001 ‹
3396 3951 3454 4006 Si

1865 4039 1996 4094 mihi
2027 4055 2134 4095 non
2172 4024 2442 4107 créditis,‘
2463 4040 2549 4097 vel
2571 4040 2828 4112 operibus
2867 4040 3073 4100 credite
3096 4042 3280 4117 (Ιοάη.
3312 4044 3389 4113 x).
3431 4064 3449 4096 ι

1857 4125 1925 4183 Et
1954 4130 2150 4184 iterum
2181 4146 2193 4184 :
2227 4149 2245 4181 ‹
2278 4128 2457 4201 Opera
2497 4146 2618 4201 qum
2640 4146 2738 4203 ego
2766 4133 2907 4189 facio
2941 4134 2994 4189 in
3036 4130 3255 4190 nomine
3275 4130 3455 4189 Pa‘t'ris‘

1860 4218 1990 4286 mei,
2035 4221 2149 4290 ipsa
2196 4220 2504 4275 testimonia
2557 4222 2849 4292 perhibent
2886 4223 2952 4278 de
2982 4239 3069 4279 me
3107 4220 3295 4297 (Ibid).
3334 4244 3351 4277 ι
3386 4220 3459 4278 Et

1859 4306 1982 4381 quia
2012 4313 2135 4367 inde
2179 4314 2263 4367 me
2296 4329 2422 4368 eum
2468 4329 2803 4385 cognoscere
2834 4314 3144 4381 manifesto,
3185 4315 3308 4385 quia
3341 4329 3453 4370 ser-

1853 4397 2074 4462 monem
2123 4404 2239 4475 ejus
2270 4423 2449 4474 servo,
2497 4406 2741 4477 profecto
2773 4425 2868 4464 vos
2896 4408 3031 4464 falso
3064 4409 3211 4463 illmn
3248 4406 3449 4478 cogno-

1858 4512 2013 4553 scere
2034 4497 2361 4568 gloriamini,
2408 4498 2564 4568 cujus
2606 4494 3264 4572 prtecepta‘oontemnitis.
3299 4498 3451 4554 Unde

1853 4589 2091 4646 Joannes
2121 4591 2397 4661 apostolus
2424 4611 2437 4645 :
2477 4611 2496 4643 ς
2526 4590 2583 4646 Si
2614 4594 2734 4661 quis
2764 4592 2984 4657 dixerit,
3010 4588 3261 4661 quoniam
3287 4584 3448 4660 diligo

1854 4681 2044 4745 Deum,
2075 4692 2129 4737 et
2165 4684 2418 4739 mandata
2462 4681 2579 4752 ejus
2611 4698 2717 4737 non
2758 4682 3031 4746 custodit,
3077 4678 3309 4736 mendax
3366 4689 3450 4735 est

1851 4773 1903 4845 (Ι
1941 4772 2101 4830 Joan.
2128 4775 2213 4844 ιι).
2251 4796 2270 4827 ι

1930 4886 1948 4917 ι
1978 4867 2254 4922 Abraham
2280 4872 2436 4937 pater
2461 4875 2646 4921 vester
2668 4868 2962 4923 exsultavit
2990 4876 3047 4922 ut
3074 4864 3281 4923 videret
3302 4867 3443 4924 diem

1858 4975 1876 5007 ι
1923 4972 2134 5024 meum;
2170 4956 2325 5025 vidit,
2349 4967 2405 5013 et
2426 4957 2645 5029 gavisus
2666 4966 2769 5014 est.
2803 4978 2822 5011 ι
2851 4957 3055 5027 Quaerit
3082 4959 3311 5015 fortasse
3341 4959 3441 5015 ali-

1851 5049 1992 5119 quis,
2052 5049 2143 5106 ubi
2197 5051 2278 5105 vel
2317 5051 2536 5121 quando
2584 5051 2775 5108 beatus
2811 5050 3087 5107 Abraham
3125 5053 3437 5126 patriarcha

1854 5141 1992 5197 diem
2023 5141 2225 5197 Christi
2253 5142 2452 5198 vidisse
2473 5151 2557 5208 ,et
2587 5144 2805 5214 gavisus
2835 5159 2954 5201 esse
2975 5146 3303 5201 inveniatur.
3332 5142 3440 5200 Sed

1855 5232 1899 5285 si
1928 5232 2043 5303 ejus
2062 5246 2226 5303 opera
2247 5231 2533 5303 diligenter
2557 5230 2891 5303 inspicimus,
2924 5242 2979 5289 et
3000 5250 3062 5289 ea
3089 5233 3442 5306 spiritualiter

1853 5325 2278 5390 consideramus,
2324 5323 2487 5379 citius
2512 5322 2911 5395 cognoscimus,
2956 5326 3046 5381 ubi
3097 5327 3180 5383 vel
3224 5327 3440 5396 quando

1853 5416 1993 5471 diem
2020 5414 2223 5471 Christi
2254 5414 2468 5482 viderit,
2492 5425 2548 5470 et
2568 5416 2787 5487 gavisus
2818 5416 2906 5472 sit.
2938 5416 3191 5489 Legimus
3214 5417 3355 5472 enim
3386 5416 3436 5469 in

1851 5506 2045 5564 Genesi
2091 5508 2239 5578 quia,
2277 5510 2398 5562 cum
2444 5517 2590 5564 esset
2612 5523 2777 5564 senex
2825 5518 3205 5581 provectaeque
3240 5508 3437 5570 aetatis,

1852 5616 2069 5656 servum
2095 5601 2363 5658 seniorem
2399 5601 2591 5659 domus
2628 5618 2739 5658 sum
2769 5602 2983 5659 vocavit
3013 5603 3078 5655 ad
3129 5617 3217 5666 se,
3263 5600 3315 5653 et
3361 5598 3438 5654 ait

1852 5693 1926 5749 illi
1961 5712 1972 5747 :
2009 5714 2024 5743 ‹
2060 5693 2211 5749 Mitte
2247 5692 2481 5750 manum'
2512 5705 2656 5750 tuam
2689 5695 2788 5751 sub
2820 5694 3026 5751 femore
3052 5708 3204 5758 meo,
3234 5702 3286 5747 et
3313 5686 3451 5759 jura'

1851 5787 1982 5840 mihi
2018 5800 2111 5856 per
2136 5784 2305 5841 Deum
2328 5788 2468 5853 eteli,
2496 5789 2640 5860 quod
2672 5805 2779 5843 non
2804 5785 3041 5856 accipias
3072 5799 3294 5839 uxorem
3327 5782 3435 5841 lilio

1852 5894 1972 5933 meo
2016 5879 2081 5933 de
2126 5877 2340 5935 ﬁliabus
2378 5878 2670 5943 Chanaan,
2719 5879 2860 5932 inter
2899 5892 3033 5946 quos
3077 5876 3297 5943 habito,
3344 5877 3436 5933 sed

1848 5973 2211 6042 proﬁciscaris
2239 5972 2306 6027 ad
2350 5983 2547 6027 terram
2594 5982 2650 6026 et
2693 5970 3064 6039 cognationem
3118 5985 3329 6035 meam,
3382 5979 3435 6021 ct
