3994 6354
1142 411 1492 470 HAYMONlS
1529 378 2005 467 HALBERSTAT.
2048 405 2348 464 EPISCOP.
2389 404 2540 462 OPP.
2579 404 2758 461 PARS
2796 405 2856 460 ll.
2895 436 2939 446 —
3000 405 3234 461 HOMIL.
3768 407 3880 464 3'56

2270 530 2274 534 '
2311 537 2329 570 ι
2369 518 2633 574 Tulerunt
2655 533 2785 588 ergo
2813 517 3038 586 lapides,
3069 525 3130 572 ut
3141 518 3387 588 jacerent
3410 518 3467 572 in
3494 533 3667 574 eum.
3711 537 3736 572 ι
3769 519 3876 576 Be-

2240 621 2325 667 cte
2351 613 2418 667 ad
2451 612 2659 682 lapides
2687 619 3074 676 cucurrerunt,
3107 610 3201 680 qui
3229 610 3503 680 lapideum
3533 627 3656 667 cor
3690 611 3871 668 habe-

551 417 657 474 555

552 532 678 587 inde
699 528 811 584 ﬁlio
838 541 958 582 meo
981 525 1129 580 Isaac
1149 523 1384 591 accipias
1416 501 1642 576 uxorem
1669 519 1838 590 (Gen.
1870 536 1997 574 χχιι]
2017 521 2056 589 }.
2101 539 2120 572 ι
2155 525 2204 585 Α

552 621 692 691 Quid
714 620 814 676 sibi
844 618 958 674 vult
992 615 1112 670 talis
1141 612 1443 681 adjuratio?
1471 613 1611 680 Quid
1636 612 1777 668 Deus
1804 612 1928 667 cteli
1955 612 2020 666 ad
2049 611 2130 665 fe-

554 730 677 769 mur
717 710 946 767 Abrahze
977 707 1242 778 pertinet,
1273 715 1365 760 aut
1391 705 1567 760 femur
1595 704 1828 759 Abrahae
1853 703 1919 758 ad
1962 703 2130 758 Deum
2237 705 2390 772 bant,
2438 705 2634 775 quibus
2671 704 2810 760 bene
2851 703 3118 774 congruit,
3169 704 3313 772 quod
3337 717 3531 758 eorum
3581 704 3867 773 patribus

552 804 712 861 caeli?
769 803 828 858 Si
879 809 1058 856 autem
1110 815 1204 870 per
1260 797 1470 863 femur,
1521 805 1582 851 ut
1621 797 1750 866 quid
1800 811 1896 867 per
1925 795 2132 851 Deum?
2233 810 2330 865 per
2351 795 2668 866 prophetam
2695 795 2900 865 dictum
2931 794 3147 849 fuerat:
3188 813 3207 846 ι
3240 793 3449 850 Nervus
3474 794 3724 851 ferreus
3746 812 3866 852 cer-

557 909 614 952 et
657 897 704 950 si
764 909 862 965 per
913 893 1118 957 Deum,
1163 899 1224 945 ut
1269 890 1398 960 quid
1437 905 1535 960 per
1594 889 1770 945 femur
1818 891 2130 960 adjuravit?
2232 885 2322 939 vix
2351 893 2462 950 tua,
2496 893 2551 940 et
2571 883 2720 940 frons
2750 893 2838 939 tua
2865 899 3013 939 aenea
3052 883 3190 956 (ha.
3217 883 3434 956 xnvm).
3475 904 3496 938 ι
3532 884 3678 941 Νοη
3705 887 3860 941 enim

546 987 812 1042 Nimirum
832 1000 929 1054 per
953 982 1130 1038 femur
1156 996 1396 1053 propago
1418 979 1601 1035 carnis
1620 980 1971 1050 designatur?
1993 978 2126 1034 Cum
2151 985 2154 987 ’

545 1080 708 1152 igitur
753 1092 970 1133 servum
1016 1089 1113 1144 per
1145 1075 1313 1128 Deum
1355 1072 1478 1127 coeli
1518 1079 1573 1127 et
1616 1070 1792 1127 femur
1837 1069 2122 1140 adjuravit,

542 1171 778 1228 ostendit
823 1169 950 1238 quia
989 1165 1252 1221 intellexit
1275 1164 1425 1219 illum
1453 1164 1520 1219 de
1549 1163 1716 1234 stirpe
1747 1179 1842 1218 sua
1884 1163 2126 1218 nascitu-

544 1281 685 1329 rum,
725 1262 817 1333 qui
848 1261 927 1316 sic
953 1260 1022 1315 ad
1042 1260 1160 1330 ejus
1189 1257 1362 1313 femur
1383 1257 1650 1328 pertinet,
1675 1265 1735 1310 ut
1763 1256 1958 1311 merito
1982 1256 2123 1312 Deus

541 1355 668 1412 coeli
694 1353 1031 1414 crederetur,
1061 1357 1117 1404 et
1146 1350 1225 1404 sic
1256 1347 1389 1403 vidit
1417 1347 1690 1402 Abraham
1721 1347 1865 1402 diem
1894 1346 2118 1412 Christi,

543 1455 600 1501 et
631 1443 851 1516 gavisus
885 1449 1000 1506 est;
1030 1438 1283 1494 ineffabili
1317 1452 1549 1507 namque
1592 1436 1788 1508 gaudio
1814 1436 1992 1505 potuit
2029 1451 2124 1491 ex-

539 1537 772 1601 sultare,
800 1533 1017 1605 quando
1043 1547 1167 1587 eum
1199 1531 1265 1586 de
1287 1530 1458 1600 stirpe
1483 1545 1581 1585 sua
1609 1529 1858 1599 praevidit
1884 1529 2123 1584 nascitu-

540 1645 682 1696 rum,
704 1643 801 1700 per
822 1641 982 1697 quem
1011 1640 1118 1680 non
1151 1623 1324 1679 solum
1350 1623 1466 1692 ipse
1487 1621 1809 1688 salvaretur,
1837 1623 1930 1677 sed
1958 1623 2122 1678 etiam

539 1730 683 1778 totus
710 1719 942 1775 mundus
970 1717 1332 1773 redimeretur
1350 1757 1366 1783 ,
1397 1724 1452 1771 et
1482 1715 1798 1786 impleretur
1833 1714 2122 1784 promissio

463 1837 466 1839 ν
536 1813 750 1869 Domini
777 1812 844 1867 ad
881 1827 1006 1867 eum
1061 1809 1294 1865 dicentis
1331 1826 1344 1862 :
1389 1826 1408 1860 ‹
1441 1807 1502 1862 ln
1529 1809 1736 1863 semine
1778 1816 1871 1863 tuo
1900 1806 2121 1863 benedi-

2234 983 2395 1030 erant
2421 975 2489 1030 de
2519 974 2624 1030 illis
2671 974 2870 1044 quibus
2915 975 3176 1031 Dominus
3201 989 3300 1045 per
3333 975 3688 1046 prophetam
3719 978 3804 1032 ait
3841 992 3855 1030 :

2237 1086 2256 1119 ι
2292 1067 2548 1124 Auferam
2573 1084 2604 1122 a
2634 1065 2789 1122 vobis
2817 1082 2912 1122 cor
2949 1067 3221 1138 lapideum
3239 1107 3256 1132 ,
3286 1074 3342 1122 et
3367 1067 3511 1122 dabo
3537 1067 3728 1122 vobis
3763 1084 3857 1123 cur

2229 1176 2488 1217 carneum
2533 1159 2750 1232 (Ezech.
2799 1160 2900 1232 ιι),
2949 1179 2969 1212 ι
3009 1161 3104 1216 sed
3141 1160 3199 1214 in
3239 1173 3498 1214 saxorum
3548 1158 3851 1215 soliditate

2229 1252 2348 1307 duri
2375 1261 2563 1318 erant,
2593 1251 2848 1322 quoniam
2877 1251 3168 1307 Dominum
3201 1249 3385 1305 Iesum
3409 1249 3717 1306 Christum
3759 1252 3848 1305 Dei

2227 1343 2446 1411 Filium.
2476 1343 2567 1414 qui
2601 1359 2701 1414 Per
2727 1359 2915 1399 eorum
2958 1342 3251 1414 prophetas
3280 1343 3358 1398 eis
3385 1342 3567 1398 fuerat
3594 1346 3847 1415 promis.

2227 1451 2338 1501 sus,
2361 1436 2624 1492 miracula
2643 1436 2952 1503 facientem,
2971 1435 3377 1505 praadicantem,
3403 1443 3458 1489 et
3476 1445 3841 1505 operantem,

2226 1529 2368 1584 sicut
2406 1528 2669 1599 scriptum
2699 1527 3003 1590 habebant,
3041 1525 3454 1597 praesentialiter
3485 1527 3771 1582 videbant
3791 1538 3842 1582 et

2224 1634 2333 1674 non
2365 1620 2845 1690 recognoscebant,
2877 1619 2972 1674 sed
3011 1617 3253 1688 lapidare
3280 1616 3557 1672 volebant.
3601 1617 3686 1672 Et
3717 1620 3840 1688 quia

2225 1725 2333 1766 non
2379 1718 2606 1766 venerat
2646 1718 2944 1780 potestate,
2995 1709 3090 1765 sed
3131 1709 3435 1765 humilitate
3470 1709 3679 1765 hostes
3715 1727 3836 1766 suos

2224 1799 2463 1865 vincere,
2487 1797 2612 1868 jure
2637 1799 2888 1855 subditur
2919 1818 2933 1854 :
2971 1818 2989 1851 ι
3022 1799 3182 1855 Jesus
3209 1807 3392 1855 autem
3417 1800 3726 1856 abscondit
3755 1817 3830 1864 se,

535 1913 728 1961 centur
769 1919 958 1960 omnes
1001 1910 1189 1973 gentes
1243 1898 1396 1971 (Gen.
1445 1899 1606 1971 xx").
1667 1919 1684 1950 ›
1734 1898 1860 1954 Sive
1901 1899 2060 1954 aliter
2105 1916 2118 1952 :
2152 1903 2198 1962 Β
2232 1911 2249 1943 ι
2297 1900 2354 1948 et
2391 1893 2559 1947 exivit
2589 1893 2654 1947 de
2674 1892 2931 1961 templo.»
2969 1893 3064 1948 Vae
3085 1890 3337 1949 Judzeisa
3372 1893 3574 1962 quibus
3611 1895 3832 1948 seahs—

549 1994 824 2051 Abraham
855 1993 998 2048 diem
1029 1991 1234 2048 Christi
1263 1991 1427 2058 vidit,
1459 1999 1513 2046 et
1535 1990 1754 2062 gavisus
1778 1998 1880 2056 est,
1910 1989 2127 2060 quando

538 2087 594 2142 in
619 2085 791 2157 ﬁgura
825 2092 1029 2140 sancta:
1068 2083 1354 2137 Trinitatis
1382 2090 1492 2136 tres
1522 2080 1740 2152 angelos
1771 2081 1998 2136 meridie
2026 2082 2123 2136 ho-

531 2175 694 2245 spitio
719 2172 956 2243 suscepit
983 2169 1138 2243 (Gen.
1160 2171 1337 2241 xvm).
1375 2170 1510 2225 Tres
1539 2171 1682 2225 enim
1707 2171 1858 2235 vidit,
1875 2178 1930 2224 et
1953 2186 2120 2225 unum

532 2264 798 2330 adoravit,
823 2263 951 2333 quia
975 2262 1031 2316 in
1046 2261 1312 2316 Trinitate
1337 2261 1596 2314 unitatem
1619 2259 1866 2315 credidit.
1893 2259 1968 2313 lbi
1991 2275 2120 2331 ergo

536 2369 828 2425 personam
861 2351 1065 2408 Christi
1087 2350 1384 2416 intellexit,
1409 2359 1464 2406 et
1494 2362 1622 2405 tunc
1645 2351 1786 2406 diem
1817 2349 1934 2418 ejus
1958 2351 2114 2416 vidit,

532 2453 588 2501 et
609 2445 831 2516 gavisus
853 2451 958 2499 est.
987 2442 1141 2498 Unde
1164 2443 1281 2512 ipsa
1303 2442 1584 2512 Scriptura
1612 2443 1795 2497 statim
1819 2439 2116 2508 subjunxit,

530 2538 716 2594 dicens
748 2556 762 2592 :
800 2557 818 2589 ι
852 2536 1096 2593 Credidit
1137 2535 1412 2590 Abraham
1447 2534 1591 2600 Deo,
1621 2542 1674 2588 et
1704 2541 2010 2603 rcputatum
2036 2543 2118 2590 est

531 2627 605 2682 illi
637 2628 705 2684 ad
741 2627 1008 2696 justitiam
1041 2624 1218 2698 (Rom.
1251 2625 1350 2694 1v).
1401 2645 1418 2676 ›
1463 2625 1530 2680 Ει
1559 2624 1687 2694 quia
1728 2639 1869 2694 saepe
1906 2624 2117 2693 praefati

527 2719 718 2790 perﬁdi
736 2719 905 2776 Judaei
929 2716 1253 2788 profundum
1287 2717 1587 2772 divinitatis
1608 2716 1931 2786 mysterium
1954 2730 2118 2784 pene-

527 2823 675 2868 trare
713 2811 1027 2882 nequibant,
1062 2812 1118 2866 in
1141 2820 1306 2866 aetate
1334 2809 1686 2865 humanitatis
1724 2811 1886 2865 caecis
1913 2810 2112 2864 menti-

523 2905 627 2960 bus
649 2903 1000 2968 oberrabant,
1031 2902 1274 2957 dicentes
1309 2920 1321 2954 :

600 3013 618 3046 ι
653 2993 1056 3066 Quinquaginta
1093 3007 1265 3047 annos
1294 2993 1532 3047 nondum
1562 2992 1729 3048 habes
1758 3001 1813 3046 et
1838 2991 2114 3046 Abraham

529 3107 547 3139 ι
594 3086 815 3142 vidisti?
845 3105 862 3138 ι
891 3082 1028 3152 Quia
1050 3083 1304 3139 viderunt
1316 3083 1603 3138 Dominum
1624 3082 1809 3138 Jesum
1834 3081 2112 3138 Christum

522 3179 818 3242 hominem,
845 3193 954 3234 non
973 3176 1394 3233 considerabant
1412 3175 1581 3230 Deum
1602 3189 1723 3231 esse
1738 3173 1855 3243 conj
1864 3184 2107 3240 unctum,

2226 1982 2430 2037 condit.
2462 1981 2759 2036 Abscondit
2787 1981 2930 2036 enim
2957 1997 3016 2036 se
3056 1982 3124 2037 ab
3149 1981 3456 2052 aspectibus
3479 1997 3687 2038 eorum
3713 1998 3828 2038 eor-

2223 2089 2389 2144 pore,
2420 2074 2514 2144 qui
2535 2088 2645 2128 non
2687 2074 3038 2128 merebantur
3070 2089 3196 2129 eum
3231 2074 3420 2130 videre
3449 2084 3665 2130 mente.
3714 2075 3824 2129 Non

2223 2165 2366 2220 enim
2440 2163 2704 2220 Dominus
2765 2173 2892 2220 ante
2961 2180 3153 2220 manus
3203 2166 3650 2236 persequentium
3713 2183 3826 2221 sese

2221 2255 2523 2320 abscondit,
2555 2262 2616 2309 ut
2643 2254 2782 2309 mori
2823 2254 3059 2321 timeret,
3089 2255 3184 2325 qui
3231 2269 3332 2325 pro
3366 2255 3526 2310 nobis
3557 2255 3704 2310 mori
3735 2271 3820 2310 ve-

2221 2354 2398 2412 nerat,
2445 2345 2542 2400 sed
2582 2343 2906 2400 humilitatis
2943 2344 3145 2416 gratia,
3192 2351 3252 2398 ut
3293 2359 3538 2415 congruo
3582 2354 3818 2416 tempore

2221 2449 2515 2504 congruam
2560 2441 2791 2489 mortem
2839 2433 3174 2502 susciperet,
3220 2432 3472 2488 videlicet
3495 2435 3702 2489 crucis.
3731 2434 3814 2488 Di-

2221 2543 2384 2598 gnum
2405 2539 2640 2596 namque
2667 2531 2792 2580 erat
2813 2532 2896 2591 ut,
2919 2524 3046 2594 quia
3073 2523 3282 2592 primus
3302 2523 3467 2579 homo
3492 2537 3594 2594 per
3613 2524 3817 2595 lignum

2219 2619 2444 2674 vetitum
2467 2619 2771 2683 ceciderat,
2802 2632 2900 2687 per
2925 2615 3130 2688 lignum
3167 2625 3370 2672 sancta:
3397 2618 3576 2671 crucis
3604 2624 3814 2672 restau-

2220 2723 2451 2778 raretur,
2485 2713 2632 2783 quod
2668 2713 2725 2766 in
2763 2710 3114 2780 sequentibus
3162 2709 3500 2766 manifestius
3542 2710 3802 2764 habetur.

2221 2805 2327 2860 Sed
2352 2804 2576 2875 pulchre
2604 2813 2835 2872 utraque
2857 2802 3071 2857 Domini
3099 2812 3294 2857 natura
3319 2803 3374 2856 in
3414 2803 3510 2857 ﬁne
3535 2801 3694 2870 hujus
3715 2802 3802 2857 le-

2220 2897 2435 2963 ctionis,
2469 2896 2648 2952 divina
2679 2895 2886 2952 scilicet
2909 2904 2964 2950 et
2993 2895 3250 2960 humana,
3285 2895 3446 2950 nobis
3466 2896 3806 2950 demonstra-

2221 3000 2328 3057 tur,
2353 2991 2399 3045 si
2421 2991 2564 3045 hanc
2601 3005 2724 3044 cum
2769 2988 2941 3044 altera
2985 2988 3348 3044 conferamus.
3385 2987 3637 3059 Legimus
3664 2989 3809 3042 enim

2219 3081 2346 3150 quia
2379 3096 2504 3134 cum
2533 3080 2794 3135 ducerent
2825 3095 2950 3135 eum
2976 3094 3149 3149 usque
3183 3081 3250 3134 ad
3283 3080 3634 3150 supercilium
3662 3094 3808 3133 mon—

2220 3172 2308 3235 tis,
2336 3185 2500 3239 super
2519 3185 2680 3239 quem
2709 3170 2904 3224 civitas
2932 3184 3121 3224 eorum
3145 3168 3410 3224 aediﬁcata
3436 3178 3579 3235 erat,
3607 3179 3666 3223 ut
3687 3168 3807 3222 inde

522 3271 588 3324 ad
619 3270 1016 3324 humanitatem
1039 3277 1250 3324 tantum
1282 3267 1665 3338 respicientes,
1701 3267 1824 3323 ideo
1855 3266 2109 3323 dicebant
2136 3259 2182 3321 C
2215 3276 2338 3317 eum
2371 3259 2806 3330 praecipitarent,
2840 3259 2957 3329 ipse
2982 3259 3254 3314 transiens
3280 3273 3376 3329 per
3417 3258 3656 3314 medium
3693 3257 3806 3312 illo-

523 3359 757 3415 nondum
778 3375 902 3414 eum
915 3359 1306 3431 quinquaginta
1329 3373 1502 3414 annos
1522 3359 1741 3414 habere.
1765 3358 1834 3413 Et
1853 3359 2110 3428 quoniam

520 3451 778 3507 Dominus
827 3451 986 3508 Jesus
1017 3451 1270 3507 Christus
1306 3467 1467 3508 verus
1501 3450 1677 3517 Deus,
1707 3451 1826 3506 sine
1863 3451 2018 3505 initio
2057 3458 2113 3504 et

519 3545 638 3601 sine
659 3545 766 3601 fine
800 3546 1002 3616 ubique
1026 3560 1266 3615 praesens
1288 3554 1371 3600 est
1389 3585 1406 3611 ,
1439 3552 1566 3600 ante
1599 3544 1990 3613 quinquaginta
2015 3559 2111 3597 an-

521 3649 621 3690 nos
644 3635 926 3691 Abraham
947 3634 1177 3700 viderat,
1205 3645 1260 3688 et
1283 3634 1523 3689 videbat.
1551 3632 1659 3688 Sed
1685 3633 1776 3687 ille
1811 3633 1902 3702 qui
1927 3632 2109 3687 minus

520 3741 688 3796 quam
728 3724 1121 3795 quinquaginta
1169 3738 1341 3778 annos
1378 3738 1478 3794 per
1512 3724 1910 3778 humanitatem
1942 3724 2110 3778 habe—

519 3817 617 3870 bat
635 3823 697 3870 ut
715 3814 1028 3870 ostenderet
1070 3826 1130 3868 se
1151 3822 1278 3866 ante
1312 3813 1492 3868 omnia
1514 3813 1710 3868 saecula
1734 3828 1831 3883 per
1857 3814 2110 3869 divinita-

524 3913 635 3959 tem
665 3919 808 3970 esse,
837 3901 1085 3972 adiunxit
1116 3923 1128 3956 :
1999 3947 2001 3949 .

599 4011 618 4045 ί
647 3994 836 4058 Amen,
862 4008 1023 4048 amen
1043 3993 1163 4049 dico
1195 3993 1367 4058 vobis,
1397 4004 1685 4064 antequam
1705 3995 1980 4051 Abraham
2011 3997 2105 4052 ﬁe-

529 4102 547 4136 l
595 4093 696 4151 ret,
733 4099 834 4156 ego
866 4100 1006 4140 sum.
1046 4105 1065 4137 ›
1099 4083 1200 4141 Ubi
1227 4085 1560 4153 notandum,
1602 4096 1663 4141 ut
1700 4089 2011 4144 ostenderet
2049 4104 2107 4143 se

524 4189 718 4230 verum
743 4174 915 4230 Deum
934 4190 1076 4242 esse,
1095 4191 1202 4231 non
1219 4176 1500 4247 dixit,Ego
1520 4176 1618 4243 fui,
1635 4179 1750 4243 sed,
1772 4197 1790 4229 ‹
1817 4188 2105 4249 antequam

522 4267 796 4323 Abraham
840 4268 1017 4335 fieret,
1045 4283 1145 4339 ego
1175 4284 1314 4323 sum.
1363 4289 1380 4321 ι
1415 4267 1546 4324 Sum
1585 4271 1783 4342 quippe
1821 4273 2106 4341 praesentis

519 4358 782 4428 temporis
806 4358 1052 4425 verbum,
1084 4374 1186 4414 nec
1225 4361 1589 4428 praeteritum,
1623 4377 1722 4416 nec
1745 4360 1985 4417 futurum
2019 4377 2106 4417 so-

516 4458 633 4517 nat,
664 4453 760 4508 sed
789 4466 1002 4522 semper
1046 4467 1305 4522 praesens.
1348 4453 1416 4507 Et
1441 4453 1562 4508 ideo
1589 4453 1667 4507 illi
1693 4455 1791 4509 soli
1831 4455 2104 4526 congruit,

514 4544 602 4600 cui
633 4561 734 4602 nec
756 4546 1034 4617 praterita
1066 4555 1372 4613 transeunt,
1425 4563 1524 4603 nec
1555 4546 1736 4603 futura
1777 4551 2097 4616 succedunt,

515 4639 609 4694 sed
631 4654 845 4710 semper
866 4640 942 4696 illi
964 4650 1210 4707 estesse,
1236 4649 1496 4696 aeternum
1523 4651 1577 4698 et
1599 4642 2096 4698 incommutabilem
2124 4620 2176 4679 Ῑ)

515 4745 852 4800 permanere.
901 4729 1058 4788 Unde
1107 4733 1369 4803 quaerenti
1420 4731 1591 4804 Moysi
1641 4747 1655 4786 :
1704 4753 1723 4784 ι
1770 4733 1827 4789 Si
1871 4734 2106 4790 dixerint

515 4821 649 4876 mihi
681 4843 700 4874 ι
746 4822 842 4876 ﬁlii
870 4822 1034 4877 Israel
1056 4862 1070 4887 ,
1113 4841 1130 4871 ι
1177 4823 1319 4893 quod
1351 4832 1438 4878 est
1467 4839 1664 4880 nomen
1696 4847 1715 4879 ι
1751 4837 1935 4892 tuum,
1976 4828 2104 4898 quid

516 4912 695 4966 dicam
717 4911 834 4965 eis?
856 4912 1134 4979 respondit
1169 4912 1327 4968 :Hmc
1377 4914 1527 4968 dices
1550 4915 1677 4971 ﬁliis
1704 4917 1869 4973 Israel
1903 4935 1914 4971 :
1944 4939 1960 4970 ‹
1991 4920 2103 4989 Ego

516 5018 635 5056 sum
656 5001 748 5073 qui
782 5017 934 5066 sum;
958 5002 1051 5071 qui
1077 5012 1181 5065 est,
1212 5003 1358 5059 misit
1388 5020 1475 5060 me
1505 5007 1571 5061 ad
1594 5023 1690 5064 vos
1728 5007 1926 5079 (Exod.
1957 5011 2097 5080 111).»

516 5093 628 5147 Nec
657 5092 830 5148 solum
846 5102 973 5148 ante
1001 5093 1273 5148 Abraham
1308 5104 1410 5159 est,
1441 5098 1532 5152 sed
1569 5101 1736 5154 etiam
1776 5111 1899 5154 ante
1939 5116 2098 5155 omne

517 5183 759 5249 initium,
783 5183 922 5238 sicut
945 5184 1058 5252 ipse
1081 5184 1192 5238 ait:
1232 5204 1250 5235 ‹
1284 5184 1397 5257 Ego
1423 5189 1745 5259 principium
1768 5232 1781 5255 ,
1813 5193 1903 5261 qui
1930 5201 1984 5247 et
2024 5193 2099 5248 lo-

517 5289 655 5343 quor
679 5273 831 5329 vobis
853 5272 1032 5344 (Joan.
1059 5276 1200 5345 vm),
1238 5296 1256 5328 ι
1286 5279 1372 5332 cui
1402 5279 1456 5334 in
1484 5280 1643 5336 laude
1667 5281 1944 5351 sapientia:
1966 5284 2100 5339 dici-

517 5377 604 5423 tur
639 5386 650 5420 :
688 5387 706 5418 ‹
745 5367 1005 5423 Dominus
1040 5372 1277 5439 possedit
1321 5389 1406 5427 me
1455 5377 1608 5432 initio
1639 5378 1850 5432 viarum
1882 5394 2100 5436 suarum

517 5455 701 5527 (Prov.
748 5458 886 5530 vni).
921 5477 940 5508 ι
990 5458 1057 5513 Et
1091 5461 1284 5517 iterum
1331 5483 1343 5517 :
1401 5485 1417 5514 ι
1450 5466 1560 5537 Ego
1595 5482 1662 5522 ex
1704 5483 1798 5524 ore
1835 5469 2100 5529 Altissimi

513 5550 725 5619 prodivi
753 5550 942 5623 (Eccli.
971 5553 1141 5626 xxxv).
1171 5576 1189 5606 ι
1225 5555 1514 5626 Postquam
1537 5575 1567 5611 a
1597 5559 1827 5617 Domino
1854 5578 1914 5618 se
1953 5580 2106 5635 supe-_

517 5650 661 5697 ratos
681 5657 802 5697 esse
823 5642 1092 5708 viderunt,
1120 5645 1193 5699 ita
1223 5655 1280 5699 ut
1300 5646 1462 5700 verba
1493 5649 1676 5705 verbis
1695 5665 1966 5722 opponere
1995 5671 2100 5709 non

514 5741 754 5805 possent,
784 5733 908 5788 felle
929 5735 1144 5790 invidiae
1171 5737 1447 5799 commoti,
1476 5738 1740 5810 lapidibus
1755 5759 1878 5799 eum
1908 5761 2102 5801 necare

514 5825 696 5881 conati
717 5835 862 5881 sunt.
900 5825 1051 5881 Unde
1077 5835 1131 5881 et
1162 5827 1408 5883 subditur
1441 5848 1450 5882 :

2217 3368 2338 3406 rum
2363 3351 2478 3407 ibat
2505 3349 2654 3422 (Luc.
2695 3350 2792 3420 iv).
2830 3350 2896 3404 Et
2927 3350 2981 3404 in
3018 3350 3207 3406 eodem
3247 3348 3480 3416 Joanne,
3520 3349 3650 3418 quia
3690 3363 3804 3402 cum

2216 3445 2492 3500 misissent
2525 3445 2796 3514 principes
2840 3452 2896 3498 et
2937 3443 3247 3498 sacerdotes
3283 3442 3509 3508 milites,
3550 3442 3644 3512 qui
3683 3455 3803 3495 eum

2212 3535 2754 3605 comprehenderent,
2797 3532 2956 3589 Jesus
2994 3535 3264 3604 processit
3309 3533 3530 3588 obviam
3577 3532 3703 3597 illis,
3752 3540 3803 3586 et

2214 3625 2567 3695 interrogavit
2603 3639 2699 3680 eos
2731 3643 2742 3676 :
2769 3643 2787 3675 ‹
2815 3624 2987 3690 Quem
3010 3625 3288 3694 quaeritis?
3311 3625 3382 3679 At
3406 3623 3485 3679 illi
3511 3623 3799 3695 responde-

2212 3727 2339 3772 runt
2359 3716 2576 3772 :Jesum
2599 3716 3066 3771 Nazarenum.Ait
3090 3716 3226 3771 illis:
3251 3715 3363 3787 Ego
3377 3731 3522 3772 sum.
3553 3734 3575 3766 ι
3613 3715 3800 3770 Statim

2212 3817 2272 3861 ut
2301 3807 2454 3872 dixit,
2479 3822 2580 3878 ego
2609 3822 2748 3873 sum,
2791 3807 3040 3863 abierunt
3085 3816 3381 3863 retrorsum
3411 3813 3469 3862 et
3497 3807 3805 3862 cecith

2213 3897 2267 3952 in
2296 3906 2496 3954 terram
2537 3896 2720 3967 (Joan.
2759 3899 2936 3970 xvnt).
2971 3898 3137 3966 Quasi
3164 3913 3309 3970 (ergo
3345 3897 3513 3954 homo
3542 3899 3614 3953 ab
3637 3898 3800 3952 omnis

2210 3990 2563 4061 lapidantium
2587 4004 2645 4046 se
2664 3991 2970 4057 abscondit,
2993 3991 3088 4046 sed
3104 3990 3261 4060 quasi
3287 3991 3426 4044 Deus
3444 4004 3546 4058 per
3573 3988 3800 4042 medium

2209 4080 2646 4153 persequentium
2671 4082 2942 4149 transivit,
2970 4091 3026 4136 et
3051 4081 3298 4136 inimicos
3331 4079 3635 4149 prostravit
3649 4092 3798 4133 suos.

2209 4174 2314 4242 Qui
2339 4174 2485 4229 enim
2513 4174 2630 4231 solo
2664 4176 2832 4231 verbo
2876 4176 3127 4230 inimicos
3159 4173 3491 4244 prostravit,
3523 4172 3669 4228 Deus
3701 4182 3800 4226 est.

2209 4264 2314 4332 Qui
2355 4274 2538 4322 autem
2569 4267 2954 4337 corporaliter,
2983 4275 3045 4323 ut
3080 4268 3244 4323 homo
3274 4269 3418 4323 inter
3444 4265 3584 4323 alios
3634 4266 3802 4321 homi-

2208 4375 2330 4431 nes,
2356 4377 2416 4418 se
2435 4362 2742 4430 abscondit,
2774 4364 2938 4419 homo
2967 4377 3131 4419 verus
3164 4371 3303 4419 erat.

2762 4496 3043 4554 HOMILIA
3080 4497 3236 4555 LVII.

2573 4647 2730 4688 mm
2767 4647 3001 4688 saccum
3039 4648 3168 4688 rosr
3205 4631 3423 4688 Indica.

2286 4739 2461 4810 (10m.
2489 4743 2612 4816 vn.)
2645 4764 2664 4796 ‹
2703 4744 2761 4799 In
2791 4745 2883 4800 illo
2912 4753 3156 4815 tempore
3185 4762 3199 4800 :
3233 4745 3495 4803 Miserum
3531 4748 3799 4818 principes

2221 4849 2240 4880 ε
2284 4831 2608 4889 etPharisaei
2636 4835 2934 4901 ministros,
2963 4845 3026 4891 ut
3048 4839 3517 4908 apprehenderent
3540 4839 3743 4894 Jesum.
3775 4860 3791 4890 ι

2216 4922 2474 4979 Miserum
2492 4927 2792 4993 ministros,
2815 4936 2876 4982 ut
2897 4943 3025 4983 eum
3051 4930 3610 5000 comprehenderent,
3643 4947 3796 4999 quem

2213 5016 2618 5085 apprehendere
2668 5033 2774 5074 non
2824 5030 3149 5090 potuerunt,
3193 5021 3370 5077 adhuc
3422 5019 3696 5076 nolentem
3744 5029 3797 5071 ut

2207 5107 2782 5176 comprehenderetur,
2809 5111 2906 5167 sed
2926 5112 3215 5168 audierunt
3238 5112 3543 5177 docentem,
3586 5110 3683 5180 qui
3709 5123 3797 5161 ve-

2210 5206 2401 5252 nerant
2430 5200 2838 5269 apprehendere
2874 5202 3237 5258 iimocentem.

2285 5313 2302 5342 ‹
2334 5291 2478 5347 Dixit
2527 5308 2655 5364 ergo
2683 5294 2763 5350 eis
2807 5293 2962 5351 Iesus
2998 5311 3013 5349 :
3049 5296 3240 5352 Adhuc
3285 5295 3558 5350 modicum
3590 5301 3797 5360 tempus

2216 5402 2234 5435 ‹
2283 5386 2559 5440 vobiscum
2584 5403 2722 5441 sum.
2765 5408 2782 5438 ι
2817 5387 2968 5455 Quod
2991 5389 3150 5444 modo
3176 5388 3339 5443 vultis
3369 5387 3571 5452 facere,
3597 5384 3788 5440 facturi

2210 5478 2372 5540 estis,
2408 5480 2501 5534 sed
2535 5495 2644 5534 non
2675 5481 2859 5546 modo,
2882 5481 3008 5550 quia
3039 5481 3200 5537 modo
3231 5481 3375 5536 nolo.
3411 5479 3592 5547 Quare
3620 5477 3793 5531 adhuc

2212 5570 2372 5624 modo
2411 5570 2574 5626 nolo?
2609 5588 2628 5622 ‹
2665 5571 2801 5638 Quia
2847 5572 3022 5627 adhuc
3057 5571 3326 5627 modicum
3379 5580 3592 5639 tempus
3620 5565 3795 5622 vobis-

2210 5677 2333 5715 cum
2374 5678 2516 5727 sum,
2542 5670 2598 5718 et
2624 5670 2756 5718 tunc
2783 5663 2921 5719 vado
2952 5664 3022 5718 ad
3056 5679 3178 5717 eum
3210 5663 3302 5733 qui
3322 5662 3471 5717 misit
3492 5675 3600 5714 me.
3638 5677 3662 5714 ι
3694 5656 3794 5712 lm-

2208 5754 2356 5822 plere
2384 5757 2553 5811 debeo
2591 5756 3046 5826 dispensationem
3075 5769 3286 5822 meam,
3311 5765 3367 5811 et
3394 5755 3476 5810 sic
3508 5748 3794 5824 pervenire

2211 5845 2275 5898 ad
2303 5847 2608 5904 passionem
2640 5862 2834 5903 meam.
