3994 6354
245 364 364 420 557

1460 366 1761 423 ΗΟΜΙΙᾸᾸΞ
1805 368 1891 424 DE
1931 370 1972 423 Τ
1980 369 2274 426 EMPORE.

3410 377 3516 432 338

337 499 354 532 ι
391 481 654 548 Quaeretis
677 497 762 536 me
788 491 844 537 et
867 497 981 548 non
1007 483 1290 538 invenietis
1333 497 1452 548 me,
1493 492 1550 538 et
1583 483 1674 536 ubi
1711 498 1830 538 sum
1857 489 1911 548 Α
1936 494 2022 537 tus
2062 481 2133 536 sit
2169 483 2399 537 animus.
2450 483 2519 536 Et
2545 483 2694 551 dicit,
2726 485 2871 554 quia,
2904 500 3026 540 cum
3058 486 3379 552 biberimus,
3417 487 3522 542 llu—

245 592 271 625 ‹
326 588 462 644 ego,
496 588 592 629 vos
616 588 720 628 non
745 575 971 644 potestis
1000 575 1205 629 venire.
1255 594 1276 626 ›
1316 573 1417 631 Hic
1438 575 1550 645 jam
1590 588 1832 629 resurre-

236 666 493 721 ctionem
525 681 676 721 suam
714 666 983 737 praedixit.
1027 666 1325 723 Noluerunt
1353 668 1496 722 enim
1537 680 1832 737 agnoscere

233 765 598 827 praesentem,
625 765 681 812 et
707 765 892 827 postea
915 758 1245 827 quaesierunt
1264 773 1410 822 eum,
1443 773 1566 813 eum
1585 758 1832 813 viderent

233 848 655 904 multitudinem
705 849 818 919 jam
866 849 1193 904 credentem.
1246 849 1433 922 Magna
1489 849 1634 905 enim
1677 850 1831 921 signa

233 937 396 995 facta
416 948 562 1006 sunt,
589 939 749 994 etiam
771 953 894 993 cum
921 939 1178 994 Dominus
1206 939 1526 1005 resurrexit,
1556 948 1750 996 etcum
1773 940 1830 994 in

227 1028 448 1085 ccelum
475 1029 750 1096 ascendit,
787 1037 915 1084 tunc
938 1045 1034 1099 per
1055 1030 1347 1100 discipulos
1385 1029 1528 1086 facta
1559 1039 1687 1086 sunt
1714 1046 1830 1085 ma—

225 1138 354 1193 gna
372 1164 386 1187 ,
416 1124 510 1178 sed
541 1122 630 1178 ille
650 1136 750 1193 per
775 1122 892 1177 illos
913 1163 928 1188 ,
956 1124 1050 1192 qui
1077 1131 1133 1178 et
1163 1138 1262 1194 per
1290 1123 1486 1193 ipsum.
1515 1122 1607 1177 llle
1633 1123 1830 1194 quippe

226 1214 356 1276 illi;
391 1215 601 1270 dixerat
633 1234 646 1270 :
681 1233 701 1268 (
737 1215 864 1270 Sine
893 1215 982 1270 me
1013 1216 1148 1270 nihil
1172 1217 1401 1288 potestis
1427 1215 1610 1271 facere
1643 1215 1824 1287 (Joan.

226 1311 362 1382 xv).
399 1329 419 1364 ι
447 1310 625 1378 Quare
651 1326 760 1366 non
793 1320 1086 1383 potuerunt
1114 1312 1332 1366 venire?
1357 1311 1494 1379 Quia
1519 1326 1628 1366 non
1648 1310 1829 1366 volue-

222 1410 377 1456 runt
411 1402 654 1469 credere,
683 1404 809 1472 quia
835 1403 1014 1458 nullus
1035 1404 1150 1458 sine
1173 1404 1277 1459 fide
1298 1403 1494 1459 salvari
1521 1410 1717 1474 potest.

314 1512 337 1545 ς
385 1493 650 1550 Dixerunt
689 1510 818 1567 ergo
861 1496 1049 1561 Judaei,
1088 1516 1106 1548 ›
1140 1513 1248 1552 non
1276 1499 1342 1553 ad
1379 1497 1577 1566 ipsum,
1620 1497 1715 1551 sed
1759 1496 1828 1551 ad

219 1585 602 1656 semetipsos:
639 1604 657 1637 (
691 1585 809 1654 Quo
857 1588 945 1642 hic
991 1588 1167 1643 iturus
1199 1597 1318 1654 est,
1355 1588 1482 1658 quia
1526 1602 1634 1642 non
1663 1587 1815 1641 inve-

224 1693 245 1724 ‹
302 1675 522 1731 niemns
551 1677 719 1732 eum?
768 1676 1017 1748 Nunquid
1059 1679 1112 1732 in
1163 1679 1554 1748 dispersionem
1585 1678 1846 1748 gentinm‘

223 1783 242 1814 ι
301 1766 486 1821 iturus
515 1777 617 1832 est,
664 1776 720 1821 et
750 1767 1006 1823 docturus
1026 1769 1249 1839 gentes?
1282 1788 1301 1821 ι
1357 1767 1474 1824 Νοη
1517 1768 1661 1824 enim
1690 1769 1828 1824 scie-

1933 572 2080 627 mina
2135 587 2287 642 aquae
2346 572 2480 626 vivae
2513 571 2681 628 fluent
2733 575 2801 628 de
2830 583 3017 630 ventre
3063 583 3266 631 nostro.
3321 576 3524 632 Venter

1934 663 2205 718 interioris
2227 662 2460 717 hominis
2499 670 2583 717 est
2607 665 2940 720 conscientia
2968 665 3150 721 cordis
3171 665 3305 736 ejus.
3342 665 3522 722 Bibito

1932 769 2058 824 ergo
2089 754 2191 808 isto
2221 753 2462 822 liquore,
2507 754 2784 810 reviviscit
2827 765 3056 827 purgata
3083 757 3435 823 conscientia,
3469 766 3526 814 et

1933 843 2188 898 hauriens
2218 843 2423 899 fontem
2449 843 2687 908 habebit,
2735 844 2899 899 etiam
2931 846 3046 916 ipsa
3076 845 3197 903 fons
3227 848 3350 902 erit.
3383 847 3526 916 Quid

1931 945 2015 992 est
2042 935 2181 1003 fons,
2218 936 2304 991 vel
2331 935 2459 1006 quid
2485 943 2569 990 est
2599 934 2813 1002 ﬂuvius,
2865 937 2959 1006 qui
3008 948 3191 994 manat
3223 940 3289 994 de
3331 949 3522 995 ventre

1933 1027 2207 1083 interioris
2253 1027 2528 1081 hominis?
2581 1026 2983 1094 Benevolentia,
3031 1044 3136 1099 qua
3171 1030 3285 1084 vult
3318 1046 3517 1087 consu-

1932 1119 2044 1175 lere
2076 1120 2342 1190 proximo.
2387 1118 2586 1174 Bibunt
2610 1135 2762 1190 ergo,
2811 1120 2901 1190 qui
2926 1122 3155 1176 credunt
3183 1122 3237 1177 in
3267 1123 3517 1180 Domino.

1934 1209 1992 1265 Si
2016 1212 2159 1266 enim
2187 1218 2362 1280 putat,
2408 1211 2535 1281 quia
2559 1210 2704 1280 quod
2731 1210 2904 1278 bibit,
2946 1211 3046 1268 soli
3073 1213 3176 1282 ipsi
3199 1215 3392 1270 debeat
3412 1215 3522 1270 suf-

1932 1303 2125 1371 ficere,
2153 1320 2259 1360 non
2281 1303 2400 1358 fluit
2429 1319 2569 1375 aqua
2593 1303 2715 1358 viva
2744 1305 2810 1361 de
2844 1311 3032 1360 ventre
3068 1304 3205 1373 ejus.
3252 1306 3311 1362 Si
3341 1317 3524 1363 autem

1930 1396 2179 1465 proximo
2206 1395 2429 1450 festinat
2457 1395 2762 1462 consulere,
2797 1395 2918 1451 ideo
2966 1411 3077 1451 non
3108 1397 3364 1465 siccatur,
3395 1400 3523 1470 quia

1932 1494 2134 1540 manat.
2176 1484 2490 1542 Videbimus
2519 1487 2648 1556 quid
2675 1502 2818 1541 nunc
2848 1487 2938 1556 sit,
2990 1488 3134 1557 quod
3163 1488 3377 1557 bibunt,
3429 1491 3523 1560 qui

1931 1579 2159 1633 credunt
2192 1580 2248 1634 in
2279 1579 2470 1647 Deum,
2521 1580 2648 1650 quia
2695 1581 2882 1652 utique
2920 1579 3216 1636 Christiani
3241 1578 3434 1650 simus,
3466 1593 3523 1638 et

1930 1667 1976 1722 si
2015 1669 2360 1735 credidimus,
2403 1670 2656 1726 bibimus.
2682 1670 2749 1724 Et
2777 1671 3152 1742 unusquisque
3187 1673 3244 1726 in
3276 1687 3335 1727 se
3359 1672 3521 1727 debet

1931 1774 2263 1831 cognoscere
2287 1761 2431 1830 quod
2458 1761 2615 1828 bibit,
2640 1761 2685 1816 si
2712 1760 2849 1816 bibit
2868 1776 2937 1815 ex
2964 1777 3029 1817 eo
3055 1762 3198 1832 quod
3223 1762 3376 1817 bibit.
3405 1760 3522 1816 Non

213 1853 369 1908 bant
391 1856 523 1925 quid
551 1856 843 1923 dixerunt,
885 1859 978 1914 sed
1002 1859 1128 1928 quia
1156 1859 1245 1914 ille
1271 1860 1442 1914 voluit
1464 1860 1826 1930 prophetave-
1853 1851 1903 1912 B
1929 1854 2074 1908 enim
2125 1868 2224 1908 nos
2251 1854 2465 1908 deseret
2500 1852 2643 1917 fons,
2701 1854 2746 1907 si
2795 1869 2903 1908 non
2941 1853 3255 1910 deseramus
3294 1853 3517 1909 fontem.

215 1955 382 2000 runt.
414 1948 592 2003 lturus
621 1948 765 2003 enim
790 1957 908 2003 erat
933 1950 1192 2005 Dominus
1221 1951 1288 2004 ad
1314 1959 1521 2021 gentes,
1545 1964 1650 2005 non
1681 1965 1823 2021 prae-

212 2038 409 2092 sentia
439 2040 679 2110 corporis
704 2042 809 2105 sui,
847 2041 942 2097 sed
970 2051 1239 2112 potestate
1266 2043 1448 2097 divina
1470 2042 1529 2120 in
1577 2041 1822 2112 discipu-

210 2127 293 2184 lis
329 2130 464 2197 suis,
515 2131 582 2187 de
625 2132 821 2203 quibus
857 2133 994 2189 dixit
1034 2149 1129 2204 per
1165 2135 1486 2205 prophetam
1518 2153 1531 2189 :
1591 2155 1608 2186 (
1645 2135 1819 2203 Quam

108 2255 114 2262 ι
209 2218 445 2288 pulchri
471 2219 635 2288 pedes
660 2221 1145 2292 evangelizantium
1191 2237 1401 2293 pacem,
1442 2223 1821 2294 evangelizan-

209 2311 372 2364 tium
393 2311 562 2365 bona!
587 2331 604 2364 ι
634 2311 768 2382 (Isa.
795 2328 931 2381 xxv;
952 2313 1206 2385 Rom.x.)
1230 2315 1288 2370 In
1313 2316 1398 2370 his
1417 2316 1644 2387 pedibus
1668 2314 1825 2370 Chri-

209 2411 352 2455 stus
382 2401 554 2457 iturus
592 2411 710 2456 erat
729 2404 797 2457 ad
822 2413 1027 2474 gentes,
1078 2415 1132 2459 et
1161 2420 1260 2474 per
1276 2421 1369 2461 eos
1399 2407 1653 2462 docturus
1684 2422 1818 2476 gen-

211 2503 334 2558 tes,
363 2502 421 2547 ut
444 2494 604 2549 ﬁdem
631 2496 938 2565 acciperent
963 2507 1178 2567 gentes,
1211 2514 1374 2568 quam
1403 2497 1574 2553 Judaei
1608 2512 1826 2568 spreve-

211 2595 378 2640 runt.
413 2585 517 2654 Qui
538 2603 723 2642 verum
752 2591 1053 2645 nescientes
1074 2592 1536 2662 prophetam-runt
1555 2591 1648 2660 qui
1671 2592 1822 2660 igno-

212 2684 493 2732 ravernnt
515 2677 795 2733 Christum
825 2679 1096 2734 dicentem
1123 2697 1136 2734 :
1175 2699 1192 2730 ι
1228 2681 1296 2734 Ει
1330 2682 1420 2734 ubi
1450 2696 1570 2734 sum
1592 2694 1692 2750 ego
1726 2694 1824 2734 vos

215 2785 338 2824 non
382 2768 609 2839 potestis
655 2769 860 2823 venire.
899 2789 918 2821 ι
970 2769 1150 2837 Quare
1180 2785 1277 2825 vos
1307 2785 1416 2824 non
1457 2770 1684 2839 potestis
1734 2783 1821 2823 ve-

217 2860 389 2914 nire?
412 2858 549 2926 Quia
578 2875 687 2914 non
711 2858 875 2914 vultis
920 2859 1162 2914 credere.
1199 2859 1338 2926 Quid
1361 2867 1443 2915 est
1468 2859 1615 2929 quod
1665 2858 1818 2924 dixit,

226 2971 244 3002 ι
281 2953 376 3007 ubi
413 2968 533 3007 sum
567 2967 689 3024 ego,
737 2972 755 3003 ι
813 2953 917 3006 nisi
959 2952 1012 3006 in
1055 2952 1176 3007 sinu
1210 2952 1405 3016 Patris,
1439 2951 1821 3021 consempiter-

223 3059 333 3098 nus
357 3043 550 3097 Patri?
589 3043 648 3097 ln
671 3051 816 3098 terra
853 3043 1197 3113 loquebatur,
1246 3043 1340 3098 sed
1386 3043 1442 3097 in
1477 3042 1654 3097 Patris
1698 3042 1820 3096 sinu

225 3150 288 3189 se
342 3151 458 3191 esse
501 3137 863 3192 monstrabat.
914 3137 1054 3192 Ante
1101 3145 1327 3192 caeteras
1385 3135 1819 3206 dispensationes

1929 1946 2191 2016 Exposuit
2214 1944 2566 2014 evangelista,
2601 1951 2655 1999 et
2683 1944 2818 2000 dixit
2844 1945 2990 2001 unde
3008 1945 3268 2002 Dominus
3296 1944 3521 1999 clamas-

1929 2045 2031 2103 set,
2061 2037 2130 2092 ad
2157 2035 2372 2106 qualem
2422 2045 2609 2106 potum
2654 2035 2975 2101 invitasset,
3021 2034 3153 2104 quid
3208 2033 3522 2090 bibentibus

1924 2129 2288 2200 propinasset,
2320 2127 2543 2183 dicens:
2604 2144 2623 2177 (
2660 2126 2772 2182 Hoc
2816 2135 2998 2182 autem
3043 2126 3256 2182 dicebat
3293 2127 3360 2181 de
3399 2125 3520 2197 Spi-

1928 2220 2038 2272 ritu
2088 2235 2250 2289 quem
2279 2219 2554 2288 accepturi
2583 2225 2739 2272 erant
2757 2219 3043 2274 credentes
3081 2219 3137 2273 in
3163 2233 3304 2273 eum.
3337 2237 3355 2269 (
3377 2216 3520 2273 Non-

1933 2330 1952 2362 ‹
2001 2312 2127 2366 dum
2156 2311 2302 2366 enim
2331 2319 2449 2366 erat
2478 2310 2711 2382 Spiritus
2739 2311 2913 2376 datus,
2943 2311 3072 2380 quia
3099 2310 3256 2366 Jesus
3279 2311 3516 2365 nondum

1934 2421 1952 2454 (
1998 2402 2178 2458 fuerat
2225 2402 2574 2474 glorificatus.
2617 2423 2634 2454 ι
2679 2403 2849 2470 Quem
2898 2403 3030 2458 dicit
3074 2401 3517 2473 Spiritumhnisi

1927 2502 2175 2549 sanetum
2206 2492 2515 2564 Spiritum?
2568 2492 2701 2548 Nam
2744 2495 3117 2565 unusquisque
3149 2494 3310 2549 homo
3354 2493 3519 2548 habet

1927 2585 1983 2639 in
2037 2601 2097 2641 se
2143 2585 2422 2656 proprium
2450 2586 2720 2656 spiritum,
2773 2587 2826 2640 id
2863 2594 2946 2641 est
2975 2587 3233 2641 animum.
3288 2585 3517 2640 Animus

1925 2676 2070 2730 enim
2123 2675 2490 2746 cujuscunque
2539 2678 2656 2746 ejus
2686 2687 2769 2731 est
2816 2678 3079 2746 spiritus,
3126 2678 3194 2733 de
3231 2692 3338 2748 quo
3387 2677 3516 2732 dicit

1925 2767 2124 2823 Paulus
2153 2769 2428 2838 apostolus
2458 2787 2470 2821 :
2523 2789 2541 2820 ι
2571 2769 2702 2836 Quis
2733 2769 2878 2824 enim
2905 2771 3011 2824 scit
3058 2770 3361 2836 hominum,
3391 2783 3514 2840 quae

1925 2869 2052 2915 sunt
2096 2861 2354 2926 hominis,
2401 2861 2505 2916 nisi
2539 2861 2759 2931 spiritus
2798 2862 2890 2931 qui
2917 2862 2970 2916 in
3015 2861 3132 2932 ipso
3173 2870 3259 2918 est
3285 2861 3342 2933 (Ι
3386 2860 3509 2916 Cor.

1925 2952 2023 3022 n)?
2051 2971 2070 3004 ι
2112 2949 2221 3006 Sed
2266 2951 2396 3022 quid
2417 2961 2500 3006 est
2531 2952 2675 3022 quod
2707 2953 2822 3006 ait:
2878 2971 2897 3003 (
2931 2951 3181 3008 Nondum
3226 2951 3374 3008 enim
3395 2961 3515 3008 erat

1926 3046 2163 3118 Spiritus
2213 3048 2390 3114 datus,
2445 3049 2571 3118 quia
2596 3047 2753 3105 Jesus
2803 3050 3043 3105 nondum
3093 3057 3212 3105 erat
3241 3047 3513 3119 glorifica-

1922 3139 2053 3195 tus?
2089 3159 2108 3190 ι
2141 3137 2396 3210 Nunquid
2421 3153 2529 3195 non
2560 3139 2792 3210 Spiritus
2825 3149 3042 3196 sanctus
3075 3139 3177 3195 fuit
3223 3139 3276 3194 in
3307 3136 3512 3194 sanctis

227 3225 446 3280 Domini
473 3226 665 3292 nostri,
701 3235 756 3281 et
801 3227 1077 3282 doctrinas
1105 3226 1294 3281 salutis
1327 3233 1548 3291 nostrae,
1578 3234 1633 3280 et
1665 3226 1819 3281 dubi-
1846 3211 1892 3278 C
1924 3230 2019 3284 Dei
2048 3238 2103 3285 et
2131 3231 2432 3299 prophetis,
2483 3232 2827 3301 patriarchis,
2853 3233 2946 3301 qui
2973 3232 3144 3286 multa
3191 3246 3291 3302 per
3329 3229 3508 3299 Spiri-

236 3321 471 3378 tationes
517 3322 822 3378 Judaeorum
869 3323 933 3378 de
977 3321 1206 3376 Domino
1249 3318 1375 3374 Jesu
1403 3319 1643 3384 Christo,
1700 3333 1819 3388 quae

236 3411 394 3479 dixit,
443 3413 630 3483 quibus
678 3414 770 3468 alii
809 3411 1287 3476 confunderentur,
1331 3411 1422 3465 alii
1472 3411 1817 3475 docerentur,

229 3502 527 3559 novissimo
574 3503 886 3560 festivitatis
917 3504 1061 3559 illius
1084 3503 1173 3558 die
1205 3504 1359 3574 (tunc
1386 3503 1528 3557 enim
1561 3503 1665 3556 ista
1694 3516 1819 3571 age-

223 3597 446 3664 bantur,
470 3615 589 3670 quae
615 3601 1025 3671 appellabantur
1069 3597 1411 3669 scenopegia,
1447 3597 1499 3652 id
1529 3603 1612 3652 est
1635 3596 1816 3651 taber-

223 3689 542 3744 naculorum
604 3690 974 3755 constructio,
1011 3705 1137 3758 vqua
1191 3685 1498 3743 festivitate
1524 3687 1636 3757 jam
1691 3694 1816 3740 ante

221 3780 471 3834 meminit
495 3781 734 3836 eharitas
769 3791 950 3836 vestra
993 3778 1160 3835 fuisse
1197 3779 1481 3849 disertum)
1513 3785 1674 3833 vocat
1711 3777 1816 3832 Do-

220 3870 404 3925 minus
431 3870 703 3937 Christus,
730 3873 911 3926 ethoc
942 3886 1051 3926 non
1091 3878 1365 3940 utcunque
1398 3868 1690 3938 loquendo,
1718 3866 1815 3922 sed

219 3958 530 4028 clamando,
580 3972 639 4016 ut
669 3963 759 4031 qui
783 3963 916 4027 sitit,
943 3963 1129 4017 veniat
1170 3963 1409 4017 adeum.
1444 3961 1688 4026 Sitimus,
1722 3973 1814 4014 vc-

220 4053 474 4108 niamus:
521 4063 575 4110 et
620 4071 728 4110 non
780 4054 1024 4125 pedibus,
1077 4055 1171 4110 sed
1220 4053 1524 4119 affectibus,
1572 4068 1671 4108 nec
1709 4052 1810 4107 mi-

219 4146 447 4212 grando,
481 4145 577 4200 sed
597 4145 827 4201 amando
849 4144 1150 4200 veniamus.
1182 4143 1498 4213 Quanquam
1537 4142 1700 4196 etiam
1728 4156 1811 4195 se-

219 4235 456 4289 cundum
487 4235 799 4290 interiorem
842 4235 1141 4300 hominem,
1191 4243 1247 4289 et
1294 4234 1387 4304 qui
1415 4243 1560 4288 amat
1591 4233 1807 4303 migrat.

222 4319 285 4374 Et
312 4323 460 4378 aliud
509 4334 595 4380 est
624 4326 860 4395 migrare
913 4340 1165 4394 corpore,
1216 4325 1362 4380 aliud
1399 4325 1583 4380 corde.
1619 4324 1812 4394 Migrat

222 4427 469 4484 corpore,
518 4417 610 4486 qui
661 4426 808 4471 motu
862 4418 1108 4487 corporis
1139 4425 1314 4472 mutat
1367 4417 1565 4472 locum.
1617 4416 1811 4489 Migrat

225 4505 405 4568 corde,
455 4506 548 4575 qui
599 4514 747 4560 motu
804 4507 983 4561 cordis
1024 4504 1273 4562 affectum
1322 4513 1515 4561 mutat.
1577 4504 1634 4560 Si
1665 4505 1808 4562 aliud

225 4609 390 4662 amas,
417 4597 560 4654 aliud
607 4600 850 4665 amabas,
896 4615 1004 4654 non
1031 4599 1105 4655 ibi
1135 4615 1277 4656 eras.
1315 4599 1525 4656 Clamat
1553 4616 1684 4671 ergo
1710 4618 1810 4657 no-
1832 4580 1888 4642 D

221 4682 300 4739 bis
323 4686 606 4754 Dominus,
637 4689 816 4744 stabat
840 4689 986 4744 enim
1014 4698 1069 4744 et
1105 4689 1372 4745 clamabat
1397 4708 1408 4743 :

295 4797 312 4829 (
357 4779 419 4834 Si
450 4781 574 4851 quis
603 4781 737 4848 sitit,
765 4783 947 4838 veniat
985 4783 1052 4837 ad
1081 4798 1167 4838 me
1193 4792 1250 4838 et
1285 4785 1454 4840 bibat.
1504 4784 1606 4852 Qui
1636 4784 1810 4841 credit

229 4885 245 4915 ι
289 4869 482 4936 inme,
529 4873 669 4928 sicut
703 4874 832 4928 dicit
861 4873 1177 4944 Scriptura,
1232 4875 1453 4931 flumina
1504 4877 1572 4930 de
1621 4885 1807 4931 ventre

229 4975 246 5007 ‹
289 4959 409 5027 ejus
441 4961 608 5019 ﬂuent
641 4980 795 5034 aquae
820 4966 976 5021 vivae.
1017 4985 1035 5018 ι
1091 4966 1245 5034 Quod
1275 4969 1378 5023 hoc
1403 4977 1544 5024 esset
1590 4968 1804 5038 quando

224 5046 561 5124 Evangelista
603 5058 872 5126 exposuit,
912 5059 1187 5114 immorari
1217 5075 1324 5115 non
1349 5061 1625 5116 debemus.
1657 5060 1807 5116 Unde

226 5145 362 5202 enim
394 5148 592 5204 dixerit
619 5149 877 5208 Dominus
905 5170 918 5206 :
957 5174 975 5206 ‹
1001 5152 1058 5209 Si
1082 5154 1204 5224 quis
1227 5154 1361 5219 sitit,
1399 5155 1578 5208 veniat
1606 5156 1672 5210 ad
1701 5170 1805 5220 me,

225 5243 278 5288 et
301 5237 465 5296 bibat.
495 5240 564 5296 Et
601 5244 693 5313 qui
722 5245 893 5300 credit
911 5245 966 5300 in
1005 5261 1113 5312 me,
1143 5245 1362 5301 flumina
1385 5247 1453 5302 de
1478 5257 1666 5302 ventre
1693 5249 1810 5319 ejus

225 5322 388 5385 ﬂuent
399 5346 551 5403 aqua:
565 5333 722 5401 vivae,
744 5355 762 5388 ι
789 5348 1179 5408 consequenter
1190 5341 1439 5410 exposuit
1458 5341 1805 5410 evangelista,

229 5417 409 5480 dicens
435 5443 452 5483 :

300 5533 320 5566 α
363 5517 478 5576 Hoc
519 5532 703 5579 autem
760 5525 898 5581 dixit
937 5526 1002 5581 de
1031 5526 1259 5596 Spiritu,
1313 5543 1478 5598 quem
1535 5531 1807 5600 accepturi

235 5620 254 5654 ι
296 5620 450 5666 erant
497 5616 776 5673 credentes
823 5618 879 5672 in
909 5633 1054 5674 eum.
1087 5637 1105 5670 ι
1158 5619 1272 5676 Hoc
1302 5629 1510 5675 tantum
1551 5622 1805 5688 sciamus,

229 5703 370 5766 quod
395 5707 462 5762 de
485 5709 750 5767 cbaritate
775 5711 878 5766 hoc
905 5711 1173 5768 clamabat
1197 5713 1456 5770 Dominus
1483 5714 1660 5771 Jcsus.
1689 5715 1808 5771 Cla-

232 5792 409 5853 mabat
436 5815 562 5872 ergo
589 5809 644 5858 et
667 5803 816 5869 dicit,
844 5813 904 5860 ut
940 5804 1220 5861 veniamus
1249 5813 1305 5861 et
1333 5806 1598 5872 bibamus,
1625 5808 1672 5863 si
1722 5809 1806 5863 in-

1922 3330 2036 3376 tum
2087 3332 2335 3376 sanctum
2374 3321 2555 3375 futura
2587 3323 3002 3392 praedixerunt?
3026 3322 3195 3392 Igitur
3221 3329 3276 3376 et
3309 3320 3376 3375 de
3403 3318 3512 3374 Eli-

1923 3414 2117 3470 zabeth
2146 3413 2341 3482 legitur
2370 3411 2520 3483 (Luc.
2548 3412 2607 3484 l),
2639 3412 2842 3481 Spiritu
2868 3420 3055 3466 sancto
3085 3411 3345 3480 repletam
3366 3423 3507 3474 esse,

1921 3503 2063 3558 etde
2091 3502 2355 3557 Zacharia
2375 3501 2621 3556 similiter
2641 3501 2851 3556 dicente
2879 3499 3214 3571 evangelista
3239 3517 3253 3553 :
3283 3518 3303 3550 (
3322 3499 3389 3554 Ει
3409 3499 3510 3554 Za-

1921 3597 2137 3652 charias
2165 3596 2400 3667 repletus
2426 3603 2509 3650 est
2537 3594 2743 3665 Spiritu
2772 3602 2980 3660 sancto,
3008 3601 3063 3648 et
3083 3593 3446 3663 prophetavit.
3483 3613 3503 3646 θ

1920 3690 2059 3758 Quid
2085 3698 2170 3746 est
2189 3689 2333 3759 quod
2366 3689 2518 3754 dicit,
2549 3688 2782 3758 Spiritus
2811 3695 3032 3743 sanctus
3065 3685 3304 3742 nondum
3331 3684 3510 3739 fuerat

1919 3782 2119 3836 datus?
2144 3781 2308 3835 Multa
2331 3795 2462 3850 ergo
2491 3779 2690 3835 indicia
2718 3780 3075 3850 praecedentis
3118 3778 3353 3850 Spiritus
3377 3793 3504 3833 san-

1918 3873 1990 3928 cti
2031 3873 2314 3936 habemus,
2349 3879 2638 3940 antequam
2687 3871 2950 3927 Dominus
2994 3869 3391 3942 gloriﬁcaretur
3421 3885 3507 3924 re-

1918 3965 2255 4022 surrectione
2286 3964 2485 4018 carnis.
2514 3963 2632 4019 Non
2659 3963 2804 4018 enim
2853 3964 3018 4019 alium
3046 3962 3310 4034 Spiritum
3337 3962 3504 4018 etiam

1914 4055 2191 4124 prophetae
2239 4055 2560 4118 habuerunt,
2616 4055 2709 4125 qui
2739 4054 3016 4110 Christum
3045 4064 3332 4110 venturum
3368 4070 3505 4125 prae-

1915 4147 2322 4211 nuntiaverunt,
2359 4145 2455 4201 sed
2505 4146 2698 4201 modus
2743 4146 2968 4216 quidam
2997 4145 3210 4202 futurus
3250 4154 3368 4200 erat
3407 4146 3504 4200 do-

1914 4239 2148 4294 nationis
2176 4239 2358 4308 hujus,
2384 4238 2478 4308 qni
2503 4239 2726 4294 omnino
2752 4247 2912 4295 antea
2949 4246 3308 4310 congregatos
3330 4238 3504 4294 homi-

1913 4347 2012 4388 nes
2054 4340 2280 4402 accepto
2345 4329 2551 4402 Spiritu
2597 4340 2806 4398 sancto,
2870 4332 3069 4402 linguis
3097 4330 3339 4386 omnium
3375 4344 3500 4400 gen-

1915 4423 2049 4478 tium
2078 4421 2210 4478 fecit
2237 4422 2446 4478 locutos
2465 4422 2654 4478 fuisse.
2684 4422 2815 4478 Post
2838 4421 3293 4478 resurrectionem
3321 4428 3498 4473 autem

1913 4528 2089 4580 suam,
2122 4514 2357 4584 primum
2383 4513 2598 4584 quando
2619 4513 2872 4584 apparuit
2899 4510 3174 4580 discipulis
3201 4509 3337 4573 suis,
3366 4508 3502 4562 dixit

1914 4604 2057 4660 illis:
2101 4623 2119 4657 (
2146 4604 2391 4674 Accipite
2417 4602 2679 4674 Spiritum
2706 4610 2956 4658 sanctum
2989 4600 3171 4671 (Joan.
3205 4597 3320 4670 xx).
3356 4618 3375 4650 ι
3425 4599 3500 4652 De

1913 4699 2018 4752 hoc
2051 4712 2178 4766 ergo
2202 4697 2406 4752 dictum
2457 4706 2578 4752 est:
2611 4696 2728 4752 Non
2767 4704 2887 4750 erat
2915 4694 3151 4764 Spiritus
3171 4694 3350 4758 datus,
3375 4693 3499 4763 quia

1912 4787 2069 4844 Jesus
2111 4788 2348 4843 nondum
2403 4787 2584 4844 fuerat
2625 4785 2993 4859 gloriﬁcatus,
3039 4794 3095 4840 et
3126 4783 3418 4841 insulllavit
3446 4786 3498 4838 in

1916 4883 2109 4938 faciem
2138 4895 2345 4938 eorum.
2372 4880 2490 4949 Quo
2509 4879 2639 4935 flatu
2661 4880 2895 4951 primum
2926 4880 3202 4936 hominem
3239 4893 3401 4949 quem
3423 4877 3500 4932 fe-

1915 4975 2009 5040 cit,
2045 4972 2340 5029 viviﬁcavit
2361 4982 2416 5029 et
2444 4973 2511 5028 de
2547 4971 2676 5026 limo
2711 4971 2903 5026 erexit.
2945 4971 3062 5039 Quo
3089 4969 3217 5025 flatu
3260 4969 3498 5024 animam

1913 5066 2171 5122 membris
2196 5064 2314 5134 ejus
2343 5065 2506 5129 dedit,
2537 5063 2852 5135 significans
2889 5064 3136 5120 eumdem
3178 5077 3299 5119 esse
3343 5063 3500 5132 spiri-

1915 5171 2050 5229 tum,
2096 5177 2256 5232 quem
2287 5158 2578 5216 insulﬂavit
2615 5159 2671 5212 in
2721 5157 2915 5213 faciem
2963 5174 3181 5223 eorum,
3225 5164 3342 5212 uta
3385 5155 3500 5211 luto

1912 5261 2288 5324 exsurgerent,
2327 5259 2383 5306 et
2411 5251 2574 5305 luteis
2620 5250 2872 5320 operibus
2918 5250 3311 5306 renuntiarent.
3346 5247 3500 5302 Tunc

1912 5346 2146 5415 primum
2204 5352 2326 5413 post
2380 5343 2835 5399 resurrectionem
2896 5357 3080 5408 suam,
3146 5355 3308 5410 quam
3367 5339 3498 5392 dicit

1912 5437 2241 5508 evangelista
2272 5434 2737 5507 glorificationem,
2771 5434 2919 5489 dedit
2940 5433 3216 5501 discipulis
3236 5431 3348 5487 suis
3375 5428 3499 5500 Spi-

1915 5530 2076 5583 ritum
2106 5535 2373 5582 sanctum.
2405 5525 2607 5581 Deinde
2628 5533 2993 5581 commoratus
3020 5539 3142 5580 cum
3163 5523 3244 5577 eis
3265 5521 3497 5590 quadra-

1915 5620 2061 5691 ginta
2091 5619 2302 5684 diebus,
2331 5627 2391 5672 ut
2420 5618 2557 5672 liber
2598 5617 2829 5672 Actuum
2858 5614 3222 5686 apostolorum
3265 5612 3492 5667 demon-

1914 5722 2054 5767 strat
2075 5712 2208 5782 (Act.
2240 5728 2279 5776 ι,
2313 5710 2398 5781 ιι),
2448 5710 2579 5780 ipsis
2608 5710 2937 5772 videntibus,
2987 5715 3042 5760 et
3064 5705 3296 5761 videndo
3322 5704 3495 5762 dedu-

1915 5805 2179 5870 centibus,
2208 5802 2451 5859 ascendit
2477 5801 2532 5855 in
2561 5799 2776 5854 caelum.
2813 5801 2890 5854 lbi
2920 5797 3152 5868 peractis
3176 5797 3363 5853 decem
3385 5796 3496 5851 die-

2051 6061 2080 6082 ἡ
