3994 6354
530 319 637 376 359

535 430 635 484 bus
673 440 1047 500 pentecostes,
1089 433 1235 488 misit
1286 432 1391 486 illis
1429 432 1660 525 desuper
1700 434 1960 505 Spiritum
1997 450 2121 492 san-
2148 440 2195 499 Α

531 531 699 589 ctum,
760 524 851 593 qui
893 523 1053 594 (sicut
1082 523 1215 594 dixi)
1262 522 1475 579 fuerant
1510 522 1617 578 uno
1663 526 1716 580 in
1750 526 1867 582 loco
1899 542 2122 599 congre-

529 616 660 686 gati.
683 614 920 687 Accepto
948 620 1120 670 autem
1141 614 1347 686 Spiritu
1376 624 1584 682 sancto,
1617 618 1858 673 omnium
1880 621 2120 689 gentium

528 706 723 778 linguis
753 702 913 763 locuti
946 700 1087 762 sunt.
1127 706 1330 775 Quicrit
1355 707 1550 776 aliquis
1580 712 1826 775 forsitan,
1857 711 2119 780 baptizati

530 798 581 852 in
602 798 845 863 Christo,
878 794 1016 854 et'in
1041 794 1316 855 'charitate
1365 798 1758 871 praeceptorum
1790 802 1907 872 ejus
1930 803 2117 858 viven-

516 884 629 955 tes,
660 876 827 959 quare
857 886 1098 945 omnium
1150 880 1388 962 gentium
1435 886 1636 963 linguis
1670 907 1775 973 non
1802 890 2112 960 loquantur,

514 968 887 1037 dumcertum
917 988 1001 1037 est
1054 974 1317 1061 Spiritum
1360 972 1607 1039 sanetum
1651 968 1744 1039 eos
1796 982 2115 1055 accepisse?

516 1068 653 1143 Quia
682 1070 795 1145 ipsa
825 1075 1089 1141 Ecclesia,
1127 1093 1247 1147 quae
1278 1087 1359 1132 est
1390 1064 1587 1147 corpus
1618 1068 1842 1141 Christi,
1871 1076 2111 1131 omnium

514 1172 758 1242 gentium
801 1171 1000 1241 linguis
1048 1171 1307 1241 loquitur.
1360 1169 1511 1237 Quod
1571 1182 1699 1225 tunc
1730 1170 1785 1223 in
1834 1169 2108 1240 primitiva

510 1246 757 1318 Ecclesia
811 1250 1196 1335 pr’aesign‘atum
1238 1270 1341 1329 est,
1395 1277 1515 1331 quae
1557 1262 1610 1316 in
1648 1260 1834 1316 Judma
1874 1250 2111 1316 tantum;

518 1356 674 1412 modo
701 1364 861 1429 gente
892 1342 1242 1421 initiataest,
1272 1370 1416 1409 nunc
1448 1368 1576 1408 vero
1607 1368 1673 1408 ex
1704 1354 1955 1409 omnibus
1978 1369 2107 1425 gen-

508 1436 658 1502 'tibus
700 1438 1053 1519 congregata:
1092 1444 1373 1517 Quomodo
1424 1461 1551 1503 vero
1596 1462 1734 1501 unus
1772 1453 1899 1503 tunc
1942 1447 2105 1501 homo

510 1530 842 1609 loquebatur
895 1526 1124 1611 linguis,
1156 1536 1237 1596 ita
1271 1542 1430 1595 modo
1473 1530 1654 1594 unitas
1690 1547 1891 1615 sanctae
1920 1538 2103 1594 Eccle-

512 1620 901 1688 siae'omnibus
936 1620 1176 1702 loquitur
1222 1632 1436 1704 linguis.
1489 1628 1812 1702 Accepimus
1871 1647 2001 1703 ergo
2047 1636 2101 1687 et

510 1739 610 1778 nos
650 1723 911 1793 Spiritum
964 1733 1210 1779 sanctum
1237 1765 1252 1789 ,
1297 1718 1340 1779 si
1381 1738 1625 1778 amamus
1672 1723 1998 1789 Ecclesiam,
2052 1722 2096 1778 si

1138 320 1495 395 HAYMONIS
1530 321 2011 381 HALBERSTAT.
2055 325 2270 382 EPlSC.
2312 326 2463 384 OPP.
2505 328 2787 419 PdRSll.
2827 362 2897 374 —
2927 330 3157 391 HOMIL.

3743 344 3859 399 3‘0

2301 459 2318 487 ι
2362 441 2624 497 Dixerunt
2664 459 2794 514 ergo
2838 445 2904 499 ad
2958 461 3081 501 eum
3131 447 3324 507 fratres
3376 454 3494 523 ejus
3545 473 3557 507 :
3633 450 3859 511 Transi

2234 550 2252 580 σ
2289 532 2432 597 hinc,
2462 543 2517 588 et
2544 535 2679 591 vade
2714 536 2767 589 in
2801 535 3062 592 Iudaeam.
3104 558 3123 591 ι
3154 539 3376 598 Fratres
3410 546 3560 599 enim
3610 543 3856 602 Domini

2225 625 2580 682 nsitatissimo
2617 614 2816 683 sanctae
2845 628 3141 702 Scripturae
3175 650 3326 692 more
3351 677 3367 701 ,
3424 642 3854 709 consanguinei

2222 722 2420 769 sancta:
2496 716 2678 773 Mariae
2742 714 2958 790 semper
3002 714 3228 794 'vir‘ginis
3277 727 3651 784 dicebantur;
3704 718 3851 787 Nam

2218 803 2494 860 Abraham
2518 815 2571 861 et
2593 807 2694 863 Lot
2728 810 2926 866 fratres
2956 815 3252 881 suntdicti,
3282 833 3405 872 cum
3421 820 3730 876 Abraham
3755 837 3851 892 ρει

2218 900 2374 949 truus
2396 904 2538 951 esset
2558 897 2677 952 Lot.
2721 894 2788 953 Et
2827 899 3012 957 Lahan
3034 913 3089 958 et
3109 902 3274 961 Jacob
3293 906 3492 965 fratres
3517 922 3656 967 sunt
3682 910 3841 975 dicti,

2215 1002 2339 1042 cum
2351 999 2497 1045 esset
2508 990 2692 1073 Lahau
2709 995 3007 1051 avunculus
3020 996 3209 1053 Iacob.
3229 999 3360 1056 Cum
3375 1018 3510 1073 ergo
3534 1005 3843 1060 audieritis

2214 1078 2408 1136 fratres
2432 1070 2666 1151 Domini,
2686 1084 2867 1141 Mariae
2881 1089 3115 1155 cogitate
3138 1070 3709 1165 consanguinitatem,
3730 1112 3835 1152 non

2213 1171 2405 1228 iterum
2431 1176 2695 1245 parientis
2730 1178 2895 1233 ullam
2927 1182 3294 1253 propaginem.
3326 1185 3577 1242 Diximus
3612 1188 3825 1243 fratres

2210 1263 2301 1332 qui
2324 1263 2545 1330 fuerint,
2571 1256 2854 1324 audiamus
2874 1270 3003 1339 quid
3026 1256 3260 1327 dixerint
3283 1289 3298 1327 :
3323 1294 3341 1325 ι
3362 1275 3562 1332 Transi
3591 1279 3753 1342 hinc,
3779 1291 3830 1335 et

2214 1370 2235 1404 ι
2271 1355 2409 1410 vade
2432 1355 2487 1410 in
2513 1355 2779 1424 Judmam,
2823 1366 2883 1413 ut
2939 1360 3186 1430 discipuli
3237 1367 3312 1419 tui
3373 1366 3603 1421 videant
3658 1385 3827 1439 opera

2213 1466 2228 1498 t
2267 1456 2357 1502 tua
2388 1464 2509 1519 quae
2533 1448 2687 1505 facis.
2723 1469 2741 1502 ι
2775 1450 2951 1522 Opera
2979 1453 3192 1509 Domini
3227 1456 3526 1528 discipulos
3576 1474 3695 1515 non
3754 1462 3827 1516 la-

2206 1538 2409 1605 tebant,
2443 1540 2537 1595 sed
2566 1541 2702 1597 istos
2728 1541 2988 1597 latebant.
3020 1545 3111 1600 lsti
3142 1548 3285 1602 enim
3313 1548 3540 1616 fratres,
3572 1552 3633 1606 id
3700 1561 3819 1619 est,

2202 1624 2585 1702 consanguinei
2600 1633 2877 1689 Christum
2905 1639 3367 1709 consanguineum
3396 1642 3607 1701 habere
3623 1656 3819 1714 potue-

2200 1730 2343 1777 runt.
2374 1722 2609 1779 Credere
2646 1732 2827 1780 autem
2857 1726 2911 1780 in
2934 1742 3057 1783 eum
3087 1729 3198 1798 ipsa
3220 1732 3633 1802 propinquitate
3669 1728 3819 1791 fasti-

508 1812 778 1868 eharitate
808 1815 1266 1887 compagin‘amur,
1305 1815 1351 1869 si
1379 1814 1649 1871 catholico
1670 1804 1888 1870 nomine
1915 1823 1969 1870 et
1991 1814 2095 1870 [ide
2123 1816 2169 1875 B
2197 1812 2433 1881 dierunt,
2459 1814 2581 1870 ideo
2601 1816 2859 1870 continuo
2895 1821 3225 1889 evangelista
3261 1832 3487 1878 secutus
3525 1835 3615 1881 est
3648 1848 3662 1881 :

506 1890 824 1983 gaudemus.
853 1907 1022 1987 igitur
1052 1918 1315 1979 quantum
1341 1902 1568 1979 quisque
1606 1902 1765 1964 ama't'
1798 1906 2095 1967 ECclesiam
2124 1890 2159 1917 ’³

503 1988 727 2079 Christi,
771 1980 1001 2079 tantum
1029 2000 1191 2056 habet
1222 1992 1485 2072 Spiritum"
1516 1988 2095 2079 salictuiii.'Habemtts

502 2070 1214 2171 ergo.Spirituni‘s‘ancwm,
1257 2096 1300 2150 Si
1326 2110 1574 2151 amamus
1594 2084 1911 2151 Ecclesiam.
1938 2097 2095 2151 Ama-

501 2200 620 2241 mus
661 2170 861 2260 autem,
882 2170 1162 2257 Isi'in'ejus
1183 2203 1440 2260 compage
1462 2200 1516 2244 et
1542 2174 1821 2243 charitate'
1838 2176 2091 2246 consisti-

498 2264 622 2331 mus
642 2258 677 2343 ,’
710 2276 872 2349 quam
902 2260 1203 2349 'Apostolus
1231 2258 1483 2332 omnibus
1513 2264 1806 2334 virtutibus
1830 2279 2091 2335 iiduciali-

499 2373 582 2419 ter
626 2346 939 2437 praeposuit.
960 2346 977 2349 ὴ
994 2349 1316 2453 Quicunque
1359 2354 1531 2438 ipsam
1568 2356 1731 2424 habet
1760 2366 2090 2453 cunctaba-

493 2434 848 2511 bebitbona:
908 2434 1034 2529 quia
1066 2458 1183 2514 sine
1220 2434 1309 2513 illa
1341 2434 1475 2515 nihil
1517 2452 1779 2533 proderit,
1827 2446 2088 2534 quidquid

492 2542 711 2603 habere
739 2546 976 2628 potuerit
1006 2550 1189 2617 homo,
1243 2550 1309 2608 de
1336 2568 1439 2621 qua
1473 2542 1664 2610 beatus
1688 2538 1928 2612 'Jacobus
1959 2542 2087 2628 apo-

495 2639 666 2695 stolus
693 2643 808 2695 ait':
842 2661 860 2692 ‹
899 2622 1001 2710 Qui
1030 2650 1207 2698 autem
1234 2643 1520 2700 offenderit
1550 2636 1603 2699 in
1631 2642 1758 2713 uno,
1799 2642 1974 2704 i‘aCtus
2001 2658 2085 2706 est

490 2716 731 2809 omnium
764 2718 888 2787 retis
920 2730 1211 2807 (Jac.u).'i
1241 2734 1316 2791 De
1342 2737 1445 2793 hac
1471 2738 1634 2792 etiam
1662 2747 1715 2793 et
1742 2722 1857 2809 ipsa
1871 2728 2083 2797 Veritas

495 2821 573 2874 ait
604 2835 619 2874 :
656 2804 764 2902 diu
791 2823 893 2878 hoc
924 2825 1066 2878 enim
1092 2804 1417 2896 cognoscent
1451 2842 1640 2883 omnes
1675 2828 1799 2898 quia
1834 2830 2078 2902 discipuli

491 2910 619 2993 mei
662 2894 834 2993 estis,
1002 2894 1347 2973 dilectionem
1400 2917 1701 2989 habueritis
1740 2914 2077 2977 ad'i‘nvicem

496 2988 929 3095 (ζοτωίξξιιλῖ
998 2996 1025 3013 ”
1116 3008 1126 3015 ’
1256 3002 1261 3011 ’
1450 3006 1453 3011 ’
1550 3004 1587 3013 ’λ
1678 2998 1681 3001 ’

526 3080 537 3099 ’
717 3080 727 3095 '
756 3090 760 3095 '
1040 3096 1323 3157 HOMILIA
1348 3100 1524 3159 LVIII.

845 3208 1005 3248 mnu
1037 3210 1235 3250 TERTIA
1277 3210 1411 3252 rosr
1461 3196 1678 3252 Judica.

554 3281 730 3377 (fotu.
762 3283 883 3377 VII.)
926 3306 943 3337 ‹
973 3286 1032 3359 in
1080 3285 1170 3343 illo
1209 3295 1448 3377 tempore
1492 3282 1865 3377 :‘Ambulabat
1917 3293 2074 3351 Jesus

487 3390 505 3423 σ
554 3360 606 3427 ἰὴ
636 3360 934 3443 Galilaeam,
963 3394 1069 3433 non
1091 3368 1235 3434 enim
1261 3379 1476 3437 volebat
1506 3364 1565 3437 iri
1597 3372 1836 3438 Judaeum
1885 3384 2073 3440 ambu-

485 3483 504 3515 ‹
536 3458 810 3551 ῐᾳηλῳιίἐ)
836 3473 1151 3551 quaerebant
1177 3466 1301 3551 eum
1321 3471 1488 3551 Judaei
1504 3464 1843 3544 interficere,
1870 3498 1886 3529 ι
1907 3464 1961 3532 εἳ
1986 3494 2070 3534 re-

481 3556 647 3626 liqua.
702 3550 709 3567 ’
792 3542 799 3559 ί
852 3554 860 3573 ²
1174 3556 1179 3563 ’
1246 3545 1271 3571 ἦ
1472 3562 1477 3569 ’
1872 3572 1875 3577 ’
1941 3562 1947 3573 ’

550 3648 661 3707 Hoc
706 3652 1003 3709 infirmitati
1025 3666 1222 3712 nostra:
1246 3660 1523 3728 praebebat
1580 3662 1904 3731 exemplum,
1953 3677 2056 3716 non

483 3741 597 3810 ipse
621 3742 934 3813 perdiderat
972 3754 1327 3816 potestatem,
1388 3749 1480 3803 sed
1527 3759 1770 3804 nostram
1822 3736 2072 3805 consola-

477 3832 640 3886 batur
671 3816 1041 3913 fragilitatem.
1074 3828 1335 3891 Futurum
1365 3848 1484 3893 erat
1510 3839 1592 3909 (ut
1619 3839 1752 3913 dixi)
1790 3849 1848 3895 ut
1878 3841 2071 3912 aliquis

477 3923 651 3979 ﬁdelis
684 3910 800 3993 ejus
827 3922 1309 4001 absconderetmse,
1338 3946 1405 3984 ne
1437 3946 1465 3983 a
1516 3928 1957 4001 persecutoribus
1990 3928 2067 3989 in?

475 4004 773 4092 veniretur.
810 4000 876 4069 Et
900 4004 966 4072 ne
1010 4016 1084 4071 illi
1111 4032 1210 4088 pro
1240 4010 1467 4076 crimine
1511 4000 2064 4092 objiceretur'iatibu-

475 4102 607 4169 lum,
636 4089 913 4176 prteeessit
934 4102 990 4162 in
1016 4094 1212 4179 capite,
1240 4112 1380 4180 Quod
1410 4113 1462 4166 iu
1495 4110 1753 4168 membris
1778 4114 2064 4171 confirma-

474 4205 643 4249 retur.
671 4196 852 4253 Potuit
891 4201 1035 4255 enim
1059 4190 1619 4261 CliriSCIIS"aml)ulare
1654 4206 1798 4261 inter
1850 4198 2064 4263 Indicos

473 4299 653 4346 etnon
681 4284 895 4360 occidi,'
919 4278 1009 4365 qui
1044 4286 1162 4350 ait:
1202 4315 1219 4346 ι
1260 4295 1587 4353 Polestatem
1626 4292 1800 4363 habeo
1828 4297 2062 4370 ponendi

474 4382 709 4457 animam
748 4382 943 4451 meam,
1001 4395 1054 4441 et
1104 4376 1667 4457 potestatem‘habeo
1721 4382 1925 4445 iterum
1970 4390 2064 4445 su-

473 4475 821 4533 mendicant.
860 4500 879 4533 ι
913 4478 1065 4555 Hanc
1086 4464 1673 4551 potestatem'os'tendit
1698 4480 1823 4539 dum
1844 4476 2059 4551 “v‘oluit,

471 4567 596 4623 dum
622 4568 689 4625 ad
720 4587 904 4647 vocem
937 4558 1080 4627 illius
1113 4582 1258 4629 retro
1290 4570 1632 4657 Ceciderunt,
1665 4574 1756 4643 qui
1781 4590 1904 4657 eum
1926 4572 2059 4657 'cum

470 4663 637 4720 armis
666 4662 929 4747 venerunt
958 4652 1385 4747 apprehendere.
1430 4652 1431 4655 η
1482 4654 1485 4663 Α
1532 4650 1559 4671 ”
1814 4666 1819 4671 ’
1874 4664 1881 4679 ’
1932 4656 1941 4665 ’
2042 4666 2048 4677 ⁸

546 4774 563 4802 «
602 4754 731 4808 Erat
769 4742 950 4810 autem
994 4742 1053 4811 in.
1083 4760 1331 4828 proximo
1359 4761 1474 4815 dies
1532 4759 1702 4817 festus
1752 4761 2061 4820 Judteorum

472 4847 846 4916 secnopegia.»
872 4836 1205 4919 Scenopegia
1223 4832 1337 4905 dies
1366 4838 1537 4921 festus
1564 4838 1680 4907 erat
1713 4836 2060 4910 Tab'érn‘acu';

468 4935 667 5000 lorum,
710 4952 816 5005 quo
866 4936 1053 4995 Judiei'
1082 4954 1267 4995 mense
1302 4930 1532 5012 septimo
1588 4940 1670 4998 in'
1704 4945 2063 5003 tabernaculis

470 5026 571 5081 sub
596 5026 760 5080 ramis
791 5026 1047 5082 arborum
1071 5028 1320 5086 habitare
1348 5030 1536 5089 diebus
1567 5032 1773 5104 septem
1794 5026 2060 5104 jubeban—

472 5128 579 5183 tur,
610 5118 678 5171 ad
721 5118 1036 5172 memoriam
1095 5119 1443 5179 habitationis
1501 5118 1714 5205 illorum
1744 5124 1821 5179 "in
1854 5141 2055 5181 eremo.

467 5211 573 5265 lste
620 5216 740 5263 erat
766 5210 882 5264 dies
916 5208 1087 5267 festus
1115 5254 1129 5279 ,
1181 5229 1340 5284 quem
1384 5216 1553 5272 Judaei
1586 5231 1776 5287 magna
1808 5216 2061 5272 solemni-

471 5309 584 5356 tate
608 5300 977 5367 celebrabant,
1030 5312 1091 5357 ut
1143 5306 1622 5362 reminiscerentur
1669 5306 2059 5364 beneﬁciorum

478 5380 718 5457 Domini,
744 5391 835 5462 qui
864 5408 958 5448 eos
982 5396 1255 5452 eduxitde
1294 5392 1439 5452 terra
1466 5394 1706 5469 Egypti.
1741 5398 1867 5455 Dies
1889 5398 2060 5455 festus

475 5499 626 5539 more
655 5482 984 5554 Iudaeorum,
1016 5488 1215 5543 dicitur
1250 5506 1355 5544 non
1397 5480 1535 5543 unus
1566 5488 1701 5554 dies,
1757 5492 1849 5547 sed
1900 5501 2061 5561 quot-

471 5590 602 5648 quot
625 5574 764 5634 illius
800 5578 1111 5637 festivitatis
1169 5582 1409 5649 fuerunt,
1472 5583 1628 5653 quasi
1692 5600 1856 5640 unum
1915 5586 2056 5642 diem

469 5658 664 5724 festum
692 5711 706 5737 ,
754 5674 983 5743 'pmpter
1039 5675 1199 5728 unius
1246 5672 1556 5729 festivitatis
1608 5680 2055 5735 consuetudinem

472 5756 753 5820 nominare
782 5754 1073 5821 solebaht.’

826 5848 843 5861 κ
968 5844 995 5869 γα

2276 1921 2293 1953 t
2329 1902 2515 1973 Neque
2541 1906 2686 1960 enim
2727 1904 2924 1961 fratres
2971 1907 3087 1975 ejus
3139 1912 3434 1967 credebant
3473 1915 3531 1969 in
3590 1934 3742 1972 eum.
3790 1940 3805 1971 ι

2197 1996 2377 2064 Quare
2407 1997 2462 2051 in
2491 2014 2615 2053 eum
2646 2013 2753 2054 non
2778 2001 3075 2057 credebant
3102 2003 3126 2057 ?
3174 2003 3309 2072 Quia
3341 2007 3643 2064 humanam
3696 2014 3806 2083 glo-

2197 2076 2336 2144 riam
2369 2090 2743 2161 reqm’rebant,
2781 2092 3025 2149 dicentes
3068 2096 3134 2149 ad
3158 2102 3327 2151 eum‘:
3379 2116 3400 2150 ι
3434 2099 3635 2157 Transi
3683 2076 3805 2161 hinc

2195 2187 2250 2235 et
2283 2182 2419 2236 vade
2444 2182 2499 2237 in
2522 2182 2799 2249 Judaeam,
2830 2193 2891 2239 ut
2936 2185 3185 2256 discipuli
3243 2190 3318 2243 tui
3362 2186 3588 2248 videant
3637 2210 3795 2266 opera

2193 2277 2286 2324 tua
2307 2285 2428 2341 qua:
2457 2271 2610 2327 facis.
2698 2293 2718 2326 ι
3538 2286 3547 2291 ’

2267 2406 2285 2437 ‹
2316 2384 2485 2471 Nemo
2513 2387 2711 2459 quippe
2735 2389 2788 2443 in
2830 2390 3042 2447 occulto
3088 2391 3290 2463 aliquid
3320 2393 3477 2471 facit,
3513 2408 3570 2453 et
3603 2402 3791 2471 quierit

2194 2497 2212 2527 ‹
2247 2476 2362 2546 ipse
2378 2464 2444 2562 in
2468 2464 2655 2547 palam
2687 2494 2826 2535 esse.
2858 2479 2914 2535 Si
2964 2482 3081 2538 haec
3108 2480 3260 2550 facis,
3316 2468 3607 2543 manifesta
3661 2492 3784 2562 teip-

2193 2588 2209 2620 t
2245 2554 2619 2655 sumamundo.
2654 2591 2673 2624 ι
2708 2570 2845 2627 Nam
2879 2572 2963 2629 his
2994 2577 3174 2631 verbis
3204 2570 3532 2647 ostenditur,
3566 2584 3784 2656 gloriam

2185 2656 2329 2715 illius
2349 2659 2644 2716 carnaliter
2668 2677 2915 2732 quaerere
2938 2679 3032 2721 eos
3055 2684 3069 2733 ;
3090 2658 3257 2737 quasi
3290 2656 3596 2727 dixissent":
3624 2674 3780 2731 Facis

2185 2736 2476 2819 mirabilia,
2526 2754 2622 2809 sed
2669 2755 3001 2814 abscondite.
3054 2736 3251 2816 Transi
3284 2746 3361 2817 'in
3406 2748 3650 2830 Iudaeam,
3708 2778 3767 2820 ut

2183 2845 2516 2927 principatus
2571 2848 2771 2921 gentis,
2819 2858 2875 2905 et
2899 2850 3091 2908 civitas
3132 2865 3295 2927 caput
3321 2850 3514 2927 regni,
3552 2859 3767 2913 videant

2181 2922 2451 2994 mirabilia
2482 2930 2985 3010 tuailunotescere,
3016 2961 3217 3015 appare
3259 2951 3531 3013 omnibus,
3561 2960 3618 3004 ut
3643 2951 3762 3005 lau-

2180 3014 2596 3111 dari'possis'ab
2619 3026 2891 3091 omnibus.
2916 3034 3054 3105 Quid
3084 3052 3214 3111 ergo
3252 3041 3319 3096 ad
3350 3041 3476 3098 haec
3518 3044 3770 3100 Dominus

2181 3106 2338 3211 .lesus
2368 3125 2518 3189 dicit,
2553 3126 2840 3182 audiamus
2873 3142 2888 3181 :
2978 3128 2986 3136 ”
3144 3128 3149 3137 ’
3404 3116 3413 3141 δ’

2254 3255 2274 3313 ε
2306 3212 2481 3313 Mentil
2511 3246 2727 3319 tempus
2748 3241 2993 3324 99M"???
3020 3241 3261 3321 ράνθηίιν
3321 3253 3539 3327 tempus
3582 3257 3762 3331 ausa

2182 3349 2199 3378 ί
2238 3337 2483 3411 vestrum
2518 3318 2845 3413 semperest
2881 3318 3157 3417 paratum.
3197 3354 3215 3387 ι
3249 3318 3544 3425 Apostolus

2181 3442 2198 3472 t
2235 3406 2723 3503 Postquam-venit
2768 3406 3051 3501 plenitudo
3098 3406 3375 3511 temporis,
3434 3406 3770 3493 misitml‘ie'us

2176 3512 2370 3591 Filium
2401 3531 2558 3583 suum
2593 3502 2736 3587 (Gal.
2768 3516 2866 3595 Iv).
2907 3539 2925 3570 ι
2980 3502 3215 3591 Tempus
3239 3502 3371 3606 vero
3397 3514 3586 3605 gloriie
3612 3512 3769 3606 Curi;

2174 3600 2517 3687 sti'necdum
2547 3610 2717 3691 venit,
2740 3626 2866 3691 cum
2918 3612 3035 3683 haec
3086 3596 3433 3683 locutus'est,
3501 3604 3645 3691 quod
3694 3620 3767 3673 illi

2173 3682 2428 3771 videntur
2457 3682 2747 3773 quaerere;
2769 3682 2861 3771 qui
2893 3702 2942 3757 ei
2973 3704 3271 3759 suadebant
3302 3706 3384 3761 ire
3415 3706 3469 3762 in
3516 3684 3766 3765 'Jurdsram

2173 3788 2436 3859 miracula
2464 3789 2667 3858 facere,
2700 3794 2903 3850 mundo
2932 3796 3295 3879 innotescere,
3320 3814 3389 3854 ne
3412 3788 3592 3881 latens
3614 3805 3766 3875 igno-

2172 3879 2293 3934 bilis
2318 3888 2624 3955 putaretur.
2687 3883 2792 3939 Sed
2817 3884 2906 3963 ille
2933 3886 3103 3941 voluit
3152 3889 3493 3965 altitudinem
3544 3879 3763 3948 humili-

2171 3982 2280 4028 tate
2315 3976 2616 4049 procedere
2641 3986 2697 4032 et
2720 3978 2786 4031 ad
2810 3960 2981 4048 ipsam
3006 3960 3391 4038 celsitudinem
3421 3960 3520 4061 per
3547 3985 3766 4040 humili-

2172 4065 2297 4118 tatis
2317 4065 2459 4119 viam
2504 4067 2806 4143 pervenire.
2857 4087 2875 4118 ι
2910 4068 3143 4153 Tempus
3201 4080 3382 4127 autem
3439 4064 3709 4153 vestrum,
3743 4096 3761 4126 ι

2171 4156 2221 4210 id
2284 4167 2405 4224 est,
2450 4160 2637 4214 mundi
2681 4159 2895 4231 gloria,
2950 4180 2968 4213 ι
3024 4144 3239 4241 semper
3292 4150 3381 4219 est
3430 4144 3702 4236 paratum.
3741 4187 3761 4220 ι

2167 4252 2266 4308 Est
2293 4255 2437 4310 enim
2471 4266 2682 4327 tempus
2714 4256 2920 4327 gloriae,
2946 4266 3008 4312 ut
3034 4260 3124 4329 qui
3167 4261 3317 4316 venit
3342 4261 3397 4316 in
3432 4262 3764 4327 humilitate,

2165 4347 2431 4402 veniatin
2456 4336 2781 4419 altitudine;
2836 4351 2925 4421 qui
2968 4353 3118 4408 venit
3163 4353 3514 4424 judicandus,
3586 4356 3769 4411 veniat

2161 4441 2505 4514 iudicaturus
2546 4464 2558 4499 ;
2613 4445 2706 4513 qui
2749 4445 2900 4501 venit
2953 4446 3129 4503 occidi
3178 4463 3208 4501 a
3260 4447 3536 4536 mortuis,
3586 4448 3766 4504 veniat

2092 4539 2146 4600 D
2171 4533 2421 4603 judicare
2445 4537 2511 4592 de
2540 4537 2676 4594 vivis
2702 4546 2756 4594 et
2778 4539 3026 4601 mortuis.

2249 4665 2266 4697 ‹
2302 4647 2409 4703 Vos
2430 4647 2708 4704 ascendite
2737 4650 2804 4704 ad
2828 4649 2971 4704 diem
3002 4648 3202 4706 festum
3232 4651 3396 4708 hunc.
3440 4671 3461 4705 ι
3486 4651 3629 4720 Quid
3681 4643 3765 4708 cst

2169 4739 2353 4794 hunc?
2396 4740 2495 4796 Ubi
2549 4741 2779 4812 gloriam
2828 4743 3124 4799 humanam
3176 4746 3439 4815 quaeritis.
3498 4744 3641 4814 Quid
3681 4753 3764 4801 est

2168 4826 2359 4885 hunc?
2405 4831 2504 4887 Ubi
2537 4835 2833 4890 extendere
2876 4834 3043 4890 vultis
3101 4836 3340 4892 carnalia
3396 4838 3618 4908 gaudia,
3656 4852 3763 4892 non

2167 4931 2370 4978 aeterna
2398 4925 2652 4995 cogitate.

2247 5061 2266 5093 ‹
2296 5042 2410 5113 Ego
2431 5043 2574 5098 enim
2599 5060 2708 5100 non
2734 5047 3025 5101 ascendam
3054 5049 3121 5103 ad
3144 5048 3284 5103 diem
3339 5047 3540 5103 festum
3592 5049 3756 5113 hunc,

2175 5151 2192 5184 ι
2229 5133 2355 5203 quia
2386 5142 2596 5204 tempus
2631 5136 2868 5191 nondum
2908 5120 3183 5209 impletum
3214 5149 3315 5193 est.
3353 5159 3370 5190 ι
3423 5136 3480 5192 ln
3505 5138 3595 5193 die
3622 5138 3759 5193 festo

2168 5227 2394 5298 gloriam
2418 5242 2514 5282 vos
2532 5228 2825 5283 humanam
2868 5220 3160 5300 quaeritis}
3196 5246 3374 5285 meum
3424 5228 3562 5287 vero
3618 5242 3753 5285 tem-

2167 5331 2288 5386 pus,
2325 5336 2341 5366 ι
2372 5317 2423 5371 id
2473 5326 2576 5384 est,
2610 5317 2779 5387 gloria
2835 5334 2978 5384 mea,
3022 5318 3055 5371 ἰ
3086 5319 3323 5375 nondum
3365 5321 3534 5375 venit.
3572 5341 3590 5373 ι
3644 5320 3757 5399 ipse

2167 5408 2310 5461 enim
2341 5408 2457 5463 dies
2485 5406 2655 5463 festus
2684 5424 2857 5476 meus,
2888 5425 2994 5464 non
3028 5410 3218 5465 diebus
3262 5404 3406 5466 istis"
3431 5408 3757 5489 peremi-crs

2166 5508 2220 5551 et
2261 5500 2554 5563 transiens,
2578 5500 2672 5554 sed
2720 5514 3047 5569 permanens
3084 5501 3137 5554 in
3186 5509 3469 5567 aeternum,
3511 5502 3626 5577 ipse
3654 5502 3753 5556 erit

2164 5587 2446 5653 festivitas,
2480 5590 2734 5662 gaudium
2761 5590 2879 5646 sine
2926 5591 3051 5658 fine,
3109 5576 3557 5650 ieternit‘as'"'sine
3578 5576 3749 5655 "tabe.

2168 5681 2430 5733 serenitas
2453 5679 2568 5734 sine
2594 5681 2754 5735 nube.
3040 5688 3045 5695 ’
3738 5688 3745 5697 ’

2243 5788 2260 5821 t
2296 5768 2421 5825 Haec
2449 5784 2571 5825 cum
2606 5771 2853 5837 dixisset,
2888 5773 3002 5843 ipse
3045 5776 3244 5830 mansit
3289 5776 3341 5829 in
3381 5775 3626 5831 Galilaea.
3658 5775 3747 5833 ‘Ut
