3994 6354
147 298 263 356 5η

1360 312 1666 381 ιιοΜωΔε
1708 315 1796 381 nt:
1835 260 2185 385 murena.

3326 330 3431 389 540

153 435 170 462 ε
208 425 409 487 autem
438 420 801 493 ascenderunt
825 421 1020 489 fratres
1050 424 1184 507 eius,
1208 437 1339 486 tunc
1359 439 1416 487 et
1436 430 1550 501 ipse
1569 446 1751 491 ascen-
1777 436 1827 499 Α
1854 434 2104 517 Christus
2136 445 2479 509 nuncupatus
2508 447 2591 498 est
2634 440 2779 503 Deus
2813 460 2826 497 :
2863 443 2958 501 sed
2986 443 3297 513 expressius
3338 444 3445 505 flre

153 524 172 556 ι
218 506 312 562 dit
334 507 401 579 ad
429 509 570 579 diem
609 510 828 583 festum,
870 532 979 583 non
1018 506 1332 589 manifeste,
1366 523 1459 578 sed
1495 523 1650 592 quasi
1691 523 1746 579 in

152 613 173 647 ι
207 599 456 656 occulto.
498 622 517 654 ι
542 601 670 661 Ideo
695 621 803 662 non
826 607 890 663 ad
912 608 1053 681 diem
1078 610 1277 679 festum
1296 614 1468 680 hunc,
1494 615 1618 685 quia
1642 629 1747 681 non

144 687 384 762 gloriari
418 695 804 766 temporaliter,
857 700 951 755 sed
980 702 1181 773 aliquid
1212 704 1501 773 salubriter
1530 706 1747 772 docere,

144 784 440 855 corrigere
480 786 751 861 homines,
783 792 850 851 de
895 793 980 849 die
1021 795 1158 865 festo
1188 807 1392 855 mterno
1437 799 1745 871 admonere,

144 875 218 930 ab
239 890 455 945 'amore
480 879 659 934 saeculi
684 892 951 951 avertere,
1003 896 1057 940 et
1085 887 1150 941 ad
1200 888 1370 945 Deum
1410 898 1745 946 convertere.

147 965 303 1034 Quid
353 978 439 1026 est
484 980 665 1027 autem
711 975 853 1044 quod
898 978 1054 1046 quasi
1104 978 1336 1035 latenter
1388 982 1636 1045 ascendit
1681 981 1747 1037 ad

142 1055 304 1112 diem
333 1055 573 1117 festum?
614 1060 733 1119 Non
772 1074 929 1120 vacat
949 1075 1003 1137 et
1032 1068 1137 1123 hoc
1163 1068 1379 1125 Domini
1427 1086 1582 1141 opus.
1610 1069 1746 1127 Nam

140 1162 349 1203 omnes
381 1148 499 1206 dies
537 1150 660 1209 festi
691 1151 1018 1225 Iudaeorum,
1050 1159 1104 1214 in
1148 1160 1319 1232 ﬁgura
1354 1160 1592 1218 fuerunt.
1624 1163 1747 1220 Ideo

84 1260 88 1269 ι
140 1235 408 1301 Christus
434 1240 669 1311 latenter
712 1247 1043 1304 ascendebat
1072 1250 1122 1304 in
1174 1252 1285 1318 eis,
1332 1253 1457 1324 quia
1499 1253 1747 1311 Christus

140 1328 310 1385 latuit
340 1331 395 1386 in
419 1332 524 1389 illis
548 1353 561 1388 :
591 1336 790 1413 populo
818 1355 947 1394 vero
974 1342 1139 1412 priori
1168 1344 1429 1412 occultus,
1469 1348 1629 1403 modo
1652 1362 1746 1413 ve-

137 1436 202 1513 ro
231 1421 456 1483 meliori
485 1426 681 1497 populo
703 1429 1040 1487 manifestus.
1076 1433 1209 1502 Quia
1240 1437 1383 1506 quod
1410 1436 1496 1495 ille
1520 1437 1745 1513 populus

141 1512 195 1566 in
238 1515 444 1570 umbra
471 1519 686 1590 agebat,
720 1535 821 1577 nos
857 1538 988 1580 vero
1017 1527 1304 1582 manifesta
1347 1528 1465 1584 luce
1494 1528 1739 1586 facimus.

137 1601 301 1657 Licet
334 1606 558 1676 quidam
583 1608 884 1682 intelligere
906 1614 1096 1683 velint,
1113 1618 1258 1691 hanc
1283 1617 1493 1674 Domini
1525 1637 1745 1693 respon-

140 1694 391 1775 sionem,
425 1714 529 1770 qua
562 1700 638 1755 ait
667 1720 680 1755 :
706 1722 725 1753 ι
755 1703 868 1775 Ego
895 1721 1001 1761 non
1029 1709 1263 1765 ascendo
1285 1712 1350 1765 ad
1380 1712 1523 1767 diem
1538 1711 1742 1769 festum

1849 527 2095 597 miusque
2120 528 2359 589 ﬁdelium
2382 531 2621 591 omnium
2642 532 2978 597 .unanimitas
3008 532 3204 591 clamat
3230 551 3242 587 :
3268 532 3427 591 Chri-

1850 627 1965 686 stus
2009 621 2153 678 Deus
2199 608 2314 689 est,
2349 623 2523 681 bonus
2561 633 2675 692 est,
2724 641 2886 699 verus
2932 626 3078 687 Deus
3132 633 3246 691 est,
3291 633 3428 685 teste

1847 714 2063 786 egregio
2098 715 2473 786 praedicatore,
2533 717 2626 787 qui
2654 718 2731 774 ait
2782 736 2797 773 :
2841 717 3081 787 Quorum
3116 726 3309 791 patres
3347 734 3426 777 ,ει

1848 806 2045 874 quibus
2073 805 2356 873 Christus,
2402 807 2493 883 qui
2540 817 2627 871 est
2660 824 2831 880 super
2862 812 3043 875 omnia
3076 810 3222 873 Deus
3256 812 3429 875 bene.

1847 894 2040 961 dictus.

2400 952 2701 1071 ΗΟΜΠᾹΔ.
2724 1007 2865 1067 LIX.

2217 1133 2378 1176 mu
2415 1135 2633 1185 cuman
2671 1136 2805 1178 κει·
2843 1121 3062 1178 Iudice.

1919 1247 2094 1321 (Jom.
2126 1249 2206 1323 ι).
2244 1270 2265 1304 ι
2309 1251 2368 1321 In
2416 1252 2508 1310 illo
2549 1262 2810 1327 tempore,
2842 1254 2987 1315 facta
3035 1264 3162 1313 sunt
3190 1247 3449 1329 escaenia’

1854 1357 1873 1391 α
1907 1339 2316 1414 Hierosolymis,
2348 1352 2403 1400 et
2426 1345 2750 1402 hiemsverat.
2768 1346 2836 1402 Et
2856 1345 3167 1417 ambulabat
3191 1347 3347 1405 Jesus
3371 1348 3426 1407 in

1852 1449 1871 1480 ε
1912 1432 2110 1517 templo
2138 1433 2191 1488 in
2218 1435 2426 1504 porticu
2457 1433 2781 1509 Salomonis,
2809 1455 2829 1489 ι
2847 1444 2902 1492 et
2921 1436 3151 1507 reliqua.
3175 1438 3428 1499 Enctenia

1848 1533 2025 1580 autem
2045 1527 2338 1589 vocabatur
2352 1528 2668 1586 solemnitas
2682 1530 3035 1597 dedicationis
3051 1531 3256 1602 templi,
3266 1547 3430 1602 quam

1844 1615 2073 1685 populus
2103 1616 2196 1671 Dei
2230 1632 2297 1679 ex
2347 1620 2567 1690 antiqua
2598 1630 2813 1691 patrum
2843 1622 3135 1685 traditione
3154 1663 3168 1689 ,
3215 1635 3312 1695 per
3337 1638 3432 1677 an-

1848 1722 1946 1773 nos
1978 1708 2219 1779 singulos
2265 1709 2543 1768 celebrare
2580 1722 2954 1789 consueverat.
2984 1711 3095 1769 Sed
3132 1715 3431 1771 notandum

136 1785 292 1840 hunc
348 1773 531 1856 (Joan.
565 1790 685 1862 vn),
718 1813 737 1844 ι
792 1773 860 1849 ad
902 1798 1212 1868 passionem
1245 1800 1390 1857 illius
1414 1804 1691 1874 pertinere
1723 1819 1738 1860 :
1769 1806 1819 1883 Β
1845 1809 1928 1863 est
2168 1802 2283 1858 haec
2303 1804 2567 1871 encaenia,
2594 1786 2731 1879 quae
2762 1806 2866 1885 hic
2895 1805 3181 1877 leguntur,
3212 1821 3318 1865 non
3364 1807 3433 1863 ad

137 1880 276 1950 quia
312 1881 569 1955 Christus
609 1903 718 1944 non
759 1890 813 1945 in
842 1890 1135 1950 festivitate
1163 1899 1522 1975 scenopegiaz,
1552 1902 1645 1963 sed
1687 1902 1741 1957 in

136 1971 452 2118 festiviéate
477 1981 745 2069 paschali,
777 2000 884 2057 qua
909 2000 1083 2061 agnus
1106 1991 1275 2051 occidi
1316 1971 1543 2071 solebat,
1582 2010 1745 2052 cruce

139 2076 317 2118 ascen
365 2066 425 2118 it.

139 2066 425 2121 ascendit.

216 2172 237 2204 ι
279 2153 456 2212 Judaei
483 2168 661 2214 autem
689 2165 1003 2232 quaerebant
1035 2180 1157 2223 eum
1190 2170 1244 2226 in
1273 2172 1360 2228 die
1393 2174 1565 2242 festo,
1594 2196 1612 2230 ι
1649 2192 1745 2233 an-

138 2249 373 2312 tequam
423 2248 761 2304 ascenderet.
808 2250 1027 2309 Priores
1055 2257 1199 2312 enim
1238 2258 1444 2329 fratres
1486 2268 1742 2321 ascende-

136 2343 303 2399 runt,
343 2344 397 2389 et
423 2353 529 2392 non
568 2347 696 2395 tunc
738 2346 984 2400 ascendit
1011 2347 1099 2403 ille
1125 2354 1348 2421 quando
1380 2353 1454 2408 illi
1479 2358 1745 2425 putabant

130 2435 194 2479 et
225 2426 496 2483 volebant
516 2438 574 2484 ut
598 2430 710 2501 jam
735 2433 839 2490 hoc
866 2436 1184 2507 impleretur
1210 2444 1352 2513 quod
1377 2445 1453 2498 ait
1481 2463 1493 2498 :
1529 2447 1641 2501 Non
1676 2446 1742 2499 ad

134 2516 314 2583 hunc,
349 2518 401 2573 id
427 2528 529 2587 est,
555 2522 619 2575 ad
643 2538 804 2594 quem
826 2529 1133 2597 vos-vultis,
1163 2533 1398 2605 primum
1438 2537 1522 2591 vel
1549 2554 1743 2594 secun-

141 2606 275 2661 dum
309 2607 477 2663 diem.
509 2612 768 2669 Ascendit
819 2625 1000 2672 autem
1043 2630 1254 2693 postea,
1303 2633 1363 2678 ut
1390 2624 1742 2699 Evangelium

142 2695 412 2767 loquitur,
456 2701 695 2761 mediato
745 2703 833 2759 die
875 2706 1034 2774 festo,
1079 2709 1133 2764 id
1176 2718 1259 2767 est
1288 2729 1409 2768 cum
1443 2695 1569 2785 jamv
1601 2717 1743 2773 illius

144 2788 251 2845 diei
287 2788 412 2847 festi
447 2798 528 2847 tot
569 2794 683 2849 dies
729 2799 1116 2871 praeterissent,
1160 2805 1303 2873 quod
1330 2808 1737 2864 remansissent.

146 2879 328 2951 ipsam
359 2883 503 2937 enim
529 2883 880 2947 festivitatem
911 2899 1175 2959 quantum
1201 2894 1606 2967 intelligendum
1635 2909 1738 2968 est,

151 2971 347 3029 diebus
373 2975 622 3046 plurimis
657 2979 955 3037 celebrant.
1372 2972 1377 2979 ”

227 3086 245 3118 ι
283 3067 551 3147 Dicebant
595 3085 727 3144 ergo
754 3088 769 3127 :
823 3074 925 3130 Ubi
958 3084 1041 3131 est
1072 3076 1198 3134 ille?
1226 3078 1295 3151 Et
1322 3097 1568 3138 murmur
1596 3086 1738 3155 mul-

1847 1890 2077 1963 primam
2107 1892 2291 1963 templi
2324 1893 2751 1963 dedicationem,
2790 1898 2895 1967 sed
2933 1898 3001 1953 ad
3035 1897 3280 1961 ultimam
3309 1911 3432 1977 per-

1849 1981 2061 2037 tinent:
2111 1984 2257 2054 quod
2307 1999 2374 2041 ex
2426 2001 2492 2045 eo
2542 1986 2696 2043 facile
2742 1986 3032 2059 colligitur,
3079 1989 3205 2059 quia
3253 1987 3432 2053 hieme

1844 2070 1991 2128 facta
2023 2072 2351 2139 referuntur.
2382 2074 2566 2132 Prima
2590 2076 2856 2148 siquidem
2884 2076 3069 2149 templi
3098 2076 3368 2141 dedicatio
3396 2091 3430 2133 α

1846 2162 2136 2221 Salomone
2161 2175 2408 2239 tempore
2430 2168 2704 2235 autumni;
2745 2168 2980 2223 secunda
3014 2177 3195 2222 autem
3216 2182 3245 2222 a
3263 2166 3433 2223 Zoro-

1843 2252 1999 2307 babel
2034 2262 2089 2309 et
2134 2251 2263 2311 Iesu
2310 2258 2590 2311 sacerdote
2640 2266 2885 2328 tempore
2935 2272 3140 2329 verno;
3188 2257 3348 2312 tertia
3397 2273 3430 2313 a

1845 2340 1982 2396 Juda
2012 2342 2320 2399 Machabaeo
2358 2355 2596 2419 tempore
2646 2348 2844 2403 hiemis
2872 2358 2955 2404 est
2999 2347 3164 2414 facta,
3213 2350 3431 2419 quando

1846 2432 2152 2500 Specialiter
2173 2436 2527 2490 constitutum
2559 2452 2679 2493 esse
2712 2437 2932 2509 legitur,
2962 2446 3022 2493 ut
3065 2438 3254 2493 eadem
3284 2438 3432 2495 dedi-

1846 2521 1988 2576 catio
2029 2538 2127 2592 per
2170 2539 2360 2579 omnes
2416 2540 2585 2589 anuos
2624 2528 2679 2582 in
2732 2528 3051 2583 memOriam
3099 2526 3430 2584 solemnibus

1844 2606 2195 2669 revocaretur
2224 2614 2414 2681 officiis
2444 2635 2455 2670 :
2504 2634 2665 2691 quam
2693 2620 2858 2675 etiam
2909 2622 2975 2676 ad
3007 2618 3217 2697 tempus
3260 2634 3432 2692 usque

1846 2703 2140 2761 Dominieae
2191 2707 2586 2767 incarnatiOnis
2638 2713 2980 2767 observatam
3030 2712 3230 2779 fuisse,
3289 2714 3429 2773 sicut

1843 2797 2023 2861 modo,
2073 2813 2194 2865 cum
2234 2799 2508 2870 legeretur
2545 2804 2910 2873 evangelium,
2935 2805 3262 2863 audivimus.
3299 2803 3430 2873 Quae

1843 2890 2006 2945 etiam
2049 2891 2340 2959 dedicatio,
2389 2895 2590 2951 salubri
2633 2900 3040 2967 consuetudine,
3080 2901 3134 2955 in
3173 2900 3430 2956 Ecclesiis

1844 2980 2046 3045 Christi
2075 2989 2341 3047 reservari
2364 2989 2622 3059 moderno
2662 2999 2904 3073 tempore
2932 2992 3251 3048 dinoscitur.
3281 2992 3425 3048 Con-
3450 2990 3455 2999 ’

1844 3073 2189 3130 siderandum
2240 3074 2406 3135 nobis
2444 3087 2528 3135 est
2586 3096 2754 3159 quare
2821 3084 3150 3158 evangelista
3201 3085 3428 3140 dixisset

160 3176 178 3208 σ
213 3166 326 3211 tum
369 3168 487 3217 erat
527 3161 594 3217 de
645 3176 711 3220 eo
749 3163 803 3219 in
847 3165 1027 3222 turba.
1072 3186 1090 3219 ι
1145 3167 1299 3226 Unde
1332 3175 1623 3229 murmur?
1664 3154 1741 3232 De
1767 3154 1813 3219 C
1843 3166 1960 3223 haec
2002 3169 2239 3223 eneaenia
2292 3171 2487 3227 hiemis
2532 3154 2774 3245 tempore
2819 3154 2986 3233 factav
3010 3193 3149 3233 esse.
3197 3177 3432 3235 Omnino

158 3252 521 3311 contentione.
571 3255 702 3331 Qua:
745 3257 848 3313 fuit
902 3261 1227 3317 contentio?
1257 3282 1277 3314 ι
1324 3263 1553 3332 Quidam
1595 3268 1740 3323 enim

170 3357 187 3388 ι
224 3339 508 3401 dicebant:
538 3340 663 3417 qnia
719 3348 894 3404 bonus
942 3357 1057 3406 est.
1094 3351 1199 3406 Alii
1231 3363 1409 3408 autem
1438 3355 1691 3416 dicebant
1725 3376 1737 3411 :

175 3448 192 3479 ι
231 3445 359 3497 non,
386 3434 482 3490 sed
508 3437 712 3494 seducit
742 3441 950 3495 turbas.
993 3461 1012 3494 ι
1043 3441 1121 3497 De
1148 3443 1401 3500 omnibus
1429 3446 1545 3517 ejus
1570 3448 1743 3527 servis

162 3518 265 3575 hoc
294 3519 490 3579 dicitur
526 3529 703 3595 modo,
738 3530 1047 3609 quicunque
1071 3534 1312 3590 eminent
1333 3536 1385 3590 in
1414 3535 1592 3607 aliqua
1621 3518 1743 3610 gra-

160 3608 252 3663 tia.
283 3610 384 3666 Alii
412 3614 619 3682 dicunt,
660 3638 678 3669 ‹
714 3619 887 3675 bonus
909 3608 1034 3676 est:
1077 3642 1096 3674 ι
1132 3623 1243 3690 alii,
1277 3643 1295 3676 ‹
1346 3641 1474 3695 non,
1525 3608 1744 3685 sed'se-

130 3775 141 3787 ί
161 3699 306 3755 ducit
328 3704 530 3760 turbas.
554 3726 572 3758 ι
594 3706 746 3764 Unde
772 3708 910 3764 hoc?
930 3712 1055 3781 quia
1085 3713 1194 3767 vita
1218 3700 1400 3789 nostra
1423 3716 1738 3787 abscondita

163 3801 241 3847 est
265 3810 387 3850 cum
411 3796 630 3855 Christo
656 3802 711 3855 in
754 3801 885 3857 Deo.
918 3800 1032 3860 Hoc
1069 3806 1273 3876 patitur
1304 3823 1502 3879 corpus
1533 3807 1740 3865 Christi

162 3899 327 3957 usque
372 3888 427 3942 in
457 3889 619 3961 finem
672 3892 853 3948 saeculi
898 3909 928 3948 a
972 3890 1158 3952 mundi
1194 3898 1549 3965 amatoribus,
1599 3902 1742 3971 quod

165 3985 283 4034 tunc
311 3996 506 4053 passus
531 3992 615 4039 est
651 4000 682 4040 a
715 3983 1024 4042 Judaeorum
1059 3990 1563 4047 murmuratoribus.
1607 3991 1744 4049 Nec-

164 4068 279 4127 dum
328 4074 663 4133 frumentum
709 4095 736 4133 a
784 4078 954 4150 paleis
1002 4092 1362 4154 segregatqu
1394 4091 1478 4139 est
1520 4082 1736 4154 (Matth.

165 4163 259 4235 ιιι),
286 4174 343 4220 ιιι
373 4183 542 4238 grana
574 4167 829 4225 frumenti
864 4181 1259 4244 congregemur
1286 4174 1342 4229 in
1372 4175 1657 4240 horreum,
1690 4184 1746 4231 et

166 4254 317 4322 paleae
347 4261 741 4338 comburantur
792 4263 916 4338 igne
962 4274 1184 4322 azterno.
1220 4266 1373 4336 Quod
1405 4269 1608 4325 dictum
1663 4278 1744 4325 est

167 4357 281 4416 ergo
306 4349 371 4403 de
402 4336 652 4417 Domino,
676 4336 906 4409 valetad
931 4356 1377 4423 consolationem,
1402 4359 1468 4413 de
1496 4374 1741 4428 quocun-

170 4450 262 4504 que
284 4440 389 4496 boc
421 4442 622 4497 dictum
650 4443 815 4500 fuerit
844 4445 1177 4505 Christiano.

236 4548 252 4579 ι
286 4528 460 4588 Nemo
506 4544 684 4589 tamen
735 4536 911 4611 palam
944 4538 1266 4608 loquebatur
1291 4541 1357 4596 de
1383 4540 1475 4596 illo
1513 4551 1740 4631 propter
1766 4509 1819 4570 Β

174 4633 194 4666 ι
224 4629 421 4677 metum
473 4622 803 4680 Iudaeorum.
843 4647 862 4679 ›
901 4646 918 4679 ι
967 4627 1195 4696 Quidam
1246 4622 1529 4694 dicebant;
1569 4633 1744 4707 bonus

170 4718 242 4763 est
269 4726 282 4765 :
310 4714 405 4768 alii
427 4724 605 4771 autem
633 4717 906 4783 dicebant,
941 4736 1070 4785 non,
1110 4721 1203 4776 sed
1241 4722 1447 4778 seducit
1479 4724 1682 4779 turbas.
1721 4744 1739 4775 ι

172 4796 379 4860 Sonitus
401 4820 585 4861 eorum
627 4809 906 4879 apparebit
944 4818 1199 4880 tanquam
1239 4812 1513 4867 aridorum
1554 4812 1747 4869 ﬂuvio-

172 4905 314 4949 rum:
350 4915 371 4948 σ
408 4898 619 4954 seducit
648 4900 866 4966 turbas,
897 4920 916 4954 ›
943 4902 1142 4957 clarius
1173 4904 1436 4959 sonabant
1472 4923 1483 4958 :
1526 4924 1545 4956 ι
1578 4906 1749 4961 bonus

173 4990 263 5048 est,
297 5006 314 5038 ι
368 4990 612 5058 pressius
660 4992 1036 5047 susurrabant.
1095 4991 1251 5049 Modo
1294 5002 1470 5049 autem
1514 4995 1742 5063 fratres,

177 5079 411 5139 quamvis
440 5080 680 5136 nondum
708 5083 921 5137 venerit
944 5083 1033 5138 illa
1065 5083 1234 5155 gloria
1271 5085 1472 5141 Christi
1506 5103 1625 5157 quae
1649 5104 1748 5144 nos

177 5174 395 5227 aeternos
420 5172 625 5228 factura
655 5183 762 5241 est,
794 5176 953 5230 modo
982 5185 1162 5231 tamen
1191 5176 1264 5230 ita
1286 5177 1485 5232 crescit
1505 5176 1748 5234 Ecclesia

176 5258 300 5328 ejus,
338 5265 415 5320 itu
443 5268 587 5321 enim
618 5267 866 5338 dignatus
894 5277 977 5322 est
1005 5282 1101 5339 per
1121 5275 1313 5323 cuncta
1338 5267 1659 5337 diffundere,
1689 5278 1750 5325 ut

179 5351 326 5409 etiam
349 5366 684 5424 susurretur,
716 5359 923 5414 seducit
946 5365 1164 5427 turbas;
1192 5360 1286 5416 sed
1312 5359 1512 5415 clarius
1558 5376 1750 5431 perso-

182 5450 284 5509 nat,
304 5446 474 5503 bonus
496 5457 598 5504 est.
627 5449 760 5504 Nam
793 5465 929 5505 nova
960 5452 1179 5508 haeresis
1200 5452 1255 5507 in
1288 5452 1500 5524 angulis
1540 5454 1750 5510 occulte

183 5545 440 5594 susurrat:
463 5540 711 5596 Christus
738 5548 821 5597 est
845 5540 1162 5612 adeptivus:
1190 5544 1283 5599 sed
1308 5543 1508 5599 clarius
1537 5545 1751 5600 univer-

185 5627 300 5684 salis
336 5642 534 5690 sancta:
555 5635 811 5692 Ecclesia:
839 5651 937 5691 vox
972 5646 1225 5693 resonat:
1261 5635 1508 5693 Christus
1535 5646 1619 5693 est
1658 5638 1750 5694 Fi-

188 5714 281 5774 lius
309 5722 420 5781 Dei.
452 5725 722 5797 Propitius
774 5726 1226 5797 sibilantquoque
1273 5729 1588 5798 serpentino
1635 5745 1747 5797 ore,

1843 3268 2064 3329 propter
2106 3260 2361 3315 duritiam
2405 3260 2713 3321 Judmorum
2761 3276 2817 3325 et
2864 3267 3261 3335 infidelitatem,
3311 3283 3430 3340 quae

1846 3350 2067 3422 frigoris
2096 3352 2314 3407 nomine
2344 3367 2485 3424 saape
2522 3344 2789 3427 designari
2836 3358 3051 3429 legitur.
3091 3377 3108 3408 ι
3142 3358 3207 3413 Et
3243 3361 3431 3414 ambu-

1843 3442 1990 3495 labat
2032 3440 2191 3498 Jesus
2246 3445 2298 3497 in
2342 3445 2542 3525 templo
2588 3447 2642 3500 in
2685 3447 2894 3521 porticu
2936 3448 3261 3506 Salomonis.
3303 3470 3322 3502 ι
3369 3449 3427 3506 Si

1845 3549 1976 3604 ergo
2004 3533 2099 3589 Dei
2150 3534 2321 3590 Filius
2362 3538 2640 3594 ambulare
2666 3538 2836 3595 voluit
2860 3539 2914 3594 in
2964 3540 3184 3612 templo,
3226 3543 3281 3598 in
3325 3558 3432 3614 quo

1846 3641 1975 3680 caro
2024 3635 2080 3679 et
2125 3627 2348 3699 sanguis
2396 3628 2679 3684 brutorum
2722 3631 3034 3687 animalium
3084 3631 3428 3699 offerebatur,

1844 3720 2013 3774 multo
2060 3721 2231 3795 magis
2274 3729 2476 3778 nostrae
2522 3724 2784 3783 orationis
2831 3725 3079 3792 domum,
3122 3727 3213 3784 ubi
3254 3727 3436 3783 carnis

1846 3812 2018 3882 ipsius
2038 3826 2101 3869 ac
2127 3814 2404 3885 sanguinis
2434 3824 2778 3871 sacramenta
2800 3816 3156 3884 celebramus,
3200 3819 3427 3873 visitare

1844 3904 2117 3975 gaudebit.
2150 3903 2207 3960 Si
2233 3905 2608 3979 perambulare
2644 3924 2749 3963 non
2776 3907 3024 3993 despexit
3046 3910 3345 3980 porticum,
3380 3910 3435 3965 in

1844 4011 1951 4065 quo
1996 4012 2093 4051 rex
2141 3998 2414 4066 quondam
2470 3998 2711 4053 mortalis
2766 4016 2829 4055 ac
2878 4010 3125 4057 terrenus
3183 4002 3431 4074 quamvis

1843 4088 2252 4157 potentissimus
2307 4089 2374 4144 ad
2414 4091 2676 4146 orandum
2734 4100 2881 4147 stare
2935 4093 3179 4161 solebat,
3235 4102 3436 4164 quanto

1844 4180 2015 4251 magis
2094 4179 2391 4253 penetralia
2464 4184 2706 4238 cordium
2777 4194 3088 4242 nostrorum
3154 4180 3390 4242 invisere
3419 4228 3433 4251 ,

1846 4278 2009 4339 atque
2053 4269 2325 4326 illustrare
2378 4272 2679 4341 desiderat,
2718 4276 2763 4353 si
2817 4287 2997 4331 tamen
3050 4291 3112 4332 ea
3163 4277 3433 4361 porticum

1845 4376 1967 4417 esse
1997 4360 2326 4430 Salomonis,
2368 4366 2469 4421 hoc
2505 4376 2611 4435 est,
2649 4368 2694 4423 si
2732 4384 2796 4424 ea
2828 4370 3078 4425 timorem
3118 4360 3310 4437 suum,
3344 4370 3435 4440 qui

1844 4463 1928 4507 est
1948 4472 1965 4504 ι
1990 4453 2207 4526 initium
2235 4455 2708 4528 sapientim(Psal.
2738 4459 2851 4531 cx),
2879 4481 2897 4513 ι
2924 4462 3123 4516 habere
3150 4476 3437 4537 perspexe-

1846 4545 1937 4600 rit.
1992 4545 2175 4618 Neque
2234 4550 2376 4605 enim
2425 4553 2721 4621 putandum
2765 4564 2887 4620 est,
2924 4556 3050 4625 quia
3109 4555 3300 4613 domus
3351 4571 3438 4610 so.-

1847 4636 2123 4694 lummodo
2169 4640 2258 4707 sit,
2300 4640 2353 4694 in
2388 4657 2493 4711 qua
2523 4643 2590 4696 ad
2633 4644 2899 4701 orandum
2940 4640 3035 4698 vel
3065 4645 3131 4698 ad
3176 4647 3436 4717 mysteria

1850 4728 2174 4783 celebranda
2200 4732 2556 4787 convenimus
2581 4746 2595 4785 :
2622 4732 2793 4786 multo
2823 4733 2995 4803 magis
3028 4734 3284 4806 templum
3324 4735 3438 4809 ejus

1853 4819 2188 4889 appellamur
2213 4829 2267 4873 et
2293 4836 2499 4885 sumus,
2530 4837 2650 4876 cum
2695 4822 2981 4879 manifeste
3021 4826 3166 4882 dicat
3208 4827 3440 4899 Aposto-

1854 4910 1937 4963 lus
1965 4927 1975 4962 :
2013 4929 2030 4960 ε
2072 4909 2181 4966 Vos
2211 4912 2342 4968 estis
2370 4911 2626 4983 templum
2647 4914 2742 4969 Dei
2769 4917 2898 4983 vivi,
2933 4918 3073 4973 sicut
3096 4920 3232 4975 dixit
3263 4922 3436 4978 Deus:

1851 4998 2242 5058 lnhabitaboin
2274 5004 2372 5070 eis,
2415 5012 2471 5058 et
2515 5006 2658 5061 inter
2706 5005 2827 5063 illos
2862 5010 3148 5068 ambulabo
3189 5011 3274 5085 (II
3313 5012 3435 5070 Cor.

1852 5093 1948 5165 vi).
1988 5114 2005 5147 iv
2037 5093 2283 5151 Ostendit
2330 5113 2460 5154 vero
2487 5101 2825 5172 evangelista
2844 5118 2942 5158 cur
2970 5104 3195 5161 dixisset
3244 5104 3439 5162 hiemis

1852 5194 2113 5255 tempore,
2140 5186 2264 5241 dum
2291 5187 2467 5256 inquit
2492 5207 2504 5241 :
2586 5196 2591 5201 ‘
2950 5202 2953 5207 ‘

1929 5296 1946 5327 ι
1988 5274 2477 5335 Circumdederunt
2504 5296 2627 5336 eum
2661 5281 2852 5339 Judaei.
2888 5306 2906 5337 ι
2946 5285 3440 5342 Circumdederunt

1856 5368 2038 5438 itaque
2064 5384 2187 5423 eum
2220 5370 2533 5427 tentationis
2583 5373 2780 5443 gratia,
2817 5390 2923 5429 non
2970 5375 3215 5433 veritatis
3264 5387 3435 5444 agno-

1855 5456 2068 5512 scenda:
2093 5457 2385 5515 voluntate.
2421 5479 2439 5512 ‹
2469 5460 2535 5515 Et
2567 5461 2821 5517 dicebant
2848 5481 2860 5517 :
2887 5464 3177 5532 Quousque
3204 5462 3438 5515 animam

1861 5570 1879 5600 ε
1912 5558 2153 5605 nostram
2182 5551 2360 5622 tollis?
2387 5551 2442 5608 Si
2467 5561 2523 5608 tu
2544 5569 2604 5610 es
2623 5554 2893 5621 Christus,
2922 5556 3009 5610 dic
3032 5554 3183 5608 nobis
3203 5550 3436 5621 palam.»

1856 5641 1983 5697 Haec
2022 5657 2152 5698 vero
2200 5658 2304 5699 non
2361 5645 2639 5702 voluntate
2692 5648 2816 5703 fidei
2857 5646 3199 5717 inquirendo,
3229 5641 3321 5697 sed
3366 5640 3441 5697 illi

1857 5746 2019 5805 quem
2066 5735 2473 5806 interrogabant
2506 5724 2833 5803 insidiando,
2883 5746 2934 5791 et
2985 5734 3308 5789 calumniam
3357 5732 3449 5789 in—'
