3934 6346
471 282 580 339 545

1094 281 1447 340 llAYMONlS
1485 282 1965 342 HALBERSTAT.
2009 281 2225 341 EPISC.
2267 280 2416 340 OPP.
2459 282 2638 339 PARS
2674 282 2737 339 11.
2773 313 2843 323 -
2876 278 3109 337 HOMIL.

3671 274 3798 330 5M

473 368 739 459 struendo
765 401 1042 468 dicebant,
1079 409 1141 456 ut
1168 399 1480 456 invenirent
1522 401 1795 472 quomodo
1841 415 2064 456 accusa-
2091 407 2140 466 Α
2168 397 2455 454 stantialis.
2497 397 2636 465 Quid
2688 406 2774 454 est
2812 397 2956 468 quod
3003 395 3188 452 dedit?
3237 394 3433 465 Utique
3479 393 3801 466 gignendo

471 500 598 548 rent
615 507 760 558 eum,
785 491 1029 548 nolentes
1054 505 1178 546 eum
1201 490 1425 547 credere
1449 490 1643 557 Deum,
1670 492 1764 546 sed
1790 490 2064 546 hominem

468 598 670 656 purum
701 582 1074 639 tantummodo
1100 581 1377 650 futurum,
1408 592 1464 639 et
1492 598 1672 654 regem
1705 581 1918 638 caeteris
1944 597 2063 636 om-

470 678 635 734 nibus
683 676 1035 734 excelsiorem
1081 691 1204 733 esse
1253 689 1564 733 venturum.
1600 676 1718 744 Qua
1761 676 1927 731 etiam
1974 675 2068 730 de-

470 769 672 824 mentia
706 769 909 840 posteri
937 782 1126 824 eorum
1155 783 1327 838 usque
1374 768 1429 823 in
1478 783 1748 839 praesens,
1791 775 1846 822 et
1895 767 2066 822 donec

469 860 864 916 Antichristum
893 876 994 930 pro
1017 859 1232 916 Christo
1255 860 1578 931 suscipiant,
1602 873 1788 914 errare
1811 873 1920 914 non
1949 872 2067 914 ces-

469 959 609 1006 sant.
636 951 751 1008 Etsi
771 949 1046 1008 Christum
1066 968 1188 1008 esse
1208 952 1581 1023 responderet,
1605 950 1917 1022 cogitabant
1939 963 2066 1006 eum

469 1039 688 1092 tradere
711 1039 964 1108 potestati
997 1039 1244 1109 praesidis
1270 1039 1642 1110 tpuniendum,
1669 1037 1827 1108 quasi
1873 1045 2066 1093 contra

467 1128 768 1201 Augustum
799 1144 1126 1202 repugnans,
1152 1130 1398 1186 illicitum
1425 1129 1530 1185 sibi
1573 1139 1864 1200 usurparet
1887 1128 2061 1198 impe-

467 1219 630 1275 rium.
667 1219 776 1277 Sed
805 1223 920 1291 ipse
941 1230 1144 1278 nostra:
1169 1221 1328 1279 saluti
1357 1221 1650 1278 consulens
1673 1228 1899 1292 propter
1926 1234 2064 1290 quos

469 1310 586 1365 haec
639 1312 927 1367 scribenda
983 1323 1173 1379 erant,
1232 1313 1307 1368 ita
1363 1327 1682 1384 responsum
1741 1311 2065 1383 temperavit

469 1417 652 1467 suum,
682 1409 744 1455 ut
771 1401 838 1456 ad
859 1401 1306 1458 calumniantium
1342 1418 1439 1458 ora
1464 1401 1832 1467 concluderet,
1858 1409 1912 1457 et
1935 1401 2062 1472 quia

467 1491 719 1549 Christus
766 1503 880 1559 est,
924 1492 1175 1550 ﬁdelibus
1221 1504 1407 1565 aperta
1455 1508 1591 1551 voce
1641 1493 1924 1564 panderet.
1980 1491 2060 1546 Illi

467 1586 614 1640 enim
645 1586 712 1640 de
733 1585 954 1641 homine
997 1585 1218 1643 Christo
1247 1587 1582 1657 quaerebant,
1625 1586 1742 1657 ipse
1771 1592 1955 1641 autem
1982 1584 2063 1640 di-

471 1679 717 1733 vinitatis
747 1693 882 1744 suae,
914 1693 1022 1749 qua
1069 1679 1296 1752 aequalis
1324 1689 1409 1734 est
1442 1678 1611 1745 Patri,
1643 1678 1825 1749 palam
1857 1685 2062 1750 myste-

2172 492 2338 556 dedit,
2364 491 2489 561 quia
2515 506 2624 546 non
2667 490 2936 545 minorem
2966 488 3068 544 sibi
3105 488 3320 560 genuit,
3351 502 3459 542 non
3506 496 3798 556 tempore

2166 583 2549 654 posteriorem,
2577 583 2674 639 sed
2721 590 3073 648 coaeternum,
3122 582 3240 636 sine
3287 581 3444 636 initio
3495 579 3800 650 temporis

2166 692 2381 747 semper
2421 677 2608 732 Deum.
2650 674 2767 731 Non
2810 682 2895 731 est
2933 674 3240 739 dicendum,
3293 688 3401 728 non
3436 682 3560 729 erat
3607 680 3799 727 ante-

2167 786 2328 841 quam
2355 778 2516 825 natus
2561 779 2722 826 erat:
2759 784 3039 840 nunquam
3086 768 3233 824 enim
3277 783 3384 824 non
3423 778 3592 823 natus
3627 777 3794 834 erat,

2167 863 2258 932 qui
2284 861 2431 917 Patri
2458 871 2761 919 coaeternus
2787 871 2928 917 erat.
2959 861 3061 928 Qui
3087 861 3250 930 sapit,
3279 859 3454 930 capiat
3487 877 3501 912 :
3526 860 3638 929 qui
3667 873 3793 913 non

2167 956 2330 1026 capit,
2352 956 2561 1011 credat.
2590 954 2874 1010 Nutriatur
2895 953 3022 1019 ﬁde,
3038 961 3099 1008 ut
3119 954 3290 1024 possit
3310 967 3502 1022 capere
3516 950 3792 1006 Verbum

2165 1045 2284 1111 Dei,
2317 1047 2444 1117 quia
2470 1045 2709 1102 Verbum
2733 1045 2927 1101 Filius.
2957 1044 3183 1115 Semper
3208 1058 3337 1115 ergo
3355 1042 3524 1099 Filius
3542 1050 3614 1098 et
3639 1056 3795 1097 sem—

2165 1148 2263 1209 per
2299 1137 2542 1209 zequalis.
2596 1135 2716 1193 Non
2755 1137 2900 1191 enim
2948 1135 3284 1200 crescendo,
3337 1135 3430 1190 sed
3479 1132 3792 1188 nascendo

2165 1228 2392 1300 aequalis
2414 1238 2519 1293 est,
2547 1228 2639 1299 qui
2689 1241 2906 1299 semper
2950 1235 3112 1282 natus
3156 1227 3223 1282 de
3265 1225 3426 1281 Patre
3465 1223 3685 1288 Filius,
3719 1224 3790 1278 de

2166 1321 2278 1376 Deo
2309 1321 2472 1386 Deus,
2508 1319 2577 1375 de
2610 1329 2814 1375 aeterno
2859 1327 3185 1376 coaeternus.
3231 1318 3393 1374 Pater
3429 1327 3630 1385 autem
3673 1332 3786 1371 non

2166 1413 2234 1468 de
2261 1412 2401 1468 Filio
2432 1411 2595 1476 Deus,
2634 1410 2808 1466 Filius
2833 1411 2900 1466 de
2931 1409 3095 1465 Patre
3123 1410 3284 1465 Deus.
3314 1409 3436 1464 Ideo
3478 1409 3642 1462 Deus
3679 1407 3789 1462 Pa.

2165 1514 2272 1572 ter,
2302 1506 2424 1563 ideo
2465 1505 2738 1578 gignendo
2787 1505 2936 1560 dedit
2983 1513 3043 1559 ut
3081 1503 3226 1559 Deus
3272 1511 3438 1570 esset,
3489 1501 3786 1573 gignendo

2164 1596 2313 1653 dedit
2340 1604 2403 1651 ut
2429 1595 2652 1667 aequalis
2680 1604 2862 1652 esset:
2899 1597 3002 1650 hoc
3043 1605 3129 1649 est
3157 1595 3300 1665 quod
3328 1593 3502 1663 majus
3531 1601 3630 1648 est
3661 1608 3782 1647 om-

2165 1689 2345 1744 nibus.
2377 1687 2505 1744 Ideo
2532 1688 2869 1745 transcendit
2903 1689 3006 1743 iste
3049 1687 3288 1744 Joannes
3333 1701 3528 1742 omnes
3573 1685 3778 1740 altitu-

466 1769 548 1823 ria
581 1778 790 1823 narrat.
813 1768 953 1837 Quid
981 1784 1114 1839 ergo
1151 1768 1320 1824 Judaei
1345 1768 1749 1824 circumdantes
1775 1767 2055 1824 Dominum

2169 1780 2324 1837 dines
2367 1789 2766 1848 creaturarum,
2811 1790 2868 1836 et
2899 1781 3064 1836 millia
3095 1781 3372 1836 exercitus
3415 1779 3775 1850 angelorum,

469 1863 744 1929 dixerunt,
771 1863 1071 1920 videamus.
1113 1882 1132 1915 ι
1171 1861 1484 1932 Quousque,
1517 1862 1790 1933 inquiunt,
1820 1861 2060 1916 animam

464 1964 708 2010 nostram
734 1955 915 2010 tollis?
941 1955 999 2010 Si
1022 1965 1079 2010 tu
1107 1971 1166 2010 es
1200 1954 1472 2022 Christus,
1503 1955 1592 2011 dic
1614 1954 1774 2010 nobis
1799 1953 2000 2025 palam.
2033 1973 2053 2006 ι

460 2045 580 2102 Νοη
604 2048 756 2102 venit
779 2046 1031 2103 Christus
1059 2049 1115 2102 in
1145 2062 1205 2103 se
1241 2034 1592 2103 credentibus
1631 2047 1871 2102 animam
1908 2044 2061 2102 tolle-

462 2155 548 2205 re,
576 2143 670 2194 sed
701 2141 941 2195 animam
967 2139 1265 2195 vivilicare.
1315 2137 1422 2194 Sed
1467 2139 1568 2209 ipsi
1604 2137 1709 2194 sibi
1745 2135 1912 2194 Judaei
1944 2136 2061 2190 ani-

461 2247 608 2286 mam
636 2246 736 2302 per
789 2232 1161 2288 inﬁdelitatem
1193 2232 1452 2296 tulerunt,
1499 2231 1591 2302 qui
1646 2239 1855 2286 tentare
1897 2229 2060 2284 Chri-

461 2332 628 2386 stum,
658 2337 766 2378 non
792 2324 845 2378 in
863 2323 1143 2380 Christum
1169 2326 1394 2382 credere
1430 2323 1743 2397 congregati
1773 2333 1919 2380 sunt.

537 2434 556 2467 ‹
586 2415 885 2486 Respondit
910 2417 990 2472 eis
1018 2415 1176 2472 Iesus
1209 2432 1225 2470 :
1261 2416 1481 2524 Loqth
1506 2415 1680 2482 vobis,
1703 2423 1759 2471 et
1800 2431 1908 2471 non
1942 2431 2062 2472 cre-

469 2529 488 2561 ι
518 2510 667 2566 ditis.
708 2529 728 2563 ι
775 2510 1002 2582 Proprie
1060 2512 1300 2568 ostendit
1345 2509 1471 2582 quis
1518 2519 1665 2566 esset
1709 2509 1840 2564 dum
1880 2509 2058 2565 dixit:

469 2621 489 2654 ι
518 2603 737 2673 Loquor
756 2602 934 2667 vobis,
969 2622 989 2656 ι
1026 2603 1082 2658 id
1127 2612 1232 2669 est,
1259 2601 1502 2658 Verbum
1559 2600 1691 2668 Dei,
1727 2609 2060 2656 coaeternum

459 2693 636 2761 Patri,
673 2714 692 2746 ι
726 2697 856 2766 quia
880 2711 1047 2767 opera
1078 2711 1200 2766 qua:
1225 2710 1329 2767 ego
1358 2695 1500 2752 facio
1533 2695 1588 2750 in
1617 2695 1837 2750 nomine
1878 2694 2061 2750 Patris

467 2789 598 2852 mei,
636 2788 754 2842 haec
781 2787 1153 2844 testimonium
1175 2787 1464 2858 perhibent
1493 2787 1560 2842 de
1582 2801 1690 2842 me.
1730 2805 1751 2838 ι
1787 2784 1942 2853 Quod
1975 2791 2061 2840 est

458 2876 630 2932 Filius
652 2877 769 2945 Dei,
794 2879 887 2948 qui
914 2878 1144 2950 gloriam
1171 2894 1327 2935 suam
1355 2893 1462 2934 non
1503 2877 1774 2948 quaesivit,
1817 2876 1912 2932 sed
1942 2876 2062 2944 ejus

464 2971 557 3039 qui
588 2971 736 3026 misit
758 2970 930 3037 illum,
956 2973 1085 3042 quia
1107 2986 1212 3027 una
1237 2979 1325 3026 est
1370 2969 1542 3043 gloria
1587 2969 1769 3026 Patris
1810 2977 1866 3024 et
1909 2969 2055 3025 Filii.

464 3061 573 3116 Sed
617 3064 759 3120 hanc
791 3064 953 3120 ﬁdem
993 3066 1158 3122 corda
1187 3063 1485 3120 inﬁdelium
1515 3063 1764 3136 accipere
1791 3063 2053 3134 nequive-

465 3165 614 3218 runt,
642 3156 708 3210 de
724 3155 923 3224 quibus
949 3155 1029 3210 ait

538 3266 556 3297 ‹
593 3247 700 3303 Sed
728 3262 826 3303 vos
853 3263 962 3304 non
1004 3249 1245 3305 creditis.
1276 3268 1296 3302 ι
1330 3247 1673 3318 Causamque
1721 3247 1901 3303 reddit
1955 3262 2055 3303 cur

463 3352 572 3392 non
604 3339 894 3394 crederent
923 3359 934 3392 :
974 3358 994 3392 ι
1047 3339 1184 3408 Quia
1213 3355 1322 3395 non
1351 3340 1485 3396 estis
1522 3355 1591 3396 ex
1617 3338 1810 3394 ovibus
1838 3338 1997 3394 meis.
2030 3341 2054 3389 ι’

459 3429 601 3488 Oves
627 3440 754 3487 sunt
787 3432 1079 3500 credendo,
1109 3446 1239 3488 oves
1269 3441 1397 3487 sunt
1438 3441 1714 3502 pastorem
1754 3431 2054 3500 sequendo,

459 3533 588 3575 oves
632 3530 758 3576 sunt
807 3521 1227 3593 Redemptorem
1266 3537 1375 3577 non
1423 3521 1822 3577 contemnendo
1854 3562 1868 3586 ,
1921 3534 2055 3575 oves

461 3622 586 3666 sunt
615 3627 716 3684 per
752 3613 954 3668 ostium
1000 3613 1284 3680 intrando,
1328 3629 1459 3669 oves
1510 3621 1638 3668 sunt
1686 3611 1953 3674 exeundo,
1999 3619 2055 3666 et

465 3717 671 3774 pascua
737 3704 1084 3761 inveniendo.
1157 3703 1442 3770 Quomodo
1497 3719 1628 3773 ergo
1685 3702 1805 3758 istis
1856 3701 1992 3757 dixit
2035 3720 2048 3755 :

464 3814 481 3846 ι
518 3794 636 3850 Νοη
657 3795 792 3852 estis
821 3811 889 3851 ex
929 3797 1123 3853 ovibus
1144 3796 1319 3851 meis?
1346 3816 1364 3848 ι
1393 3795 1530 3862 Quia
1579 3794 1796 3851 videbat
1845 3809 1942 3849 eos
1988 3795 2055 3849 ad

460 3889 851 3959 sempiternam
909 3890 1122 3946 futuros
1167 3888 1528 3959 perditionem
1559 3927 1574 3954 ,
1621 3901 1729 3942 non
1775 3885 1842 3940 ad
1885 3885 2055 3939 vitam

464 3988 725 4035 aeternam
751 3982 836 4036 sui
866 3981 1150 4052 sanguinis
1173 3980 1351 4052 pretio
1378 3985 1739 4049 comparatos.

533 4090 554 4124 ι
582 4070 724 4128 Oves
745 4088 880 4128 mea:
903 4087 1088 4128 vocem
1110 4087 1289 4128 meam
1313 4071 1557 4138 audiunt,
1584 4078 1639 4127 et
1657 4085 1760 4143 ego
1787 4085 2056 4143 cognosco

463 4181 481 4214 ι
520 4177 634 4228 eas,
659 4172 714 4218 et
764 4171 1066 4233 sequuntur
1111 4179 1220 4232 me,
1268 4172 1324 4220 et
1365 4179 1464 4236 ego
1497 4165 1667 4220 vitam
1695 4174 1956 4219 aeternam
1987 4166 2056 4221 do

467 4274 486 4307 ι
527 4255 626 4310 eis.
666 4273 686 4307 ι
740 4253 886 4310 Dicit
936 4255 1084 4310 enim
1123 4274 1142 4306 ι
1179 4255 1460 4327 Cognosco
1488 4271 1602 4311 eas.
1634 4275 1654 4309 ι
1705 4254 2054 4312 Consuetudo

454 4354 659 4401 sanctae
691 4343 989 4416 Scriptura:
1019 4354 1104 4402 est
1139 4346 1341 4410 dicere,
1379 4345 1547 4402 Deum
1598 4360 1760 4401 nosse
1789 4344 2055 4417 quidquid

455 4435 625 4506 eligit.
652 4435 912 4507 Apostolo
942 4436 1156 4492 dicente
1186 4435 1271 4506 (II
1307 4435 1442 4491 Tim.
1476 4435 1538 4508 ιι)
1570 4454 1583 4490 :
1611 4435 1771 4492 Novit
1788 4436 2052 4492 Dominus

2162 1881 2218 1928 et
2244 1887 2440 1946 magna
2461 1873 2668 1939 omnia,
2696 1873 2946 1944 pervenit
2983 1873 3050 1930 ad
3089 1871 3221 1926 illud
3269 1870 3411 1941 quod
3453 1870 3645 1939 majus
3692 1879 3778 1923 est

2163 1965 2438 2032 omnibus,
2463 1973 2519 2020 et
2543 1965 2719 2021 dixit:
2757 1983 2776 2016 ε
2817 1963 2875 2020 In
2920 1963 3188 2035 principio
3227 1971 3348 2018 erat
3392 1960 3667 2024 Verbum,
3720 1970 3774 2015 et

2163 2057 2402 2113 Verbum
2450 2066 2570 2113 erat
2632 2057 2773 2127 apud
2817 2055 3010 2121 Deum,
3065 2064 3122 2110 et
3169 2056 3314 2110 Deus
3354 2062 3475 2110 erat
3521 2052 3769 2107 Verbum

2165 2148 2346 2222 (Joan.
2372 2150 2433 2221 ι).
2472 2169 2490 2202 ι
2519 2149 2634 2204 Hoc
2654 2157 2738 2203 est
2769 2148 2912 2220 quod
2954 2147 3130 2217 majus
3162 2146 3416 2201 omnibus
3437 2153 3546 2209 est,
3577 2144 3639 2197 id
3665 2154 3766 2205 est,

2163 2250 2226 2295 ut
2252 2241 2355 2296 sim
2388 2239 2626 2298 Verbum
2647 2241 2787 2313 ejus,
2823 2251 2881 2295 ut
2911 2241 3013 2295 sim
3045 2239 3354 2310 unigenitus
3401 2237 3576 2293 Filius
3626 2237 3763 2307 ejus.

2162 2340 2223 2385 ut
2274 2331 2378 2386 sim
2409 2331 2666 2402 splendor
2701 2331 2839 2387 lucis
2866 2330 3004 2402 ejus.
3029 2331 3155 2386 ldeo
3179 2345 3338 2386 nemo
3373 2331 3517 2400 rapit
3538 2345 3678 2384 oves
3703 2330 3765 2382 de

2162 2437 2327 2476 manu
2353 2437 2495 2487 mea,
2539 2430 2595 2478 et
2643 2437 2802 2478 nemo
2827 2432 3008 2494 potest
3051 2437 3242 2492 rapere
3276 2422 3344 2476 de
3373 2437 3538 2478 manu
3577 2421 3763 2478 Patris

2162 2513 2292 2567 mei.
2316 2511 2508 2569 Manus
2544 2511 2725 2568 Patris
2747 2522 2802 2568 et
2831 2529 3026 2568 manus
3048 2511 3196 2579 Filii,
3229 2528 3337 2567 una
3362 2527 3571 2576 manus,
3603 2512 3660 2567 id
3679 2525 3762 2566 est

2163 2618 2269 2658 una
2295 2611 2558 2673 potestas,
2582 2619 2691 2659 una
2719 2603 2998 2668 divinitas,
3025 2619 3133 2658 una
3159 2603 3436 2674 majestas,
3461 2618 3562 2657 una
3589 2611 3760 2658 aeter-

2161 2693 2342 2759 nitas,
2389 2710 2499 2749 una
2539 2693 2846 2765 aequalitas.
2872 2693 3045 2760 Quam
3090 2692 3348 2749 videlicet
3390 2692 3752 2762 aequalitatem

2162 2787 2280 2857 ipse
2309 2785 2570 2840 Dominus
2596 2784 2651 2840 in
2683 2784 2966 2841 divinitate
3007 2784 3216 2850 habuit,
3247 2784 3549 2854 priusquam
3582 2799 3755 2837 mun-

2159 2879 2264 2935 dus
2301 2863 2449 2935 esset
2469 2879 2611 2950 apud
2652 2877 2892 2944 Patrem,
2924 2879 3041 2949 ipse
3068 2871 3131 2934 in
3166 2877 3466 2933 humilitate
3504 2893 3569 2932 ex
3613 2885 3760 2930 tern-

2159 2986 2292 3042 pore
2328 2971 2722 3026 incarnationis
2746 2972 2977 3042 accepit.

2237 3082 2258 3116 ι
2295 3063 2364 3119 Ει
2389 3078 2548 3118 nemo
2577 3071 2758 3134 potest
2793 3079 2987 3134 rapere
3029 3063 3098 3119 de
3142 3078 3308 3118 manu
3354 3061 3536 3117 Patris
3565 3061 3698 3118 mei.
3738 3080 3754 3112 ο

2082 3138 2130 3203 C
2159 3156 2364 3227 Aperte
2393 3156 2487 3210 dat
2530 3154 2758 3226 intelligi
2801 3171 2966 3210 unam
3010 3163 3172 3225 atque
3218 3153 3598 3209 indissitnilem
3640 3168 3760 3208 esse

2162 3263 2405 3312 manum,
2434 3248 2538 3303 hoc
2562 3257 2646 3303 est
2675 3248 2932 3304 virtutem
2959 3262 3115 3302 suam
3145 3254 3201 3301 et
3227 3245 3426 3311 Patris,
3448 3253 3619 3317 atque
3643 3244 3760 3300 ideo

2161 3353 2222 3394 se
2249 3339 2528 3395 Christum
2567 3353 2688 3395 esse
2715 3339 3067 3404 credendum,
3109 3337 3203 3408 qui
3250 3352 3356 3392 non
3389 3337 3536 3392 sicut
3576 3336 3756 3391 caeteri

2161 3431 2334 3485 sancti
2384 3430 2563 3486 factus
2614 3446 2715 3501 per
2757 3431 2986 3503 gratiam
3022 3444 3087 3485 ex
3141 3439 3420 3500 tempore,
3453 3429 3555 3484 sed
3596 3443 3758 3482 verus

2161 3538 2378 3594 semper
2405 3523 2679 3579 exstiterit
2725 3523 2896 3578 Filius
2924 3523 3021 3578 Dei
3053 3521 3237 3594 (Joan.
3273 3524 3330 3592 x)
3351 3563 3366 3586 ,
3399 3522 3547 3592 quod
3595 3521 3756 3575 etiam

2161 3617 2409 3688 sequenti
2440 3617 2710 3673 sententia
2735 3615 2854 3672 luce
2879 3615 3080 3671 clarius
3111 3615 3288 3684 aperit
3312 3615 3503 3670 dicens
3757 3605 3765 3612 ’

2239 3729 2258 3762 ι
2294 3709 2408 3781 Ego
2449 3717 2504 3765 et
2527 3707 2692 3764 Pater
2719 3723 2888 3764 unum
2913 3722 3120 3764 sumus.
3156 3727 3174 3759 ι
3207 3706 3406 3771 Unum,
3442 3705 3643 3776 inquit,
3673 3720 3756 3758 su-

2159 3816 2310 3867 mus,
2337 3816 2446 3856 una
2482 3799 2639 3856 nobis
2681 3799 3017 3864 substantia,
3050 3815 3157 3854 una
3209 3806 3293 3854 est
3331 3798 3624 3859 divinitas,
3654 3813 3753 3851 una

2159 3900 2243 3947 est
2271 3891 2564 3955 aeternitas,
2589 3889 2829 3962 perfecta
2853 3888 3154 3961 aequalitas,
3181 3883 3570 3944 dissimilitudo
3589 3887 3751 3942 nulla.

2158 3985 2364 4052 Quibus
2391 3984 2634 4056 profecto
2681 3983 2864 4038 verbis
2903 3997 3010 4038 non
3039 3991 3364 4052 praesentem
3414 3979 3753 4035 solummodo

2157 4075 2467 4131 Judaeorum
2513 4074 2902 4146 quaestionem,
2945 4087 3143 4144 quam,
3173 4088 3241 4126 an
3269 4072 3386 4142 ipse
3417 4079 3566 4126 esset
3594 4069 3751 4126 Chri-

2157 4178 2298 4236 stus,
2327 4168 2756 4239 interrogabant,
2791 4165 3098 4236 explicavit,
3135 4164 3229 4219 sed
3257 4165 3424 4219 etiam
3470 4164 3752 4219 haeretico-

2157 4278 2277 4317 rum
2317 4260 2631 4332 perfidiam,
2663 4274 2828 4328 quam
2866 4257 3104 4312 futuram
3153 4256 3440 4327 praevidit,
3489 4265 3748 4326 quantum

2158 4355 2229 4410 sit
2272 4353 2642 4418 exsecranda,
2675 4349 3019 4405 monstravit.
3062 4347 3407 4404 Conticescat
3453 4345 3747 4407 Sabellius,
3877 4399 3879 4427 ι

2158 4447 2384 4502 audiens
2417 4463 2490 4508 ;,‹
2520 4445 2633 4516 Ego
2671 4452 2728 4498 et
2751 4443 2939 4509 Pater,
2970 4461 2991 4495 ι
3022 4441 3114 4510 qui
3143 4456 3306 4496 unam
3330 4453 3625 4510 personam
3657 4439 3747 4491 Pa-
3875 4479 3877 4519 Ι

456 4530 548 4600 qui
579 4506 716 4586 sunt
730 4529 889 4600 eius‘:
913 4527 991 4587 ἐι
1017 4529 1147 4585 illud
1175 4531 1409 4596 nescire,
1439 4506 1584 4600 quod
1625 4544 1732 4585 non
1785 4531 2052 4601 approbat
2077 4506 2133 4568 Β
2158 4537 2258 4593 tris
2286 4546 2344 4593 et
2375 4506 2500 4593 Fitii
2526 4506 2692 4606 piam
2724 4506 2973 4589 doctrina
3012 4506 3288 4587 disseruit.
3322 4506 3482 4596 Nam,
3515 4539 3571 4585 et
3602 4548 3622 4580 ι
3657 4545 3748 4599 ego
3873 4563 3875 4609 Ι

457 4621 681 4692 dignum
702 4623 830 4678 vitae
861 4630 1099 4678 aeternae.
1130 4619 1286 4676 Unde
1311 4621 1379 4676 ad
1409 4621 1604 4690 impios
1626 4620 1874 4676 dicturus
1903 4619 2006 4674 erit
2031 4637 2045 4673 :

465 4730 484 4762 ι
518 4711 638 4767 Non
668 4715 794 4769 novi
826 4729 924 4770 vos
949 4713 1166 4785 (Matth.
1216 4714 1337 4784 vn).
1373 4732 1392 4765 ι
1429 4711 1690 4784 Sequitur
1719 4713 1784 4768 de
1811 4712 2043 4768 ovibus:

460 4825 479 4858 ι
509 4805 579 4861 Ει
601 4820 704 4878 ego
731 4807 898 4862 vitam
927 4815 1189 4862 aeternam
1217 4806 1287 4861 do
1315 4807 1416 4861 eis.
1460 4825 1478 4857 ι
1516 4805 1643 4860 Haec
1681 4813 1807 4860 sunt
1843 4819 2046 4875 pascua

455 4914 579 4970 qua
597 4901 850 4971 superius
879 4901 1133 4973 promisit
1156 4901 1349 4957 ovibus
1379 4899 1526 4966 suis,
1556 4899 1649 4954 ubi
1691 4898 1837 4954 nulla
1873 4897 2043 4954 herba

456 4990 676 5056 arescit,
719 4999 891 5046 totum
936 4992 1097 5057 viret,
1134 5000 1304 5046 totum
1334 4991 1501 5061 viget,
1550 4998 1724 5045 totum
1772 4990 2042 5060 integrum

459 5093 743 5156 permanet
768 5103 782 5139 :
808 5093 866 5141 et
887 5085 1151 5156 quidquid
1172 5083 1340 5140 semel
1366 5083 1650 5155 accipitur,
1685 5096 1900 5152 semper
1940 5083 2041 5137 ha-

456 5174 638 5231 betur.
669 5194 688 5228 ι
722 5174 790 5230 Ει
813 5190 922 5230 non
946 5173 1205 5244 peribunt
1231 5173 1288 5229 in
1316 5182 1601 5229 aeternum.
1635 5192 1654 5224 ι
1706 5171 1807 5227 Hic
1850 5171 2046 5226 subau-

457 5268 714 5323 diendum
737 5275 841 5334 est,
868 5268 1140 5340 quomodo
1164 5282 1262 5323 vos
1281 5266 1532 5338 peribitis
1552 5266 1646 5336 qui
1675 5279 1782 5320 non
1818 5263 1952 5320 estis
1976 5278 2044 5319 ex

454 5361 650 5418 ovibus
671 5361 828 5417 meis.
861 5379 881 5414 ι
912 5361 981 5417 Ει
1019 5376 1128 5417 non
1149 5362 1327 5432 rapiet
1357 5377 1452 5417 eas
1475 5360 1766 5432 quisquam
1787 5359 1854 5415 de
1879 5374 2040 5414 manu

460 5469 481 5503 ι
516 5467 661 5517 mea,
690 5472 710 5507 ι
739 5453 792 5509 id
821 5463 905 5510 est
944 5453 1010 5510 de
1032 5463 1299 5525 potestate
1325 5469 1467 5510 mea.

533 5564 552 5598 ι
591 5545 756 5604 Pater
788 5564 941 5604 meus
986 5549 1129 5621 quod
1180 5551 1329 5605 dedit
1370 5549 1535 5613 mihi,
1568 5548 1746 5620 majus
1789 5547 2042 5602 erunibus

457 5659 478 5695 ς
513 5647 616 5696 est.
655 5659 674 5692 ›
705 5639 856 5709 Quod
881 5641 1028 5697 dedit
1067 5641 1228 5697 Pater
1256 5641 1414 5706 Filio,
1465 5639 1639 5709 majus
1666 5639 1918 5696 omnibus
1958 5647 2044 5694 est

453 5742 510 5790 ut
543 5735 656 5808 ipse
677 5734 751 5790 illi
776 5743 918 5792 esset
947 5735 1241 5808 ungenitus
1263 5732 1454 5797 Filius,
1483 5731 1704 5802 aequalis
1726 5739 1780 5786 et
1811 5731 2043 5786 consub-

2152 4639 2208 4684 et
2232 4627 2412 4693 Pater,
2453 4647 2470 4679 ι
2504 4627 2623 4682 dua:
2648 4640 2912 4696 personze.
2944 4623 3077 4679 Item
3101 4625 3390 4678 erubescat
3428 4622 3613 4686 Arius,
3653 4638 3744 4676 au-
3871 4641 3873 4699 ι

2151 4721 2330 4787 diens,
2358 4739 2378 4772 ι
2408 4734 2574 4774 unum
2601 4733 2809 4782 sumus,
2844 4736 2861 4768 ›
2890 4716 2983 4786 qui
3011 4717 3146 4771 duas
3171 4725 3398 4770 naturas
3421 4716 3478 4770 in
3511 4715 3674 4769 Patre
3699 4727 3745 4768 et
3869 4733 3871 4791 ι

2150 4813 2288 4869 Filio
2308 4811 2525 4874 astruit,
2544 4812 2669 4866 dum
2698 4828 2716 4861 ‹
2749 4824 2936 4876 unum,
2960 4827 2978 4860 ι
2998 4822 3161 4862 unam
3187 4815 3440 4861 naturam
3457 4805 3743 4878 signiﬁcat,
3867 4815 3869 4881 ι

2150 4907 2292 4962 sicut
2319 4922 2339 4956 ι
2377 4919 2586 4969 sumus,
2626 4923 2645 4956 ›
2679 4903 2812 4959 duas
2853 4917 3138 4973 personas.
3181 4901 3490 4971 Sequamur
3533 4909 3744 4970 aposto-
3865 4905 3867 4971 Α

2148 4999 2310 5054 licam
2339 4997 2523 5064 ﬁdem,
2570 5012 2732 5067 quam
2778 4997 2973 5052 beatus
3013 4995 3205 5051 Petrus
3234 4996 3489 5066 princeps
3532 5005 3742 5065 aposto-

2147 5090 2324 5146 lorum
2373 5089 2652 5145 confessus
2697 5095 2826 5145 est:
2867 5106 2884 5139 ι
2917 5087 2997 5142 Tu
3047 5102 3108 5143 es
3151 5087 3406 5159 Christus
3452 5087 3628 5142 Filius
3655 5087 3739 5140 Dei

2148 5181 2256 5236 vivi
2301 5179 2514 5254 (Matth.
2564 5179 2700 5252 xw).
2739 5199 2759 5233 ι
2796 5178 2964 5235 Judaei
3011 5178 3260 5235 videlicet
3311 5179 3478 5234 verba
3532 5178 3738 5233 Domini

2150 5273 2461 5338 audientes,
2498 5273 2777 5342 hucusque
2824 5271 3238 5328 festinaverunt.
3275 5271 3415 5324 Dum
3459 5285 3594 5326 vero
3621 5271 3735 5324 ait:

2157 5382 2176 5415 ι
2214 5363 2327 5434 Ego
2355 5375 2412 5420 et
2436 5364 2598 5419 Pater
2629 5378 2797 5418 unum
2821 5377 3029 5428 sumus,
3069 5383 3086 5414 ι
3117 5378 3226 5417 non
3251 5361 3620 5433 pertulerunt,
3650 5361 3736 5416 ω

2151 5470 2302 5511 more
2350 5470 2448 5510 suo
2476 5454 2598 5510 duri
2639 5455 2708 5510 ad
2736 5453 2940 5524 lapides
2983 5462 3372 5520 cucurrerunt,
3406 5454 3552 5510 sicut
3575 5470 3732 5510 θηη-

2149 5547 2339 5619 gelista
2365 5547 2534 5602 dicit:

2226 5657 2244 5689 ι
2282 5638 2546 5693 Tulerunt
2571 5637 2776 5709 lapides
2814 5647 2873 5692 ut
2900 5637 3202 5710 lapidarent
3240 5654 3388 5695 eum.
3427 5661 3446 5694 ι
3479 5639 3736 5696 Dominus

2150 5746 2254 5785 non
2297 5730 2604 5800 patiebatur
2628 5729 2772 5800 quod
2804 5729 3018 5787 nolebat
3042 5733 3175 5802 pati,
3217 5742 3271 5789 et
3299 5749 3406 5789 non
3433 5743 3524 5791 est
3545 5747 3732 5806 passu
