3934 6346
106 323 203 379 345

1302 323 1604 380 ΗΟΜΙΙᾹᾹΞ
1645 325 1732 381 DE
1773 327 2116 387 TEMPORE.

3257 347 3366 402 546

109 439 204 496 nisi
227 437 370 512 quod
403 437 569 492 voluit
607 438 739 508 pati.
769 439 959 496 Adhuc
987 455 1082 497 eos
1118 440 1360 512 lapidare
1395 441 1676 511 cupientes
1701 447 1756 505 Α
1777 452 1880 498 est.
1910 444 2126 501 Fideles
2157 448 2300 502 enim
2337 450 2725 520 participantes
2745 452 2862 522 ejus
2887 451 3139 522 gratiam,
3169 464 3226 511 et
3249 457 3372 514 illu-

110 532 408 602 alloquitur.

177 642 195 674 ε
233 621 578 679 Sustulerunt
618 623 824 695 lapides
863 623 1056 693 Judaei,
1099 633 1161 679 ut
1200 624 1502 696 lapidarcnt
1531 637 1675 679 cum.

113 736 136 770 ο
161 715 456 787 Respondit
500 717 581 773 eis
623 716 780 774 Jesus
814 737 826 773 :
859 718 1022 775 Multa
1072 721 1214 776 bona
1260 735 1424 792 opera
1469 721 1681 776 ostendi.

114 828 131 861 ι
159 809 312 864 vobis
338 823 369 861 a
413 806 572 864 Patre
597 823 738 876 meo,
765 819 986 881 propter
1026 812 1170 882 quod
1212 827 1402 867 eorum
1433 827 1570 883 opus
1595 826 1683 867 me

114 921 131 954 ι
160 899 443 970 lapidatis?
485 900 556 955 At
601 900 679 956 illi
725 903 1120 972 responderunt
1158 920 1171 957 :
1204 902 1282 958 De
1328 903 1471 958 bono
1521 917 1684 972 opere

114 1011 132 1044 ι
161 1007 270 1048 non
294 990 592 1062 lapidamus
630 1001 717 1059 te,
745 993 842 1049 sed
870 995 938 1050 de
968 994 1336 1065 blasphemia,
1366 1003 1421 1050 et
1447 995 1574 1064 quia
1601 1003 1681 1058 tu,

117 1104 132 1136 ι
166 1085 330 1140 homo
363 1099 486 1140 cum
531 1085 640 1152 sis,
689 1084 825 1142 facis
865 1087 1099 1157 teipsum
1141 1088 1330 1143 Deum.
1368 1107 1387 1140 ι
1428 1087 1510 1142 Ad
1556 1086 1686 1142 illud

110 1175 496 1246 responderunt
541 1178 686 1246 quod
727 1178 939 1234 dixerat
970 1197 982 1232 :
1013 1198 1033 1231 ‹
1068 1179 1182 1250 Ego
1229 1189 1286 1234 et
1312 1178 1474 1235 Pater
1521 1194 1686 1234 unum

111 1282 309 1323 sumus.
351 1290 370 1319 ι
395 1267 537 1324 Ecce
561 1266 732 1325 Judaei
760 1269 1146 1326 intellexerunt
1186 1271 1331 1341 quod
1361 1270 1549 1325 Ariani
1578 1284 1686 1325 non

110 1359 427 1431 intelligunt.
455 1361 582 1418 Ideo
608 1363 753 1418 enim
789 1364 912 1419 irati
944 1373 1094 1432 sunt,
1123 1365 1381 1434 quoniam
1405 1370 1690 1419 senserunt

109 1465 206 1506 non
239 1466 403 1522 posse
441 1452 550 1509 dici
579 1472 591 1507 :
627 1472 646 1506 ι
681 1455 795 1526 Ego
823 1464 878 1512 et
903 1455 1067 1512 Pater
1090 1471 1257 1510 unum
1284 1470 1490 1520 sumus,
1531 1474 1550 1507 ι
1584 1453 1689 1508 nisi

108 1541 191 1594 ubi
221 1542 506 1612 aequalitas
549 1553 634 1600 est
659 1545 838 1601 Patris
863 1555 917 1601 et
955 1545 1098 1601 Filii.
1128 1547 1270 1603 Deus
1303 1554 1483 1600 autem
1511 1544 1693 1599 videte

107 1633 230 1701 quid
260 1635 599 1705 responderit
623 1638 825 1707 pravis.
859 1638 1020 1694 Videt
1053 1653 1147 1695 eos
1189 1655 1298 1695 non
1329 1638 1473 1694 ferre
1513 1638 1692 1710 splen-

107 1724 292 1780 dorem
325 1727 593 1796 veritatis,
621 1737 677 1784 et
704 1743 799 1786 eos
820 1731 1045 1786 tentavit
1071 1732 1127 1786 in
1154 1732 1352 1788 verbis.

1782 536 1970 591 minati
2000 539 2068 593 ab
2110 539 2247 609 ipso,
2278 539 2331 594 in
2374 541 2464 596 illo
2508 557 2694 598 sumus
2723 551 2778 598 et
2805 543 2920 613 ipse
2954 543 3008 598 in
3047 545 3240 600 nobis:
3276 549 3371 604 sed

1782 642 1890 682 non
1917 627 2059 682 sicut
2089 629 2398 700 unigenitus
2423 631 2590 688 Filius
2621 632 2710 688 ille
2741 634 2795 688 in
2823 632 3014 701 Patre,
3042 643 3098 690 et
3126 625 3289 692 Pater
3319 639 3374 694 in

1782 718 1896 784 illo,
1926 728 2179 789 tanquam
2207 720 2427 790 aequalis
2456 721 2511 776 in
2533 737 2619 789 eo,
2647 725 2733 778 cui
2759 734 2844 780 est
2863 725 3104 796 arqualis.
3134 727 3375 798 Denique

1783 827 1882 868 nos
1928 813 2219 883 aliquando
2259 829 2546 884 possumus
2591 815 2771 871 dicere
2801 834 2815 870 :
2844 816 2903 873 In
2935 819 3049 874 Deo
3089 834 3296 884 sumus,
3323 830 3379 877 et

1786 904 1928 960 Deus
1953 906 2008 960 in
2041 906 2196 961 nobis
2225 925 2236 960 :
2269 923 2379 962 non
2408 917 2588 963 autem
2620 924 2909 979 possumus
2937 912 3116 969 dicere
3146 931 3158 967 :
3191 913 3304 985 Ego
3327 923 3381 970 et

1787 997 1930 1053 Deus
1945 1015 2111 1054 unum
2129 1015 2332 1055 sumus.
2351 999 2542 1056 Nonne
2555 1015 2842 1070 possumus
2861 1003 3042 1060 dicere
3063 1023 3077 1060 :
3098 1004 3157 1060 ln
3175 1005 3285 1062 Deo
3297 1021 3381 1073 es,

1786 1091 1914 1160 quia
1949 1092 2092 1147 Deus
2121 1102 2174 1149 te
2201 1094 2474 1149 continet?
2495 1095 2638 1149 Deus
2659 1103 2743 1150 est
2767 1095 2823 1150 in
2860 1104 2935 1162 te,
2960 1098 3087 1166 quia
3118 1100 3378 1171 templum

1788 1183 1883 1237 Dei
1915 1182 2088 1239 factus
2116 1184 2210 1240 es?
2240 1184 2348 1240 Sic.
2370 1183 2477 1241 Sed
2497 1187 2739 1256 nunquid
2761 1188 2887 1258 quia
2915 1187 2972 1242 in
2998 1187 3111 1246 Deo
3134 1206 3215 1256 es,
3243 1192 3386 1248 Deus

1788 1276 1880 1332 es?
1899 1276 1985 1331 vel
2015 1276 2142 1346 quia
2171 1277 2225 1331 in
2251 1285 2304 1332 te
2330 1276 2474 1332 Deus
2498 1285 2601 1343 est,
2631 1286 2785 1348 potes
2810 1279 2991 1334 dicere
3015 1298 3028 1333 :
3067 1281 3168 1348 Qui
3192 1297 3277 1337 me
3301 1282 3382 1337 vi-

1789 1374 1880 1428 det
1907 1371 2076 1427 Deum
2115 1372 2283 1438 videt,
2331 1375 2602 1442 quomodo
2648 1373 2972 1446 Unigenitus
3011 1374 3193 1430 dixit:
3225 1397 3242 1429 ‹
3283 1377 3386 1445 Qui

1791 1479 1878 1518 me
1903 1463 2068 1529 videt,
2089 1463 2237 1517 videt
2261 1471 2318 1518 et
2343 1462 2595 1519 Patrem?
2623 1484 2643 1517 ι
2679 1464 2861 1536 (Joan.
2892 1464 3029 1537 xxv).
3053 1465 3122 1520 Et
3148 1467 3343 1522 iterum
3371 1486 3387 1522 :

1799 1573 1818 1605 ι
1854 1554 1966 1625 Ego
2006 1561 2061 1609 et
2103 1553 2264 1609 Pater
2290 1571 2458 1609 unum
2486 1557 2712 1611 sumus?
2747 1575 2766 1608 ι
2791 1555 2929 1622 Non.
2978 1556 3225 1627 Agnosce
3264 1571 3388 1626 pro-

1795 1648 1973 1719 prium
2021 1648 2256 1712 Domini,
2289 1657 2344 1702 et
2386 1664 2582 1704 munus
2616 1649 2780 1705 servi.
2832 1649 3119 1720 Proprium
3171 1649 3388 1704 Domini

1797 1749 1880 1796 est
1926 1739 2204 1809 :cqnalitas
2249 1739 2462 1804 Patris;
2495 1744 2691 1796 munus
2740 1741 2879 1797 servi
2928 1749 3012 1797 est
3047 1739 3391 1812 participatio

178 1835 196 1868 ι
231 1817 426 1874 Nonne
448 1821 710 1891 scriptum
737 1829 821 1878 est
845 1822 900 1877 in
923 1823 1043 1895 lege
1067 1832 1268 1892 vestra,
1301 1844 1319 1876 ι
1351 1824 1404 1879 id
1434 1831 1518 1879 est
1543 1823 1698 1879 vobis
1726 1806 1774 1866 Β
1804 1806 2123 1887 salvatoris.

104 1907 262 1977 data,
295 1929 313 1962 ι
346 1912 472 1982 quia
503 1931 516 1967 :
559 1913 672 1985 Ego
710 1914 856 1969 dixi:
885 1915 970 1971 Dii
999 1915 1166 1972 estis?
1210 1936 1229 1970 ι
1263 1916 1406 1972 Deus
1435 1916 1567 1972 dicit
1602 1931 1699 1986 per

103 2001 424 2071 prOphetam
443 2004 499 2058 in
519 2004 726 2074 psalmo
743 2007 993 2063 omnibus
1016 2025 1030 2062 :
1054 2026 1072 2060 ι
1093 2007 1206 2076 Ego
1228 2008 1367 2063 dixi:
1390 2008 1472 2062 Dii
1488 2007 1641 2063 estis.
1677 2027 1694 2058 ι

104 2090 170 2145 Et
196 2092 374 2165 legem
399 2095 689 2166 appellavit
722 2097 983 2153 Dominus
1003 2098 1330 2170 generaliter
1354 2113 1546 2153 omnes
1573 2097 1693 2153 illas

107 2182 442 2255 Scripturas,
472 2189 720 2257 quamvis
755 2189 881 2245 alibi
911 2191 1218 2261 specialiter
1260 2192 1404 2247 dicat
1441 2191 1634 2262 legem,
1670 2206 1701 2244 a

103 2277 392 2346 prophetis
415 2293 536 2332 eam
566 2279 929 2352 distinguens,
957 2283 1117 2338 sicuti
1147 2293 1228 2337 est
1259 2299 1313 2336 ε(
1353 2282 1464 2338 ιρις,
1491 2291 1547 2336 et
1580 2297 1704 2352 pro-

102 2371 295 2438 phetae
320 2385 495 2441 usque
537 2373 605 2427 ad
647 2372 911 2430 Joannem
952 2375 1106 2445 (Luc.
1137 2377 1271 2447 xvi).
1305 2396 1323 2429 ι
1351 2376 1419 2430 Et
1456 2377 1655 2431 iterum
1685 2394 1699 2429 :

110 2480 127 2511 ‹
164 2461 228 2515 ln
278 2462 366 2518 his
395 2463 602 2520 duobus
640 2467 928 2537 praeceptis
967 2475 1080 2522 tota
1117 2468 1206 2523 lex
1247 2469 1446 2538 pendet
1487 2476 1542 2522 et
1577 2483 1704 2538 pro-

104 2553 289 2621 phetae
329 2553 548 2622 (Matth.
578 2556 740 2627 xxii).
776 2577 796 2611 ι
823 2556 1126 2628 Aliquando
1156 2567 1333 2614 autem
1365 2559 1420 2613 in
1465 2559 1568 2614 tria
1593 2557 1708 2614 dis-

109 2641 304 2696 tribuit
350 2643 570 2698 easdem
617 2643 958 2715 Scripturas,
1006 2647 1098 2702 ubi
1143 2648 1221 2702 ait
1271 2665 1284 2700 :
1344 2668 1362 2699 ι
1412 2645 1710 2717 Oportebat

112 2733 328 2803 impleri
366 2735 548 2792 omnia
594 2751 718 2806 quae
760 2737 962 2807 scripta
1009 2748 1136 2794 sunt
1177 2740 1231 2794 in
1263 2739 1384 2812 lege
1429 2739 1622 2811 Moysi,
1654 2747 1709 2794 et

113 2825 411 2895 prophetis,
441 2835 498 2882 et
527 2827 750 2898 psalmis
778 2829 845 2885 de
869 2844 956 2885 me
985 2829 1137 2902 (Luc.
1171 2829 1318 2902 ηιμ).
1352 2851 1371 2884 ι
1404 2830 1556 2886 Nunc
1577 2846 1708 2886 vero

114 2914 282 2970 etiam
300 2917 542 2987 psalmos
561 2918 700 2989 legis
719 2921 940 2976 nomine
957 2922 1308 2992 nuncupavit,
1323 2922 1416 2978 ubi
1445 2922 1706 2993 scriptum

118 3015 199 3061 est
225 3024 241 3063 :
277 3027 296 3060 ε
328 3009 442 3080 Ego
462 3010 573 3065 dixi
599 3030 611 3064 :
642 3010 726 3066 Dii
747 3013 900 3069 estis.
933 3034 953 3070 ι

195 3117 213 3150 ‹
248 3098 309 3154 Si
335 3099 456 3156 illos
482 3101 620 3156 dixit
640 3103 769 3158 deos
819 3105 888 3161 ad
916 3119 1051 3175 quos
1079 3120 1259 3162 sermo
1279 3107 1376 3162 Dei
1400 3106 1576 3162 factus
1601 3116 1706 3172 est,

126 3205 147 3240 ι
183 3197 243 3243 et
269 3205 375 3245 non
407 3200 589 3261 potest
611 3192 746 3248 solvi
783 3172 1064 3267 Scriptura
1083 3238 1098 3263 ,
1127 3212 1290 3267 quem
1318 3197 1480 3253 Pater
1507 3199 1712 3253 sancti-
1739 3172 1784 3235 (ἶ

133 3296 154 3330 ι
191 3277 374 3334 ticavit
399 3288 454 3335 et
480 3281 631 3338 misit
655 3283 709 3338 in
748 3286 1046 3352 mundum,
1073 3302 1172 3343 vos
1201 3288 1401 3353 dicitis,
1439 3289 1564 3358 quia
1595 3289 1712 3344 bla-
1741 3279 1758 3306 τ’

137 3385 158 3419 ι
191 3369 456 3438 sphemas,
469 3373 592 3442 quia
621 3375 756 3441 dixi,
785 3374 955 3433 Filius
978 3377 1076 3433 Dei
1102 3380 1257 3435 sum?
1283 3399 1302 3431 ι
1331 3378 1387 3434 Si
1412 3395 1592 3437 sermo
1618 3381 1715 3436 Dei

128 3459 310 3516 tactus
333 3471 414 3517 est
440 3466 506 3521 ad
526 3465 797 3542 homines,
825 3476 887 3523 ut
911 3469 1222 3526 dicerentur
1245 3471 1352 3537 dii,
1379 3472 1555 3542 ipsum
1584 3471 1719 3528 Ver-

127 3549 258 3604 bum
275 3551 372 3607 Dei
394 3555 607 3623 quidem
631 3543 774 3629 apud
799 3558 991 3628 Deum,
1014 3563 1285 3632 quomodo
1307 3579 1415 3619 non
1437 3573 1520 3619 est
1542 3565 1720 3622 Deus?

127 3637 185 3694 Si
220 3656 320 3712 per
353 3659 660 3703 sermonem
697 3649 794 3704 Dei
820 3651 959 3707 ﬁunt
982 3653 1230 3709 homines
1260 3654 1356 3721 dii,
1381 3657 1521 3712 unde
1543 3657 1716 3728 parti-

124 3733 310 3803 cipant
336 3752 446 3794 non
475 3747 559 3795 est
587 3740 766 3797 Deus?
807 3741 866 3798 Si
890 3743 1096 3801 lumina
1137 3745 1438 3802 illuminata
1471 3748 1544 3803 dii
1573 3757 1716 3816 sunt,

123 3824 308 3884 lumen
329 3831 472 3900 quod
492 3832 761 3889 illuminat
779 3836 1048 3905 quomodo
1066 3853 1175 3893 non
1197 3847 1282 3895 est
1301 3840 1478 3896 Deus?
1499 3839 1555 3895 Si
1580 3841 1722 3896 cale-

123 3915 256 3973 facti
283 3922 680 3989 quodammodo
709 3925 820 3996 igni
863 3926 1088 3982 salutari
1114 3927 1191 3983 dii
1223 3928 1550 3998 eﬂiciuntur,
1577 3931 1720 3986 unde

125 4010 386 4068 caleﬁunt
405 4031 512 4071 non
539 4025 622 4072 est
646 4019 824 4075 Deus?
856 4021 1086 4078 Accedis
1122 4024 1190 4079 ad
1218 4024 1420 4091 lumen,
1452 4025 1723 4080 illumina-

125 4101 221 4168 ris,
244 4111 304 4158 et
325 4104 467 4160 inter
491 4107 632 4164 ﬁlios
654 4110 748 4166 Dei
771 4115 1075 4170 numeraris
1099 4135 1112 4170 :
1136 4115 1181 4171 si
1207 4117 1418 4172 recedis
1440 4132 1471 4170 a
1496 4117 1719 4184 lumine,

125 4195 442 4254 obscuraris
485 4208 540 4256 et
588 4202 643 4256 in
683 4204 920 4260 tenebris
959 4208 1312 4278 computaris.
1360 4207 1495 4263 lllud
1543 4219 1723 4266 tamen

126 4289 313 4346 lumen
355 4307 462 4348 non
487 4295 698 4350 accedit
734 4297 801 4351 ad
841 4313 935 4365 se,
970 4299 1234 4369 quianon
1259 4302 1465 4357 recedit
1489 4316 1521 4356 a
1551 4316 1630 4357 se.
1663 4302 1722 4358 Si

125 4394 257 4450 ergo
291 4395 389 4437 vos
412 4381 544 4439 deos
568 4382 697 4440 fecit
718 4401 898 4444 sermo
918 4389 1038 4455 Dei,
1064 4393 1336 4461 quomodo
1357 4405 1465 4447 non
1492 4399 1577 4447 est
1601 4407 1724 4448 ver-

125 4471 253 4526 bum
292 4473 385 4528 Dei
414 4473 630 4531 Patris?
653 4477 796 4550 Ergo
839 4480 1202 4537 sanctiﬁcavit
1241 4482 1436 4537 Filium
1464 4498 1640 4550 suum,
1668 4493 1722 4539 et

125 4566 280 4621 misit
309 4566 366 4620 in
394 4569 674 4626 mundum.
702 4571 867 4627 Forte
893 4573 1087 4644 aliquis
1109 4575 1253 4630 dicat
1277 4591 1292 4629 :
1325 4573 1383 4631 Si
1410 4575 1570 4631 Pater
1594 4593 1717 4632 eum

125 4657 493 4716 sanctiﬁcavit
538 4662 826 4734 aliquando
875 4681 982 4722 non
1032 4676 1250 4723 sanctus
1287 4668 1407 4725 fuit.
1447 4669 1530 4724 Ad
1576 4672 1719 4741 quod

125 4750 420 4808 dicendum
451 4771 465 4810 :
496 4753 866 4814 Sanctiﬁcavit
911 4762 1181 4830 quomodo
1223 4762 1407 4833 genuit
1454 4777 1613 4829 eum,
1665 4773 1723 4818 ut

124 4857 358 4904 sanctus
376 4858 536 4905 esset.
551 4849 832 4922 Gignendo
853 4853 906 4908 ei
928 4855 1097 4921 dedit,
1116 4855 1241 4926 quia
1267 4865 1513 4912 sanctum
1538 4858 1724 4928 genuit

124 4952 278 4996 eum.
302 4938 439 4995 Nam
477 4943 525 4998 si
567 4943 712 5013 quod
737 4945 1125 5012 sanctiﬁcatar,
1161 4959 1286 5004 ante
1312 4965 1420 5004 non
1451 4959 1570 5004 erat
1596 4965 1724 5004 san-

123 5038 306 5101 ctum,
332 5035 606 5104 quomodo
643 5036 873 5094 dicimus
904 5039 1016 5094 Deo
1050 5037 1255 5105 Patris,
1286 5061 1305 5093 σ
1342 5041 1724 5097 Sanctiﬁcetur

123 5137 332 5180 nomen
361 5128 550 5181 tuum?
577 5146 597 5181 ι
925 5167 932 5172 -

203 5235 226 5269 ι
267 5215 330 5272 Si
359 5232 466 5273 non
509 5217 650 5276 facio
674 5236 840 5293 opera
885 5219 1066 5279 Patris
1108 5223 1251 5291 mei,
1296 5224 1464 5279 nolite
1501 5227 1726 5281 credere

126 5326 148 5360 ‹
183 5309 349 5364 mihi.
381 5307 439 5364 Si
460 5319 642 5367 autem
664 5311 827 5380 facio,
847 5321 904 5369 et
928 5314 973 5369 si
1005 5315 1139 5370 mihi
1161 5331 1268 5371 non
1290 5315 1456 5371 vultis
1481 5318 1724 5384 credere,

126 5420 148 5453 ι
187 5403 453 5473 operibus
495 5405 722 5471 credite,
750 5415 810 5461 ut
849 5408 1188 5478 cognoscatis
1229 5417 1283 5464 et
1323 5409 1557 5465 credatis
1600 5410 1726 5479 quia

127 5517 147 5549 ‹
186 5497 249 5552 in
280 5511 370 5552 me
388 5505 472 5553 est
500 5497 681 5564 Pater,
714 5508 770 5555 et
789 5514 891 5572 ego
913 5501 967 5554 in
992 5499 1170 5556 Patre.
1206 5520 1226 5554 ι
1255 5500 1370 5558 Νοιι
1393 5502 1537 5558 enim
1561 5501 1729 5558 Filius

121 5589 208 5643 sic
240 5586 378 5641 dicit
408 5604 422 5642 :
460 5605 480 5639 ι
516 5588 573 5643 In
613 5603 701 5644 me
741 5598 827 5645 est
862 5588 1044 5656 Pater,
1074 5597 1126 5645 et
1156 5605 1257 5661 ego
1288 5591 1344 5646 in
1377 5589 1503 5656 illo,
1543 5609 1560 5642 ι
1596 5605 1728 5660 quo-

121 5678 304 5734 modo
330 5688 554 5748 possunt
582 5681 764 5738 dicere
796 5681 1064 5738 homines.
1096 5683 1153 5737 Si
1182 5683 1328 5738 enim
1359 5684 1498 5739 bene.
1523 5684 1727 5756 cogite-

124 5785 284 5834 mus,
301 5770 356 5824 in
382 5771 494 5828 Deo
513 5787 720 5839 sumus,
747 5781 804 5828 et
825 5774 872 5829 si
890 5773 1028 5829 bene
1049 5774 1313 5845 vivamus,
1340 5775 1483 5832 Deus
1504 5776 1556 5831 in
1571 5776 1726 5834 nobis

1747 4530 1802 4590 D

2376 1960 2653 2018 HOMILIA
2700 1962 2816 2018 LX.

2199 2091 2354 2130 manu
2391 2091 2593 2139 QUINTA
2631 2092 2763 2132 ros'r
2800 2075 3016 2131 Judica.

1877 2187 2051 2257 (Jom.
2074 2186 2197 2259 vn.)
2227 2207 2244 2238 ι
2276 2187 2335 2242 In
2363 2187 2454 2242 illo
2491 2196 2764 2259 tempore,
2800 2203 2923 2243 cum
2961 2186 3239 2242 audissent
3266 2188 3390 2258 qui-

1813 2304 1831 2335 ‹
1869 2283 1994 2338 dam
2011 2281 2076 2336 de
2102 2280 2256 2336 turba
2281 2295 2560 2337 sermones
2572 2280 2722 2346 Jesu,
2743 2281 3022 2337 dicebant:
3052 2279 3150 2336 Hic
3170 2291 3253 2336 εει
3273 2295 3400 2336 vere

1812 2394 1830 2427 ‹
1864 2373 2144 2445 propheta,
2159 2393 2176 2424 ι
2197 2383 2251 2428 et
2266 2372 2496 2443 reliqua.
2511 2372 2646 2429 Cum
2660 2389 2790 2444 ergo
2810 2374 3131 2444 loquebatur
3151 2373 3400 2428 Christus

1807 2465 1862 2520 in
1909 2464 1997 2518 die
2041 2463 2336 2518 novissimo
2383 2462 2693 2519 festivitatis
2752 2478 2816 2519 ea
2869 2479 2990 2535 quae
3033 2477 3198 2533 supra
3241 2461 3402 2530 hujus

1811 2563 1958 2610 textu
1990 2553 2266 2624 Evangelii
2315 2554 2489 2624 posita
2513 2563 2659 2621 sunt,
2683 2563 2809 2609 nata
2843 2562 2926 2610 est
2952 2553 3020 2608 de
3052 2551 3141 2608 illo
3162 2551 3214 2607 in
3243 2551 3400 2606 turba

1810 2645 2102 2709 dissensio,
2147 2643 2267 2700 aliis
2285 2645 2600 2714 putantibus
2637 2646 2782 2716 quod
2822 2646 2937 2716 ipse
2963 2652 3107 2700 esset
3131 2642 3400 2706 Christus,

1811 2735 1931 2790 aliis
1959 2735 2264 2791 dicentibus
2288 2735 2415 2805 quia
2455 2736 2521 2791 de
2563 2734 2782 2791 Galilzea
2811 2751 2919 2792 non
2961 2741 3216 2805 exsurget
3243 2732 3402 2788 Chri-

1811 2836 1946 2884 stus.
1975 2826 2077 2895 Qui
2099 2843 2227 2882 vero
2255 2827 2406 2883 missi
2441 2826 2658 2883 fuerant
2692 2836 2752 2884 ut
2784 2843 2908 2883 eum
2932 2833 3200 2891 tenerent,
3233 2824 3404 2879 redie-

1811 2928 1940 2975 runt
1984 2921 2252 2976 immunes
2301 2936 2331 2975 a
2377 2921 2644 2988 crimine,
2696 2930 2748 2977 et
2794 2921 2937 2991 pleni
2977 2919 3131 2990 signo
3168 2917 3406 2973 admira—

1811 3014 1993 3070 tionis.
2049 3011 2183 3068 Nam
2215 3022 2293 3092 .et
2338 3015 2704 3070 testimonium
2757 3014 3150 3084 perhibuerunt
3213 3011 3406 3066 divina:

1813 3103 2073 3159 doctrinae
2097 3105 2233 3175 ejus,
2261 3120 2385 3158 cum
2416 3104 2660 3160 dicerent
2691 3122 2721 3159 a
2745 3105 2942 3175 quibus
2965 3102 3117 3158 missi
3140 3109 3295 3157 erant
3321 3119 3333 3154 :

1892 3213 1910 3245 ι
1951 3193 2129 3260 Quare
2158 3209 2266 3248 non
2308 3193 2605 3249 adduxistis
2632 3195 2790 3248 eum?
2820 3193 3237 3263 Responderunt
3281 3191 3360 3244 eis
3390 3208 3401 3242 :

1797 3304 1842 3345 _(
1879 3284 2167 3354 Nunquam
2195 3299 2254 3340 se
2283 3285 2499 3341 audisse
2533 3285 2808 3340 hominem
2839 3286 2918 3340 sic
2945 3285 3204 3338 locutum.
3235 3303 3252 3334 ι
3288 3281 3405 3335 Non

1818 3380 1961 3435 enim
1985 3395 2215 3449 usquam
2263 3379 2342 3434 sic
2387 3379 2626 3449 loquitur
2654 3381 2835 3436 homo.
2869 3379 2960 3434 ille
2988 3386 3168 3433 autem
3208 3375 3288 3432 sic
3326 3377 3408 3431 lo-

1817 3479 1976 3527 cutus
2004 3478 2110 3535 est,
2139 3470 2266 3539 quia
2295 3470 2438 3525 Deus
2465 3478 2586 3524 erat
2615 3477 2669 3525 et
2697 3470 2880 3524 homo.
2912 3467 3118 3523 Tamen
3148 3466 3408 3522 Pharisaei

1819 3561 2186 3617 testimonium
2217 3576 2405 3616 eorum
2430 3560 2770 3632 repellentes,
2802 3561 3056 3616 dixerunt
3085 3559 3166 3614 eis
3197 3575 3209 3612 :

1895 3673 1913 3705 ‹
1951 3653 2204 3723 Nunquid
2229 3661 2284 3708 et
2309 3667 2407 3707 vos
2447 3653 2651 3708 seducti
2697 3652 2866 3708 estis?
2908 3671 2927 3706 ι
2961 3650 3219 3707 Videmus
3262 3649 3408 3705 enim

1820 3743 2114 3800 delectatos
2143 3758 2240 3798 vos
2263 3758 2384 3799 esse
2413 3743 2758 3799 sermonibus
2786 3743 2948 3800 illius.

1897 3853 1917 3886 α
1954 3834 2208 3905 Nunquid
2233 3835 2428 3904 aliquis
2463 3835 2528 3890 de
2561 3835 2898 3906 principibus
2924 3834 3154 3892 credidit
3177 3834 3234 3889 in
3262 3848 3410 3900 eum,

1827 3948 1846 3982 ‹
1885 3939 1978 3984 aut
2019 3944 2084 3984 ex
2128 3928 2455 3984 Pharisazis?
2480 3927 2588 3984 Sed
2625 3927 2780 3984 turba
2815 3930 2950 3993 haec,
2982 3943 3103 3999 quae
3125 3943 3235 3984 non
3264 3927 3413 3982 novit

1827 4039 1845 4073 ι
1881 4021 2076 4092 legem,
2103 4019 2377 4075 maledicti
2418 4029 2564 4075 sunt.
2596 4040 2615 4073 ι
2650 4020 2752 4089 Qui
2783 4036 2889 4076 non
2920 4030 3186 4076 noverant
3214 4021 3407 4092 legem,

1824 4114 1923 4185 ipsi
1973 4113 2268 4169 credebant
2311 4112 2367 4166 in
2395 4127 2518 4167 eum
2562 4112 2654 4182 qui
2702 4113 2924 4168 miserat
2970 4113 3162 4183 legem.
3194 4111 3264 4166 Et
3288 4127 3412 4166 eum

1822 4206 1914 4276 qui
1962 4205 2184 4260 miserat
2217 4203 2389 4276 legem
2411 4245 2425 4271 ,
2459 4207 2884 4261 contemnebant
2913 4205 2987 4260 illi
3018 4205 3108 4275 qui
3152 4204 3416 4260 docebant

1823 4300 2028 4372 legem,
2061 4307 2123 4354 ut
2152 4298 2472 4368 impleretur
2499 4298 2644 4368 quod
2686 4299 2900 4355 dixerat
2947 4298 3060 4368 ipse
3107 4296 3410 4351 Dominus:

1823 4393 1935 4464 Ego
1957 4393 2103 4458 veni,
2132 4401 2192 4446 ut
2229 4407 2335 4447 non
2381 4393 2627 4448 videntes
2656 4391 2908 4457 videant,
2936 4401 2991 4448 et
3013 4391 3256 4446 videntes
3285 4390 3412 4444 (ιαιοί

1826 4487 1978 4540 ﬁant.
2001 4485 2140 4541 Caeci
2178 4486 2324 4541 enim
2366 4484 2496 4540 facti
2537 4493 2664 4540 sunt
2698 4484 2957 4540 Pharisati
2987 4483 3256 4547 doctores,
3287 4480 3413 4534 illu-

1828 4579 2015 4634 minati
2048 4586 2174 4634 sunt
2215 4577 2396 4648 populi
2430 4578 2600 4648 legem
2629 4577 2934 4632 nescientes
2955 4583 3010 4628 et
3047 4573 3101 4627 in
3137 4580 3413 4627 auctorem

1826 4669 1959 4740 legis
1989 4669 2290 4724 credentes.
2340 4666 2664 4722 Nicodemus
2698 4675 2876 4719 tamen
2897 4703 2912 4730 ,
2947 4678 3087 4718 unus
3125 4677 3193 4717 ex
3223 4662 3414 4718 Phari-
3466 4723 3473 4734 ι

1827 4761 1972 4824 sacis,
1997 4758 2090 4828 qui
2112 4758 2178 4812 ad
2200 4757 2490 4811 Dominum
2519 4764 2678 4811 nocte
2699 4762 2948 4820 venerat,
2971 4763 3028 4809 et
3056 4753 3169 4826 ipse
3195 4753 3413 4825 quidem

1828 4868 1934 4908 non
1959 4851 2230 4917 credulus,
2260 4851 2352 4906 sed
2381 4850 2602 4905 timidus
2628 4848 2775 4920 (nam
2800 4847 2921 4903 ideo
2941 4856 2997 4903 et
3013 4857 3171 4904 nocte
3189 4855 3416 4904 venerat

1829 4947 1896 5002 ad
1925 4946 2120 5012 lucem,
2153 4946 2278 5015 quia
2312 4944 2602 4999 illuminari
2628 4943 2872 5008 volebat,
2902 4953 2956 5000 et
2983 4943 3111 4999 sciri
3141 4943 3412 5017 timebat),

1828 5037 2102 5109 respondit
2127 5035 2327 5092 Iudaeis
2357 5049 2372 5088 :

1905 5150 1922 5180 ο
1958 5127 2207 5198 Nunquid
2255 5127 2340 5181 lex
2388 5134 2567 5180 vestra
2607 5125 2815 5197 judicat
2849 5125 3125 5182 hominem
3173 5125 3274 5180 nisi
3322 5140 3416 5180 au-

1835 5239 1853 5272 c
1892 5220 2052 5274 dierit
2092 5218 2160 5273 ab
2194 5219 2312 5289 ipso
2355 5217 2506 5286 prius
2546 5226 2602 5273 et
2640 5217 2953 5288 cognoverit
2979 5215 3109 5287 quid
3156 5214 3360 5270 faciat?
3390 5235 3410 5268 ι

1833 5309 2098 5366 Volebant
2143 5309 2287 5364 enim
2331 5309 2406 5364 illi
2454 5307 2691 5380 perversi
2744 5315 2869 5362 ante
2911 5321 3032 5362 esse
3074 5307 3418 5361 damnatores

1831 5417 1994 5473 quam
2039 5401 2366 5471 cognitores.
2400 5399 2619 5456 Sciebat
2655 5400 2799 5455 enim
2830 5397 3173 5464 Nicodemus,
3204 5396 3286 5452 vel
3317 5411 3414 5466 po-

1831 5496 1938 5551 tius
1980 5494 2259 5560 credebat,
2305 5494 2434 5564 quia
2481 5493 2528 5550 si
2575 5491 2948 5548 tantummodo
2989 5504 3112 5546 eum
3150 5489 3417 5560 patienter

1829 5587 2028 5641 vellent
2057 5585 2244 5640 audire
2265 5627 2278 5651 ,
2321 5586 2459 5640 forte
2506 5585 2713 5641 similes
2743 5585 2935 5640 tierent
2964 5582 3070 5637 illis
3091 5622 3105 5647 ,
3141 5581 3233 5650 qui
3264 5579 3414 5636 missi

1828 5688 1955 5736 sunt
2002 5690 2188 5735 tenere
2234 5694 2387 5746 eum,
2428 5687 2483 5735 et
2528 5679 2834 5734 maluerunt
2879 5676 3102 5731 credere
3147 5673 3221 5728 illi
3252 5689 3414 5744 quam

1829 5785 2015 5832 tenere
2036 5773 2208 5830 illum.
2243 5773 2659 5846 Responderunt
2676 5788 2745 5828 ex
2773 5769 3084 5842 praeiudicio
3109 5767 3286 5824 cordis
3305 5767 3411 5823 sui:
