3934 6346
593 374 692 429 551
1213 367 1565 425 HAYMONIS
1599 366 2077 426 HALBERSTAT.
2117 363 2328 421 EPISC.
2372 364 2520 420 OPP.
2568 365 2746 421 PARS
2783 366 2847 420 ll.
2873 397 2942 407 —
2981 365 3212 422 HOMIL.
3817 372 3906 424 ὅδὲ

594 483 682 540 nis
705 499 826 541 esse
853 486 1002 556 prius
1033 485 1086 538 in
1116 483 1272 539 coelo.
1323 482 1383 537 ln
1409 491 1555 537 terra
1582 481 1924 552 loquebatur,
1954 481 2007 534 in
2037 478 2175 534 coelo
2202 481 2255 540 Α
2280 475 2480 532 Christi
2513 493 2619 533 non
2660 479 2854 542 habet,
2888 479 2975 533 hic
3017 494 3124 533 non
3158 487 3240 534 est
3267 479 3397 549 ejus.
3441 500 3460 530 ι
3484 510 3574 520 --
3613 501 3635 530 ε
3676 479 3904 550 Spiritu;-

595 592 655 634 se
681 592 801 648 esse
823 576 1053 632 dicebat.
1109 575 1224 643 Quo
1251 575 1519 646 pertinet,
1567 574 1673 629 nisi
1717 583 1776 628 ut
1814 572 2178 641 intelligamus
2279 581 2407 637 ergo
2436 576 2520 622 est
2552 567 2647 636 qui
2685 567 2956 634 viviﬁcat,
2989 583 3120 623 caro
3151 583 3258 622 non
3294 569 3523 638 prodest
3558 567 3900 638 quidquam.

593 685 757 725 uuam
783 684 1067 739 personam
1097 683 1218 724 esse
1244 667 1522 724 Christum
1558 667 1727 721 Deum
1766 675 1824 721 et
1859 665 2135 722 hominem

2344 661 2456 713 trba
2486 675 2606 729 quae
2642 674 2741 731 ego
2769 659 2980 714 locutus
3019 675 3140 714 sum
3169 661 3355 725 vobis,
3399 661 3668 731 spiritus
3706 671 3770 715 et
3807 664 3897 714 ﬁt:

591 778 700 818 non
728 762 901 817 duas?
939 776 1010 816 ne
1037 760 1172 816 ﬁdes
1203 769 1392 816 nostra
1423 759 1489 816 sit
1524 759 1887 829 quaternitas,
1936 772 2042 812 non
2080 756 2176 810 tri-
2278 758 2421 804 sunt.
2456 769 2473 800 ι
2515 750 2651 818 Quid
2687 760 2773 806 est
2796 770 2814 801 ε
2853 750 3077 820 spiritus
3118 760 3173 806 et
3218 752 3332 805 vita
3376 751 3557 806 sunt?
3599 770 3626 803 ι
3670 749 3895 822 Spirita-

590 854 750 907 nitas.
787 850 1039 907 Christus
1068 866 1199 919 ergo
1224 866 1363 905 unus
1387 858 1490 914 est,
1512 847 1985 913 verbum,anima,
2009 860 2172 900 caro:
2275 840 2400 896 liter
2427 841 2771 913 intelligenda
2812 851 2954 898 sunt.
2995 842 3054 897 Si
3092 858 3222 914 ergo
3260 843 3598 899 intellexisti
3637 844 3893 912 spiritali-

587 957 728 997 unus
764 940 1032 1008 Christus,
1077 941 1247 997 Filius
1275 941 1372 996 Dei
1419 949 1474 996 et
1527 940 1671 995 ﬁlius
1713 938 1970 994 hominis.
2023 937 2175 994 Unus
2274 939 2378 997 ter,
2408 932 2628 1003 spiritus
2653 941 2707 989 et
2732 933 2844 988 vita
2876 933 2972 988 tibi
3007 941 3176 988 sunt:
3208 935 3254 988 si
3279 934 3627 990 intellexisti
3666 936 3889 989 carnali.

585 1030 834 1089 Christus
858 1032 1029 1088 Filius
1067 1032 1164 1089 Dei
1205 1047 1422 1102 semper
1466 1031 1612 1086 ﬁlius
1651 1031 1885 1086 hominis
1927 1047 1992 1085 ex
2034 1039 2174 1085 tem-
2275 1033 2376 1087 ter.
2406 1022 2569 1077 etiam
2595 1022 2676 1078 sic
2700 1022 2793 1079 illa
2818 1024 3039 1094 spiritus
3071 1035 3128 1079 et
3151 1025 3261 1079 vita
3291 1033 3442 1092 sunt,
3488 1025 3608 1080 sed
3657 1027 3765 1080 tibi
3800 1043 3886 1080 nos

583 1141 736 1199 pore.
768 1125 975 1182 Tamen
1003 1142 1144 1182 unus
1163 1125 1412 1182 Christus
1439 1123 1732 1180 secundum
1761 1125 2026 1180 unitatem
2051 1139 2175 1194 per—
2275 1124 2422 1181 sum.
2448 1129 2482 1170 0
2515 1116 2696 1182 homo,
2722 1116 2814 1187 (Ιυί
2843 1117 3165 1187 spiritaliter
3194 1133 3257 1173 ea
3298 1133 3403 1173 non
3444 1118 3772 1190 inteuigiS,
3807 1136 3886 1174 nrt

583 1234 733 1274 sonae
760 1220 816 1274 in
843 1220 982 1275 coelo
1009 1228 1147 1287 erat,
1179 1219 1396 1291 quando
1424 1218 1479 1274 in
1511 1227 1655 1274 terra
1685 1217 2028 1288 loquebatur.
2082 1218 2174 1274 Sic
2273 1206 2376 1262 ﬁde
2400 1223 2464 1263 ea
2489 1211 2738 1266 venerari
2768 1212 2931 1266 nosti.

583 1317 704 1366 erat
749 1309 894 1365 ﬁlius
922 1309 1158 1365 hominis
1184 1309 1238 1364 in
1265 1309 1429 1377 coelo,
1451 1309 1724 1379 quomodo
1743 1307 1913 1364 Filius
1936 1307 2032 1363 Dei
2055 1317 2175 1363 erat
2348 1319 2366 1352 ι
2414 1299 2520 1357 Sed
2543 1311 2668 1359 sunt
2687 1303 2906 1374 quidam
2946 1305 3002 1358 in
3025 1305 3180 1360 vobis
3209 1305 3302 1376 qui
3329 1318 3438 1360 non
3464 1304 3754 1360 credunt.
3784 1324 3803 1355 ι
3828 1305 3881 1359 ει

585 1403 640 1459 in
695 1410 842 1458 terra
882 1421 897 1458 :
932 1402 1100 1458 Filius
1147 1402 1242 1458 Dei
1286 1401 1345 1457 in
1387 1410 1556 1469 terra,
1587 1402 1641 1456 in
1673 1409 1922 1471 suscepta
1971 1416 2168 1456 carne:
2273 1394 2394 1452 ideo
2437 1411 2545 1452 non
2594 1397 2902 1468 intelligunt
2944 1398 3070 1467 quia
3119 1413 3226 1453 non
3282 1398 3541 1452 credunt.
3617 1396 3876 1467 Propheta

586 1493 730 1549 ﬁlius
743 1493 981 1549 hominis
1001 1493 1057 1548 in
1081 1493 1244 1559 caalo,
1267 1493 1322 1548 in
1351 1493 1556 1548 unitate
1581 1507 1848 1563 personae.
1874 1491 2027 1559 Quod
2046 1507 2171 1547 mox
2273 1490 2416 1545 enim
2443 1491 2577 1546 dixit
2604 1510 2617 1546 :
2642 1511 2661 1544 ‹
2691 1490 2803 1546 Nisi
2834 1491 3197 1558 credideritis,
3225 1506 3332 1546 non
3375 1491 3733 1562 intelligetis
3759 1489 3870 1558 (Ira.

585 1586 745 1641 latius
763 1586 1005 1656 exponit,
1025 1586 1153 1656 quid
1179 1585 1394 1640 intersit
1413 1585 1558 1639 inter
1577 1583 1829 1654 spiritum
1852 1590 1907 1638 et
1926 1596 2167 1647 carnem,
2272 1599 2381 1650 vn,
2430 1585 2714 1638 secundum
2755 1582 2947 1655 LXX).
2985 1603 3003 1636 ι
3035 1583 3140 1640 Per
3175 1584 3336 1638 ﬁdem
3381 1583 3763 1653 copulamur,
3797 1600 3872 1653 per

583 1686 639 1734 et
671 1679 800 1749 quid
831 1679 974 1734 inter
1003 1679 1297 1734 carnaliter
1320 1677 1602 1733 Christum
1640 1675 1975 1731 manducare
2010 1674 2166 1742 velle,
2271 1675 2601 1732 intellectum
2624 1677 2982 1733 viviﬁcamur.
3016 1677 3177 1732 Prius
3215 1676 3523 1732 hatreamus
3565 1692 3687 1747 per
3732 1677 3868 1731 ﬁdem

583 1770 668 1826 vel
693 1770 1009 1840 spiritaliter
1034 1771 1301 1840 accipere.
1329 1770 1422 1824 Ait
1446 1769 1631 1824 enim:
2195 1835 2235 1840 _
2271 1773 2332 1822 ut
2367 1767 2448 1823 sic
2492 1779 2614 1838 post
2658 1768 2992 1824 viviﬁcemur
3030 1783 3128 1838 per
3171 1763 3531 1823 intellectum.
3594 1789 3616 1819 ι
3675 1769 3868 1823 Sciebat

659 1882 678 1914 ι
713 1835 947 1934 Spiritus
973 1873 1058 1919 est
1086 1835 1179 1934 qui
1203 1863 1459 1927 viviﬁcat,
1482 1877 1614 1918 caro
1632 1877 1738 1918 non
1760 1861 1982 1932 prodest
2001 1859 2164 1930 quid-
2194 1835 2245 1897 Β
2278 1874 2298 1907 ι
2323 1858 2468 1912 enim
2492 1835 2560 1913 ab
2595 1858 2750 1913 initio
2776 1857 2933 1914 Jesus
2963 1835 3057 1929 qui
3090 1867 3270 1913 essent
3299 1859 3606 1914 credentes
3631 1901 3649 1924 ,
3687 1869 3740 1915 et
3767 1860 3867 1928 quis

580 1971 764 2026 quam.
790 1976 808 2009 ι
832 1955 1001 2011 Paulo
1024 1963 1150 2010 ante
1179 1955 1313 2010 dixit
1339 1973 1350 2008 :
1375 1974 1393 2006 ι
1416 1953 1529 2008 Nisi
1552 1952 2010 2009 manducaveritis
2041 1967 2167 2007 car-
2279 1968 2296 2000 ι
2325 1950 2620 2006 traditurus
2653 1957 2802 2005 esset
2832 1964 2977 2005 eum.
3022 1969 3041 2002 ι
3075 1948 3212 2003 Nam
3242 1949 3312 2004 ibi
3355 1947 3533 2004 Judas
3567 1959 3708 2004 erat
3747 1951 3865 2002 inter

579 2064 702 2103 nem
747 2048 842 2103 ﬁlii
878 2049 1132 2114 hominis,
1163 2056 1220 2102 et
1246 2048 1495 2103 biberitis
1534 2045 1652 2115 ejus
1682 2046 2019 2117 sanguinem,
2058 2060 2167 2100 non
2271 2053 2363 2093 eos
2391 2039 2481 2110 qui
2513 2038 2861 2094 scandalizati
2889 2047 3046 2106 sunt,
3083 2053 3242 2109 quem
3266 2036 3522 2093 Christus
3547 2053 3681 2093 non
3705 2039 3861 2098 siluit,

578 2139 848 2195 habebitis
880 2140 1047 2195 vitam
1088 2140 1146 2194 in
1192 2138 1376 2204 vobis;
1415 2159 1434 2191 ι
1471 2147 1525 2193 et
1565 2138 1726 2192 modo
1773 2138 1943 2192 dicit:
1977 2156 1995 2189 ι
2028 2135 2131 2192 Car

2307 2145 2370 2187 ec
2393 2141 2580 2202 aperte
2599 2132 2852 2196 ostendit,
2870 2140 2932 2186 ut
2950 2144 3140 2186 omnes
3157 2131 3427 2195 timerent,
3454 2130 3730 2199 quamvis
3745 2147 3860 2184 unus

577 2246 686 2286 non
731 2231 954 2300 prodest
991 2231 1307 2302 quidquam,
1342 2249 1360 2281 ›
1395 2229 1449 2284 id
1478 2238 1564 2284 est
1597 2229 1643 2284 si
1673 2227 1968 2284 carnaliter
2003 2227 2167 2282 vultis
2268 2223 2488 2291 periret.
2524 2223 2630 2277 Sed
2667 2230 3021 2292 posteaquam
3051 2220 3189 2274 dixit
3219 2227 3273 2274 et
3305 2219 3560 2274 distinxit
3584 2222 3859 2273 credentes

577 2322 877 2394 intelligere
899 2338 1018 2393 quae
1045 2323 1185 2378 dico.
1211 2341 1229 2374 ‹
1250 2321 1390 2378 Caro
1418 2336 1524 2376 non
1551 2321 1774 2392 prodest
1803 2320 2115 2392 quidquam,
2140 2339 2159 2372 ι
2268 2330 2300 2369 a
2347 2331 2455 2370 non
2506 2315 2851 2371 credentibus
2879 2356 2894 2381 ,
2943 2314 3208 2384 expressit
3266 2328 3489 2367 causam
3536 2329 3725 2383 quare
3771 2329 3854 2367 nun

575 2413 621 2467 si
651 2413 729 2468 sic
753 2426 972 2468 carnem
1000 2412 1302 2485 intelligitis
1330 2412 1762 2467 manducandam
1785 2452 1799 2476 ,
1831 2412 1970 2466 sicut
1999 2411 2162 2465 alium
2267 2411 2510 2464 credant.

573 2503 774 2568 cibum,
809 2503 950 2560 sicut
979 2519 1173 2560 carnes
1193 2519 1313 2574 quae
1338 2509 1594 2559 emuntur
1618 2503 1674 2557 in
1702 2501 1964 2557 macellis.
1995 2521 2013 2553 (
2043 2501 2165 2572 Spi-
2342 2524 2362 2559 ς
2391 2507 2686 2577 Propterea
2714 2503 2822 2560 dixi
2863 2504 3015 2560 vobis
3033 2545 3048 2570 ,
3087 2503 3298 2573 inquit,
3344 2503 3470 2573 quia
3499 2519 3671 2559 nemo
3697 2513 3856 2573 potest

574 2596 712 2675 ritus
744 2611 872 2666 ergo
901 2605 985 2652 est
1026 2596 1118 2666 qui
1147 2595 1422 2660 viviﬁcat,
1460 2613 1477 2645 ›
1503 2609 1602 2664 per
1648 2594 1898 2665 spiritum
1945 2593 2164 2662 prodest
2270 2615 2289 2648 ι
2323 2596 2505 2650 venire
2535 2596 2601 2650 ad
2629 2611 2746 2662 me,
2775 2595 2877 2648 nisi
2908 2593 3071 2649 fuerit
3095 2595 3145 2648 ei
3173 2595 3357 2648 datum
3394 2609 3426 2648 a
3453 2593 3623 2649 Patre
3661 2611 3804 2649 meo.
3841 2617 3855 2644 ι

572 2700 722 2750 caro,
762 2702 882 2756 quae
927 2702 1022 2756 per
1052 2686 1285 2754 seipsam
1334 2700 1439 2738 non
1485 2684 1700 2755 prodest
1733 2702 1745 2737 :
1776 2684 1902 2753 quia
1934 2683 2160 2753 «littera
2264 2689 2492 2743 Dabitur
2534 2689 2678 2743 enim
2719 2703 2750 2742 a
2792 2686 2954 2742 Patre
2998 2685 3342 2742 credentibus
3386 2687 3545 2752 ﬁdes,
3589 2697 3656 2741 ut
3703 2704 3861 2742 nemo

572 2778 791 2844 occidit,
818 2779 1040 2849 spiritus
1067 2784 1250 2832 autem
1275 2776 1531 2831 viviﬁcat.
1574 2797 1591 2828 ι
1627 2774 1762 2830 Nam
1804 2791 1903 2844 per
1939 2791 2158 2830 carnem
2263 2780 2519 2848 glorietur
2541 2780 2594 2834 in
2623 2779 2728 2834 ﬁde
2751 2794 2868 2843 sua,
2896 2793 3014 2848 qua:
3043 2793 3076 2832 a
3099 2793 3156 2834 se
3177 2792 3288 2832 non
3309 2787 3408 2842 est,
3428 2778 3573 2847 quasi
3591 2780 3862 2848 propria,

571 2871 794 2942 spiritus
821 2870 1020 2941 aliquid
1047 2885 1148 2940 pro
1182 2868 1355 2924 salute
1377 2877 1560 2923 nostra
1588 2868 1717 2938 egit.
1743 2866 1883 2922 Caro
1908 2883 2003 2923 vas
2024 2866 2153 2933 fuit,
2263 2873 2355 2928 sed
2385 2888 2414 2926 a
2445 2873 2556 2928 Deo
2586 2874 2732 2938 data,
2763 2873 2918 2942 quasi
2947 2879 3119 2942 grata.

575 2963 715 3032 quod
737 2962 993 3028 habebat,
1023 2976 1123 3032 per
1147 2977 1310 3031 quam
1335 2960 1559 3030 spiritus
1587 2959 1817 3014 salvavit
1850 2973 1967 3022 nos,
2003 2950 2159 3014 utens
2342 2984 2360 3016 (
2396 2965 2476 3020 Ex
2504 2966 2608 3020 hoc
2632 2966 2786 3020 multi
2816 2965 3199 3036 discipulorum
3230 2964 3347 3033 ejus
3388 2965 3639 3019 abierunt
3670 2974 3854 3024 retro.

571 3068 778 3124 organo
803 3052 983 3108 carnis
1009 3052 1077 3104 ad
1100 3051 1328 3106 salutem
1357 3049 1578 3103 humani
1604 3048 1818 3118 generis
1850 3064 1862 3100 :
1897 3047 2021 3116 quia
2045 3047 2159 3102 dia-
2267 3078 2285 3108 ‹
2325 3066 2379 3112 et
2397 3058 2510 3127 jam
2536 3073 2646 3112 non
2673 3072 2794 3113 cum
2817 3057 2909 3112 illo
2935 3057 3300 3113 ambulabant.
3334 3078 3352 3110 ι
3387 3057 3658 3112 Abierunt
3687 3066 3852 3118 retro,

575 3146 729 3202 holus
761 3145 1015 3200 utebatur
1041 3150 1290 3212 serpenw
1321 3140 1476 3211 (1033i
1505 3155 1707 3211 organo
1743 3139 1810 3192 ad
1849 3139 2160 3194 ειιὺνθνδίο·
2188 3196 2230 3218 η
2263 3165 2368 3203 non
2390 3157 2510 3218 post
2541 3147 2836 3211 Christum,
2862 3149 2952 3203 sed
2984 3158 3104 3218 post
3133 3148 3414 3203 Satanam.
3441 3149 3539 3202 lsti
3569 3159 3758 3204 autem
3783 3151 3849 3202 sir-

575 3196 726 3202 m-“
1049 3196 1090 3198 η
1132 3196 1152 3212 .
1338 3196 1353 3211 .
1569 3196 1597 3211 υ
2263 3196 2368 3203 -.νη
2391 3196 2510 3218 ιη--
2862 3196 2952 3203 ----
2984 3196 3104 3218 ..νυ
3135 3196 3414 3203 mm”...-
3446 3196 3539 3202 ----
3570 3196 3758 3204 ww--—
3783 3196 3842 3202 υ.

572 3253 698 3292 nem
731 3234 892 3306 primi
921 3233 1163 3305 parentis
1199 3231 1391 3287 nostri.
1431 3253 1448 3284 ι
1489 3230 1722 3300 Spiritus
1753 3237 1838 3285 est
1865 3228 1958 3299 qui
1985 3228 2155 3282 viviﬁ~
2186 3196 2230 3258 Ο
2261 3237 2542 3293 redierunt
2569 3247 2736 3302 retro,
2765 3239 3036 3307 quomodo
3062 3239 3274 3307 praecisi
3302 3255 3330 3292 a
3360 3254 3592 3309 corpore
3625 3239 3849 3298 Christi.

575 3337 681 3394 cat,
715 3343 842 3383 caro
871 3334 1053 3382 autem
1087 3341 1194 3380 non
1227 3323 1447 3395 prodest
1483 3323 1796 3394 quidquam,
1851 3342 1869 3371 ι
1907 3321 2047 3376 sicut
2083 3319 2158 3374 illi
2259 3342 2361 3382 nec
2389 3326 2532 3382 ultra
2565 3327 2851 3382 redeuntes
2894 3328 2964 3382 ad
3009 3343 3133 3382 eum
3160 3369 3174 3394 ,
3221 3329 3348 3398 quia
3394 3329 3487 3384 ﬁxi
3539 3329 3776 3383 ﬁdeliter
3805 3331 3848 3382 in

572 3419 954 3474 intellexerunt
982 3431 1203 3472 carnem
1228 3457 1242 3482 ,
1286 3431 1392 3471 non
1438 3415 1575 3470 sicut
1602 3429 1700 3485 ego
1737 3415 1804 3468 do
1829 3414 1895 3468 ad
1925 3412 2154 3468 mandu-
2259 3431 2486 3488 corpore
2506 3415 2623 3486 ejus
2649 3431 2758 3472 non
2781 3415 3031 3482 fuerunt;
3060 3426 3116 3471 et
3143 3417 3197 3472 hi
3225 3433 3333 3474 non
3352 3419 3539 3488 pauci,
3565 3418 3664 3473 sed
3686 3418 3846 3472 multi.

571 3512 801 3566 randum
824 3525 1000 3566 meam
1029 3507 2012 3576 carnem.Proindc:«Verba,inquit,
2038 3521 2158 3576 quae
2257 3509 2555 3565 Audiamus
2582 3524 2712 3580 ergo
2745 3509 2889 3580 quod
2926 3508 2994 3564 ad
3016 3525 3217 3580 paucos
3255 3510 3481 3577 dixerit,
3515 3511 3611 3580 qui
3639 3527 3847 3566 reman-

577 3621 594 3652 ι
625 3617 724 3672 ego
764 3601 972 3656 locutus
1026 3616 1146 3655 sunt
1194 3599 1370 3664 vobis,
1422 3599 1642 3668 spiritus
1692 3607 1746 3652 et
1797 3598 1907 3652 vita
1953 3607 2100 3653 sunt.
2132 3616 2151 3650 I
2260 3608 2466 3654 serunt.
3433 3602 3446 3612 '

573 3693 818 3748 Diximus
839 3693 983 3746 enim
1013 3691 1116 3746 hoc
1145 3690 1429 3746 Dominum
1473 3688 1881 3744 commendasse
1916 3690 1970 3743 in
2007 3705 2159 3743 man-
2337 3709 2354 3740 ε
2395 3689 2541 3745 Dixit
2568 3705 2698 3763 ergo
2737 3691 2894 3748 Iesus
2929 3693 2994 3748 ad
3025 3693 3346 3748 duodecim:
3375 3692 3635 3764 Nunquid
3673 3704 3731 3750 et
3767 3708 3849 3747 vos

572 3784 860 3840 ducatione
898 3783 1080 3838 carnis
1109 3797 1220 3837 sua:
1249 3790 1307 3836 et
1332 3782 1610 3851 potatione
1639 3782 1916 3851 sanguinis
1943 3783 2064 3848 sui,
2101 3790 2159 3836 ut
2265 3799 2283 3832 ‹
2317 3781 2478 3837 vultis
2504 3782 2687 3838 abire?
2719 3803 2738 3834 ι
2775 3782 2892 3838 Νοη
2924 3784 3172 3840 discessit
3209 3793 3336 3840 tunc
3361 3783 3528 3840 Iudas
3549 3827 3565 3850 ,
3597 3787 3698 3840 sed
3736 3786 3846 3854 quia

570 3878 627 3930 in
661 3875 751 3930 illo
782 3890 1096 3931 maneamus
1123 3884 1181 3930 et
1206 3874 1322 3944 ipse
1361 3876 1412 3929 in
1459 3875 1636 3930 nobis.
1671 3874 1950 3930 Manemus
1977 3884 2157 3930 autem
2260 3873 2576 3928 remanebat
2597 3889 2720 3929 cum
2749 3875 3010 3941 Domino,
3037 3878 3148 3947 jam
3184 3892 3291 3932 non
3323 3879 3645 3948 apparebat,
3675 3888 3846 3948 postea

574 3971 626 4024 in
657 3969 749 4024 illo
777 3985 898 4024 cum
943 3983 1129 4023 sumus
1168 3967 1410 4023 membra
1445 3965 1591 4036 ejus,
1623 3977 1808 4022 manet
1835 3976 2016 4021 autem
2043 3967 2158 4037 ipse
2257 3964 2635 4021 manifestatus
2676 3977 2779 4022 est.
2838 3967 3136 4039 Respondit
3177 3969 3371 4024 Petrus
3409 3984 3510 4038 pro
3560 3972 3846 4028 omnibus.

571 4063 627 4117 in
658 4062 813 4117 nobis
840 4077 962 4117 cum
993 4077 1178 4116 sumus
1212 4060 1469 4131 templum
1500 4061 1635 4131 ejus.
1668 4059 1740 4116 Ut
1767 4068 1946 4116 autem
1989 4059 2158 4114 simus
2256 4073 2397 4112 unus
2441 4075 2540 4130 pro
2590 4061 2805 4127 multis,
2856 4062 3034 4117 unitas
3077 4077 3176 4132 pro
3230 4061 3518 4117 universis.
3569 4061 3664 4116 Ait
3717 4063 3844 4116 enim

572 4154 815 4208 membra
844 4153 980 4223 ejus,
1012 4153 1190 4207 unitas
1213 4167 1311 4208 nos
1333 4151 1700 4222 compaginat;
1730 4161 1789 4206 ut
1817 4152 2160 4220 compaginet
2260 4151 2588 4221 evangelista
2615 4171 2628 4206 :

573 4244 772 4307 unitas,
787 4244 915 4313 quid
935 4242 1082 4307 facit,
1112 4243 1217 4298 nisi
1241 4244 1481 4298 charitas
1506 4241 1638 4296 Dei?
1663 4241 1814 4297 Unde
1834 4241 2152 4312 Apostolus:
2333 4262 2352 4294 ι
2388 4242 2687 4314 Respondit
2734 4262 2862 4318 ergo
2904 4247 2952 4301 ci
2988 4245 3176 4302 Simon
3215 4245 3449 4301 Petrus:
3488 4246 3762 4314 Domine,
3791 4248 3844 4299 ad

577 4357 594 4387 ι
623 4335 894 4401 Charitas,
927 4336 1118 4406 inquit,
1149 4335 1245 4390 Dei
1275 4333 1466 4389 diﬁ‘usa
1494 4341 1576 4389 est
1600 4334 1654 4387 in
1676 4332 1928 4388 cordibus
1957 4333 2157 4388 nostris
2263 4353 2281 4386 ι
2311 4351 2471 4406 quem
2499 4338 2731 4395 ibimus?
2762 4360 2780 4392 ι
2820 4339 2985 4406 Quasi
3012 4339 3156 4394 dicat
3183 4357 3196 4393 :
3226 4337 3464 4408 Repellis
3491 4354 3595 4394 nos
3617 4356 3649 4393 a
3677 4342 3770 4395 te?
3790 4341 3844 4392 da

569 4441 667 4497 per
691 4427 950 4497 Spiritum
975 4424 1349 4495 sanctum,qui
1374 4424 1530 4479 datus
1558 4431 1642 4479 est
1658 4423 1814 4478 nobis
1833 4421 2009 4490 (Rom.
2027 4421 2104 4494 v).
2129 4441 2149 4475 ι
2256 4428 2412 4485 nobis
2439 4429 2667 4484 alterum
2696 4431 2930 4486 similem
2957 4440 3028 4494 te,
3061 4431 3129 4486 ad
3161 4444 3324 4500 quem
3346 4429 3550 4484 ibimus
3568 4471 3584 4496 ,
3615 4430 3665 4484 si
3695 4439 3750 4486 te
3768 4445 3844 4487 re.

573 4521 712 4590 Ergo
729 4519 952 4589 spiritus
972 4517 1163 4588 estqui
1188 4515 1446 4582 viviﬁcat,
1473 4515 1694 4586 spiritus
1711 4515 1852 4569 enim
1877 4514 2009 4570 facit
2033 4516 2151 4570 viva
2177 4568 2231 4628 Β
2255 4517 2584 4590 linquimus?
2612 4519 2669 4576 Si
2701 4536 2730 4575 a
2758 4530 2811 4576 te
2849 4521 3180 4587 recedimus,
3213 4539 3232 4571 ι
3265 4521 3332 4575 ad
3358 4535 3521 4590 quem
3550 4519 3794 4575 ibimus?
3826 4541 3839 4571 I

636 4627 642 4628 .
714 4612 726 4628 I
756 4626 801 4628 ην-
868 4609 908 4628 lt
933 4627 936 4628 .
959 4625 970 4628 Α
1004 4609 1117 4628 με-.-
1156 4608 1387 4628 -,-,..-1,,,,
1429 4608 1645 4628 ,,,ε,,ε.,,,
1693 4607 1817 4628 ρ.,ξ.
1903 4608 2002 4628 ,,ε,ε
2037 4623 2147 4628 ,μμ
2341 4627 2350 4628 κ
2386 4607 2552 4628 17-ᾼ1»-
2593 4610 2708 4628 μ-ἓιη
2751 4620 2837 4628 an-
2863 4626 2871 4628 ξ
2894 4625 2950 4628 κη
2998 4609 3163 4628 ΙνΑΙμ--
3275 4609 3458 4628 ἰτελλιμ
3501 4624 3684 4628 ___-.---
3718 4612 3732 4628 Ι
3799 4627 3810 4628 κ

571 4612 829 4666 membra.
863 4609 978 4665 Nec
1004 4609 1126 4664 viva
1155 4608 1394 4664 membra
1427 4608 1648 4678 spiritus
1693 4607 1856 4673 facit,
1903 4608 2003 4661 nisi
2031 4623 2151 4677 qua:
2184 4607 2229 4628 ν
2333 4627 2351 4658 ‹
2386 4607 2562 4664 Verba
2593 4610 2717 4665 vitae
2744 4620 2961 4665 aeternae
2998 4609 3185 4665 habes.
3222 4630 3238 4660 ι
3275 4609 3466 4664 Videte
3493 4612 3841 4678 quemadmo-

571 4703 622 4755 in
647 4718 894 4772 corpore,
915 4701 1059 4773 quod
1096 4709 1310 4773 vegetat
1333 4701 1446 4770 ipse
1475 4699 1726 4770 spiritus,
1758 4701 1979 4756 invenit.
2016 4699 2150 4754 Nam
2255 4697 2382 4752 dum
2407 4698 2599 4753 Petrus
2629 4700 2790 4754 dante
2814 4700 3060 4764 Domino,
3085 4708 3371 4755 recreante
3399 4697 3610 4769 Spiritu
3641 4709 3842 4762 sancto.

570 4797 791 4866 spiritus
809 4797 900 4867 qui
934 4805 1019 4852 est
1045 4797 1100 4850 in
1125 4803 1196 4860 te,
1227 4810 1260 4850 ο
1293 4795 1488 4860 homo,
1525 4809 1632 4865 quo
1665 4803 1884 4850 constas
1911 4803 1971 4849 ut
1991 4793 2153 4848 homo
2258 4788 2538 4844 intellexit.
2576 4789 2762 4856 Unde,
2804 4791 2908 4845 nisi
2941 4791 3068 4861 quia
3093 4791 3324 4846 credidit
3349 4793 3520 4847 verba
3546 4792 3680 4847 vita
3703 4802 3845 4848 teter-

571 4887 685 4952 sis,
727 4887 970 4956 nunquid
1001 4887 1236 4942 viviﬁcat
1273 4887 1608 4952 membrum,
1652 4887 1796 4957 quod
1842 4893 2152 4956 separatum
2256 4879 2372 4933 nte?
2408 4878 2588 4934 Vitam
2637 4883 2782 4936 enim
2826 4891 3088 4937 aeternam
3135 4881 3306 4937 habes
3350 4881 3405 4936 in
3449 4881 3842 4938 ministratione

573 4978 839 5033 invenerit
864 4993 895 5031 a
925 4992 1088 5032 carne
1118 4977 1246 5032 tua?
1272 4977 1533 5048 Spiritum
1577 4987 1729 5032 tuum
1767 4977 1887 5032 dico
1917 4977 2152 5030 animam
2257 4971 2502 5039 corporis
2532 4979 2586 5026 et
2611 4973 2888 5044 sanguinis
2918 4973 3016 5027 tui.

572 5081 740 5126 luant.
769 5071 962 5125 Anima
1002 5078 1092 5125 tua
1134 5086 1239 5127 non
1279 5070 1546 5135 viviﬁcat,
1594 5071 1694 5125 nisi
1746 5069 1988 5125 membra
2037 5084 2156 5137 qum
2335 5083 2352 5114 ι
2386 5063 2453 5117 El
2475 5079 2573 5119 n08
2595 5066 2890 5131 credimus,
2919 5067 3048 5136 (illia
3084 5065 3460 5136 COSIIOVimllS-
3485 5063 3646 5121 »Νοη
3675 5066 3839 5121 dixil?

571 5164 773 5219 suntin
798 5179 960 5219 carne
989 5171 1079 5219 tua
1107 5181 1119 5218 :
1147 5179 1314 5220 unum
1343 5165 1388 5219 si
1420 5163 1583 5228 tollis,
1612 5161 1726 5231 jam
1762 5176 1829 5216 ex
1861 5161 2040 5215 anima
2067 5170 2154 5215 tua
2257 5150 2367 5208 N08
2393 5155 2747 5224 COSHOVimUS
2771 5166 2827 5212 θῑ
2849 5157 3158 5224 credimus.
3185 5158 3282 5214 sed
3312 5174 3331 5208 ι
3369 5157 3649 5213 οηάίηιυε
3676 5168 3844 5212 eim-

572 5272 678 5312 non
721 5257 1044 5325 viviﬁcatur,
1077 5259 1205 5330 quia
1234 5257 1430 5313 unitati
1459 5255 1702 5325 corporis
1738 5254 1817 5308 tui
1855 5269 1961 5308 non
1993 5269 2157 5324 c0pu-
2258 5250 2562 5320 gnovimus.
2593 5270 2612 5302 ι
2649 5249 2931 5307 Credimus
2953 5252 3098 5307 enim
3127 5261 3187 5306 ut
3215 5265 3691 5323 cognosceremus.
3723 5250 3843 5305 Nam

568 5350 730 5405 latur.
763 5348 890 5404 Haec
921 5349 1172 5406 dicuntur
1204 5359 1264 5404 ut
1295 5362 1540 5403 amemus
1570 5347 1835 5401 unitatem
1869 5356 1926 5402 et
1961 5347 2151 5402 timea-
2261 5341 2306 5396 Si
2335 5340 2484 5410 Prius
2514 5355 2838 5412 cognoscere
2863 5351 2918 5398 θῐ
2943 5342 3137 5399 deinde
3164 5344 3387 5398 credere
3427 5341 3698 5398 vellemus
3717 5383 3733 5407 .
3761 5358 3842 5396 υθέ

567 5457 689 5497 mus
723 5441 1136 5513 separationem.
1178 5440 1324 5495 Nihil
1366 5438 1511 5494 enim
1552 5439 1631 5493 sic
1665 5439 1825 5494 debet
1860 5439 2152 5496 formidare
2258 5448 2584 5504 cognoscere
2619 5449 2720 5490 nec
2757 5434 2983 5491 credere
3008 5435 3334 5490 valeremns.
3368 5434 3511 5500 Quid
3545 5435 3844 5494 credimus,

565 5531 909 5589 Christianus
953 5549 1115 5604 quam
1163 5531 1404 5601 separari
1457 5546 1488 5586 a
1542 5545 1767 5603 corpore
1813 5531 2040 5588 Christi.
2091 5533 2118 5587 Ε

2293 5525 2342 5579 el
2386 5524 2516 5594 quid
2545 5525 2931 5595 cognovimus?
2972 5545 2991 5578 ι
3030 5523 3168 5592 Quia
3211 5534 3269 5579 tu
3311 5539 3373 5580 es
3411 5524 3666 5580 Christus
3689 5523 3845 5579 Filius

565 5625 711 5680 enim
739 5633 1024 5695 separatur
1051 5640 1082 5678 a
1102 5638 1330 5694 corpore
1350 5621 1574 5690 Christi,
1603 5640 1710 5680 non
1738 5634 1822 5681 est
1846 5629 2118 5683 membrun

2294 5615 2372 5670 Dei.
2407 5635 2426 5667 ι
2459 5615 2516 5670 ld
2543 5624 2645 5680 est,
2675 5616 2801 5685 quia
2831 5618 2947 5686 ipsa
2974 5617 3087 5672 vita
3111 5629 3314 5672 aeterna
3343 5625 3399 5672 tu
3431 5631 3515 5681 es,
3533 5626 3589 5672 et
3621 5632 3730 5671 non
3761 5616 3847 5670 das

567 5715 715 5785 ejus;
749 5717 796 5772 si
840 5725 926 5772 est
967 5715 1272 5771 membrum
1314 5713 1463 5785 ejus,
1513 5731 1618 5771 non
1646 5725 1926 5788 vegetatur
1956 5718 2146 5787 spiritu
2258 5709 2310 5762 in
2340 5724 2505 5765 carne
2535 5719 2591 5766 et
2614 5712 2875 5781 sanguine
2899 5721 2994 5767 tuo
3018 5711 3121 5766 nisi
3153 5711 3296 5781 quod
3322 5725 3399 5766 es.

567 5807 704 5878 ejus.
737 5828 756 5860 ι
793 5807 1048 5878 Quisquis
1073 5816 1282 5877 autem,
1324 5809 1498 5881 inquit
1534 5808 1852 5882 Apostolus,
1899 5811 2149 5881 spiritum
2336 5827 2353 5859 ι
2381 5807 2677 5880 Respondit
2703 5806 2861 5864 Jesus
2883 5825 2898 5863 :
2923 5806 3113 5865 Nonne
3139 5822 3241 5895 ego
3266 5822 3360 5862 vos
3384 5804 3674 5862 duodecim
3697 5806 3843 5872 elegi,
