3994 6354
63 449 198 508 3.55
1317 452 1624 542 HOMlLl/E
1659 452 1751 508 DE
1788 452 2135 511 TEMPORE.
3271 459 3378 516 554

71 587 94 620 ι
133 577 207 624 et
238 583 387 623 unus
419 583 487 623 ex
509 567 662 622 vobis
702 569 948 625 diabolus
977 571 1101 626 est?
1146 570 1372 627 Dicebat
1404 579 1584 626 autem
1624 569 1691 626 de
1715 571 1770 633 Α
1792 583 1824 624 a
1851 561 2048 639 p0pulo
2085 568 2440 639 accipiebant,
2459 580 2616 628 nocte
2639 571 2712 629 ibi
2732 571 3124 628 consumebant
3149 579 3205 626 et
3229 585 3379 628 com-

72 677 99 712 ι
140 658 303 715 Juda
334 658 572 715 Simonis
593 658 911 717 Scariothis.
940 661 1040 717 Hic
1065 663 1208 717 enim
1233 672 1352 718 erat
1374 678 1496 717 eum
1522 661 1691 717 tradi—
1793 663 2047 718 edebant.
2080 661 2177 718 Vel
2225 673 2373 719 certe
2421 663 2543 720 ideo
2585 667 2775 720 domus
2805 667 2981 720 bucca:
3004 665 3090 722 vel
3121 665 3372 721 maxilla-

76 772 95 805 ι
145 762 356 818 turus,
389 766 510 806 cum
555 759 698 808 esset
739 769 879 808 unus
916 767 983 808 ex
1023 753 1325 809 duodecim.
1370 770 1390 805 ι
1428 751 1580 808 Unus
1623 767 1687 807 ex
1793 743 1928 807 rum'
1946 753 2370 824 interpretatur,
2399 753 2524 823 quia
2571 757 2882 811 sacerdotes
2931 755 3130 811 ibidem
3170 755 3374 827 jugiter

73 846 387 902 duodecim
415 853 555 908 erat,
591 859 699 898 non
722 843 857 909 ﬁde,
886 844 979 899 sed
1009 858 1266 908 numero;
1297 858 1406 898 non
1437 843 1685 908 veritate,
1791 845 1963 916 legem
1979 846 2191 902 Domini
2213 848 2377 903 corde
2401 847 2805 902 meditabantur
2825 857 2990 904 etore
3005 847 3372 906 ruminabant.

72 938 182 993 sed
239 936 604 993 simulatione.
655 934 762 989 Sed
803 933 1072 1004 quomodo
1116 933 1522 1005 intelligendum
1563 940 1684 988 est:
1790 936 1926 992 Cum
1946 954 2077 1010 ergo
2096 939 2355 995 Dominus
2375 940 2445 995 ad
2466 939 2610 994 hunc
2633 947 2875 995 montem
2897 939 3092 997 Oliveti
3115 941 3375 1009 venisset,

78 1050 98 1079 ι
143 1027 352 1084 Nonne
375 1041 474 1098 ego
501 1041 597 1080 vos
627 1025 909 1081 duodecim
937 1024 1092 1096 elegi,
1128 1043 1146 1077 ι
1176 1024 1304 1079 dum
1331 1023 1421 1079 ille
1447 1039 1606 1089 unus,
1635 1023 1690 1079 id
1790 1036 1847 1083 et
1882 1028 1950 1082 ad
1980 1028 2126 1084 hunc
2155 1029 2393 1085 viculum
2422 1029 2767 1100 Bethpbage:

73 1128 171 1174 est
217 1117 368 1173 ﬁlius
403 1115 601 1172 diaboli
627 1115 827 1171 dicitur
851 1131 973 1170 esse
993 1155 1009 1181 ,
1041 1115 1146 1170 nisi
1185 1113 1311 1184 quia
1351 1113 1508 1170 aliter
1531 1112 1687 1168 electi
1865 1136 1885 1170 ι
1915 1116 2061 1173 Misit
2085 1119 2220 1174 duos
2247 1118 2540 1190 discipulos
2564 1159 2580 1184 ,
2611 1118 2799 1175 dicens
2844 1119 2924 1174 eis
2955 1136 2967 1172 :
2999 1118 3075 1175 Ite
3105 1119 3158 1174 in
3184 1121 3379 1178 castel-

75 1221 222 1266 sunt
247 1211 328 1266 illi
350 1210 600 1266 undecim
621 1251 634 1275 ,
664 1209 821 1265 aliter
845 1217 900 1265 et
924 1209 1012 1265 ille
1038 1209 1218 1263 unus?
1256 1208 1425 1263 Electi
1455 1217 1582 1263 sunt
1611 1206 1688 1262 illi
1794 1227 1814 1260 ι
1855 1208 1966 1263 lum
2006 1209 2152 1280 quod
2180 1218 2369 1265 contra
2403 1224 2502 1265 vos
2540 1217 2642 1265 est.
2687 1228 2706 1262 ›
2747 1207 3041 1264 Castellum
3073 1210 3380 1280 dcspective

77 1312 146 1357 ut
172 1311 468 1359 manerent
486 1302 543 1359 in
556 1300 794 1368 Christo,
813 1311 943 1357 etut
967 1317 1133 1356 sonus
1161 1299 1374 1355 illorum
1399 1300 1573 1356 exiret
1592 1314 1688 1369 per
1788 1298 2078 1370 appellavit
2111 1298 2430 1357 Jerusalem.
2456 1299 2586 1367 Quae
2622 1299 2768 1356 enim
2797 1308 2956 1356 antea
2987 1299 3178 1355 civitas
3197 1301 3379 1372 magni

72 1393 286 1448 orbem
317 1401 586 1448 terrarum
616 1409 628 1444 :
659 1391 865 1448 electus
891 1400 977 1448 est
1005 1391 1096 1447 ille
1125 1407 1285 1456 unus,
1317 1399 1377 1445 ut
1403 1390 1683 1461 dispensa-
1789 1389 1932 1462 regis
1960 1388 2368 1461 appellabatur;
2380 1399 2438 1447 et
2461 1391 2593 1446 urbs
2633 1399 2843 1456 sancta,
2879 1390 3242 1460 postmodum,
3273 1391 3379 1446 im-

74 1483 164 1538 tio
203 1482 404 1538 divina:
450 1481 836 1538 misericordiae
883 1483 938 1537 in
988 1482 1160 1538 salute
1204 1482 1425 1537 humani
1472 1483 1687 1552 generis
1786 1481 2028 1536 minente
2048 1491 2292 1551 tempore
2319 1482 2613 1538 Dominicae
2634 1481 2924 1552 passionis,
2947 1480 3073 1551 quia
3090 1479 3380 1538 Dominum

73 1575 412 1645 impleretur
449 1589 550 1645 per
586 1591 712 1630 eum
741 1592 754 1628 :
782 1576 924 1631 unde
961 1575 1179 1633 bonitas
1216 1575 1314 1630 Dei
1349 1575 1490 1632 bene
1516 1575 1688 1630 utitur
1786 1578 1904 1626 erat
1947 1570 2319 1638 interfectum,
2356 1587 2462 1627 non
2507 1571 2620 1642 jam
2664 1572 2898 1638 civitas',
2953 1573 3045 1628 sed
3096 1572 3379 1628 castellum

72 1666 304 1722 malitia
331 1667 464 1738 ejus.
499 1665 652 1721 Sicut
689 1667 744 1720 in
784 1667 1095 1723 venditione
1135 1665 1336 1736 Joseph
1374 1666 1512 1722 bene
1556 1682 1686 1722 usus
1786 1661 2090 1731 despective
2119 1670 2477 1732 nuncupatur.
2514 1663 2590 1717 De
2626 1677 2733 1732 quo
2760 1661 2899 1717 bene
2929 1662 3146 1727 dicitur,
3182 1679 3202 1713 α
3234 1661 3381 1731 quod

69 1767 171 1813 est
198 1759 345 1814 Deus
371 1757 576 1813 malitia
603 1757 834 1813 fratrum
854 1800 868 1825 ,
911 1767 973 1813 ut
999 1773 1064 1814 ex
1101 1774 1265 1828 opere
1306 1757 1446 1813 malo
1471 1757 1685 1813 illorum
1787 1762 1868 1809 est
1889 1763 2078 1808 contra
2107 1768 2227 1820 vos,
2261 1772 2280 1806 ι
2314 1754 2442 1824 quia
2471 1763 2527 1809 et
2553 1753 2814 1810 doctrinae
2843 1753 3068 1818 Christi,
3099 1761 3158 1807 et
3181 1752 3382 1809 doctri-

67 1853 310 1907 bonitas
346 1851 442 1908 Dei
471 1853 849 1908 ostenderetur
879 1853 932 1906 in
972 1852 1202 1908 salutem
1237 1851 1569 1908 multorum:
1605 1853 1687 1908 sic
1787 1859 1871 1898 me
1918 1844 2287 1915 apostolorum
2340 1845 2613 1900 contraria
2668 1845 2957 1902 existebat.
3012 1843 3380 1914 Spiritualiter

69 1942 295 1997 malum
325 1942 474 1999 Judaa
519 1944 576 1998 in
610 1943 810 1998 bonum
851 1959 1068 1999 versum
1098 1951 1182 1999 est
1222 1953 1489 1998 nostrum.
1528 1941 1680 2011 Quod
1709 1931 1760 1992 B
1788 1936 2103 2009 Bethphage
2133 1937 2401 2008 signiﬁcat
2425 1930 2726 1993 Ecclesiam
2759 1937 3112 2008 primitivam.
3151 1939 3221 1994 Et
3242 1939 3381 1995 bene

70 2036 224 2090 facit
246 2036 419 2092 malus
438 2036 580 2092 male
599 2036 800 2092 utendo
822 2037 978 2092 bonis
1000 2037 1116 2102 Dei,
1134 2036 1236 2092 sibi
1261 2047 1436 2100 nocet,
1454 2053 1562 2092 non
1581 2038 1679 2094 bo-

67 2127 320 2182 nitatem
346 2127 440 2181 Dei
464 2126 746 2184 destruere
774 2128 996 2199 polerit.
1039 2127 1220 2196 Quare
1263 2128 1550 2184 duodecim
1577 2131 1685 2186 ele-

66 2216 165 2286 git
200 2215 489 2273 Christus?
537 2217 913 2274 Duodenarius
962 2234 1220 2274 numerus
1280 2229 1528 2276 sacratus
1577 2231 1679 2277 est.

67 2306 206 2362 Non
241 2310 388 2363 enim
421 2309 546 2378 quia
573 2309 736 2378 periit
763 2309 887 2363 inde
915 2325 1056 2365 unus
1077 2349 1093 2374 ,
1124 2309 1246 2364 ideo
1288 2310 1430 2366 illius
1473 2312 1683 2367 numeri

67 2399 268 2453 honor
292 2398 575 2469 ademptus
591 2408 693 2463 est,
718 2415 844 2454 nam
867 2400 920 2454 in
947 2399 1067 2454 loco
1095 2403 1374 2470 pereuntis
1398 2401 1533 2456 alius
1554 2402 1682 2457 sub-

69 2498 315 2562 rogatus
338 2499 442 2545 est.
476 2489 671 2546 Mansit
700 2506 958 2546 numerus
1005 2501 1384 2558 consecratus,
1429 2509 1686 2549 numerus

64 2582 497 2638 ‘duodcnarius:
529 2583 656 2652 quia
689 2597 788 2651 per
824 2581 1139 2636 universum
1173 2583 1362 2638 orbem
1388 2623 1403 2648 ,
1437 2585 1539 2638 hoc
1566 2593 1682 2648 est,

75 2692 185 2747 per
218 2683 452 2744 quatuor
470 2675 720 2730 cardines
753 2675 937 2730 mundi
963 2716 978 2740 ,
1007 2675 1328 2732 Trinitatem
1355 2675 1570 2730 fuerant
1589 2691 1685 2730 an-

82 2767 412 2821 nuntiaturi.
441 2764 568 2820 Ideo
597 2767 846 2835 quaterni
887 2765 1046 2820 electi
1082 2775 1227 2829 sunt,
1257 2775 1317 2819 ut
1343 2775 1532 2822 sancta
1564 2766 1684 2820 Tri-

80 2859 236 2912 nitas
257 2873 352 2928 per
376 2867 609 2928 quatuor
629 2864 812 2927 partes
836 2857 985 2912 orbis
1013 2855 1414 2927 praedicaretur.
1460 2855 1594 2910 Nam
1627 2865 1681 2912 et

84 2963 268 3002 annus
291 2948 621 3004 duodenario
648 2962 876 3003 numero
901 2947 1078 3003 currit
1103 2987 1119 3012 ,
1150 2955 1204 3002 et
1232 2947 1369 3002 ordo
1398 2946 1678 3018 signorum

87 3042 146 3095 in
192 3038 382 3103 caelis,
432 3054 530 3109 per
576 3054 694 3108 quae
741 3039 820 3094 sol
863 3046 920 3094 et
949 3039 1077 3093 luna
1111 3052 1332 3093 currere
1361 3045 1678 3103 noscuntur,

89 3130 424 3186 duodenario
472 3143 697 3184 numero
739 3129 1108 3199 distinguitur.
1157 3127 1280 3183 Ideo
1315 3129 1419 3184 hoc
1454 3143 1680 3183 numero

86 3223 302 3294 primos
345 3220 728 3292 praedicatores
773 3219 1034 3276 Dominus
1082 3218 1334 3274 Christus
1377 3217 1576 3272 direxit
1624 3218 1677 3270 in

1783 2028 2099 2108 Dethphage
2144 2029 2296 2083 vicus
2358 2028 2413 2082 in
2463 2038 2650 2084 monte
2697 2029 2906 2098 positus
2961 2029 3199 2095 dicitur,
3251 2030 3378 2100 quia

1785 2120 1962 2174 omnis
1990 2119 2234 2175 Ecclesia
2258 2118 2460 2174 Christi
2484 2119 2537 2174 in
2565 2127 2748 2173 monte
2773 2119 3041 2184 consistit,
3067 2121 3171 2175 hoc
3195 2129 3298 2186 est,
3324 2121 3379 2175 in

1783 2211 2022 2268 Christo.
2041 2211 2195 2267 Unde
2217 2227 2315 2281 per
2334 2211 2657 2280 prophetam
2680 2210 2915 2266 dicitur:
2939 2209 3180 2276 «Venite,
3195 2225 3380 2266 ascen-

1785 2306 1976 2360 damus
1988 2290 2057 2359 ad
2075 2313 2316 2359 montem
2340 2303 2586 2368 Domini,
2621 2322 2641 2355 ι
2666 2309 2771 2358 etc.
2801 2302 2987 2373 (Miclt.
3021 2301 3120 2373 IV.)
3148 2303 3216 2357 Et
3239 2303 3378 2358 bene

1785 2396 1948 2450 etiam
1996 2395 2052 2448 in
2112 2394 2282 2448 latere
2330 2393 2532 2448 montis
2576 2394 2783 2463 positus
2831 2408 2951 2448 esse
3007 2393 3228 2458 dicitur,
3251 2393 3379 2462 quia

1785 2488 2038 2544 videlicet
2074 2502 2142 2542 ex
2178 2486 2391 2543 Domini
2433 2486 2602 2542 latere
2644 2487 2925 2557 praecessit
2955 2487 3296 2542 consecratio
3325 2496 3382 2542 et

1787 2579 2088 2649 redemptio
2113 2579 2402 2650 primitivae
2441 2577 2717 2634 Ecclesiae.
2765 2577 3020 2650 Legimus
3063 2577 3208 2633 enim
3251 2593 3377 2633 cum

1786 2671 2048 2727 Dominus
2075 2671 2130 2726 in
2157 2686 2319 2727 cruce
2339 2671 2548 2741 positus
2569 2678 2733 2734 esset,
2758 2678 2814 2724 et
2832 2669 2946 2738 jam
2973 2671 3221 2739 spiritum
3246 2670 3380 2725 emi-

1786 2764 1970 2830 sisset,
1994 2780 2134 2819 unus
2159 2780 2228 2819 ex
2249 2763 2512 2818 militibus
2535 2762 2720 2818 lancea
2749 2762 2894 2817 latus
2921 2761 3039 2831 ejus
3064 2763 3295 2833 aperuit,
3326 2772 3379 2818 et

1785 2855 2042 2909 continuo
2075 2854 2245 2908 exivit
2272 2854 2494 2922 sanguis
2520 2861 2576 2908 et
2611 2868 2769 2923 aqua.
2802 2854 2920 2922 Quo
2960 2856 3223 2926 sanguine
3250 2871 3378 2910 san-

1785 2951 1870 2998 cta
1901 2944 2139 3000 Ecclesia
2173 2944 2648 3028 redimituruaqua
2679 2960 2808 3000 vero
2843 2945 3083 3015 quotidie
3119 2961 3152 3000 a
3187 2961 3379 3018 pecca-

1786 3035 1856 3090 tis
1893 3035 2147 3090 abluitur.
2179 3034 2313 3089 Cum
2341 3050 2473 3106 ergo
2510 3036 2750 3091 venisset
2775 3036 3037 3092 Dominus
3076 3051 3174 3108 per
3200 3037 3380 3093 incar-

1785 3129 2019 3185 nationis
2044 3129 2363 3200 mysterium
2406 3128 2473 3183 ad
2516 3128 2774 3198 populum
2812 3127 3118 3184 Judieorum
3167 3130 3379 3185 salvan-

1785 3220 1910 3275 dum
1938 3262 1953 3286 ,
1987 3220 2137 3275 misit
2185 3221 2320 3276 duos
2364 3219 2657 3290 discipulos
2699 3219 3018 3286 Jerusalem,
3051 3221 3154 3276 hoc
3198 3232 3284 3277 est
3319 3223 3378 3277 in

89 3285 378 3367 mundum.
406 3311 516 3366 Nec
544 3308 976 3365 numerusduda
1011 3318 1273 3378 pereunte
1300 3306 1534 3362 violatus
1560 3315 1676 3370 est,
1708 3285 1752 3346 Ο
1785 3311 1930 3366 hunc
1956 3311 2239 3375 mundum,
2273 3319 2334 3365 ut
2361 3326 2459 3365 sua
2489 3285 2872 3380 praedicatione
2901 3285 3181 3368 rebellium
3213 3314 3377 3368 corda

97 3406 200 3460 sed
233 3404 364 3460 alius
385 3419 450 3460 eo
468 3405 582 3460 loco
615 3407 963 3476 subrogatus,
996 3404 1063 3459 de
1089 3401 1244 3472 cujus
1269 3403 1479 3457 numeri
1503 3416 1685 3457 sacra-

93 3496 308 3552 tissima
334 3495 721 3567 signiﬁcatione
748 3497 865 3566 ipse
893 3493 1143 3550 Christus
1173 3495 1229 3548 in
1250 3491 1546 3563 Evangelio
1572 3493 1682 3556 ait,

90 3588 162 3643 de
203 3586 646 3642 excellentissima
684 3594 996 3642 sanctorum
1039 3585 1246 3657 gloria:
1287 3602 1306 3635 ι
1335 3582 1470 3639 Cum
1501 3590 1682 3637 autem

92 3680 297 3735 sederit
343 3678 488 3734 ﬁlius
523 3673 757 3736 hominis
794 3680 848 3734 in
869 3679 998 3735 sede
1027 3677 1327 3748 majestatis
1353 3693 1498 3743 suae,
1531 3677 1683 3732 sede-

92 3771 221 3826 bitis
238 3780 294 3826 et
325 3785 424 3827 vos
451 3786 612 3841 super
640 3772 800 3828 sedes
826 3771 1134 3838 duodecim,
1156 3769 1462 3826 iudicantes
1483 3769 1682 3825 duode-

95 3863 199 3918 cim
225 3863 397 3920 tribus
429 3863 597 3919 Israel
623 3862 843 3936 (Matth.
879 3862 1016 3935 xix).
1060 3883 1078 3914 ι

633 4003 918 4061 HOMILIA
954 4001 1135 4058 LXIII.

590 4132 845 4174 DOIINICA
870 4131 1178 4172 PALIARUI.

167 4231 407 4304 (Manu.
431 4230 573 4302 ιιι.)
591 4247 611 4281 ι
635 4231 691 4285 In
714 4229 808 4286 illo
827 4238 1091 4299 tempore,
1117 4243 1240 4283 cum
1263 4227 1682 4298 appropinquas-

106 4343 124 4377 ι
166 4334 284 4380 sent
311 4321 730 4394 Hierosolymis,
776 4330 832 4376 et
860 4321 1139 4376 venissent
1174 4319 1487 4390 Bethphage
1511 4362 1524 4384 ,
1575 4340 1592 4370 ι
1627 4329 1680 4374 et

102 4417 321 4487 reliqua.
341 4415 478 4472 Cum
509 4414 1054 4485 appropinquassent,
1072 4411 1335 4467 Dominus
1350 4409 1600 4466 videlicet
1627 4419 1682 4465 et

100 4509 320 4581 apostoli
345 4508 508 4575 illius,
524 4507 933 4578 Hierosolymis,
948 4505 1200 4562 tendebat
1219 4503 1376 4559 Jesus
1387 4504 1454 4558 ad
1477 4504 1680 4572 passio-

101 4619 241 4668 nem,
254 4603 377 4672 quia
383 4601 496 4671 jam
515 4601 752 4656 instabat
768 4584 982 4668 tempus
1002 4596 1272 4668 passionis
1285 4610 1415 4651 suae.
1433 4595 1682 4664 Quinque

101 4694 359 4765 siquidem
373 4693 490 4748 dies
511 4701 638 4747 ante
659 4689 968 4762 paschalem
994 4687 1362 4752 festivitatem,
1389 4687 1537 4742 venit
1554 4703 1675 4742 cum

100 4787 251 4842 turba
263 4787 431 4842 multa
451 4787 507 4842 in
529 4785 850 4841 Jerusalem.
876 4783 1162 4839 Posthanc
1181 4791 1360 4837 autem
1387 4781 1557 4836 vicem
1570 4796 1676 4837 non

104 4881 322 4936 recessit
350 4881 494 4946 inde,
523 4881 698 4936 donec
723 4878 797 4933 ibi
836 4886 1115 4948 pateretur
1138 4885 1194 4931 et
1229 4875 1303 4930 ibi
1351 4884 1674 4943 resurgeret.

109 4994 126 5025 ι
159 4975 237 5030 Ad
261 4984 500 5030 montem
523 4973 734 5030 Oliveti.
782 4993 800 5024 ι
836 4971 988 5027 Mons
1029 4969 1224 5027 Oliveti
1263 4984 1372 5024 non
1411 4969 1567 5040 longe
1612 4969 1680 5023 ab

102 5067 390 5124 Jerusalem
417 5077 566 5134 erat,
615 5067 709 5122 sed
757 5066 921 5122 distat
949 5065 1111 5135 (sicut
1149 5064 1204 5118 in
1250 5061 1387 5117 libro
1417 5061 1679 5132 Antiquo-

104 5175 217 5212 rum
243 5159 566 5230 invcnimus)
610 5158 846 5228 spatium
871 5156 1019 5212 mille
1043 5171 1340 5226 passuum-
1367 5153 1679 5224 Bethphage

101 5249 304 5305 viculus
327 5257 435 5316 est,
461 5248 672 5304 viculus
699 5248 819 5303 dico
835 5287 852 5311 ,
878 5248 1008 5316 quia
1036 5246 1091 5300 in
1119 5256 1261 5300 terra
1302 5241 1681 5313 repromissio-

102 5343 184 5398 nis
201 5357 390 5398 omnes
416 5341 558 5396 villae
583 5340 834 5396 maximae
862 5348 1088 5395 muratae
1117 5346 1303 5402 erant,
1335 5336 1477 5392 unde
1504 5343 1558 5390 et
1579 5334 1680 5389 vici

102 5447 153 5492 et
178 5436 314 5492 villae
345 5450 452 5491 una
473 5434 833 5506 appellatione
862 5441 1171 5489 censentur.
1201 5430 1511 5500 Bethpbage
1536 5429 1679 5483 enim

105 5534 481 5604 interpretatur
518 5531 704 5583 domus
755 5527 928 5581 bucca:
972 5525 1056 5580 vel
1108 5522 1444 5578 maxillarum
1469 5560 1486 5587 ,
1519 5536 1583 5576 ea
1616 5520 1681 5575 de

105 5642 283 5691 causa,
314 5624 568 5694 quoniam
617 5621 927 5677 sacerdotes
974 5619 1027 5672 in
1080 5615 1278 5686 templo
1327 5613 1540 5670 Domini
1584 5629 1681 5684 per

103 5732 318 5778 octonos
348 5718 463 5772 dies
496 5716 670 5771 vicem
717 5729 830 5768 suae
860 5707 1344 5766 administrationis
1384 5704 1679 5776 explentes,

105 5813 361 5884 completo
404 5809 585 5864 divino
625 5807 884 5878 mysterio
908 5845 922 5869 ,
956 5812 1112 5858 nocte
1154 5801 1221 5857 ad
1257 5800 1506 5857 eumdem
1533 5798 1684 5853 vicu-

107 5903 206 5960 lum
225 5901 609 5968 succedebant,
641 5908 708 5956 et'
722 5898 927 5956 hostias
955 5904 1010 5952 et
1040 5893 1308 5953 sacriﬁcia
1348 5909 1468 5964 quae
1510 5892 1562 5948 in
1597 5891 1682 5947 die

1709 4647 1764 4707 ι)

1787 3402 2067 3474 gentilium
2117 3402 2240 3456 ﬁdei
2291 3401 2493 3457 Christi
2546 3402 2939 3471 subjugarent,
2988 3412 3043 3457 et
3098 3404 3379 3460 universas

1785 3502 1974 3564 gentes
2007 3491 2129 3546 ﬁdei
2167 3506 2277 3546 suae
2311 3491 2658 3562 subjicerent.
2693 3491 2761 3545 Et
2787 3491 2928 3546 bene
2957 3491 3157 3546 dicitur
3187 3511 3206 3543 ‹
3233 3492 3379 3562 quod

1786 3593 1868 3640 est
1895 3593 2086 3639 contra
2113 3600 2228 3638 vos.
2263 3604 2282 3636 ι
2313 3582 2451 3651 Quia
2481 3591 2626 3638 totus
2655 3583 2888 3638 mundus
2913 3583 3102 3655 jugum
3139 3583 3263 3639 ﬁdei
3295 3600 3380 3640 re—

1785 3677 1966 3746 cipere
2006 3675 2255 3740 nolebat,
2289 3674 2440 3730 misit
2463 3672 2600 3728 duos
2638 3673 2958 3744 discipulos,
2990 3674 3092 3729 hoc
3119 3681 3206 3729 est
3245 3675 3380 3730 duos

1785 3769 2004 3825 ordines
2045 3768 2492 3840 praedicatorum,
2537 3767 2744 3823 scilicet
2787 3765 3096 3822 Judreorum
3143 3778 3200 3823 et
3243 3785 3377 3840 gen-

1788 3861 1944 3914 tium.
1960 3852 2062 3914 Vel
2081 3860 2215 3915 duos
2241 3858 2390 3914 misit
2412 3867 2634 3929 propter
2656 3858 2885 3930 gemina:
2915 3858 3219 3916 dilectionis
3239 3875 3377 3931 prae-

1786 3959 2033 4020 ceptum,
2063 3965 2172 4020 quo
2198 3949 2544 4022 praecipimur
2567 3959 2627 4004 ut
2652 3950 2942 4018 diligamus
2968 3949 3139 4007 Deum
3170 3966 3236 4008 ex
3264 3962 3380 4010 toto

1785 4042 1970 4108 corde,
1999 4050 2054 4114 et
2085 4042 2392 4112 proximum
2422 4049 2671 4096 nostrum
2703 4049 2959 4111 tanquam
2987 4043 3256 4114 nosipsos.
3281 4043 3381 4101 Vel

1785 4130 1908 4185 ideo
1935 4131 2094 4186 binos
2125 4130 2290 4194 misit,
2325 4139 2545 4200 propter
2572 4129 2872 4186 doctrinam
2901 4139 2956 4187 et
2983 4134 3376 4202 operationem,

1785 4224 1913 4293 quia
1937 4223 2128 4279 doctor
2157 4230 2212 4278 et
2248 4223 2302 4277 in
2334 4221 2581 4278 doctrina
2614 4230 2670 4276 et
2708 4221 2762 4276 in
2793 4237 2958 4292 opere
2979 4223 3252 4294 perfectus
3281 4226 3376 4280 de-

1785 4315 1877 4370 bet
1924 4330 2065 4370 esse.
2104 4333 2122 4365 ‹
2155 4313 2232 4368 Ite
2255 4354 2270 4378 ,
2309 4321 2365 4368 et
2415 4313 2701 4371 invenietis
2739 4313 2948 4369 asinam
2980 4314 3286 4385 alligatam,
3323 4325 3380 4371 et

1791 4427 1809 4460 ι
1844 4407 2050 4478 pullum
2080 4421 2204 4461 cum
2227 4420 2312 4460 ea.
2346 4423 2364 4456 ›
2395 4403 2554 4459 Juxta
2585 4404 2822 4459 litteram
2855 4403 3074 4474 quidem
3100 4405 3380 4461 humilitas

1787 4515 1984 4573 magna
2009 4499 2306 4554 Salvatoris
2341 4497 2772 4562 commendatur,
2814 4497 2906 4565 qui
2929 4495 3228 4551 Jerusalem
3263 4505 3378 4550 ten-

1789 4593 1924 4648 dens
1943 4633 1958 4657 ,
1999 4606 2107 4646 non
2133 4605 2275 4661 equo
2301 4589 2534 4660 superbo
2565 4603 2740 4657 neque
2766 4587 3049 4657 phalerato
3079 4586 3258 4640 invehi
3291 4602 3378 4641 vo-

1787 4684 1903 4747 luit,
1935 4683 2031 4738 sed
2063 4683 2242 4753 potius
2271 4681 2480 4735 asinam
2512 4687 2568 4734 et
2605 4677 2804 4748 pullum
2840 4674 2988 4744 ejus,
3017 4674 3144 4729 vilia
3173 4675 3380 4731 scilicet

1787 4773 2078 4838 animalia,
2121 4771 2189 4826 ad
2236 4768 2529 4826 sedendum
2558 4764 2826 4836 quaesivit.
2873 4761 3034 4818 Juxta
3077 4764 3376 4834 Spiritalem

1789 4861 2233 4932 intelligentiam,
2277 4876 2376 4930 per
2401 4861 2518 4914 haec
2555 4857 2659 4912 duo
2695 4855 2946 4910 animalia
2974 4870 3110 4910 onus
3147 4855 3375 4912 duorum

1788 4955 2105 5028 papulorum
2137 4961 2324 5024 aperte
2350 4951 2674 5007 declaratur.
2705 4948 2871 5004 Asina
2898 4947 3042 5003 enim
3060 4987 3074 5011 ,
3100 4964 3220 5018 qua:
3243 4965 3376 5003 one-

1786 5049 1936 5104 ribus
1965 5045 2200 5100 ferendis
2226 5051 2443 5099 assueta
2465 5050 2569 5106 est,
2592 5038 2846 5111 populum
2873 5037 3180 5094 Iudaeorum
3208 5040 3377 5112 signi-

1788 5142 1947 5207 ﬁcat,
1994 5139 2086 5210 qui
2131 5137 2290 5208 longo
2337 5144 2581 5205 tempore
2628 5132 2899 5187 sarcinam
2937 5131 3070 5202 legis
3113 5141 3374 5189 traxerat.

1788 5234 1972 5290 Pullus
1992 5247 2144 5303 ergo,
2171 5229 2266 5300 qui
2295 5227 2532 5282 lascivus
2559 5234 2615 5280 et
2647 5224 2786 5281 liber
2808 5232 2913 5290 cst,
2945 5224 3218 5293 signiﬁcat
3249 5242 3377 5296 gen-

1790 5325 1967 5382 tilium
1992 5325 2227 5394 plebem,
2250 5336 2372 5393 quze
2395 5329 2521 5374 ante
2537 5321 2828 5374 adventum
2851 5317 3063 5372 Domini
3097 5318 3212 5373 sine
3242 5318 3378 5390 legis

1789 5419 2034 5476 doctrina
2057 5427 2111 5471 et
2132 5415 2518 5488 pr0pbetarum
2538 5411 2692 5482 quasi
2711 5410 2882 5466 libera
2904 5419 2958 5466 et
2980 5425 3113 5482 vaga
3134 5409 3370 5465 incessit.

1787 5512 1854 5568 Et
1880 5514 2016 5568 bene
2041 5509 2260 5578 utrique
2285 5505 2487 5578 alligati
2511 5504 2764 5560 dicuntur
2790 5502 2978 5567 fuisse,
3003 5502 3126 5570 quia
3154 5499 3376 5556 veniens

1789 5603 2118 5672 Redemptor
2147 5599 2200 5653 in
2229 5595 2511 5661 mundum,
2543 5602 2832 5663 utrumque
2860 5589 3116 5663 populum
3144 5587 3376 5642 vinculis

1790 5704 2134 5768 peccatorum
2165 5704 2385 5746 suorum
2413 5687 2691 5759 alligatum
2720 5683 2944 5740 invenit.
2980 5681 3132 5738 Unde
3161 5689 3217 5734 et
3241 5694 3373 5749 apo-

1789 5791 1961 5848 stolus
1985 5785 2184 5842 Paulus
2209 5783 2374 5838 dicit:
2411 5801 2427 5831 ι
2457 5779 2594 5847 Quia
2620 5794 2725 5834 non
2756 5783 2840 5830 est
2863 5771 3158 5835 distinctio,
3186 5782 3376 5826 omnes

1790 5886 1933 5942 enim
1962 5884 2357 5952 peccaverunt,
2396 5883 2451 5930 et
2488 5879 2650 5941 egent
2689 5866 2862 5938 gloria
2903 5862 3001 5920 Dei
3040 5860 3214 5934 (Rom.
3243 5860 3322 5933 ι).
3347 5877 3370 5913 ι
