3934 6346
564 464 672 554 ἐὲέ

1110 561 1116 566 η
1168 490 1523 549 HAYMONIS
1562 452 2040 548 HALBEnsr'A'r.
2082 458 2142 546 ὲι

2250 472 2297 546 3.
2338 490 2487 547 opp.
2529 474 2709 546 rans
2746 491 2809 545 ll.
2845 521 2915 535 -
2950 491 3184 548 ιιοιιιι.

3803 497 3899 555 556

574 633 592 666 ι
631 612 851 689 Solvite.
880 630 898 662 ι
920 670 927 679 ,
947 578 1152 663 Solvite
1198 614 1386 679 gentes
1429 624 1458 662 a
1503 607 1733 663 vinculis
1776 589 2142 687 peccatorum.
2171 568 2227 668 A5
2254 604 2404 662 Sion.
2436 624 2455 657 ι
2487 602 2593 660 Vos
2619 604 2847 676 apostoli
2878 614 2933 660 et
2959 606 3142 661 caeteri
3181 607 3270 677 qui
3302 596 3634 662 Dominum
3657 609 3895 663 comita-

572 727 590 759 ‹
624 706 692 761 Ει
727 702 971 758 adducite
1011 699 1177 765 milli,
1209 721 1227 752 ι
1265 710 1443 756 vestra
1484 701 1865 779 praedicatione
1898 707 1960 775 et.
1982 701 2147 755 mira-

566 796 720 871 culis.
747 790 899 850 Licet
921 792 1065 849 enim
1093 792 1436 864 omnipotens
1464 792 1606 849 Deus
1630 802 1818 863 gentes
1843 793 1919 865 ad.
1934 801 2147 871 tempus

562 888 938 959 dereliquerit,
977 895 1037 941 llt
1081 886 1350 949 salvaret,
1399 901 1507 941 non
1556 892 1735 941 tamen
1781 885 1835 940 in
1881 884 2153 961 aeternum

563 977 918 1046 contempsit,
961 984 1015 1031 ut
1051 976 1320 1046 perderet.
1361 976 1592 1034 Necesse
1633 961 1917 1043 esteniln
1953 975 2147 1049 ut'ﬁat

561 1069 664 1125 hoc
703 1068 845 1138 quod
889 1082 988 1138 per
1026 1056 1383 1141 Psalmistamf
1416 1069 1591 1123 dixit:
1633 1088 1650 1120 ι
1685 1067 1942 1123 Homines
1971 1075 2025 1122 et
2060 1064 2146 1135 ju-

560 1167 742 1216 menta
772 1158 1026 1225 salvabis,
1056 1158 1282 1213 Domine
1314 1157 1483 1229 (Psal.
1517 1158 1700 1231 xxxv).
1733 1180 1751 1212 ο
1988 1218 1993 1227 ί

633 1272 652 1304 ι
682 1252 748 1307 Ει
778 1252 823 1306 si
854 1251 976 1321 quis
1004 1252 1156 1307 vobis
1183 1253 1385 1322 aliquid
1415 1253 1648 1325 dixerit,
1681 1253 1841 1309 dicite
1893 1240 2018 1323 quia
2046 1251 2147 1323 Do-

562 1360 581 1394 ι
610 1342 790 1397 minus
818 1342 906 1398 his
930 1356 1065 1413 opus
1080 1343 1259 1399 habet.
1285 1364 1303 1398 ι
1324 1343 1588 1414 Ριωοθρὶι
1607 1345 1863 1400 Dominus
1890 1341 2153 1414 apostolis

563 1433 675 1488 suis
720 1440 781 1487 ut
829 1442 1071 1504 tempore
1126 1450 1236 1490 sua:
1298 1437 1695 1506 praedicationis
1742 1420 2149 1501 noncederent

557 1522 892 1592 principibus
921 1531 978 1578 et
1012 1512 1227 1595 regibus
1253 1526 1492 1597 gentium
1530 1528 1945 1597 prohibentibus
1983 1542 2077 1583 eos
2114 1542 2145 1581 a

558 1613 803 1667 doctrina
831 1621 886 1669 et
916 1614 1089 1671 salute
1116 1617 1457 1686 populorum.
1487 1618 1739 1689 Legimus
1769 1620 1913 1673 enim
1954 1634 2147 1674 secun-

559 1704 683 1771 dum
700 1702 842 1769 alios
864 1706 1222 1777 evangelistas
1248 1707 1441 1779 (Marc.
1460 1725 1539 1776 xl,
1564 1708 1690 1764 Luc.
1707 1710 1844 1781 xlx),
1871 1710 1996 1780 quia
2021 1726 2145 1764 cum

558 1792 802 1865 discipuli
835 1797 1110 1853 venissent
1127 1798 1197 1853 ad
1217 1798 1439 1867 domum
1463 1800 1732 1856 solventes
1748 1800 1972 1869 pullum,
1999 1801 2147 1856 dixe-

558 1893 683 1961 runt
727 1887 929 1957 domini
963 1889 1155 1945 domus
1191 1905 1205 1943 :
1259 1910 1277 1942 ‹
1306 1888 1443 1958 Quid
1490 1891 1668 1947 facitis
1713 1892 1983 1948 solventes
2024 1891 2145 1962 pul-
2192 1946 2227 1961 η

555 1975 700 2031 lum?
730 1997 747 2029 ι
781 1980 854 2034 At
891 1979 965 2033 illi
997 1981 1281 2047 dixerunt,
1310 1983 1438 2053 quia
1464 1983 1725 2038 Dominus
1754 1999 1985 2053 operam
2026 1984 2140 2055 ejus
2168 1980 2216 2040 B

552 2064 843 2122 desiderat.
878 2068 1001 2124 Mox
1030 2072 1174 2126 enim
1212 2062 1271 2127 ut
1308 2072 1478 2127 sancti
1518 2073 1783 2143 apostoli,
1814 2081 2034 2143 accepto
2060 2063 2155 2128 di:

553 2146 753 2215 vinitus
788 2172 1089 2231 praecepto,
1120 2164 1322 2220 mundo
1346 2167 1811 2234 praedicaverunt,
1840 2169 2024 2223 statim
2052 2183 2139 2222 re-

551 2266 645 2322 ges
673 2253 916 2324 gentium
945 2263 1001 2309 et
1027 2256 1298 2326 principes
1328 2258 1408 2315 eis
1436 2259 1703 2316 obsistere
1739 2270 2040 2331 coeperunt,
2075 2278 2142 2318 ne

550 2344 755 2423 pullum
801 2345 1111 2412 solverent,
1159 2349 1212 2403 id
1257 2358 1340 2405 est
1386 2366 1453 2405 ne
1498 2350 1753 2420 populum
1805 2353 2060 2423 gentilem
2094 2369 2141 2407 «a

548 2422 757 2491 cultura
789 2437 1057 2493 idolorum
1097 2447 1406 2495 averterent
1436 2460 1448 2494 :
1486 2441 1581 2497 sed
1608 2422 1854 2511 discipuli
1883 2442 1987 2497 illis
2013 2457 2141 2498 con-

548 2536 754 2585 stanter
777 2530 1191 2587 insinuaverunt
1216 2534 1360 2603 quod
1391 2534 1652 2591 Dominus
1672 2549 1894 2605 operam
1922 2535 2141 2590 illorum

547 2620 928 2677 desiderasset.
960 2622 1077 2689 Quo
1108 2624 1162 2677 in
1194 2624 1313 2679 loco
1354 2626 1521 2694 quaeri
1551 2633 1730 2695 potest
1765 2642 1864 2680 cur
1889 2625 2140 2696 discipuli

548 2711 613 2765 de
642 2712 966 2785 animalibus
1011 2714 1218 2780 dicunt,
1256 2735 1273 2766 ι
1304 2716 1563 2777 Dominus
1604 2718 1687 2772 llis
1728 2733 1863 2787 opus
1902 2717 2087 2783 habet,
2115 2737 2133 2769 ι

547 2814 669 2881 cum
701 2799 944 2856 Ecclesia
976 2802 1026 2855 ei
1060 2804 1312 2859 decantet
1347 2821 1358 2855 :
1400 2824 1418 2856 ι
1460 2806 1728 2860 Bonorum
1758 2820 2004 2860 meorum
2033 2822 2138 2861 non

548 2894 790 2966 indiges?
818 2915 838 2947 ι
879 2892 1053 2964 (Psal.
1084 2880 1497 2969 xv.)-Gcntibus
1536 2898 1618 2969 (ut
1656 2898 1723 2952 de
1756 2898 2141 2955 numerositate

548 2985 760 3057 illarum
799 2998 1077 3045 construat
1122 2991 1225 3046 sibi
1272 3011 1290 3043 ι
1321 2991 1656 3057 Ecclesiam,
1700 3006 1807 3046 non
1852 2991 2140 3049 habentem

548 3079 813 3134 maculam
852 3096 1024 3151 neque
1052 3082 1313 3153 rugam)»
1350 3083 1470 3138 ideo
1497 3082 1756 3138 Dominus
1786 3098 1920 3153 opus
1956 3082 2138 3149 habet,

546 3178 607 3223 ut
633 3170 825 3225 damna
854 3174 1041 3241 patriai
1069 3173 1324 3241 ccclestis,
1353 3162 1475 3244 qua:
1499 3174 1806 3230 labentibus
1838 3174 2019 3249 pravis
2048 3190 2143 3250 aii-

546 3261 680 3334 gelis
711 3273 1094 3332 contraxerat,
1140 3266 1486 3322 multitudine
1524 3267 1764 3339 gentium
1799 3273 2138 3339 reparentur.

552 3372 569 3402 ι
607 3354 676 3411 Ει
720 3352 1013 3425 confestim
1043 3357 1277 3412 dimittet
1314 3371 1426 3413 eos.
1462 3376 1481 3408 ι
1520 3354 1800 3426 Completo
1839 3355 2142 3410 ministerio

545 3444 757 3501 illorum
802 3447 1138 3515 animalium,
1183 3448 1439 3504 animalia
1483 3449 1701 3520 quidem
1743 3449 1811 3503 ad
1854 3449 2141 3519 pristinum

546 3538 821 3593 dominum
864 3541 1085 3595 reducta
1111 3549 1275 3607 sunt,
1322 3540 1417 3610 sed
1454 3532 1627 3611 ﬁgura
1676 3540 1889 3596 illorum
1938 3541 2143 3595 anima-

545 3628 674 3685 lium
719 3646 884 3700 penes
917 3632 1202 3686 Dominnm
1247 3632 1527 3688 remansit.
1570 3630 1686 3686 Non
1718 3646 1847 3702 ergo
1885 3631 2143 3687 debemus

546 3729 735 3792 putare
760 3723 904 3791 quod
924 3732 1213 3792 postquam
1240 3723 1521 3788 animalia,
1546 3724 1648 3778 hoc
1668 3731 1751 3778 est
1776 3723 2004 3793 populus
2027 3740 2143 3779 cre-

548 3807 811 3877 dentium,
837 3809 903 3863 ad
941 3811 1226 3865 Dominum
1253 3812 1615 3878 adducuntur,
1641 3812 1837 3867 iterum
1867 3814 1930 3867 ad
1957 3813 2144 3882 pristi-

548 3917 648 3955 nos
692 3902 969 3970 dominos,
1001 3905 1052 3959 id
1091 3906 1265 3960 estad
1300 3906 1581 3962 servitium
1618 3907 1920 3963 daamonum
1944 3906 2145 3971 .dimit-

555 3999 739 4045 lantur
765 4010 777 4045 :
814 3994 909 4048 sed
939 3994 1010 4048 ita
1042 3995 1219 4065 potius
1247 3984 1649 4067 intelligendum
1675 4006 1761 4051 est
1789 3995 1932 4072 quod
1966 3995 2097 4073 dicit
2126 4013 2140 4048 :

554 4102 572 4134 ι
603 4083 669 4137 Ει
697 4082 980 4140 confestim
1010 4086 1244 4141 dimittet
1271 4102 1365 4143 eos
1385 4128 1400 4153 ,
1431 4107 1449 4139 ι
1481 4088 1607 4159 quia
1636 4103 1759 4143 cum
1801 4088 2051 4143 homines
2076 4086 2145 4141 ad

550 4174 711 4228 ﬁdem
732 4173 933 4230 Christi
976 4175 1344 4243 adducuntur,
1372 4194 1498 4232 mox
1538 4179 1890 4232 remittuntur
1932 4190 2037 4230 non
2088 4174 2144 4228 in

548 4266 934 4321 dmlnoniacum
980 4268 1293 4335 servitium,
1340 4270 1435 4325 sed
1482 4270 1534 4323 in
1589 4269 1818 4323 liberum
1856 4265 2142 4321 arbitrium

548 4357 883 4428 rediguntur.
921 4376 939 4409 ι
977 4357 1089 4413 Hoc
1131 4368 1311 4413 autem
1357 4368 1527 4414 totum
1570 4360 1772 4414 factum
1803 4366 1903 4414 est.
1940 4378 1959 4410 ι
2003 4357 2144 4424 Quid

548 4451 754 4507 totum?
786 4450 854 4507 Ut
880 4450 1140 4507 Dominus
1167 4461 1391 4522 propter
1415 4452 1671 4506 animalia
1695 4450 2008 4507 adducenda
2034 4446 2145 4505 dis-

544 4541 750 4612 cipulos
782 4541 837 4595 in
875 4542 1153 4597 civitatem
1193 4543 1465 4608 mitteret,
1508 4550 1567 4596 ut
1592 4539 1788 4596 vilibus
1818 4536 2143 4594 animalibus

545 4632 598 4685 ill
622 4632 896 4688 civitatem
921 4632 1125 4703 regiam
1150 4640 1483 4703 portaretur.
1516 4630 1863 4686 Consuetudo
1893 4638 1977 4686 est
1997 4628 2141 4685 beati
2170 4666 2211 4703 ﬁ.

546 4724 780 4779 Mattllazi
830 4695 1172 4796 evangelista;
1205 4733 1263 4781 ut
1293 4732 1489 4779 cuncta
1517 4738 1637 4795 quae
1682 4723 1748 4778 de
1786 4721 2014 4777 Domino
2044 4737 2139 4777 no-
2165 4695 2219 4754 Β

546 4825 660 4869 slro
687 4812 815 4868 Jcsu
858 4814 1074 4871 Christo
1101 4829 1289 4872 narrat
1325 4832 1445 4873 esse
1473 4815 1772 4886 completa,
1803 4814 1951 4871 dicat
1974 4815 2139 4871 etiam

548 4903 870 4959 testimoniis
896 4906 1223 4975 propheticis
1260 4914 1385 4973 ante
1413 4905 1582 4961 fuisse
1608 4905 1887 4977 praedicta.

623 5014 640 5042 ε
677 4994 846 5050 Dicite
885 4994 1007 5052 ﬁlia:
1047 4997 1198 5054 Sion.
1231 5020 1249 5052 ι
1286 4999 1401 5055 Hoc
1434 4999 1741 5069 exemplum
1776 4998 1840 5055 de
1879 4998 2140 5053 Zacllaria

548 5087 808 5154 propheta
850 5100 1119 5160 sumptum
1150 5100 1234 5146 est
1264 5090 1451 5164 (Zaclt.
1480 5090 1580 5159 ix).
1619 5090 1808 5145 Sciens
1845 5090 1987 5145 enim
2016 5105 2142 5145 san-

548 5187 666 5233 ctus
692 5180 951 5250 propheta
994 5198 1088 5254 per
1117 5182 1378 5255 Spiritum
1421 5190 1666 5236 sanctum
1706 5182 2136 5238 incredulitatem

549 5274 713 5327 animi
758 5272 1063 5333 Judaeorum
1083 5319 1098 5344 ,
1145 5292 1490 5350 praenoscens
1516 5277 1681 5332 etiam
1714 5277 1919 5347 Spiritu
1948 5287 2138 5335 sancto

549 5367 857 5436 revelante,
893 5373 1036 5441 quod
1085 5372 1337 5427 veniente
1374 5370 1534 5426 domo
1580 5369 1907 5434 Jerusalem,
1955 5380 2140 5447 essent

546 5470 671 5517 eum
719 5465 1145 5530 contradicturi,
1190 5472 1245 5520 et
1298 5463 1645 5533 hlasphemiis
1694 5475 1744 5520 et
1797 5464 2137 5521 contumeliis

547 5552 790 5611 aﬂectu‘ri
812 5597 826 5621 ,
856 5557 1329 5625 praesumptionem
1361 5558 1541 5612 cordis
1570 5572 1759 5612 eorum
1800 5566 1957 5623 antea
1984 5573 2137 5612 cura-

548 5646 624 5700 vit
652 5647 967 5717 reprimere,
992 5655 1045 5702 et
1069 5648 1354 5703 adventum
1373 5648 1750 5719 Redemptoris
1774 5649 1977 5705 studuit
2001 5664 2137 5721 pra:-

550 5738 750 5803 dicere,
779 5739 977 5808 quibus
1001 5739 1215 5794 indiciis
1236 5750 1455 5810 possent
1480 5756 1603 5797 eum
1626 5757 1939 5815 agnoscere.
1967 5742 2035 5797 Et
2053 5750 2138 5797 est

551 5844 653 5885 vox
692 5831 968 5900 propheta:
1008 5844 1268 5889 conversa
1294 5834 1359 5891 ad
1398 5834 1671 5905 apostolos
1698 5845 1755 5891 et
1791 5845 2016 5890 caeteros
2044 5835 2135 5904 qui

554 5920 837 5974 Dominum
870 5924 1295 5993 comitabantur,
1336 5928 1657 5999 alloquentis
1691 5946 1701 5980 :
1748 5948 1763 5978 ι
1797 5927 1967 5981 Dicite
2017 5926 2136 5982 lilia!

2169 3335 2213 3398 C

2252 696 2384 752 mini
2409 695 2706 751 Jerusalem
2753 696 3095 775 tendentem,
3127 716 3145 748 ι
3176 697 3339 752 dicite
3376 697 3503 753 ﬁliae
3562 696 3756 764 Sion,
3789 719 3807 750 ι
3848 699 3890 753 id

2248 798 2334 869 est
2376 788 2573 860 populo
2620 786 2919 869 Jerusalem
2973 789 3041 844 ad
3089 788 3435 846 festivitatem
3488 802 3884 864 congregato.

2248 864 2609 935 Historialiter
2654 864 2817 935 ﬁliam
2874 864 3006 936 Sion
3059 880 3295 952 appellat
3336 879 3711 938 Jerusalem.
3766 881 3881 937 Sina

2248 974 2391 1030 enim
2417 989 2515 1028 arx
2544 982 2661 1029 erat
2687 973 2932 1029 eminens
2961 974 3018 1031 in
3048 974 3223 1030 medio
3251 974 3490 1030 civitatis
3509 1015 3526 1040 ,
3566 982 3641 1029 et
3676 975 3879 1044 princi-

2248 1075 2433 1137 patum
2479 1073 2665 1120 tenens
2709 1079 2872 1133 super
2914 1062 3140 1119 aediﬁcia
3188 1065 3439 1141 civitatis.
3491 1083 3510 1143 ι
3571 1063 3745 1119 Ecce
3794 1079 3877 1118 rex

2250 1163 2390 1221 tuus,
2424 1174 2443 1207 ι
2474 1170 2581 1210 non
2607 1154 2924 1225 alienigena,
2950 1170 3057 1210 non
3081 1163 3370 1211 extraneus
3398 1165 3458 1210 ut
3486 1142 3795 1221 Herodes,
3820 1159 3873 1210 de

2250 1256 2301 1302 te
2327 1247 2508 1303 carnis
2533 1247 2796 1317 originem
2821 1261 3062 1303 sumens.
3101 1265 3119 1298 ι
3143 1247 3301 1303 Venit
3332 1247 3452 1302 tibi.
3487 1268 3506 1300 ι
3550 1248 3701 1302 Non
3733 1260 3871 1303 vacat

2247 1339 2389 1409 quod
2419 1340 2555 1394 dixit
2584 1358 2603 1390 ‹
2635 1339 2732 1405 tibi
2784 1359 2801 1391 ι
2836 1338 2950 1394 Hoc
2977 1346 3080 1403 est,
3112 1326 3528 1407 siliutellexeris
3562 1340 3866 1394 adventum

2246 1430 2384 1500 ejus,
2412 1439 2467 1485 et
2502 1446 2625 1485 eum
2655 1430 2849 1485 devote
2888 1432 3188 1501 receperis,
3220 1448 3237 1482 ι
3270 1431 3413 1486 venit
3463 1432 3605 1499 tibi,
3644 1451 3664 1484 ι
3706 1432 3762 1486 id
3798 1442 3865 1485 est

2247 1531 2306 1576 ut
2350 1522 2520 1578 sa‘lvet
2563 1531 2630 1578 te.
2686 1522 2742 1577 Si
2795 1531 2977 1577 autem
3019 1538 3126 1578 non
3173 1523 3511 1583 intellexeris
3558 1526 3860 1581 adventum

2247 1613 2410 1679 illius,
2443 1613 2745 1683 repelleris,
2771 1614 2950 1670 veniet
2980 1622 3168 1669 contra
3199 1624 3281 1681 te,
3312 1616 3412 1671 hoc
3442 1626 3535 1670 est
3565 1625 3642 1685 ιιι
3684 1617 3860 1685 perdat

2249 1716 2318 1762 te.
2354 1726 2372 1758 ι
2403 1682 2731 1761 Mansuetus.
2764 1726 2783 1759 ι
2817 1707 2922 1762 Ista
2964 1720 3091 1762 sunt
3135 1708 3331 1775 indicia
3372 1695 3522 1785 regis
3571 1682 3684 1763 tiri.
3729 1709 3857 1762 Man-

2249 1807 2453 1863 suetus,
2486 1814 2593 1854 non
2625 1798 2801 1867 ferox,
2833 1816 2939 1855 non
2970 1799 3222 1865 crudelis,
3256 1801 3394 1865 sicut
3419 1800 3516 1854 alii
3552 1817 3753 1872 reges,
3778 1804 3855 1869 qui

2251 1899 2407 1967 antea
2435 1889 2853 1946 dominabantur
2880 1891 2985 1957 tui,
3017 1891 3110 1946 sed
3140 1890 3304 1957 mitis,
3333 1891 3477 1946 sicut
3510 1892 3647 1962 ipse
3679 1893 3812 1947 dixit
3839 1912 3849 1942 :

2250 2000 2268 2032 ι
2317 1982 2520 2038 Discite
2549 1999 2580 2037 a
2615 1999 2699 2039 me
2728 1984 2855 2054 quia
2899 1982 3049 2039 mitis
3094 1998 3212 2038 sum
3238 1992 3291 2037 et
3337 1983 3570 2038 humilis
3636 1984 3846 2039 corde.»

2243 2074 2463 2146 (Matth.
2492 2077 2580 2143 ιι.)

2319 2201 2337 2233 ι
2374 2182 2581 2240 Sedens
2628 2199 2791 2253 super
2834 2185 3040 2240 asinam
3086 2193 3141 2239 et
3181 2184 3405 2255 pullum,
3441 2205 3460 2236 ι
3508 2186 3565 2241 id
3616 2196 3708 2242 est
3752 2202 3845 2240 non

2242 2274 2392 2328 venit
2425 2274 2490 2331 ad
2541 2282 2591 2328 te
2633 2275 2824 2331 sedens
2860 2290 3022 2344 super
3054 2289 3250 2343 equum
3298 2283 3611 2329 amatorem
3652 2276 3767 2330 litis
3798 2286 3844 2329 et

2243 2365 2561 2429 discordiae,
2592 2364 2690 2420 sed
2720 2365 2913 2420 sedens
2941 2380 3103 2435 super
3143 2366 3372 2429 asinam,
3413 2367 3571 2435 pacis
3612 2378 3676 2421 et
3712 2379 3843 2421 tm.-

2243 2458 2526 2527 quillitatis
2548 2458 2796 2512 amicam.
2821 2458 3120 2528 Allegorice
3144 2458 3274 2519 Sion
3300 2459 3446 2513 illam
3470 2471 3696 2528 partem
3729 2476 3845 2515 san-

2242 2558 2341 2605 cta:
2382 2548 2637 2605 Ecclesia
2683 2550 2939 2605 debemus
2985 2551 3286 2622 intelligere
3328 2567 3447 2621 quae
3494 2561 3582 2607 est
3636 2555 3695 2607 in
3744 2554 3845 2608 illis

2244 2643 2447 2698 sanctis
2483 2642 2572 2711 qui
2614 2641 2726 2710 jam
2776 2656 2900 2698 cum
2931 2642 3146 2699 Christo
3183 2655 3413 2715 regnant
3443 2653 3497 2700 et
3531 2646 3845 2701 claritatem

2243 2732 2386 2786 illius
2412 2732 2865 2801 contemplantur.
2898 2732 3095 2789 Filiam
3122 2750 3252 2790 vero
3282 2734 3410 2790 Sion
3444 2735 3711 2789 debemus
3754 2738 3845 2790 in-
3932 2770 3934 2781 ι

2242 2823 2484 2893 telligere
2513 2831 2831 2893 praesentem
2861 2824 3159 2880 Ecclesiam
3178 2865 3193 2889 ,
3216 2841 3339 2895 qua:
3366 2826 3528 2880 adhuc
3550 2841 3579 2877 a
3600 2824 3849 2880 Christo

2242 2914 2619 2985 peregrinatur
2645 2915 2698 2968 in
2726 2921 2892 2970 terra.
2920 2914 3050 2981 Quae
3078 2917 3274 2971 merito
3302 2916 3406 2970 ﬁlia
3434 2902 3685 2985 supernae
3713 2918 3847 2971 εἰνὶ-
3932 2916 3934 2935 ¹

2245 3007 2372 3064 tatis
2402 3008 2631 3073 dicitur,
2662 3009 2793 3077 quia
2826 3007 2900 3063 illi
2936 3008 3026 3077 qui
3060 3024 3158 3063 nos
3190 3011 3258 3063 ad
3299 3009 3577 3064 caelestem
3604 3010 3839 3077 patriam

2242 3110 2674 3170 pmcesserunt,
2707 3101 2865 3157 ﬁdem
2911 3110 2966 3157 et
3014 3104 3153 3158 bona
3196 3117 3357 3171 opera
3388 3118 3486 3158 nos
3516 3103 3837 3165 docuerunt,
3932 3162 3934 3177 Ι

2244 3191 2320 3245 illi
2364 3192 2527 3246 etiam
2556 3206 2709 3247 sacro
2745 3191 3070 3262 baptismate
3096 3209 3196 3249 nos
3223 3204 3705 3264 regeneraverunt.
3750 3194 3838 3248 Est
3932 3210 3934 3227 ι

2246 3283 2411 3353 igitur
2429 3290 2545 3337 vox
2561 3284 2834 3353 prophetae
2857 3284 2924 3338 ad
2949 3284 3328 3355 pratl'aatores
3351 3286 3583 3340 dicentis
3607 3303 3617 3336 :
3650 3286 3833 3349 Dicite.
3932 3322 3934 3329 ι

2246 3390 2342 3432 vos
2367 3375 2537 3430 sancti
2570 3377 2972 3445 praedicatores,
3002 3378 3092 3446 qui
3118 3378 3296 3435 adhuc
3330 3378 3759 3448 peregrinamini
3788 3380 3833 3431 in
3932 3372 3934 3389 '

2247 3467 2411 3522 terris
2439 3482 2470 3522 a
2500 3466 2741 3539 Christo,
2773 3469 2933 3523 dicite
2964 3478 3162 3527 sanctae
3190 3469 3446 3527 Ecclesiae
3475 3488 3487 3524 :
3523 3489 3543 3521 ι
3578 3470 3722 3526 Ecce
3752 3486 3833 3524 rex
3932 3462 3934 3465 ’

2249 3568 2395 3614 tuus.
2429 3579 2447 3611 ι
2482 3558 2600 3614 Rex
2630 3568 2830 3615 sanctae
2862 3560 3116 3616 Ecclesiae
3146 3562 3198 3617 in
3232 3562 3408 3630 primo
3436 3562 3671 3619 adventu
3704 3565 3836 3617 venit

2246 3658 2592 3713 mansuetus,
2644 3656 2702 3703 ut
2733 3664 2853 3704 eam
2891 3650 3179 3706 redimeret
3224 3670 3237 3703 :
3285 3652 3340 3709 in
3385 3652 3630 3708 secundo
3680 3655 3833 3711 etiam

2247 3742 2479 3795 adventu
2522 3742 2705 3796 veniet
2750 3753 3099 3809 mansuetus,
3128 3752 3189 3798 ut
3227 3760 3347 3799 eam
3383 3745 3453 3801 ab
3492 3746 3601 3803 hoc
3643 3746 3835 3801 saeclo

2245 3835 2548 3901 subtrahat,
2578 3843 2632 3889 et
2659 3836 2713 3889 in
2736 3851 3022 3891 numerum
3048 3836 3353 3893 coalestlum
3378 3837 3585 3897 civium
3614 3837 3835 3895 transle-

2247 3932 2351 3977 rat.
2382 3922 2541 3978 Juxta
2571 3924 2805 3979 litteram
2838 3941 2942 3980 non
2972 3926 3129 3981 facile
3157 3937 3239 3982 est
3267 3928 3620 4005 credendum,
3644 3941 3710 3983 ut
3735 3928 3831 3983 Do-

2246 4015 2426 4069 minus
2448 4017 2503 4070 in
2527 4023 2634 4070 tam
2658 4030 2826 4087 parvo
2854 4006 3047 4072 itinere
3067 4006 3531 4087 utriqliéhnimali
3561 4020 3831 4076 insederit.

2245 4104 2450 4159 Ferunt
2478 4106 2621 4159 enim
2654 4107 2904 4162 doctores
2927 4116 2959 4161 a'
2984 4117 3168 4163 monte
3193 4108 3385 4164 Oliveti
3415 4124 3590 4178 usque
3614 4098 3830 4167 Jerusa-

2248 4196 2355 4252 lem
2387 4197 2534 4252 nlille
2565 4207 2772 4253 tantum
2802 4199 3035 4270 spatium
3070 4201 3265 4270 pedum
3299 4201 3589 4267 interesse,
3620 4202 3716 4256 sed
3752 4212 3835 4256 aut

2247 4289 2412 4343 asinae
2439 4289 2654 4354 insedit,
2682 4298 2737 4344 et
2766 4290 2945 4359 pullus
2972 4291 3107 4346 liber
3132 4292 3355 4346 incessit
3384 4310 3396 4346 :
3426 4301 3543 4356 aut,
3577 4293 3722 4362 quod
3751 4309 3832 4363 po-

2246 4380 2355 4434 tius
2387 4380 2715 4437 credendum
2748 4390 2871 4448 est,
2911 4382 3054 4452 pullo
3096 4383 3323 4450 insedit,
3358 4392 3413 4438 et
3447 4384 3603 4438 asina
3638 4386 3835 4453 absque

2245 4487 2459 4529 sessore
2491 4471 2609 4528 fuit.
2644 4472 2752 4529 Sed
2781 4474 3345 4544 ubicunque'hisloria
3383 4476 3598 4541 deﬁcit,
3625 4458 3831 4543 aut‘ali-

2245 4566 2373 4635 quid
2404 4566 2755 4636 turpitudinis
2789 4567 2988 4628 habet.
3031 4568 3099 4622 ad
3133 4568 3471 4638 spi-ritualem
3502 4568 3830 4623 intellectum

2246 4666 2329 4713 est
2359 4658 2768 4713 recurrendum.
2816 4642 2951 4713 Nam
2990 4668 3046 4714 et
3084 4659 3131 4714 si
3174 4658 3437 4713 Dominus
3473 4658 3692 4728 utrique
3722 4658 3830 4712 ani-

2244 4750 2371 4805 mali
2418 4750 2653 4806 insidere
2698 4767 2807 4807 non
2853 4752 3059 4822 potuit,
3101 4751 3259 4821 juxta
3295 4752 3617 4822 mysterium
3660 4760 3830 4805 tamen

2243 4842 2461 4912 utrique
2487 4842 2705 4912 populo,
2726 4841 3035 4899 Judaeorum
3059 4843 3313 4898 videlicet
3333 4853 3389 4897 et
3407 4842 3678 4914 gentium,
3704 4859 3830 4913 pra:-

2244 4934 2405 4999 sidet,
2432 4943 2486 4988 et
2513 4934 2853 5004 praesidendo
2881 4935 3028 4989 ducit
3050 4949 3145 4990 eos
3171 4932 3496 4999 Jerusalem,
3526 4935 3633 4991 hoc
3660 4945 3747 4989 est
3772 4934 3830 4987 ad

2244 5031 2513 5087 visionem
2538 5030 2730 5100 patriae
2759 5030 3013 5087 ctelestis.

2322 5162 2339 5193 ι
2387 5144 2593 5199 Euntes
2641 5152 2819 5198 autem
2873 5140 3141 5213 discipuli.
3176 5162 3195 5193 ι
3237 5142 3473 5210 Accepto
3504 5140 3830 5211 ιιι-παίωνιιὶ

2244 5242 2534 5306 praecepto,
2565 5235 2796 5305 apostoli
2827 5235 3138 5290 universum
3167 5235 3354 5288 orbem
3387 5240 3829 5304 peragraverunt,

2245 5332 2313 5384 e't'
2330 5320 2679 5385 semidarium
2705 5328 2901 5383 divinae
2928 5327 3048 5383 ﬁdei
3077 5326 3274 5396 ubiqhe
3293 5327 3693 5397 disperserunt.

2276 5528 2281 5537 κ
2321 5483 2339 5514 ι
2385 5463 2447 5517 Ει
2501 5454 2873 5532 imposuerunt
2924 5446 3087 5531 super
3134 5440 3607 5516 ébs'v‘éstiméula
3661 5476 3776 5513 sua.
3813 5478 3827 5509 ι

2246 5534 2580 5611 Vestimenta
2633 5552 3037 5624 apostolorum,
3081 5568 3200 5622 qum
3236 5534 3392 5607 nudis
3424 5552 3592 5622 tergis
3635 5552 3834 5606 anima-

2245 5643 2375 5698 lium
2403 5645 2795 5713 imposuerunt,
2820 5643 3127 5715 signiﬁcant
3159 5643 3457 5698 doctrinam
3484 5651 3539 5697 et
3567 5648 3836 5712 praecepta

2244 5722 2453 5802 eorum,
2482 5737 2675 5806 quibus
2701 5735 2863 5790 corda
2890 5734 3544 5805 gentiumcalefecerunt,
3573 5738 3633 5789 ut
3662 5734 3836 5789 Domi-

2247 5846 2375 5887 num
2405 5830 2705 5902 potuissent
2742 5828 2943 5883 habere
2975 5845 3261 5885 sessorem.
3309 5827 3422 5883 Nisi
3456 5812 3719 5883 enimtilli
3751 5826 3836 5896 qui

2248 5924 2302 5979 ill
2317 5921 2535 5978 Christo
2554 5912 2918 5985 crediderunt,
2941 5910 3835 5991 vestimcntis'apostolorurii’ador-
