3934 6346
499 411 604 468 359

1108 410 1463 470 HAYMONIS
1501 409 1980 468 HALBERSTAT.
2022 411 2237 470 EPlSC.
2279 409 2429 468 OPP.
2471 410 2651 468 PARS
2687 413 2752 468 ll.
2796 443 2868 456 --
2904 412 3137 471 HOMIL.

3737 414 3847 468 560

500 528 602 586 ‘uo
625 544 732 586 non
775 529 1012 602 pepercit
1033 529 1198 598 Deus,
1227 530 1323 588 sed
1348 546 1448 602 pro
1473 531 1730 587 omnibus
1755 531 1980 587 tradidit
2017 530 2080 586 il-
2107 535 2160 596 Α
2185 538 2375 585 narrat
2405 531 2532 601 quia
2583 545 2651 586 ex
2683 531 2848 602 spicis
2892 531 3047 586 nardi
3099 528 3264 586 fuerit
3307 528 3698 585 confectum.
3763 528 3846 583 Fit

501 622 612 677 lum
637 621 808 694 (Rom.
836 622 978 695 vm).
1018 643 1038 676 ›
1070 623 1277 679 Deinde
1302 623 1528 680 tradidit
1554 625 1670 695 ipse
1698 623 1868 680 Filius
1888 631 2086 680 semet-

502 712 698 784 ipsum,
749 714 888 769 sicut
920 713 1062 770 idem
1105 712 1305 770 Paulus
1352 715 1485 771 dicit
1514 732 1527 768 :
1561 733 1579 766 ι
1613 715 1714 782 Qui
1746 715 1967 770 tradidit
2003 729 2088 771 se-

501 805 787 874 metipsum
843 820 944 875 pro
981 807 1140 863 nobis
1170 807 1389 880 (Ephes.
1440 824 1472 861 v
1494 808 1534 879 ).
1596 827 1614 860 ι
1651 808 1838 863 Tertio
1865 808 2088 864 tradidit

501 908 623 949 eum
647 893 813 952 Judas
837 895 1060 964 Iudaeis,
1098 896 1270 954 Judazi
1291 899 1634 956 tradiderunt
1661 915 1785 956 eum
1814 899 1990 956 Pilato
2019 901 2088 956 ad

491 984 865 1054 iudicandum,
887 989 1098 1046 Pilatus
1125 991 1390 1047 militibus
1419 993 1488 1047 ad
1509 992 1952 1064 cruciﬁgendum.

573 1096 593 1129 ι
636 1076 788 1134 Tunc
825 1081 1135 1152 congregati
1162 1091 1289 1137 sunt
1325 1083 1602 1153 principes
1645 1082 2012 1149 sacerdotum,
2035 1091 2092 1139 et

503 1188 523 1220 ι
554 1169 796 1226 seniores
835 1172 1019 1243 p0puli
1054 1173 1110 1227 in
1158 1173 1357 1228 atrium
1410 1174 1672 1246 principis
1723 1175 2088 1240 sacerdotum,

503 1278 522 1310 ι
563 1261 656 1330 qui
693 1262 895 1318 dicitur
931 1261 1184 1334 Caiphas.
1239 1284 1258 1316 ι
1290 1265 1726 1337 Reprehenditur
1762 1266 1818 1320 in
1847 1267 1950 1322 hoc
1973 1266 2091 1323 loco

498 1351 757 1422 iniquitas
782 1364 839 1410 et
879 1355 1257 1412 malevolentia
1289 1357 1619 1414 Judaeorum.
1663 1357 1766 1425 Qui
1793 1359 1938 1414 enim
1959 1359 2091 1415 vici-

497 1457 568 1497 no
598 1443 809 1500 Pascha
838 1445 1136 1502 debuerant
1165 1462 1224 1503 se
1250 1461 1579 1518 praeparare.
1619 1448 1855 1517 parietes
1906 1448 2091 1517 templi

498 1533 756 1606 levigare,
787 1538 1155 1607 pavimentum
1195 1553 1438 1605 verrere,
1467 1548 1524 1594 et
1555 1539 1763 1594 hostias
1805 1548 1860 1594 et
1887 1537 2093 1594 sacriﬁ-

499 1626 604 1694 cia,
649 1643 770 1698 quae
818 1629 1092 1686 ollerenda
1149 1640 1308 1686 erant
1363 1631 1419 1686 in
1449 1631 1794 1687 solemnitate
1845 1630 2090 1696 Paschae,

499 1733 824 1788 praeparare,
865 1728 920 1775 et
972 1723 1294 1792 semetipsos
1325 1723 1395 1778 ad
1447 1722 1646 1778 festum
1698 1723 1921 1778 Pascha:
1958 1723 2093 1778 cele-

498 1809 765 1864 brandum
809 1826 1133 1882 praeparare,
1187 1821 1584 1885 congregantur
1628 1815 1878 1871 ineuntes
1909 1815 2087 1871 consi-

499 1899 652 1968 lium,
682 1905 956 1973 quomodo
978 1904 1267 1960 Dominum
1293 1908 1455 1962 morti
1486 1909 1722 1964 tradant.

573 2014 593 2046 ι
624 1996 883 2052 Dicebant
921 2007 1103 2054 autem
1142 2018 1153 2054 :
1186 1999 1306 2055 Non
1336 2001 1392 2055 in
1423 2001 1508 2056 die
1543 2001 1703 2070 festo,
1740 2017 1809 2058 ne
1835 2004 1974 2060 forte
2004 2015 2090 2060 tu-

504 2105 523 2137 (
554 2087 755 2143 multus
791 2088 948 2145 ﬁeret
980 2090 1036 2145 in
1059 2092 1275 2162 populo.
1322 2113 1341 2144 ι
1374 2092 1467 2149 Sic
1494 2095 1707 2150 videtur
1727 2097 1956 2167 simplex
1977 2113 2091 2153 ser-

498 2191 589 2231 mo
618 2192 836 2245 sonare,
867 2180 1021 2248 quasi
1064 2181 1134 2236 ob
1164 2182 1487 2239 seditionem
1511 2185 1756 2241 caverint
1791 2185 1960 2243 Judaei
1989 2189 2087 2244 do-

495 2265 707 2320 minum
728 2267 782 2322 in
809 2267 896 2324 die
915 2267 1054 2325 festo
1075 2274 1558 2342 comprehendere,
1590 2276 1846 2332 timentes
1867 2279 2090 2334 seditio-

497 2372 622 2412 nem
659 2358 960 2414 turbarum.
994 2359 1149 2428 Quod
1195 2379 1302 2419 non
1352 2366 1616 2435 procedit,
1671 2367 1769 2422 sed
1808 2369 1988 2439 potius
2016 2370 2090 2424 ita

497 2447 902 2521 intelligendum
933 2438 1039 2520 est,
1071 2454 1200 2524 quia
1234 2456 1499 2512 timebant
1552 2473 1621 2513 ne
1651 2438 1853 2516 auxilio
1903 2462 2091 2532 populi

498 2539 564 2594 de
591 2541 840 2596 manibus
864 2541 1077 2598 illorum
1106 2544 1406 2613 tolleretur,
1439 2548 1567 2617 quia
1586 2564 1776 2605 omnes
1799 2549 1941 2606 sicut
1966 2566 2091 2621 pro-

495 2632 717 2702 phetam
736 2651 859 2691 eum
887 2637 1180 2693 habebant.
1227 2658 1245 2690 ε
1281 2638 1360 2695 Ne
1381 2640 1522 2696 forte
1545 2641 1831 2708 tumultus,
1871 2663 1888 2694 ι
1925 2644 1979 2699 id
2008 2653 2092 2700 est

497 2738 565 2778 ne
588 2725 758 2780 motio
799 2744 818 2778 ε
853 2726 1009 2784 ﬁeret
1035 2729 1090 2783 in
1120 2730 1335 2800 populo.
1373 2750 1391 2783 ι
1423 2759 1426 2762 ·

577 2833 595 2865 ‹
626 2813 763 2871 Cum
800 2826 982 2874 autem
1007 2829 1152 2875 esset
1177 2818 1337 2878 Jesus
1384 2823 1440 2877 in
1486 2823 1774 2889 Bethania,
1829 2827 1884 2881 in
1933 2829 2092 2884 domo

503 2923 522 2956 ι
562 2903 800 2962 Simonis
854 2908 1073 2980 leprosi.
1125 2931 1143 2964 ι
1201 2911 1369 2968 Recte
1413 2917 1818 2985 exsequendum
1867 2919 2096 2988 putabat

498 2998 833 3068 evangelista
849 3002 979 3071 quid
1001 3003 1264 3058 Dominus
1284 3005 1456 3075 egerit
1480 3007 1534 3060 in
1557 3007 1820 3064 Bethania
1847 3021 1974 3066 ante
1998 3027 2093 3068 sex

497 3089 616 3145 dies
644 3089 888 3159 Paschae,
919 3093 1095 3164 pridie
1116 3103 1407 3166 antequam
1436 3098 1542 3153 iret
1559 3097 1863 3156 Jerusalem
1893 3102 2093 3158 sedens

499 3179 670 3234 asino.
716 3179 870 3248 Quod
926 3191 1105 3238 autem
1148 3182 1298 3250 dicit,
1343 3205 1360 3237 ε
1419 3187 1476 3241 in
1526 3188 1684 3244 domo
1729 3188 1968 3247 Simonis
2026 3192 2097 3247 le-

2187 620 2404 689 quidem
2447 634 2514 676 ex
2540 621 2722 677 radice
2765 622 3050 691 optimum,
3088 623 3183 678 sed
3210 621 3520 693 pretiosius
3544 628 3658 676 est.
3689 622 3841 690 quod

2186 710 2248 766 ﬁt
2269 727 2337 766 ex
2374 712 2558 782 spicis.
2605 711 2854 784 Mystice,
2881 713 3097 769 devotio
3137 713 3319 770 Mariae
3343 713 3519 768 ﬁdem
3551 710 3844 768 Ecclesiae

2188 802 2478 874 signiﬁcat,
2504 819 2626 874 quae
2658 804 2872 861 Domini
2902 806 3120 876 quidem
3149 815 3311 878 caput
3347 806 3516 877 ungit
3556 821 3712 860 cum
3752 821 3841 875 po-

2189 895 2413 950 tentiam
2484 895 2786 951 divinitatis
2862 896 3007 972 illius
3067 898 3343 969 praedicat,
3422 898 3652 953 dicens
3717 911 3835 952 cum

2187 984 2394 1042 Joanne
2423 987 2705 1056 apostolo:
2740 1005 2759 1039 ε
2791 987 2850 1042 In
2877 989 3148 1059 principio
3178 999 3300 1044 erat
3336 987 3612 1045 Verbum
3644 987 3834 1059 (locu.

2190 1074 2252 1148 ι).
2300 1095 2320 1128 ι
2361 1076 2533 1133 Pedes
2574 1078 2745 1150 ungit,
2813 1095 2938 1134 cum
2991 1079 3368 1136 inﬁrmitatem
3436 1079 3836 1136 humanitatis

2189 1167 2305 1238 ejus
2342 1170 2621 1240 praedicat,
2681 1171 2869 1228 dicens
2921 1188 3044 1228 cum
3093 1174 3284 1230 eodem
3328 1172 3562 1230 Joanne
3597 1191 3615 1227 :
3683 1193 3704 1226 ι
3768 1173 3834 1229 Et

2193 1259 2429 1316 Verbum
2458 1278 2588 1318 caro
2613 1261 2818 1318 factum
2847 1275 2932 1320 est
2954 1263 3118 1335 (Ibid.
3148 1265 3188 1337 ).
3237 1286 3255 1316 ι

2268 1370 2286 1402 ‹
2319 1350 2575 1408 Videntes
2622 1361 2801 1408 autem
2849 1355 3120 1425 discipuli,
3147 1355 3412 1427 indignati
3459 1365 3612 1412 sunt
3646 1357 3828 1412 dicen—

2199 1460 2218 1492 ι
2250 1451 2331 1498 tes
2356 1460 2368 1498 :
2393 1443 2464 1500 Ut
2483 1444 2610 1514 quid
2629 1446 2862 1517 perditio
2878 1448 3032 1503 hate?
3059 1467 3077 1500 ι
3109 1447 3209 1503 llic
3229 1449 3495 1504 videntur
3517 1448 3825 1504 dissonare

2193 1533 2479 1592 Matthaaus
2508 1545 2562 1592 et
2587 1536 2847 1604 Joannes,
2871 1554 2994 1594 cum
3019 1538 3258 1596 Joannes
3279 1541 3663 1596 solummodo
3689 1541 3820 1596 hanc

2193 1625 2621 1697 indignationem
2657 1628 2810 1685 Judae
2849 1630 3236 1702 designaverit,
3281 1633 3532 1688 reddens
3592 1648 3818 1688 causam

2193 1735 2364 1790 quare
2408 1721 2715 1791 indignatus
2766 1723 2838 1777 sit
2864 1723 2919 1777 in
2959 1721 3224 1779 ell‘usionc
3252 1724 3554 1792 unguenti,
3610 1724 3816 1779 sciliw

2193 1811 2317 1880 quia
2350 1809 2438 1865 fur
2471 1820 2610 1876 erat,
2640 1819 2696 1868 et
2719 1811 2926 1867 loculos
2955 1812 3162 1869 habens
3189 1829 3252 1869 ea
3281 1830 3401 1884 quae
3433 1815 3815 1870 mittebantur

2119 1895 2462 1972 Bportabat.
2521 1902 2628 1958 Sed
2684 1911 2873 1973 tropus
2917 1905 3136 1974 quidam
3183 1914 3287 1971 est,
3340 1906 3440 1975 qui
3499 1906 3815 1976 appellatur

2191 1993 2550 2063 synecdoche,
2579 1993 2901 2064 plerumque
2938 1994 3267 2065 singularem
3296 2009 3394 2065 pro
3443 1995 3689 2064 plurali,
3717 1997 3812 2050 fre-

2191 2095 2425 2154 quenter
2461 2100 2592 2141 vero
2615 2085 2881 2156 pluralem
2905 2102 3003 2157 pro
3029 2087 3289 2158 singulari
3308 2103 3554 2144 numero
3576 2103 3805 2160 ponens.

2191 2175 2305 2231 Hoc
2328 2189 2457 2246 ergo
2504 2190 2700 2247 genere
2737 2176 3026 2233 locutionis
3085 2193 3373 2249 possumus
3416 2179 3622 2235 dicere
3675 2180 3804 2235 hic:

2192 2266 2445 2323 Mattbzeo
2473 2269 2708 2338 positum
2731 2284 2850 2325 esse
2880 2269 3088 2340 plurale
3107 2287 3205 2342 pro
3231 2271 3525 2343 singulari,
3560 2274 3801 2345 discipu—

2190 2358 2272 2414 los
2294 2359 2541 2414 videlicet
2570 2360 2756 2416 dicens
2796 2361 3105 2432 indignatos
3136 2361 3322 2419 fuisse.
3355 2363 3680 2420 Dicendum
3725 2375 3802 2420 est

2193 2459 2371 2506 autem
2399 2451 2523 2520 quia
2549 2451 2594 2506 si
2624 2452 2715 2506 alii
2740 2451 2992 2523 discipuli
3013 2453 3278 2525 indignati
3306 2464 3467 2521 sunt;
3497 2456 3686 2512 Judas
3714 2473 3801 2510 au-

2193 2551 2301 2598 tem
2321 2558 2429 2598 non
2469 2558 2636 2600 causa
2661 2561 2982 2616 pauperum,
3008 2547 3103 2602 sed
3135 2563 3298 2603 causa
3327 2548 3567 2617 invidie,
3606 2550 3800 2606 dolens

2193 2636 2428 2692 sacculis
2454 2636 2569 2692 suis
2615 2639 2862 2694 subtrahi
2904 2639 3126 2709 quodin
3149 2641 3365 2697 Domini
3388 2644 3564 2713 capite
3590 2644 3805 2700 funde-

2193 2733 2376 2786 batur.
2897 2805 2902 2812 ἱ

2273 2845 2289 2877 ι
2321 2825 2502 2883 Potuit
2525 2828 2672 2883 enim
2697 2827 2841 2884 istud
2868 2830 3168 2885 venundari
3198 2829 3387 2894 multo,
3414 2850 3429 2883 ι
3454 2830 3800 2888 subauditur

2193 2918 2391 2986 pretio,
2422 2939 2438 2970 ι
2475 2930 2530 2974 et
2558 2919 2676 2974 dari
2706 2921 3053 2990 pauperibus.
3092 2941 3111 2972 ι

2271 3032 2290 3063 ‹
2324 3012 2512 3069 Sciens
2549 3025 2732 3070 autem
2757 3016 2935 3083 Jesus,
2959 3018 3037 3072 ait
3064 3017 3171 3074 illis
3203 3037 3216 3073 :
3247 3018 3389 3086 Quid
3417 3021 3640 3077 molesti
3661 3025 3802 3079 estis

2201 3120 2221 3152 ι
2255 3104 2380 3159 huic
2433 3107 2676 3163 mulieri?
2723 3106 2872 3179 Opus
2921 3112 3124 3165 bonum
3177 3122 3401 3181 operata
3422 3115 3596 3169 estin
3633 3131 3748 3171 me.
3777 3136 3795 3168 ι

2200 3192 2346 3248 Mitis
2375 3203 2430 3249 et
2466 3197 2733 3269 benignus
2770 3200 3028 3271 magister
3055 3217 3162 3256 non
3190 3203 3366 3273 arguit
3399 3203 3710 3275 discipulos
3738 3207 3800 3260 de

497 3271 668 3340 prosi,
705 3291 724 3323 ›
753 3270 1033 3329 Simonem
1063 3275 1207 3332 hunc
1229 3293 1339 3333 non
1367 3278 1626 3336 debemus
1647 3291 1837 3352 putare
1861 3299 1928 3339 eo
1954 3293 2092 3341 tem—
2123 3257 2168 3322 Ο
2200 3287 2443 3342 mulieris
2474 3257 3003 3362 indignationeinon
3047 3295 3195 3350 addit
3237 3257 3305 3350 a'd
3331 3297 3584 3352 ultimum
3618 3301 3799 3370 ipsum

500 3376 632 3431 pore
658 3363 822 3420 fuisse
839 3365 1136 3436 leprosum,
1161 3368 1257 3424 sed
1289 3371 1510 3440 quidem
1540 3371 1788 3444 leprosus
1815 3375 2014 3444 fuerat,
2039 3387 2094 3434 et

500 3456 821 3514 mirabiliter
841 3475 872 3514 a
887 3459 1117 3516 Domino
1137 3471 1377 3530 curatus,
1400 3467 1631 3535 pristino
1653 3469 1858 3524 scilicet
1874 3471 2094 3526 nomine

498 3561 873 3621 permanente,
927 3555 996 3609 ad
1029 3557 1349 3612 memoriam
1382 3560 1686 3615 curationis
1717 3560 1862 3617 illius
1904 3580 1918 3616 :
1952 3564 2096 3618 sicut

501 3642 788 3702 Matthteus
814 3647 1134 3717 publicanus
1161 3651 1379 3716 dicitur,
1408 3667 1516 3706 non
1547 3655 1674 3722 quia
1705 3656 1880 3711 adhuc
1922 3657 2094 3726 publi-

499 3752 671 3792 canus
712 3746 876 3803 esset,
907 3740 1002 3793 sed
1029 3741 1155 3809 quia
1187 3741 1317 3795 olim
1347 3743 1665 3811 publicanus
1707 3748 2000 3803 exstiterit.
2029 3751 2097 3805 Et

500 3828 730 3897 pulchre
756 3830 1020 3885 Dominus
1049 3841 1176 3887 ante
1212 3833 1524 3902 passionem
1546 3837 1602 3891 in
1627 3837 1891 3894 Bethania
1927 3842 2095 3899 fuisse

500 3915 720 3987 legitur.
743 3918 1009 3974 Bethania
1029 3921 1631 3995 quippeinterpretatur
1652 3929 1838 3986 domus
1853 3931 2094 3987 obedien-

501 4008 610 4073 tiae,
638 4017 699 4062 ut
721 4017 909 4079 aperte
935 4013 1244 4069 ostenderet
1269 4016 1393 4086 quia
1419 4031 1516 4086 per
1543 4034 1810 4076 summam
1837 4023 2094 4079 obedien-

505 4098 637 4154 tiam
666 4100 736 4155 ad
759 4102 1070 4171 passionem
1094 4107 1323 4162 veniret.

580 4212 600 4245 ι
635 4193 882 4251 Accessit
907 4196 976 4251 ad
1005 4213 1128 4252 eum
1158 4200 1368 4267 mulier,
1412 4203 1620 4260 habens
1647 4207 1979 4263 alabastrum
2000 4225 2097 4264 un-

508 4303 527 4336 ‹
558 4286 740 4356 guenti
765 4287 1007 4357 pretiosi.
1033 4309 1052 4340 ›
1079 4289 1207 4346 Hzec
1227 4291 1424 4349 mulier
1441 4295 1556 4365 ipsa
1579 4305 1664 4353 est
1684 4298 1853 4353 Maria
1875 4299 2093 4370 Magda-

501 4375 649 4442 lena,
678 4377 746 4434 de
771 4393 876 4449 qua
905 4380 1166 4438 Dominus
1196 4394 1404 4456 septem
1449 4388 1720 4445 daemonia
1757 4390 1934 4460 ejecit.
1966 4391 2096 4459 Quae

502 4468 739 4537 primum
763 4470 980 4540 quidem
1004 4472 1073 4527 ad
1095 4475 1381 4531 Dominum
1403 4478 1671 4535 accedens
1693 4480 1745 4534 in
1775 4482 1935 4537 domo
1955 4483 2096 4538 Pha-

503 4559 670 4626 risaei,
714 4561 970 4633 lacrymis
1017 4565 1181 4632 pedes
1201 4564 1317 4633 ejus
1371 4567 1542 4622 abluit
1565 4577 1622 4622 et
1665 4570 1874 4639 capillis
1915 4574 2090 4629 tersit.

501 4651 850 4710 Postmodum
876 4668 1009 4710 vero
1027 4654 1309 4712 familiaris
1333 4658 1562 4712 Domino
1584 4657 1794 4726 elfecta,
1822 4664 1890 4718 ad
1915 4665 2092 4734 ipsum

503 4757 663 4816 caput
691 4749 1001 4819 ungendum
1033 4751 1282 4805 accessit.
1339 4750 1410 4804 Et
1442 4751 1567 4820 quia
1608 4753 1837 4810 multum
1881 4757 2090 4828 dilexit,

503 4836 794 4894 multorum
811 4848 1159 4908 peccatorum
1178 4840 1390 4894 veniam
1409 4845 1725 4910 promeruit.
1749 4847 2090 4908 Alabastrum

502 4943 674 4998 genus
703 4937 788 4984 est
829 4929 1118 4982 marmoris
1146 4930 1390 4996 pretiosi,
1431 4933 1599 4988 variis
1621 4935 1895 4994 coloribus
1926 4941 2092 4997 inter-

502 5017 679 5084 tincti,
717 5019 861 5087 quod
881 5018 1062 5073 ferunt
1083 5020 1276 5075 medici
1305 5024 1568 5093 optimum
1601 5043 1723 5086 esse
1748 5033 1817 5088 ad
1841 5049 2089 5106 unguen-

504 5118 555 5163 ta
605 5109 920 5181 incorrupta
959 5112 1246 5168 servanda.
1280 5134 1298 5166 ‹
1333 5115 1586 5177 Prctiosi.
1623 5144 1641 5176 ι
1676 5125 1829 5182 Alius
1858 5143 2086 5200 evange-

501 5199 628 5254 lista
655 5201 788 5256 dicit
808 5203 1080 5271 quomodo
1101 5204 1203 5260 hoc
1224 5222 1557 5280 unguentum
1581 5215 1744 5271 fuerit
1769 5199 2086 5288 pretiosum,

502 5305 734 5345 narrans
760 5291 888 5346 illud
923 5309 988 5347 cx
1010 5296 1181 5350 nardo
1200 5298 1391 5368 pistica
1421 5301 1643 5360 factum.
1675 5307 1886 5364 Nardus
1911 5319 2092 5365 autem

505 5381 685 5437 frutex
711 5392 793 5438 est
819 5387 1136 5456 aromatica,
1162 5391 1343 5463 pingui
1379 5407 1433 5450 et
1466 5399 1610 5452 tenui
1664 5401 1864 5467 radice,
1891 5403 2094 5472 princi-

503 5487 690 5546 patum
721 5484 908 5533 tenens
952 5479 1094 5536 inter
1139 5499 1328 5542 omnes
1356 5490 1586 5559 species,
1612 5492 1676 5545 de
1699 5493 1894 5560 quibus
1925 5495 2092 5550 conﬁ-

503 5566 724 5621 ciuntur
767 5583 1058 5642 unguenta.
1087 5574 1307 5644 Pistica,
1335 5580 1388 5635 id
1435 5591 1520 5636 est
1563 5581 1768 5650 ﬁdelis,
1818 5600 1924 5640 non
1967 5602 2085 5643 cor-

506 5667 682 5730 rupta,
716 5661 855 5718 sicut
900 5667 1071 5724 solent
1101 5672 1291 5726 medici
1323 5673 1649 5742 quibusdam
1678 5677 1862 5734 herbis
1886 5680 2086 5735 verita-

504 5759 613 5807 tem
648 5767 1044 5826 unguentorum
1082 5776 1448 5831 corrumpere.
1492 5764 1642 5822 Alius
1671 5771 1998 5842 evangelista
2033 5786 2092 5830 ut

500 5845 811 5904 ostenderet
858 5850 961 5906 hoc
1013 5861 1345 5922 unguentum
1393 5858 1844 5926 pretiosiSsimum
1900 5864 2088 5936 fuisse,

2197 3396 2352 3436 suum
2380 3383 2711 3450 proditorem
2739 3396 2797 3440 et
2819 3385 3135 3442 traditorem
3158 3387 3359 3443 invidia
3392 3405 3520 3460 erga
3554 3406 3628 3446 se
3657 3391 3802 3445 labo-

2195 3480 2429 3539 rantem,
2459 3474 2554 3528 sed
2596 3475 2734 3529 dixit
2783 3490 2798 3529 :
2859 3493 2878 3526 ι
2914 3475 3062 3546 Opus
3089 3477 3291 3533 bonum
3342 3491 3563 3549 operata
3617 3490 3713 3537 est
3749 3481 3800 3535 in

2197 3578 2304 3618 me.
2340 3583 2360 3616 δ

2272 3674 2292 3705 ‹
2341 3653 2477 3710 Nam
2511 3669 2722 3728 semper
2768 3675 3031 3730 pauperes
3055 3663 3323 3720 habebitis
3354 3665 3672 3733 vobiscum,
3716 3683 3799 3722 me

2197 3759 2376 3805 autem
2403 3766 2617 3821 semper
2665 3769 2774 3809 non
2801 3756 3088 3812 habebitis.
3144 3778 3162 3808 ι
3211 3758 3280 3813 Ει
3316 3759 3423 3814 hoc
3451 3763 3798 3817 contrarium

2197 3859 2317 3900 esse
2346 3844 2560 3900 videtur
2598 3845 2676 3901 illi
2698 3848 2937 3903 sermoni
2959 3863 3068 3918 quo
3093 3849 3228 3904 dicit
3255 3849 3517 3906 Dominus
3546 3871 3560 3906 :
3597 3873 3626 3904 ι
3665 3854 3799 3909 Ecce

2196 3951 2297 4007 ego
2320 3937 2602 3992 vobiscum
2623 3953 2742 3993 sum
2769 3941 3018 3996 omnibus
3033 3941 3224 3999 diebus
3243 3959 3414 4014 usque
3443 3945 3511 4000 ad
3537 3961 3800 4003 consum-

2196 4029 2489 4085 mationem
2521 4031 2702 4087 saeculi
2725 4032 2941 4103 (Matth.
2970 4037 3184 4108 xxvm).
3219 4055 3239 4088 ι
3270 4037 3380 4093 Sed
3403 4038 3532 4094 illud
3559 4040 3638 4096 de
3670 4043 3802 4097 diri-

2195 4120 2367 4174 nitate
2405 4120 2778 4191 accipiendum
2827 4131 2932 4190 est,
2969 4125 3101 4181 illud
3128 4142 3262 4184 vero
3284 4128 3354 4185 de
3385 4130 3744 4189 humanitate
3785 4153 3798 4186 :

2195 4226 2322 4266 nam
2370 4214 2665 4268 secundum
2714 4215 3106 4273 humanitatem
3151 4235 3258 4276 non
3288 4235 3506 4291 semper
3535 4238 3675 4280 cum
3729 4227 3801 4281 eis

2196 4311 2281 4359 est
2310 4312 2640 4360 moraturus.
2673 4324 2694 4358 ‹
2729 4305 2885 4374 Nam,
2911 4308 3107 4380 inquit,
3133 4327 3356 4384 semper
3374 4315 3656 4373 habebitis
3675 4333 3804 4389 pauo

2196 4408 2376 4465 peres,
2416 4415 2434 4447 ι
2485 4405 2543 4452 et
2581 4397 3010 4455 misericordiam
3057 4402 3138 4458 eis
3171 4405 3422 4475 poteritis
3453 4406 3800 4478 impendere,

2203 4510 2220 4543 ς
2251 4507 2337 4547 me
2358 4500 2538 4548 autem
2563 4507 2671 4547 non
2695 4508 2910 4564 semper
2929 4495 3219 4553 habebitis.
3257 4517 3277 4550 ι

2275 4601 2293 4634 ‹
2331 4582 2548 4640 Mittens
2603 4585 2750 4640 enim
2801 4585 2919 4642 haec
2946 4597 3279 4660 unguentum
3324 4591 3430 4648 hoc
3483 4595 3540 4648 in
3590 4610 3798 4668 corpus

2204 4695 2221 4725 ι
2255 4690 2456 4740 meum,
2497 4675 2564 4729 ad
2607 4676 2972 4747 sepeliendum
3021 4697 3110 4737 me
3137 4682 3286 4738 fecit.
3321 4703 3341 4736 ι
3381 4683 3452 4740 Ει
3479 4696 3569 4741 est
3595 4703 3800 4745 sensus

2201 4770 2428 4825 istorum
2453 4771 2747 4826 verborum
2770 4789 2783 4826 :
2808 4771 3153 4844 Unguentum
3173 4777 3317 4846 quod
3339 4793 3435 4834 vos
3446 4781 3656 4850 putatis
3681 4798 3801 4838 esse

2203 4875 2423 4915 causam
2465 4862 2803 4930 perditionis,
2868 4863 3103 4920 ollicium
3153 4875 3239 4923 est
3293 4884 3429 4926 mea:
3480 4871 3795 4942 sepulturae.

2209 4969 2226 5000 ε
2264 4948 2484 5004 Mittens
2511 4953 2654 5007 enim
2678 4954 2793 5010 haec
2812 4965 3146 5027 unguentum
3170 4957 3346 5015 hocin
3369 4975 3569 5032 corpus
3585 4979 3794 5026 meum.

2195 5042 2262 5097 ad
2309 5043 2676 5112 sepeliendum
2715 5063 2801 5102 me
2849 5048 2996 5104 fecit.
3061 5071 3077 5102 ι
3136 5051 3193 5106 ld
3236 5062 3341 5118 est,
3373 5070 3585 5124 corpus
3610 5073 3795 5113 meum

2195 5135 2456 5201 praevenit
2499 5153 2703 5208 ungere
2746 5139 2874 5194 dum
2900 5141 3074 5196 adhuc
3111 5142 3253 5209 vivo,
3285 5145 3428 5216 quod
3465 5146 3682 5203 factura
3713 5160 3798 5204 est

2197 5233 2431 5292 mortuo,
2461 5227 2506 5281 si
2538 5228 2754 5284 licuerit
2797 5230 2869 5284 ei.
2892 5229 3146 5302 Legimus
3178 5249 3412 5306 namque
3444 5239 3572 5308 quia
3599 5239 3793 5304 Maria,

2199 5317 2374 5385 posito
2398 5319 2627 5375 Domino
2666 5321 2721 5376 in
2750 5333 3123 5390 monumento,
3153 5343 3276 5383 cum
3302 5329 3424 5386 aliis
3447 5334 3656 5388 sanctis
3677 5351 3792 5389 tnu-

2196 5406 2420 5465 lieribus
2441 5412 2575 5466 emit
2615 5422 2860 5468 aromata
2897 5424 2952 5469 et
2977 5416 3082 5470 alia
3124 5430 3400 5490 unguenta
3439 5425 3703 5493 pretiosa,
3735 5433 3794 5480 ut

2195 5500 2477 5556 venientes
2507 5512 2773 5573 ungerent
2797 5519 2996 5576 corpus
3031 5507 3267 5564 Domini.
3294 5509 3447 5579 Quod
3477 5522 3662 5570 tamen
3695 5516 3797 5568 mi-

2195 5590 2342 5646 nime
2395 5591 2619 5662 implere
2667 5595 2864 5664 potuit,
2909 5591 3044 5668 "quia
3089 5611 3364 5669 praeventa
3407 5602 3510 5658 fuit
3555 5621 3797 5661 resurre-

2197 5685 2374 5740 ctione
2400 5685 2631 5742 Domini.
2664 5688 2774 5744 lloc
2816 5689 2908 5746 illo
2935 5693 3169 5762 pertinet
3193 5693 3338 5764 quod
3376 5694 3641 5753 Dominus
3668 5697 3750 5752 ait
3776 5715 3793 5751 :

2204 5795 2222 5827 ι
2251 5775 2334 5831 Ad
2365 5777 2731 5849 sepeliendum
2754 5798 2840 5838 me
2871 5783 3017 5850 fecit,
3053 5805 3070 5838 ›
3099 5787 3151 5842 id
3193 5788 3440 5858 estquod
3467 5798 3685 5845 mortuo
3717 5791 3796 5844 fa-

2198 5878 2351 5925 ctura
2388 5880 2490 5941 est,
2522 5873 2568 5928 si
2595 5873 2809 5930 licuerit
2853 5877 2925 5943 ei,
2955 5878 3078 5934 vivo
3105 5878 3238 5935 mihi
3265 5880 3507 5937 exhiberi
3560 5884 3789 5938 studuit.
