3934 6346
92 371 192 428 861

1280 314 1598 422 ‘HO‘MILIIE
1638 364 1724 419 DE
1764 363 2112 420 TEMPORE.

3246 368 3356 424 562

163 504 185 540 ι
213 484 386 540 Amen
430 480 552 538 dico
577 480 747 547 vobis,
790 481 1097 558 ubicunque
1122 454 1474 553 praedicatum
1505 479 1665 534 fuerit
1695 489 1744 546 Α
1847 498 1865 529 ι
1894 479 1964 532 At
1991 478 2146 534 Iesus
2170 479 2306 533 dixit
2334 498 2346 534 :
2374 480 2449 536 Ite
2474 482 2525 537 in
2550 481 2822 536 civitatem
2851 479 2916 535 ad
2947 481 3257 551 quemdam,
3297 493 3353 538 et

94 599 116 634 ‹
142 580 245 637 hoc
300 575 646 648 Evangelium
678 576 730 631 in
777 583 890 631 toto
933 575 1157 638 mundo,
1190 575 1400 629 dicetur
1426 580 1479 627 et
1522 570 1666 643 quod

95 693 116 726 ι
142 674 243 730 hoc
271 670 400 727 fecit
425 671 479 724 in
507 669 821 724 memoriam
861 669 1000 738 ejus.
1039 687 1059 720 ι
1085 665 1390 722 Notandum
1419 675 1504 721 est
1540 665 1668 734 quia

89 764 370 828 Dominus,
410 770 533 833 post
564 762 784 816 biduum
831 775 1093 832 passurus
1123 768 1180 816 et
1215 758 1610 829 cruciﬁgendus
1636 774 1667 814 a

88 853 304 919 Iudaeis,
360 851 704 924 Evangelium
760 867 917 907 suum
962 851 1204 922 praedicit
1231 865 1330 921 per
1358 849 1669 906 universum

87 945 272 1001 orbem
297 957 420 998 esse
439 942 865 1014 praedicandam.
887 942 1222 998 Praedicatur
1241 956 1371 1014 ergo
1400 941 1542 996 inter
1563 941 1668 998 alia

87 1032 346 1090 miracula
396 1029 696 1086 Salvatoris
735 1031 898 1088 etiam
952 1029 1134 1087 Maria:
1173 1029 1563 1095 benevolentia,
1616 1037 1674 1085 et

87 1122 199 1192 ejus
229 1123 448 1178 devotio
474 1122 542 1176 ab
570 1120 822 1177 omnibus
851 1121 1122 1189 laudatur,
1153 1121 1362 1178 scilicet
1387 1122 1530 1193 quod
1571 1137 1668 1177 ca-

87 1224 180 1288 put
211 1215 426 1270 Domini
454 1213 691 1280 unxerit,
720 1215 862 1285 quod
889 1212 1055 1286 pedes
1077 1213 1220 1269 illius
1247 1213 1502 1284 laerymts
1531 1210 1673 1266 infu-

87 1307 240 1371 derit,
278 1305 424 1378 quod
457 1305 669 1378 capillis
693 1306 929 1361 terserit.
957 1304 1024 1361 Et
1048 1319 1153 1359 non
1183 1316 1292 1360 tam
1313 1303 1526 1359 devotio
1555 1302 1669 1356 Ma-

85 1400 175 1454 riae
219 1398 550 1470 praedicatur
601 1411 764 1468 quam
808 1395 940 1452 fides
983 1403 1039 1450 et
1075 1394 1289 1451 devotio
1339 1403 1540 1449 sancta:
1573 1393 1672 1449 Ec-

84 1489 278 1546 clesiae.
318 1507 339 1541 ι
373 1489 596 1544 Dicetur
622 1496 677 1542 et
713 1489 856 1558 quod
899 1489 1004 1544 hoc
1050 1505 1070 1540 ι
1113 1486 1468 1543 subaudiatur
1509 1500 1669 1559 opus,

88 1601 108 1634 α
141 1581 267 1637 fecit
287 1581 345 1636 in
366 1579 682 1636 memoriam
707 1579 845 1650 ejus.
883 1598 904 1631 ι

155 1692 174 1726 ι
203 1671 360 1729 Tunc
396 1671 529 1728 abiit
554 1686 693 1727 unus
721 1671 788 1726 de
817 1669 1099 1728 duodecim
1125 1710 1140 1734 ,
1167 1669 1258 1741 qui
1279 1668 1480 1725 dicitur
1505 1667 1672 1725 Iudas

87 1783 106 1818 ι
130 1764 403 1829 Scarioth,
425 1763 492 1820 ad
515 1763 784 1834 principes
804 1762 1166 1818 sacerdotum.
1189 1780 1208 1813 ι
1237 1760 1474 1817 Dicendo
1500 1779 1520 1812 ‹
1542 1769 1671 1816 tunc

1776 591 1795 623 ‹
1824 573 1985 626 dicite
2013 572 2060 626 ei
2097 590 2110 626 :
2135 570 2388 640 Magister
2417 573 2815 646 dicit,Tempus
2841 589 3019 628 meum
3048 589 3215 644 pr0pe
3245 584 3352 644 est,

1775 683 1794 716 ι
1826 664 1964 734 apud
1990 674 2041 718 te
2064 664 2200 719 facio
2221 663 2430 720 Pascha
2455 682 2575 720 cum
2607 665 2883 738 discipulis
2909 667 3060 722 meis.
3094 687 3112 719 ι
3145 666 3348 722 [diuina

1772 754 2050 810 Hebraica:
2096 754 2289 825 linguae
2317 764 2421 820 est,
2462 756 2578 810 sine
2608 756 3047 812 denominatione
3076 767 3351 814 certarum

1771 862 2124 919 personarum
2147 847 2308 917 loqui,
2333 848 2474 918 quod
2507 849 2560 902 in
2592 847 2691 904 hac
2719 849 2924 906 ratione
2952 861 3223 906 servatum
3249 861 3355 911 est.

1772 940 1841 996 Et
1867 941 2088 1012 pulchre
2115 940 2372 995 Dominus
2395 955 2499 994 non
2529 939 2781 1011 erpritnit
2802 957 2996 997 nomen
3027 942 3190 1010 illius,
3214 943 3357 1015 apud

1773 1049 1934 1104 quem
1966 1033 2335 1088 (elebraturus
2369 1033 2408 1087 it
2438 1031 2668 1096 Pascha,
2697 1033 2990 1088 ostendens
3027 1033 3153 1104 quia
3193 1048 3357 1090 nemo

1773 1125 2043 1194 excipitur
2067 1141 2094 1178 a
2123 1124 2437 1180 celebritate
2460 1122 2699 1193 paschali
2724 1163 2738 1186 ,
2767 1124 3076 1194 quicunque
3101 1141 3224 1181 cum
3255 1126 3358 1182 Do.

1774 1217 1922 1272 mino
1953 1215 2176 1271 voluerit
2211 1229 2271 1270 ea
2309 1212 2602 1269 celebrare.
2654 1230 2672 1263 ι
2703 1212 2768 1266 Ει
2805 1213 2967 1267 dicite
3006 1214 3055 1268 ei
3077 1215 3363 1286 :Magister

1775 1309 1936 1374 dicit,
1964 1318 2174 1378 tempus
2200 1321 2400 1371 meum,
2429 1325 2447 1358 ›
2481 1305 2532 1360 id
2558 1313 2641 1360 est
2673 1313 2884 1376 tempus
2913 1306 3180 1376 passionis
3202 1323 3357 1372 mete,

1781 1413 1988 1468 «prope
2040 1405 2144 1464 est,
2196 1395 2338 1466 apud
2389 1404 2441 1452 te
2487 1394 2627 1450 facio
2681 1394 2890 1449 Pascha
2932 1410 3056 1450 cum
3081 1396 3358 1452 discipulis

1775 1487 1932 1542 meis.
1967 1505 1986 1538 ι

1843 1596 1872 1629 4
1902 1577 1967 1633 Et
2011 1575 2255 1631 fecerunt
2285 1575 2530 1647 discipuli
2559 1577 2700 1632 sicut
2729 1576 3006 1632 constituit
3038 1575 3145 1632 illis
3178 1575 3358 1644 Iesus,

1783 1687 1802 1722 ι
1832 1677 1888 1724 et
1936 1676 2266 1739 paraverunt
2301 1667 2522 1738 pascha.
2554 1686 2573 1718 ›
2623 1667 2775 1722 Alius
2815 1667 3146 1740 evangelista
3193 1667 3357 1733 dicit,

1777 1760 1904 1830 quia
1954 1767 2144 1815 euntes
2201 1758 2447 1830 discipuli
2493 1758 2818 1813 invenerunt
2858 1759 3195 1814 cuenaculum
3248 1776 3363 1814 ma-

82 1857 228 1923 abiit,
260 1875 282 1908 ι
325 1853 562 1911 ostendit
596 1855 741 1910 hunc
766 1869 872 1909 non
902 1854 1129 1908 invitum
1163 1852 1447 1908 Dominum
1473 1851 1666 1908 Salva-
1697 1867 1745 1928 Β
1774 1869 1938 1924 gnum
1969 1861 2221 1918 stratum,
2260 1859 2315 1906 et
2346 1851 2416 1906 ibi
2449 1859 2799 1922 paraverunt.
2848 1849 2965 1906 Non
3012 1852 3159 1906 enim
3205 1861 3366 1908 vacat

83 1955 251 2003 torem
282 1947 607 2019 prodidisse,
636 1945 731 2002 sed
759 1953 950 2015 Sponte
979 1945 1047 1999 ad
1083 1944 1442 2016 perditionem
1486 1957 1671 2000 acces-

81 2037 237 2104 sisse,
268 2036 660 2108 et,cupiditate
680 2035 920 2099 ductum,
937 2031 1054 2104 ejus
1083 2034 1442 2104 perditionem
1469 2035 1672 2106 promi-

80 2129 236 2185 sisse.

151 2237 172 2272 ο
200 2218 346 2287 Quid
383 2216 547 2276 vultis
578 2217 711 2274 mihi
753 2217 907 2284 dare,
957 2227 1013 2275 et
1061 2233 1161 2290 ego
1195 2218 1348 2274 vobis
1385 2233 1511 2274 eum
1560 2226 1672 2274 tra-

79 2309 246 2364 dam?
277 2328 297 2361 ι
355 2307 469 2364 Non
516 2307 800 2364 constituit
839 2308 920 2364 eis
964 2309 1217 2379 pretium,
1253 2309 1346 2364 sed
1375 2310 1429 2364 in
1457 2309 1671 2366 illorum

77 2397 313 2452 arbitrio
355 2397 537 2466 posuit
580 2396 708 2466 quid
756 2396 807 2452 ei
851 2398 980 2453 dare
1021 2397 1241 2463 vellent,
1267 2407 1326 2454 ut
1357 2415 1465 2454 non
1490 2400 1674 2455 Domi-

78 2503 207 2544 num
237 2526 256 2553 ,
312 2487 408 2543 sed
467 2486 624 2558 quasi
683 2485 787 2542 vile
845 2487 1170 2558 mancipium
1229 2489 1465 2544 vendere
1508 2499 1671 2559 puta-

82 2588 250 2635 retur.
315 2595 334 2629 ο
364 2576 437 2632 At
469 2576 546 2632 illi
568 2576 964 2632 constituerunt
986 2577 1034 2632 ei
1062 2576 1278 2648 triginta
1308 2587 1614 2650 argenteos.
1646 2599 1666 2633 ι

84 2667 362 2739 lmpletum
391 2673 475 2722 est
520 2666 623 2721 hoc
650 2667 792 2736 quod
815 2667 1157 2736 omnipotens
1187 2666 1328 2721 Deus
1351 2683 1448 2738 per
1468 2668 1674 2723 Zacha-

84 2758 214 2813 riam
244 2764 472 2828 questus
497 2753 692 2820 fuerat,
724 2754 910 2811 dicens
942 2772 954 2808 :
992 2773 1012 2805 ι
1042 2753 1099 2809 Si
1129 2754 1331 2810 bonum
1354 2766 1438 2813 est
1462 2759 1518 2814 in
1542 2774 1672 2814 ocu-

86 2849 148 2905 lis
199 2847 398 2904 vestris
427 2887 444 2914 ,
497 2845 686 2902 aﬂ’erte
741 2845 876 2902 mihi
921 2844 1228 2900 mercedem
1266 2863 1281 2900 :
1325 2847 1410 2903 sin
1462 2856 1668 2914 autem,

90 2941 364 3010 quiescite,
394 2950 451 2994 et
482 2936 855 3009 appenderunt
897 2939 1204 2993 mercedem
1238 2952 1414 2994 meam
1446 2939 1668 3012 triginta

91 3041 389 3104 argenteos,
423 3031 678 3088 decorum
724 3030 978 3102 pretium,
1028 3045 1136 3101 quo
1171 3033 1504 3102 appretiatus
1547 3049 1668 3090 sum

91 3125 156 3180 ab
179 3140 259 3181 ets
285 3121 470 3196 (Zach.
498 3122 602 3195 ιι).
635 3140 654 3176 ι
693 3121 802 3179 Pro
830 3122 1098 3179 universis
1118 3121 1394 3181 beneﬁciis
1420 3141 1542 3196 quae
1569 3127 1670 3184 Do-

1777 1959 1811 1998 a
1832 1955 2030 2016 magno
2075 1942 2352 2014 mysterio,
2403 1941 2549 2012 quod
2576 1941 2835 1997 Dominus
2864 1941 2917 1995 in
2942 1942 3224 1998 caenaculo
3251 1941 3357 1997 Pa-
3381 1941 3384 1946 ’

1776 2034 1910 2089 scha
1939 2032 2315 2089 celebraverit.
2363 2031 2644 2103 Significat
2684 2022 2831 2086 enim
2868 2031 3200 2086 cenaculum
3239 2031 3363 2086 alti-

1779 2125 2020 2181 tudinem
2061 2123 2356 2196 spiritualis
2397 2122 2784 2194 intelligentiae.
2844 2120 3199 2178 Transcensis
3230 2138 3363 2194 ergo

1774 2218 2011 2274 carnalis
2035 2217 2228 2272 litterae
2257 2216 2654 2282 instrumentis,
2681 2218 2735 2270 in
2761 2215 3042 2272 caenaculo
3068 2216 3363 2272 celebravit

1775 2307 2008 2372 Pascha,
2040 2307 2144 2362 hoc
2172 2316 2256 2362 est
2285 2306 2338 2360 in
2369 2305 2650 2361 altitudine
2677 2305 2812 2362 Novi
2835 2306 3189 2373 Testamenti,
3225 2309 3359 2364 dans

1777 2391 2287 2467 nobis’exemplum,
2317 2405 2378 2451 ut
2403 2397 2449 2452 si
2476 2394 2685 2452 Pascha
2714 2393 2838 2451 cuin
2862 2397 3089 2452 Domino
3113 2396 3362 2453 volumus

1779 2491 2076 2556 celebrare,
2119 2491 2229 2544 ima
2258 2498 2314 2546 et
2350 2489 2534 2545 infima
2575 2489 3045 2555 transcendamus,
3076 2498 3132 2545 et
3160 2489 3214 2544 in
3244 2504 3359 2545 caa-

1775 2580 1994 2648 naculo,
2023 2581 2126 2637 hoc
2149 2591 2232 2636 est
2258 2582 2312 2634 in
2339 2579 2534 2635 divina:
2555 2577 3025 2649 contemplationis
3053 2577 3359 2643 altitudine,

1775 2670 1984 2726 Pascha
2017 2685 2141 2726 cum
2169 2669 2396 2725 Domino
2425 2668 2781 2725 celebremus.

1853 2778 1871 2812 ς
1901 2759 2136 2831 Vespere
2171 2768 2355 2816 autem
2379 2757 2543 2825 facto,
2568 2759 2944 2816 discumbebat
2981 2773 3104 2814 cum
3152 2759 3358 2818 duode-

1780 2871 1800 2903 ι
1835 2850 1941 2906 cim
1981 2848 2259 2919 discipulis
2296 2849 2428 2904 suis.
2472 2867 2491 2901 ι
2547 2847 2753 2919 Vesper
2797 2847 3066 2921 significat
3114 2847 3361 2907 ultimam

1774 2952 2012 3010 aetatem,
2029 2943 2084 2998 in
2112 2958 2219 3013 qua
2248 2957 2410 2998 verus
2436 2939 2531 2998 Sol
2555 2941 2810 2998 occubuit
2837 2941 3093 3011 patiendo
3117 2925 3356 3010 crucem,

1775 3053 1937 3110 quam
1964 3053 2064 3110 pro
2087 3036 2259 3093 salute
2282 3035 2498 3109 generis
2519 3035 2742 3092 humani
2778 3039 3053 3092 sustinuit.
3090 3037 3204 3094 Hoc
3227 3053 3362 3110 ergo

1773 3145 2001 3202 vespere
2027 3129 2298 3186 discubuit
2325 3144 2449 3184 cum
2477 3128 2758 3185 duodecim
2788 3127 3066 3199 discipulis
3093 3129 3230 3196 suis,
3258 3129 3363 3184 hoc

92 3219 268 3275 minus
302 3225 554 3290 operatus
592 3217 770 3274 fuerat
807 3217 863 3272 iu
903 3216 1004 3284 eis,
1034 3217 1256 3289 triginta
1285 3229 1667 3291 argenteorum
1695 3220 1743 3286 C
1773 3231 1879 3290 est,
1919 3223 2154 3292 quietem
2174 3229 2436 3277 aeternam
2471 3234 2570 3291 per
2608 3220 2884 3290 sanguinis
2920 3220 3004 3275 sui
3041 3219 3358 3276 etl‘usionem

92 3309 268 3380 pretio
326 3309 760 3382 appretiaveruut
805 3323 951 3364 eum.
1015 3307 1304 3365 Sciendum
1358 3325 1489 3365 vero
1536 3322 1669 3379 est,

100 3397 242 3471 quod
267 3399 459 3474 Ioseph
481 3417 588 3460 non
618 3401 803 3474 viginti
837 3400 1020 3457 aureis
1044 3401 1297 3457 venditus
1321 3411 1406 3457 est
1439 3405 1520 3474 (ut
1552 3405 1675 3476 qui-

99 3493 224 3548 dam
256 3503 462 3565 putant,
488 3494 781 3550 secundum
822 3494 964 3565 quod
1011 3494 1176 3549 editio
1204 3491 1554 3567 Septuaginta
1581 3497 1674 3552 de~

97 3586 306 3659 clarat),
331 3587 424 3644 sed
449 3588 627 3658 potius
652 3587 842 3656 viginti
872 3587 1165 3658 argenteis,
1188 3602 1257 3642 ne
1281 3603 1472 3644 servus
1495 3588 1674 3660 pretio

97 3681 326 3739 chariori
353 3682 584 3740 Domino
607 3682 950 3737 venderetur.

117 3787 120 3790 ’
165 3795 184 3827 ι
211 3774 280 3831 Et
325 3775 522 3832 exinde
567 3772 844 3845 querebat
895 3771 1352 3842 opportunitatem
1417 3779 1478 3826 ut
1547 3787 1673 3828 eum

100 3872 394 3928 «traderet.
423 3891 443 3926 ι
498 3871 557 3929 Id
593 3879 697 3937 est,
748 3879 1108 3942 opportunum
1153 3870 1351 3935 locum,
1395 3885 1503 3942 quo
1547 3886 1673 3927 eum

97 3963 302 4020 tradere
346 3973 578 4036 posset,
623 3963 919 4035 quaerebat.
992 3962 1166 4030 Quam
1213 3963 1672 4034 opportunitatem

99 4059 384 4127 quaerebat,
414 4058 554 4114 alius
578 4056 910 4128 evangelista
939 4055 1270 4122 manifestat,
1298 4051 1581 4122 videlicet,
1611 4063 1674 4111 ut

99 4150 324 4206 traderet
372 4165 499 4206 eum
535 4149 655 4206 sine
694 4147 887 4212 turbis,
931 4148 986 4203 id
1022 4155 1106 4204 est
1141 4147 1257 4203 sine
1281 4146 1536 4219 suffragio
1571 4162 1672 4218 po-

98 4239 194 4308 puli
229 4254 246 4295 :
280 4240 411 4312 quia
457 4238 685 4296 timebat
713 4252 839 4294 eum
864 4238 931 4295 de
967 4238 1218 4294 manibus
1246 4239 1359 4294 suis
1402 4237 1674 4309 adiutorio

99 4331 262 4401 pOplli
300 4331 547 4388 liberari.

165 4445 181 4477 ι
207 4425 390 4483 Prima
419 4433 600 4482 autem
636 4424 722 4481 die
746 4422 1073 4496 Azymorum
1114 4429 1463 4478 accesserunt
1511 4420 1673 4498 disci-

105 4517 246 4586 (puli
299 4518 374 4573 ad
436 4515 641 4574 Iesum.
686 4535 705 4567 ι
746 4514 984 4570 Primam
1040 4513 1368 4586 Azymorum
1437 4511 1672 4583 appellat

1775 3316 1857 3373 eis
1882 3316 2222 3386 praeparavit.

1852 3427 1871 3460 ‹
1897 3409 2068 3464 Amen
2112 3408 2231 3463 dico
2269 3407 2447 3472 vobis,
2478 3407 2605 3478 quia
2642 3423 2781 3463 unus
2818 3414 3062 3463 vestrum
3104 3421 3193 3463 me
3248 3415 3357 3462 tra-

1781 3517 1802 3552 «
1831 3498 2042 3555 diturus
2077 3507 2182 3553 est.
2217 3517 2235 3549 ι
2296 3497 2519 3553 Poterat
2563 3497 2781 3568 quidem
2826 3496 3087 3554 Dominus
3134 3493 3360 3552 tradito-

1777 3605 1891 3646 rem
1920 3589 2238 3645 nominatim
2275 3588 2579 3659 exprimere
2603 3628 2617 3653 ,
2667 3587 2763 3642 sed
2811 3586 3020 3653 noluit,
3052 3603 3140 3654 ne,
3186 3589 3364 3661 impu-

1775 3682 1956 3739 dentia
1983 3681 2229 3748 vinctus,
2273 3681 2327 3736 in
2369 3679 2688 3735 baratth
2725 3678 3029 3749 negationis
3074 3679 3357 3737 incideret.

1773 3773 2042 3828 Admonet
2065 3787 2194 3842 ergo
2224 3771 2371 3826 illum
2400 3769 2727 3843 generaliter
2761 3770 2827 3823 ad
2857 3768 3109 3837 salutem,
3159 3779 3222 3827 ut
3270 3772 3364 3829 ad-

1774 3864 2073 3921 monitione
2099 3870 2381 3918 correctus
2401 3861 2773 3932 paenitentiam
2802 3868 3002 3930 ageret.

1850 3979 1870 4010 σ
1902 3958 1970 4013 Et
2007 3955 2313 4012 contristati
2351 3953 2526 4019 valde,
2576 3961 2860 4025 cmperunt
2902 3952 3094 4022 singuli
3133 3953 3359 4012 dicere:

1780 4067 1801 4102 ι
1828 4048 2081 4119 Nunquid
2119 4061 2218 4117 ego
2260 4061 2401 4112 sum,
2433 4044 2698 4101 Domine?
2725 4066 2745 4098 ι
2785 4044 2854 4099 Et
2893 4057 3016 4098 vere
3048 4043 3204 4099 valde
3234 4055 3364 4100 sunt

1774 4142 2113 4207 contristati,
2159 4139 2285 4211 quia
2323 4154 2430 4195 non
2465 4139 2639 4195 solum
2681 4147 2934 4211 poterant
2976 4149 3206 4196 mortem
3251 4140 3363 4194 Do-

1773 4233 1907 4290 mini
1946 4232 2216 4299 meditari,
2247 4231 2340 4288 sed
2376 4232 2539 4288 etiam
2577 4245 2678 4286 nec
2719 4231 2928 4287 audire.
2982 4229 3133 4286 Unde
3166 4231 3361 4287 Petrus

1774 4323 2048 4396 apostolus
2077 4322 2302 4378 audiens
2330 4320 2618 4376 Dominum
2647 4319 2713 4375 de
2742 4321 2992 4391 passione
3020 4334 3118 4374 sua
3143 4319 3361 4390 loquen-

1774 4423 1883 4472 tem
1915 4415 2050 4471 dixit
2081 4432 2095 4468 :
2131 4433 2150 4465 ι
2177 4411 2334 4468 Absit
2366 4411 2471 4467 hoc
2503 4426 2534 4465 a
2572 4418 2647 4476 te,
2695 4427 2801 4466 non
2848 4411 3097 4466 morieris
3141 4408 3357 4481 (Matth.

1772 4508 1912 4582 xvn).
1949 4528 1968 4560 ι
2036 4507 2294 4563 Sciebant
2337 4505 2553 4575 quidem
2597 4518 2785 4559 omnes
2830 4504 3080 4573 apostoli,
3111 4502 3253 4571 quod
3284 4500 3359 4555 nil

100 4573 326 4676 quartam
382 4607 649 4665 decimam
697 4607 839 4663 diem
879 4604 1038 4675 primi
1084 4573 1307 4670 mensis,
1345 4573 1560 4674 quando
1601 4605 1668 4660 ad
1696 4573 1750 4634 D
1777 4573 1884 4654 tale
1914 4598 1967 4652 in
2000 4597 2287 4652 Dominum
2313 4573 2710 4665 cogitaverunt,
2740 4592 2835 4647 sed
2859 4591 3059 4645 conscii
3100 4605 3212 4645 sua:
3251 4589 3362 4642 fra-

100 4711 368 4769 vesperam
401 4715 571 4772 agnus
595 4697 993 4754 immolabatur.
1040 4697 1244 4767 Azyma
1293 4705 1472 4752 autem
1521 4697 1669 4753 dice—

100 4787 278 4847 bantur
319 4790 516 4862 reliqui
561 4789 677 4846 dies
708 4795 914 4859 septem
943 4795 1232 4857 sequentes
1250 4828 1265 4851 ,
1293 4803 1358 4842 eo
1382 4787 1523 4859 quod
1549 4787 1669 4843 sine

101 4893 261 4948 zyma,
288 4880 347 4935 id
377 4889 463 4936 est
491 4879 608 4935 sine
640 4876 906 4934 fermento
942 4885 1143 4934 essent.
1198 4875 1314 4930 Non
1360 4877 1503 4933 enim
1543 4877 1672 4932 liee-

104 4969 184 5023 bat
231 4971 284 5026 in
326 4970 438 5028 illis
481 4970 670 5026 diebus
719 4969 1098 5024 fermentatum
1135 4967 1335 5037 aliquid
1365 4967 1670 5022 comedere.

102 5059 308 5120 Ponitur
337 5074 521 5119 tamen
543 5071 600 5118 et
623 5063 828 5134 Azyma
858 5077 957 5132 pro
985 5061 1215 5125 Pascha,
1255 5069 1311 5114 et
1337 5059 1546 5115 Pascha
1573 5074 1672 5130 pro

102 5154 314 5224 Arvina,
333 5155 480 5213 sicut
501 5155 612 5222 hic,
643 5153 735 5209 ubi
769 5155 940 5225 ipsam
971 5152 1322 5209 festivitatem
1362 5150 1672 5222 paschalem

103 5245 288 5319 Azyma
321 5245 578 5318 appellat.
638 5243 783 5301 «Ubi
824 5245 908 5301 vis
946 5260 1208 5316 paremus.
1247 5241 1344 5298 tibi
1389 5241 1675 5298 comedere

105 5343 326 5410 pascha?
354 5361 377 5396 ι
408 5340 757 5412 lntelligimus
802 5340 856 5394 in
887 5339 990 5395 hoc
1014 5339 1133 5395 loco
1158 5339 1301 5409 quod
1325 5335 1491 5391 Iudas
1511 5333 1670 5390 simul

105 5449 216 5490 cum
268 5435 392 5491 aliis
448 5432 724 5503 discipulis
772 5431 1065 5487 accesserit
1122 5431 1190 5485 ad
1248 5445 1392 5485 eum.
1437 5426 1668 5498 Pauper,

106 5526 362 5599 inquiunt,
406 5541 484 5594 es,
525 5536 582 5582 et
618 5538 909 5596 pauperem
949 5532 1002 5579 te
1033 5538 1134 5578 nos
1165 5537 1430 5594 pauperes
1486 5536 1673 5577 sumus

105 5621 288 5689 secuti,
317 5635 479 5678 causa
511 5619 586 5674 tui
614 5616 838 5682 amoris,
869 5614 1128 5686 quidquid
1158 5615 1357 5670 habere
1383 5613 1672 5684 potuimus,

95 5710 498 5783 dereliquimus,
531 5727 550 5760 σ
577 5705 682 5764 Ubi
706 5707 789 5762 vis
815 5721 944 5778 ergo
985 5720 1240 5777 paremus
1271 5704 1366 5762 tibi
1388 5704 1674 5762 comedere

105 5801 295 5872 pascha
318 5804 343 5857 ?
371 5821 390 5857 ι

415 5897 684 5960 Panos.
716 5892 997 5957 CXVIII.

1776 4689 2015 4761 gilitatis,
2041 4687 2162 4758 plus
2183 4685 2442 4755 magistro
2467 4698 2630 4754 quam
2665 4697 2774 4737 suae
2805 4680 3082 4752 fragilitati
3131 4681 3362 4736 credeno

1778 4793 1880 4849 tes,
1911 4783 2162 4837 dicebant
2194 4799 2208 4834 :
2245 4800 2263 4831 ι
2291 4777 2544 4848 Nunquid
2565 4791 2666 4848 ego
2685 4792 2822 4839 sum,
2850 4775 3077 4832 Domine
3102 4777 3126 4830 ?
3156 4795 3174 4828 ›

1853 4893 1872 4926 ι
1901 4873 1972 4928 At
2018 4875 2132 4943 ipse
2186 4871 2516 4942 respondens
2567 4870 2687 4924 ait:
2721 4868 2823 4936 Qui
2878 4869 3097 4940 intingit
3145 4885 3360 4926 mecum

1781 4987 1799 5021 ι
1837 4983 2056 5022 manum
2087 4966 2140 5021 in
2175 4964 2494 5037 paropside,
2524 4963 2613 5020 hic
2642 4979 2727 5020 me
2755 4964 2950 5020 tradet.
2981 4983 2999 5017 ι
3046 4963 3164 5020 Iam
3197 4981 3360 5037 supe—

1774 5060 1889 5114 rius
1931 5057 2184 5113 dixerat:
2221 5076 2240 5108 ‹
2267 5055 2419 5112 Unus
2455 5063 2696 5112 vestrum
2736 5071 2823 5111 me
2865 5056 3161 5113 traditurus
3197 5065 3303 5125 est,
3336 5077 3356 5111 ι

1775 5153 1870 5208 sed
1891 5151 2017 5222 quia
2043 5149 2128 5206 ille
2150 5147 2456 5204 admonitus
2482 5163 2586 5203 non
2616 5156 2806 5218 egerat
2827 5148 3228 5219 paenitentiam,
3245 5149 3358 5221 jam

1777 5249 2016 5320 apertius
2037 5245 2185 5301 illum
2210 5245 2474 5316 designat,
2503 5243 2717 5300 dicens:
2740 5264 2760 5296 ι
2785 5243 2887 5312 Qui
2910 5244 3126 5312 intingit
3145 5259 3360 5300 mecum

1778 5355 1998 5396 manum
2029 5340 2082 5394 in
2111 5339 2426 5410 paropside,
2452 5337 2542 5393 hic
2569 5352 2656 5393 me
2681 5337 2877 5393 tradet.
2912 5356 2931 5389 ι
2985 5336 3240 5409 Paropsis
3263 5353 3361 5394 vas

1779 5443 1861 5488 est
1890 5432 2236 5502 quadratum,
2265 5429 2465 5486 dictum
2492 5430 2634 5500 quod
2672 5430 2743 5486 sit
2790 5429 3012 5501 paribus
3059 5430 3356 5494 absidibus,

1779 5525 1833 5580 id
1858 5533 1941 5580 est
1961 5521 2129 5592 aequis
2159 5520 2430 5577 lateribus.
2482 5520 2577 5578 Est
2602 5529 2781 5577 autem
2801 5536 2898 5598 vas
2924 5535 3189 5582 escarum,
3214 5517 3359 5588 quod

1776 5616 1988 5672 Marcus
2026 5613 2354 5686 evangelista
2405 5615 2642 5669 catinum
2683 5603 2932 5684 appellat,
2979 5610 3121 5681 quod
3147 5619 3229 5664 est
3259 5624 3356 5664 vas

1777 5709 1960 5767 fictile.
2013 5706 2336 5777 lntelligitur
2362 5721 2491 5777 ergo
2518 5708 2572 5763 ln
2601 5721 2786 5762 mensa
2822 5704 3032 5760 Domini
3061 5703 3225 5782 fuisse
3247 5698 3349 5756 ali-

1776 5804 1918 5874 quod
1964 5815 2060 5856 vas
2105 5812 2375 5866 escarum,
2425 5799 2568 5871 quod
2614 5799 2915 5855 contineret
2959 5794 3253 5866 liquamen,
3296 5791 3353 5852 in
