3934 6346
2592 308 2641 317 ω-

476 415 586 472 365
1090 414 1443 473 HAYMONIS
1478 411 1961 471 HALBERSTAT.
2004 411 2221 469 EPlSC.
2262 410 2414 468 OPP.
2453 409 2635 467 PARS
2672 408 2735 466 ll.
2768 440 2839 452 -—
2877 408 3111 466 HOMIL.
3696 411 3809 472 δα

478 550 588 605 quo
617 531 783 590 Iudas
811 548 1024 588 manum
1047 547 1169 587 cum
1195 533 1455 600 magistro
1486 530 1729 597 intinxit,
1766 540 1828 585 ut
1858 529 2060 586 bonam
2167 546 2275 586 non
2312 540 2644 600 poteramus.
2697 526 2755 583 Si
2792 530 2935 583 enim
2983 528 3158 583 solum
3206 526 3389 583 vinum
3443 530 3588 586 sine
3638 546 3809 597 aqua

479 625 863 680 conscientiam
897 623 1238 677 mentiretur.
2166 622 2519 694 permistione
2542 618 2847 685 ollerretur,
2878 629 3061 690 posset
3093 619 3213 676 talis
3238 636 3358 677 esse
3380 622 3806 696 intelligentia,

558 735 574 765 ι
605 713 771 768 Filius
796 713 1008 782 quidem
1054 706 1287 767 honinis
1335 712 1494 771 vadit,
1526 730 1543 762 I
1594 709 1951 765 subaudiatur
1995 708 2064 762 ad
2169 714 2311 786 quod
2342 730 2440 770 nos
2467 714 2671 784 absque
2700 711 2969 780 adiutorio
3009 711 3215 768 Christi
3251 724 3306 768 et
3346 715 3636 785 passione
3695 717 3807 774 sal-

478 804 808 876 passionem,
843 822 861 853 ‹
892 802 1033 857 sicut
1064 803 1323 873 scriptum
1356 810 1440 857 est
1471 802 1535 857 de
1570 801 1681 856 illo.
1713 822 1732 854 ι
1764 799 1854 855 Vae
1883 809 2063 855 autem

482 915 501 946 ι
534 893 736 948 homini
788 893 885 958 illi,
934 909 1032 964 per
1073 909 1233 963 quem
1276 892 1447 947 Filius
1485 893 1721 949 hominis
1750 892 2012 947 tradetur.
2040 910 2060 943 ι

477 984 583 1040 Sed
612 1000 779 1053 usque
810 984 969 1038 hodie
1000 1000 1081 1038 vae
1109 983 1314 1039 homini
1367 982 1440 1037 illi
1484 982 1575 1053 qui
1610 997 1807 1053 corpus
1844 982 1926 1036 sui
1961 978 2067 1034 Bc-

475 1076 775 1144 demptoris
831 1092 937 1129 non
980 1075 1213 1141 Iudaeis,
1259 1076 1354 1130 sed
1408 1074 1666 1131 membris
1714 1075 1826 1130 suis
1872 1089 2064 1144 pecca-

473 1171 682 1225 toribus
737 1171 931 1233 tradit,
981 1169 1348 1240 integritatem
1392 1168 1516 1224 ﬁdei
1568 1167 2064 1238 corrumpentibus.

472 1260 625 1316 Multi
670 1272 794 1316 sunt
830 1262 921 1332 qui
956 1261 1132 1317 scelus
1158 1260 1311 1316 Iudae
1343 1262 1702 1326 detestantur,
1733 1260 1875 1331 quod
1907 1259 2071 1330 impie

471 1353 693 1423 egerit,
746 1353 885 1423 quod
946 1354 1263 1423 magistrum
1321 1368 1474 1408 suum
1528 1350 1812 1405 tradiderit
1854 1370 1867 1405 :
1919 1350 2067 1404 illum

472 1453 654 1499 autem
716 1443 1169 1513 reprehendentes
1199 1483 1212 1506 ,
1271 1438 1370 1511 ipsi
1433 1442 1910 1510 reprehensionem
1969 1439 2069 1494 mi-

472 1535 619 1590 nime
670 1534 725 1589 in
775 1534 1080 1604 semetipsis
1135 1540 1350 1587 cavent.
1408 1533 1544 1586 Dum
1595 1532 1740 1586 enim
1784 1514 2067 1588 veritatem

471 1645 572 1700 pro
621 1644 849 1700 pecunia
901 1626 1259 1690 subvertunt,
1312 1625 1440 1695 quid
1498 1624 1645 1680 aliud
1691 1640 1855 1696 quam
1909 1623 2067 1679 Chri-

472 1732 617 1776 stum
672 1720 934 1775 tradunt?
997 1720 1113 1789 lpse
1168 1718 1314 1773 enim
1377 1716 1559 1772 dixit:
1601 1715 1763 1787 «Ego
1818 1731 1935 1770 sum
1976 1730 2067 1770 ve—

473 1813 608 1869 ritas
648 1811 829 1884 (Joan.
864 1812 977 1881 Juv)
1031 1834 1047 1862 ι
1108 1809 1245 1864 Dum
1276 1808 1574 1864 fraternam
1611 1808 1933 1864 charitatem
1967 1806 2067 1860 ali-

2168 808 2286 863 vari
2336 821 2637 877 possemus.
2695 802 2805 873 Sed
2844 798 3090 879 jungitur
3138 822 3280 877 aqua
3313 809 3465 874 vino,
3519 816 3592 863 et
3640 811 3806 878 panis

2170 888 2604 955 conﬁcitur'cum
2632 912 2771 966 aqua
2792 936 2808 961 ,
2837 905 2899 952 ut
2930 904 3117 968 aperte
3164 894 3320 951 detur
3355 896 3611 968 intelligi
3655 900 3801 969 quod

2169 1007 2345 1061 neque
2383 990 2563 1061 passio
2607 989 2809 1046 Christi
2846 989 2965 1045 sine
2996 988 3169 1045 salute
3196 999 3384 1046 nostra
3414 992 3621 1062 possit
3657 993 3795 1053 ﬁeri,

2169 1097 2347 1152 neque
2394 1089 2577 1137 nostra
2621 1081 2766 1137 salus
2812 1081 2929 1136 sine
2977 1080 3121 1136 illius
3159 1082 3433 1153 adjutorio
3465 1084 3798 1138 consistere

2170 1171 2366 1226 valeat.
2411 1190 2428 1220 ι
2457 1170 2679 1241 Accepit
2708 1184 2925 1239 panem,
2957 1188 2977 1221 ι
3012 1169 3156 1240 quod
3187 1178 3306 1225 erat
3341 1184 3563 1242 corpus
3607 1186 3792 1233 suum,

2178 1259 2497 1317 «benedixit
2522 1268 2577 1315 et
2604 1258 2783 1330 fregit,
2816 1278 2834 1311 ι
2890 1268 2949 1314 ut
2994 1257 3309 1315 ostenderet
3354 1275 3576 1329 corpus
3635 1276 3793 1314 suum

2170 1351 2317 1407 omni
2348 1349 2730 1408 benedictione
2757 1365 2878 1406 esse
2900 1350 3183 1422 repletum,
3214 1360 3269 1405 et
3304 1351 3379 1405 ita
3417 1367 3528 1423 per
3576 1353 3791 1421 passio.

2171 1456 2296 1498 nem
2327 1456 2445 1497 esse
2472 1436 2853 1513 frangendum,
2886 1449 2947 1495 ut
2972 1449 3155 1494 tamen
3184 1439 3501 1511 Divinitatis
3543 1441 3789 1513 plenitu-

2172 1524 2297 1588 dine
2332 1540 2476 1587 esset
2506 1531 2794 1602 repletum.
2861 1549 2881 1582 ι
2915 1528 3181 1601 Deditque
3218 1530 3512 1604 discipulis
3545 1532 3708 1597 suis,
3736 1544 3787 1587 et

2172 1627 2291 1681 ait:
2326 1623 2571 1695 Accipite
2606 1632 2661 1679 et
2700 1623 2984 1680 comedite.
3017 1642 3037 1677 ι
3083 1622 3196 1680 Hoc
3236 1623 3381 1679 valet
3448 1634 3666 1680 contra
3703 1642 3787 1682 eos

2172 1714 2263 1784 qui
2318 1714 2548 1769 mortuis
2611 1712 2922 1771 hominibus
2982 1711 3367 1768 eucharistiam
3444 1714 3781 1786 largiuntur.

2173 1805 2312 1862 Cum
2339 1802 2483 1861 enim
2505 1804 2767 1860 Dominus
2795 1804 2941 1868 dicit,
2973 1825 2991 1856 ι
3028 1805 3257 1876 accipite
3285 1825 3304 1857 ι
3337 1807 3536 1861 statim
3569 1807 3786 1875 subjun-

471 1922 581 1978 qua
608 1906 867 1960 fraetione
889 1904 1109 1970 violant,
1138 1902 1269 1975 quid
1296 1900 1439 1957 aliud
1465 1917 1626 1971 quam
1648 1892 1932 1956 Christum
1958 1908 2072 1956 tra-
2098 1906 2148 1966 Β
2177 1900 2274 1966 xit,
2322 1918 2341 1950 ‹
2369 1907 2425 1954 et
2486 1899 2753 1954 comedite
2799 1916 2811 1928 ·
2862 1918 2883 1951 ι
2929 1898 3057 1971 quia
3110 1916 3217 1954 non
3264 1899 3472 1956 suﬁicit
3510 1902 3778 1972 accipere,

476 1996 652 2053 dunt?
706 1994 854 2051 Unde
900 1994 1163 2064 scriptum
1206 2001 1334 2047 est:
1372 2012 1388 2042 ι
1418 1991 1561 2046 Deus
1604 1989 1843 2045 cbaritas
1889 1998 1969 2047 est
2016 1988 2065 2061 (Ι

476 2089 638 2143 Joan.
674 2088 771 2157 tv).
805 2107 824 2139 ι
854 2116 926 2128 -
952 2104 970 2137 ι
1002 2085 1209 2140 Bonum
1241 2092 1357 2138 erat
1403 2083 1452 2138 ei
1480 2083 1524 2137 si
1566 2090 1728 2137 natus
1751 2098 1854 2137 non
1884 2082 2073 2138 fuisset

480 2200 498 2232 ι
526 2180 686 2234 homo
717 2178 824 2233 ille.
851 2198 869 2229 ι
897 2176 1012 2232 Non
1042 2178 1115 2230 ita
1160 2185 1243 2231 est
1284 2174 1686 2245 intelligendum
1735 2175 1878 2245 quod
1907 2172 2073 2230 ludas

475 2283 634 2329 antea
666 2272 877 2339 fuisset,
905 2271 989 2326 vel
1013 2285 1133 2327 esse
1156 2277 1369 2341 posset,
1398 2283 1560 2339 quam
1594 2276 1907 2324 nasceretur
1931 2307 1946 2333 ,
1976 2267 2069 2338 qui

476 2381 579 2421 nec
609 2366 746 2420 bene
774 2379 873 2419 nec
916 2362 1058 2418 male
1077 2376 1239 2434 agere
1266 2346 1447 2433 posset
1482 2379 1494 2415 :
1522 2362 1615 2417 sed
1643 2360 1959 2431 simpliciter
1987 2374 2072 2413 ac-

473 2457 780 2527 cipiendum
811 2466 912 2523 est,
945 2456 1073 2525 quia
1097 2455 1290 2510 melius
1312 2464 1396 2511 est
1429 2470 1537 2510 non
1576 2453 1872 2510 subsistere
1905 2467 2068 2523 quam

472 2550 615 2604 male
649 2548 968 2604 subsistere.

548 2660 568 2692 (
600 2640 949 2709 Rcspondens
975 2647 1156 2693 autem
1186 2636 1374 2702 Judas,
1413 2636 1505 2707 qui
1547 2634 1766 2691 tradidit
1807 2649 1954 2699 eum,
1989 2633 2070 2688 di-

480 2756 499 2789 α
531 2736 609 2792 xit
637 2750 652 2788 :
684 2733 935 2805 Nunquid
963 2746 1063 2804 ego
1089 2747 1232 2798 sum,
1262 2730 1458 2786 rabbi?
1488 2749 1507 2782 ι
1556 2729 1710 2798 Quod
1736 2728 1866 2784 dicit
1891 2727 2068 2792 rabbi,

478 2828 689 2896 signum
715 2836 801 2880 est
830 2823 1180 2888 infidelitatis,
1223 2822 1307 2877 vel
1354 2821 1519 2877 etiam
1566 2829 1944 2893 argumentum
1986 2826 2073 2873 est

477 2917 863 2982 excusationis,
906 2916 1051 2989 quod
1089 2931 1199 2971 non
1246 2914 1555 2980 Dominum,
1607 2915 1699 2969 sed
1749 2913 2070 2984 magistrum

479 3027 602 3068 eum
638 3018 793 3065 vocat
823 3024 836 3062 :
863 3008 1021 3079 quasi
1065 3008 1301 3077 aliquam
1334 3006 1737 3062 excusationem
1764 3006 1980 3070 habeat,
2010 3010 2070 3059 ut

478 3120 584 3160 non
616 3103 926 3167 Dominum,
967 3100 1061 3155 sed
1090 3099 1410 3171 magistrum
1451 3095 1643 3152 saltem
1674 3095 1976 3152 tradiderit.

554 3215 571 3245 ι
600 3193 954 3250 Coenantibus
989 3201 1171 3246 autem
1194 3190 1276 3246 eis
1296 3231 1311 3257 ,
1339 3188 1550 3260 accepit
1574 3186 1734 3244 Jesus
1764 3202 1986 3258 panem,
2014 3193 2070 3241 et

2177 1991 2283 2047 nisi
2312 1989 2557 2062 quisquis
2598 1990 2847 2046 comedat
2887 1990 2957 2045 ad
3001 1989 3228 2071 salutem
3260 1982 3441 2073 suam,
3480 1995 3619 2067 quia
3647 1994 3780 2066 quod

2177 2084 2234 2139 in
2269 2083 2381 2139 vita
2420 2098 2516 2139 sua
2559 2082 2808 2151 accipere
2856 2097 2964 2137 non
3013 2090 3325 2153 potuerunt,
3370 2095 3510 2159 post
3555 2097 3779 2143 mortem

2178 2174 2427 2247 accipere
2465 2189 2570 2229 non
2606 2181 2881 2245 poterunt.
3160 2232 3167 2249 ,

2255 2286 2273 2319 ι
2306 2266 2569 2322 Similiter
2604 2266 2882 2338 accipiens
2916 2265 3165 2333 calicem,
3196 2268 3403 2339 gratias
3432 2271 3575 2343 egit,
3605 2280 3666 2326 et
3687 2272 3770 2329 de-

2184 2374 2203 2410 ι
2236 2356 2313 2414 dit
2353 2356 2478 2423 illis,
2514 2356 2741 2413 dicens:
2770 2355 2945 2412 Bibite
2986 2374 3053 2413 ex
3096 2358 3198 2414 hoc
3234 2373 3449 2415 omnes.
3481 2380 3503 2413 ι
3551 2360 3626 2420 Ut
3651 2364 3773 2418 sda-

2174 2463 2299 2505 mus
2317 2448 2443 2520 quia
2464 2446 2774 2519 quicunque
2800 2446 3020 2519 accipit,
3046 2447 3232 2509 bibere
3260 2449 3443 2507 debet.

2251 2564 2271 2597 ι
2298 2544 2398 2600 llic
2438 2551 2524 2600 est
2558 2543 2703 2598 enim
2744 2544 2965 2614 sanguis
2992 2559 3145 2600 meus
3178 2544 3313 2619 Novi
3354 2543 3721 2603 Testamenti.
3747 2564 3768 2599 ι

2175 2634 2331 2704 Quoa
2350 2635 2493 2691 enim
2525 2635 2676 2698 dicit,
2706 2653 2725 2686 ι
2747 2634 2834 2690 hic
2859 2643 2943 2690 est
2964 2633 3097 2691 Novi
3126 2635 3458 2693 Testamenti
3480 2637 3732 2710 sanguis,
3750 2655 3771 2690 ι

2175 2730 2244 2787 ad
2282 2727 2642 2805 digerentiam
2672 2727 2888 2797 Veteris
2925 2727 3259 2801 Testamenti
3297 2729 3439 2787 dicit.
3485 2728 3543 2784 ln
3587 2728 3777 2784 Veteri

2176 2821 2521 2877 Testamento
2555 2821 2777 2892 sanguis
2801 2820 3078 2892 hircorum
3104 2829 3160 2893 et
3198 2820 3474 2891 vitulorum
3507 2820 3773 2877 eﬂunde-

2173 2912 2354 2976 batur,
2392 2921 2448 2985 et
2486 2911 2613 2969 inde
2645 2913 3071 2985 aspergebantur
3106 2912 3198 2983 qui
3254 2911 3539 2968 mundandi
3582 2923 3772 2969 erant.

2180 3025 2200 3058 ι
2240 3004 2342 3075 Qui
2372 3021 2471 3078 pro
2493 3006 2676 3061 multis
2694 3006 2999 3079 effundetur
3032 3006 3087 3063 in
3115 3006 3485 3063 remissionem
3515 3016 3775 3075 peccato-

2174 3115 2318 3156 rum.
2349 3119 2369 3154 ›
2406 3098 2515 3154 Pro
2557 3100 2811 3167 omnibus
2835 3098 3040 3157 etl‘usus
3070 3108 3154 3157 est
3180 3098 3375 3169 Christi
3397 3101 3649 3171 sanguis,
3680 3100 3772 3157 sed

2175 3209 2284 3250 non
2299 3194 2553 3249 omnibus
2570 3196 2811 3266 prodest,
2835 3196 2931 3250 sed
2956 3195 3065 3251 illis
3076 3194 3410 3263 solummodo
3433 3196 3527 3266 qui
3541 3197 3772 3252 credunt

482 3308 501 3339 ι
530 3288 828 3353 benedixit,
865 3302 929 3342 ac
969 3286 1145 3357 fregit,
1184 3306 1201 3337 ι
1250 3294 1356 3340 etc.
1392 3284 1631 3355 Expletis
1668 3282 1945 3339 solemniis
1969 3280 2071 3336 Pa-
2098 3268 2146 3332 C
2177 3287 2234 3342 in
2260 3290 2566 3359 passionem
2597 3302 2747 3347 suam
2778 3304 2794 3341 :
2822 3296 2877 3341 et
2932 3287 3041 3343 illis
3071 3287 3164 3356 qui
3200 3287 3389 3351 eodem
3411 3285 3634 3358 Spiritu
3655 3302 3773 3342 san-

481 3382 649 3444 schar,
684 3380 876 3435 transit
901 3379 1164 3435 Dominus
1197 3378 1263 3433 ad
1299 3386 1637 3433 sacramenta
1687 3375 1812 3432 novi
1848 3373 2074 3429 Paschte

477 3474 920 3530 demonstranda.
973 3471 1266 3541 Postquam
1295 3470 1563 3535 coenavit,
1591 3467 1742 3525 dedit
1768 3466 1848 3523 eis
1875 3481 2073 3538 panem

475 3575 532 3622 et
559 3567 742 3623 vinum
758 3607 775 3631 ,
808 3566 864 3620 in
893 3564 1149 3636 mysterio
1175 3563 1424 3618 videlicet
1449 3561 1695 3631 corporis
1716 3568 1774 3615 et
1797 3558 2075 3630 sanguinis

477 3659 581 3716 sui.
634 3659 771 3727 Quia
802 3658 947 3713 enim
989 3658 1147 3728 panis
1175 3657 1462 3729 conﬁrmat
1493 3670 1589 3710 cor
1610 3654 1880 3719 hominis,
1906 3663 1960 3709 et
1988 3652 2091 3725 vi-I

478 3769 608 3810 num
632 3762 794 3825 auget
821 3752 1139 3822 sanguinem
1167 3750 1221 3804 in
1251 3749 1491 3812 homine,
1528 3746 1722 3803 merito
1744 3746 1887 3800 idem
1918 3745 2078 3817 panis

479 3851 536 3905 in
567 3864 789 3903 carnem
826 3844 1035 3901 Domini
1080 3851 1352 3908 mutatur,
1381 3850 1437 3897 et
1462 3841 1605 3897 idem
1643 3841 1828 3895 viuum
1859 3840 1913 3894 in
1951 3854 2076 3895 san-

481 3942 701 4012 guinem
731 3936 946 3993 Domini
978 3936 1303 3990 transfertur
1335 3947 1349 3987 :
1380 3947 1485 3988 non
1511 3947 1608 4002 per
1640 3931 1867 4003 ﬁguram
1896 3944 2074 4007 neque

479 4050 583 4105 per
623 4031 891 4096 umbram,
931 4028 1026 4084 sed
1071 4043 1169 4097 per
1241 4028 1548 4081 veritatem.
1599 4022 1882 4079 Credimus
1928 4022 2079 4078 enim

481 4127 609 4196 quia
641 4125 694 4179 in
725 4123 953 4179 veritate
979 4136 1109 4176 caro
1129 4130 1211 4175 est
1233 4119 1453 4183 Christi,
1477 4117 1727 4173 similiter
1752 4127 1809 4170 et
1833 4114 2071 4185 sanguis.

484 4216 593 4272 Sed
636 4215 762 4286 quia
810 4216 1044 4270 humana
1085 4210 1349 4278 fragilitas
1375 4224 1481 4263 non
1511 4206 1792 4262 consuevit
1820 4205 2075 4261 carnibus

480 4309 668 4366 crudis
703 4308 869 4373 vesci,
902 4317 958 4362 et
990 4305 1308 4375 sanguinem
1338 4310 1527 4373 potare
1547 4342 1561 4367 ,
1592 4300 1851 4355 translata
1874 4308 1959 4355 est
1984 4314 2076 4353 ea-

483 4404 608 4458 dem
648 4415 776 4457 caro
806 4401 858 4454 in
887 4413 1103 4469 panem,
1135 4405 1189 4451 et
1213 4396 1355 4451 idem
1386 4393 1606 4465 sanguis
1635 4394 1689 4447 in
1717 4392 1922 4447 vinum.
1966 4388 2076 4445 Sed

483 4493 680 4549 merito
729 4491 990 4561 quaeritur
1028 4503 1126 4541 cur
1167 4503 1266 4542 nos
1298 4486 1467 4557 jejuni
1517 4493 1723 4540 tantum
1766 4497 2076 4538 sacramen-

482 4596 597 4641 tum
635 4584 877 4655 quotidie
905 4581 1192 4645 sumimus,
1223 4594 1345 4634 cum
1378 4578 1659 4642 Dominus,
1691 4575 1844 4630 ﬁnito
1890 4574 2075 4630 convi—

485 4679 592 4742 vio,
620 4692 818 4749 panem
844 4674 1089 4745 corporis
1119 4672 1201 4726 sui
1230 4679 1285 4726 et
1332 4671 1558 4726 calicem
1589 4667 1868 4738 sanguinis
1900 4666 1982 4722 sui
2018 4666 2075 4720 in

488 4769 752 4839 mysterio
783 4766 1064 4835 discipulis
1092 4764 1205 4820 suis
1231 4761 1619 4832 propinaverit.
1679 4760 1762 4815 Ad
1807 4758 1952 4830 quod
1993 4758 2074 4812 di-

484 4862 714 4918 cendum
765 4869 850 4916 est
902 4859 1029 4929 quia
1080 4858 1310 4928 primum
1365 4857 1593 4913 decebat
1657 4852 2073 4925 signiﬁcativum

484 4952 694 5009 Pascha
725 4948 1122 5014 consummari,
1153 4964 1218 5004 ac
1243 4947 1498 5019 deinceps
1524 4946 1739 5002 Pascha
1767 4960 1956 4999 verum
1985 4944 2071 5000 in-

485 5043 629 5098 duci.
672 5039 1024 5097 Postmodum
1052 5054 1181 5095 vero
1205 5049 1393 5111 patres
1422 5037 1557 5093 Novi
1590 5035 1922 5092 Testameuti
1941 5073 1957 5098 ,
1995 5035 2075 5089 vi-

487 5135 685 5190 delicet
711 5132 938 5204 apostoli
967 5142 1025 5189 et
1048 5147 1310 5202 sequaces
1331 5131 1570 5195 illorum,
1598 5133 1907 5183 statuerunt
1933 5134 1991 5179 ut
2019 5125 2076 5180 in

485 5226 836 5283 veneratione
881 5225 1018 5281 tanti
1048 5223 1378 5297 sacramenti
1416 5237 1449 5276 a
1483 5218 1686 5290 jejunis
1711 5216 1952 5288 quotidie
1977 5230 2073 5271 su-

486 5329 747 5376 meretur.
798 5318 929 5385 lllud
958 5333 1088 5391 vero
1116 5312 1555 5390 perpendendum
1578 5317 1663 5367 est
1682 5350 1698 5376 ,
1727 5310 1872 5381 quod
1902 5325 1932 5363 a
1958 5309 2076 5363 uul-

484 5414 554 5469 lis
584 5414 740 5483 panis
767 5412 939 5481 solus,
977 5426 1154 5484 neque
1198 5409 1380 5464 vinum
1405 5406 1522 5462 sine
1543 5419 1699 5476 aqua:
1725 5402 2077 5475 permistione

486 5506 711 5563 offertur
784 5504 924 5574 Quia
974 5502 1376 5568 enim,dicente
1413 5497 1642 5563 Joanne,
1692 5512 1846 5569 aqua:
1894 5495 2077 5568 populi

489 5606 632 5663 sunt,
668 5597 928 5652 miscetur
958 5610 1097 5665 aqua
1142 5593 1284 5655 vino,
1321 5599 1379 5646 ut
1408 5590 1658 5646 videlicet
1686 5604 1786 5644 nos
1812 5588 2077 5661 intelliga-

492 5706 612 5746 mus
664 5690 789 5762 quia
818 5688 997 5759 passio
1033 5684 1234 5742 Christi
1276 5701 1372 5755 pro
1410 5683 1567 5739 nobis
1612 5690 1921 5759 perpetrata
1970 5690 2072 5737 est.

497 5781 681 5850 Neque
705 5780 887 5851 passio
908 5778 1111 5834 Christi
1134 5778 1338 5847 absque
1359 5775 1590 5832 utilitate
1613 5773 1830 5847 generis
1856 5773 2078 5828 humani

496 5874 766 5927 celebrata
798 5881 906 5937 est,
948 5880 1003 5925 et
1041 5887 1139 5925 nos
1180 5871 1294 5925 sine
1341 5869 1543 5926 Christi
1591 5866 1840 5939 passione
1883 5865 2078 5920 salvari

2102 4638 2155 4697 D

2181 3389 2269 3436 cto
2313 3388 2705 3452 regenerantur
2743 3394 2849 3450 quo
2887 3377 3136 3434 Christ
3178 3379 3235 3435 in
3267 3387 3425 3439 utero
3458 3377 3657 3435 Maria:
3698 3387 3772 3435 est

2179 3482 2494 3545 conceptus.

2258 3587 2276 3619 ι
2315 3566 2444 3622 Dico
2471 3573 2653 3623 autem
2679 3566 2855 3632 vobis,
2885 3580 2995 3621 non
3017 3564 3196 3623 bibam
3222 3563 3419 3622 amodo
3454 3564 3525 3620 de
3555 3565 3671 3622 hoc
3690 3579 3772 3637 εο-

2188 3678 2207 3712 c
2245 3659 2448 3714 uimine
2472 3658 2615 3722 vitis,
2637 3672 2811 3729 usque
2833 3657 2886 3713 in
2908 3658 3052 3715 diem
3075 3658 3251 3725 illum,
3282 3673 3404 3713 cum
3430 3657 3571 3714 illud
3595 3660 3772 3732 bibam

2186 3769 2207 3804 ι
2236 3751 2514 3807 vobiscum
2546 3765 2744 3805 novum
2770 3750 2826 3806 in
2867 3764 3036 3820 regno
3059 3749 3236 3806 Patris
3264 3750 3394 3805 mei.
3427 3769 3449 3801 ι
3484 3747 3667 3805 Juxta
3691 3750 3771 3811 lit-

2181 3850 2351 3898 teram
2379 3841 2647 3914 promittit
2677 3854 2736 3896 se
2758 3856 3030 3911 nunquam
3053 3854 3173 3897 esse
3196 3840 3490 3911 bibiturum
3522 3840 3600 3895 de
3628 3839 3770 3912 geni-

2180 3934 2327 3990 mine
2366 3932 2514 3999 vitis,
2561 3933 2733 3988 donec
2769 3944 3079 4004 resurgeret
3105 3948 3138 3988 a
3177 3932 3425 4013 mortuis.
3474 3931 3770 4006 Postquam

2182 4034 2366 4081 autem
2397 4025 2718 4091 resurrexit,
2748 4041 2859 4081 non
2884 4025 3056 4081 solum
3083 4026 3340 4095 comedit,
3367 4026 3463 4083 sed
3491 4036 3671 4083 etiam
3696 4029 3770 4083 bi-

2180 4121 2261 4176 bit
2288 4136 2412 4175 cum
2443 4120 2722 4190 discipulis
2743 4120 2877 4185 suis,
2908 4120 3050 4175 sicut
3074 4119 3268 4175 Petrus
3292 4119 3575 4191 apostolus
3600 4121 3771 4177 decla-

2181 4220 2288 4279 rat,
2331 4212 2553 4267 dicens:
2587 4230 2604 4262 ι
2641 4211 2805 4268 Nobis
2841 4211 2932 4283 qui
2971 4210 3414 4271 manducavimus
3440 4223 3497 4265 et
3532 4211 3774 4268 bibimus

2181 4320 2302 4360 cum
2332 4285 2445 4369 illo,
2475 4312 2759 4374 postquam
2792 4303 3138 4358 resurrexita
3168 4303 3395 4377 mortuis
3437 4302 3585 4369 (Act.
3636 4308 3715 4377 ι).
3750 4322 3766 4355 ι

2181 4396 2290 4454 Sed
2324 4398 2418 4468 qui
2460 4396 2622 4453 altius
2648 4395 2973 4466 intelligunt,
3013 4394 3293 4467 spirituale
3333 4397 3664 4471 mysterium
3707 4396 3771 4450 ibi

2180 4490 2481 4561 requirunt.
2538 4488 2679 4544 Vitis
2736 4488 2879 4543 enim
2948 4488 3167 4544 nomine
3228 4486 3567 4559 significatur
3626 4488 3770 4559 plebs

2180 4580 2498 4647 Israelitica,
2547 4589 2610 4637 ut
2655 4579 2710 4635 in
2755 4579 2969 4636 Psalmo
3013 4598 3025 4633 :
3083 4597 3103 4632 ι
3146 4578 3370 4635 Vineam
3418 4579 3489 4635 de
3534 4578 3770 4654 Δῖαί)ιο

2182 4673 2505 4728 transtulisti
2535 4670 2706 4744 (Psal.
2736 4673 2946 4742 Lxxlx).
2977 4692 2995 4724 ι
3024 4672 3091 4727 Ει
3111 4673 3308 4728 iterum
3333 4672 3387 4727 in
3416 4670 3554 4727 Isaia
3580 4690 3600 4725 :
3635 4693 3657 4726 ε
3691 4673 3770 4729 Vi-

2179 4780 2281 4819 nea
2320 4765 2469 4819 enim
2509 4763 2723 4819 Domini
2766 4762 3027 4829 Sabaoth,
3063 4764 3255 4821 domus
3286 4763 3451 4823 Israel
3499 4772 3587 4820 est
3638 4765 3769 4835 (ira.

2178 4855 2255 4926 v).
2284 4875 2303 4907 ι
2341 4854 2481 4909 Dicit
2501 4869 2631 4925 ergo
2662 4872 2676 4909 :
2713 4873 2732 4906 ί
2763 4853 2881 4911 Non
2908 4854 3093 4911 bibam
3121 4856 3312 4921 deboc
3334 4856 3641 4928 genimiue,
3680 4877 3700 4910 ι
3722 4855 3771 4913 ω

2178 4953 2263 5000 est
2288 4944 2353 4999 de
2392 4945 2740 5014 generatione
2767 4944 2929 5017 hujus
2957 4945 3103 5012 vitis,
3147 4963 3166 4996 ε
3206 4946 3377 5015 donec
3416 4946 3608 5003 bibam
3650 4946 3770 5003 illud

2179 5051 2378 5092 novum
2410 5037 2465 5092 in
2508 5052 2674 5108 regno
2712 5036 2891 5094 Patris
2933 5038 3060 5092 mei.
3110 5057 3131 5093 ι
3173 5036 3417 5110 Regnum
3456 5037 3653 5096 Patris
3696 5038 3770 5095 sui

2181 5128 2415 5200 appellat
2443 5130 2533 5186 hic
2562 5129 2723 5193 ﬁdem
2770 5129 3129 5187 credentium.
3163 5128 3256 5185 Ait
3281 5144 3414 5201 ergo
3443 5128 3607 5203 εὕρῃ
3640 5131 3773 5201 nci-

2180 5198 2325 5291 piam
2353 5219 2423 5276 ab
2452 5220 2554 5277 hac
2584 5218 2719 5304 hora
2747 5234 2882 5281 mea:
2918 5219 3190 5291 passionis
3217 5198 3470 5277 carnales
3514 5198 3773 5279 victimas

2180 5328 2246 5369 ac
2269 5311 2642 5377 caeremonias,
2671 5312 2844 5383 donec
2866 5311 3051 5371 vinum
3075 5310 3447 5367 dulcissimum
3480 5311 3701 5378 bibam,
3723 5311 3771 5368 id

2179 5414 2264 5462 est
2288 5404 2448 5462 ﬁdem
2471 5403 2682 5460 illorum
2715 5402 2992 5460 vobiscum
3022 5402 3077 5458 in
3100 5418 3268 5474 regno
3282 5398 3462 5458 Patris
3483 5401 3614 5457 mei.
3638 5402 3771 5459 Nam

2182 5507 2305 5570 post
2339 5497 2794 5554 resurrectionem
2831 5495 2963 5552 illud
3000 5495 3187 5550 vinum
3231 5493 3388 5565 bibit.
3436 5492 3584 5550 Bibit
3624 5494 3770 5550 enim

2184 5590 2555 5648 dulcissimum
2580 5589 2764 5645 vinum
2803 5587 2870 5643 de
2907 5587 3179 5661 genimiue
3206 5586 3365 5643 istius
3392 5585 3539 5642 vitis.
3568 5585 3627 5640 in
3669 5585 3771 5644 illis

2181 5682 2431 5739 videlicet
2467 5680 2561 5752 qui
2601 5687 2717 5751 post
2774 5678 3225 5736 resurrectionem
3254 5678 3604 5734 crediderunt
3628 5692 3770 5753 prs-

2182 5774 2489 5830 dicantihus
2526 5771 2807 5841 apostolis,
2854 5769 2993 5825 sicut
3033 5769 3089 5824 in
3128 5768 3351 5825 Actibus
3396 5763 3769 5838 apostolorum

2183 5866 2430 5937 legimus,
2463 5865 2787 5936 praedicante
2818 5861 2993 5929 Petro,
3028 5876 3136 5919 una
3166 5861 3253 5918 die
3290 5860 3585 5917 credidisse
3604 5859 3769 5930 quin-
