3934 6346
115 480 210 538 365

1327 457 1633 519 llOMlLlr/E
1670 456 1756 511 DE
1787 453 2132 513 TEMPORE.

3261 452 3364 508 366

114 605 213 669 que
241 583 425 650 millia,
467 582 572 639 alia
616 580 702 637 die
742 579 845 636 tria
884 577 1072 642 millia,
1118 585 1173 633 et
1212 575 1467 645 deinceps
1510 570 1675 625 multa
1705 576 1748 630 Α
1781 574 1838 621 ιιι
1869 575 2112 638 tempore
2138 566 2401 623 orationis
2433 576 2633 629 nostra:
2663 566 3045 631 humilitatem,
3078 576 3135 623 et
3162 571 3367 625 contri-

117 680 269 739 millia
300 696 313 732 :
357 678 408 732 in
438 676 544 731 illis
578 673 714 729 bibit
759 672 941 727 vinum
970 669 1344 726 dulcissimum
1375 674 1498 739 post
1526 678 1681 720 suam

117 771 575 831 resurrectionem.

186 884 203 916 ι
234 863 320 928 Ει,
360 863 560 933 hymno
585 860 752 925 dicto,
771 858 1021 914 exierunt
1048 856 1102 911 in
1133 861 1371 911 montem
1412 848 1627 927 Oliveti.
1660 867 1680 900 ι

118 957 224 1014 Hoc
255 966 361 1022 est,
401 954 550 1026 quod
585 952 873 1009 Psalmista
903 950 978 1004 ait
1010 965 1024 1003 :
1057 968 1075 1002 (
1104 947 1279 1003 Edent
1317 957 1603 1017 pauperes,
1633 951 1688 997 et

117 1051 496 1108 saturabuntur
527 1067 541 1102 :
571 1055 629 1103 et
648 1045 943 1101 laudabunt
966 1042 1274 1105 Dominum,
1295 1038 1386 1110 qui
1413 1036 1689 1108 requirent

115 1159 227 1200 eum
275 1139 464 1211 (Paul.
507 1140 624 1213 xx).
670 1159 689 1192 ι
734 1136 872 1193 Hinc
906 1136 1105 1193 etenim
1135 1132 1466 1191 consuetudo
1496 1136 1689 1187 exorta

115 1244 209 1297 est,
242 1241 301 1288 ut
331 1233 549 1305 quando
573 1229 781 1287 caelesti
817 1244 957 1302 pane
999 1226 1292 1299 pascimur,
1325 1224 1438 1279 sive
1473 1230 1691 1276 terreno

115 1327 226 1381 cibo
266 1323 563 1389 reficimur,
612 1324 871 1394 hymnum
917 1321 1027 1375 Deo
1065 1320 1327 1375 dicamus.
1375 1314 1472 1372 Vel
1524 1315 1691 1369 etiam

116 1419 367 1490 hymnum
396 1431 682 1487 possumus
730 1413 1030 1483 intelligere
1059 1411 1205 1467 illam
1250 1408 1553 1466 orationem
1596 1421 1694 1476 per

115 1522 266 1579 quam
302 1505 450 1560 Patri
480 1504 772 1576 discipulos
803 1501 1219 1566 commendavit,
1260 1515 1421 1571 quam
1456 1496 1692 1552 Joannes

118 1596 177 1652 ad
200 1595 419 1666 plenum
446 1604 736 1651 exsecutus
762 1602 867 1658 est,
901 1609 1020 1663 qua:
1051 1592 1124 1646 ita
1155 1590 1439 1645 inchoatur
1480 1606 1492 1641 :
1533 1607 1550 1638 ι
1590 1585 1695 1640 Pa-

119 1697 216 1754 ter,
244 1680 397 1742 venit
420 1687 574 1753 hora,
608 1684 845 1741 clarifica
866 1683 1062 1737 Filium
1087 1690 1259 1746 tuum,
1292 1690 1350 1734 ut
1374 1678 1543 1734 Filius
1569 1686 1694 1730 tuus

116 1778 375 1834 clarificet
418 1786 470 1834 te
515 1773 697 1850 (Ioan.
746 1773 883 1847 xvu)
918 1792 932 1829 :
971 1792 988 1824 ›
1023 1773 1075 1827 in
1103 1787 1208 1842 qua
1240 1786 1345 1826 non
1384 1770 1555 1825 solum
1596 1781 1695 1839 pro

117 1868 367 1942 apostolis
395 1869 591 1936 oravit,
623 1868 719 1923 sed
754 1867 919 1922 etiam
959 1880 1059 1936 pro
1082 1864 1336 1919 omnibus
1380 1862 1471 1933 qui
1513 1861 1692 1916 credi-

117 1960 219 2015 turi
248 1967 409 2016 erant
434 1974 532 2030 per
572 1957 798 2012 verbum
834 1954 1049 2010 illorum
1084 1953 1138 2007 in
1170 1953 1365 2023 ipsum.
1398 1950 1550 2020 Quod
1599 1965 1694 2003 au-
1724 1957 1770 2018 Β

116 2059 221 2107 tem
248 2052 507 2108 Dominus
544 2058 668 2121 post
708 2063 920 2105 caenam
951 2048 1002 2102 in
1033 2055 1272 2102 montem
1313 2044 1508 2101 Oliveti
1537 2043 1693 2109 exiit,

115 2130 296 2215 aperte
335 2144 483 2200 dedit
523 2142 679 2197 nobis
706 2139 1035 2212 exemplum,
1059 2148 1142 2205 ut,
1185 2146 1469 2211 postquam
1515 2122 1697 2191 divino

112 2236 313 2307 pabulo
351 2235 648 2307 pascimur,
696 2233 766 2288 ad
808 2231 1024 2287 culmen
1068 2230 1329 2286 virtutum
1376 2227 1699 2297 quantocius

110 2344 486 2401 properemus.

156 2416 171 2428 '
190 2437 209 2470 ι
247 2418 401 2472 Tunc
427 2416 563 2472 dixit
584 2415 689 2471 illis
709 2414 864 2472 Iesus
896 2433 908 2466 :
940 2412 1141 2469 Omnes
1166 2425 1262 2465 vos
1281 2408 1591 2465 scandalum
1613 2424 1703 2480 pa-

118 2528 136 2562 |
166 2508 451 2565 tieminiin
476 2522 563 2564 me
582 2508 634 2563 in
665 2507 769 2562 ista
793 2513 969 2562 nocte.
995 2524 1013 2556 ι
1038 2501 1306 2560 Σκάνδαλον
1326 2501 1470 2557 enim
1492 2500 1701 2565 Graece,

116 2596 308 2673 Latine
349 2598 547 2655 dicitur
592 2596 839 2663 offensio,
877 2596 994 2652 sive
1023 2595 1277 2666 impactio
1300 2592 1515 2662 pedum.
1555 2590 1701 2646 Praze

120 2692 246 2749 dicit
264 2692 412 2747 enim
439 2691 701 2747 Dominus
714 2690 856 2763 quod
873 2687 1186 2745 scandalum
1209 2685 1421 2757 passuri
1445 2693 1628 2739 essent
1649 2683 1703 2737 in

122 2797 262 2848 eum,
315 2790 375 2836 ut
424 2781 675 2837 veniente
728 2781 862 2837 hora
909 2776 1153 2834 scandali
1204 2790 1311 2830 non
1349 2775 1704 2844 desperarent

125 2880 336 2944 propter
362 2870 701 2937 scandalum,
733 2870 826 2925 sed
854 2867 1035 2939 potius
1063 2866 1128 2922 ad
1171 2864 1546 2936 paenitentiam
1575 2877 1705 2917 con-

126 2972 480 3020 verterentur.
514 2960 581 3017 Et
609 2960 833 3032 pulchre
860 2960 955 3025 ait,
985 2979 1003 3011 t
1048 2958 1102 3013 in
1148 2956 1251 3012 ista
1279 2963 1458 3024 nocte,
1496 2973 1514 3006 ι
1565 2968 1703 3024 quo-

128 3057 267 3112 niam
296 3058 437 3113 sicut
478 3055 573 3127 qui
623 3054 981 3119 iuebriantur,
1032 3060 1191 3106 nocte
1228 3048 1586 3113 inebriantur,
1630 3047 1705 3101 ita

130 3151 218 3221 qui
248 3147 558 3204 scandalum
588 3140 885 3218 patiuntur,
913 3144 968 3198 in
998 3151 1182 3207 nocte,
1209 3140 1313 3195 hoc
1338 3148 1444 3203 est,
1474 3138 1524 3191 in
1559 3144 1706 3190 tene-

130 3239 242 3295 bris
280 3224 754 3293 incredulitatiset
796 3233 1132 3306 ignorantiae,
1162 3231 1459 3301 patiuntur.
1490 3246 1506 3277 ι
1555 3223 1705 3280 Scri-

1788 663 1991 716 tivnem
2018 660 2198 717 cordis
2227 675 2326 714 nos
2372 659 2571 715 habere
2618 661 2829 716 doceat.
2882 661 2946 714 Et
2991 662 3091 717 hoc
3131 661 3183 716 iu
3233 662 3369 717 valle

1787 755 2065 828 pinguium
2091 755 2204 810 sive
2235 753 2633 826 pinguediuum,
2665 764 2723 807 ut
2750 755 2958 810 scilicet
2982 756 3156 810 oratio
3182 766 3368 810 nostra

1788 848 2003 904 condita
2027 848 2097 903 sit
2118 847 2445 920 pinguedine
2470 846 2773 902 charitatis.
2790 846 2889 901 Vel
2915 848 3092 913 aliter,
3111 850 3163 903 in
3188 860 3372 905 monte

1788 940 2159 1011 unusquisque
2188 946 2326 1005 orat,
2353 938 2449 1008 qui
2491 936 2730 993 ctelestis
2781 938 2967 1007 patriae
3012 943 3235 1008 praemia
3272 956 3373 1012 po-

1790 1033 1915 1089 scit.
1959 1033 2020 1089 ln
2065 1031 2204 1089 valle
2245 1041 2428 1086 autem
2459 1028 2809 1084 nihilominus
2837 1038 2977 1095 orat,
3011 1045 3099 1099 qui
3131 1030 3371 1085 carnalia

1792 1143 1824 1184 a
1846 1126 1958 1183 Deo
1984 1127 2142 1198 petit,
2168 1133 2396 1181 mortem
2441 1121 2686 1178 videlicet
2722 1121 3087 1203 inimicorum,
3116 1121 3373 1177 ultionem

1793 1216 2054 1281 hostium,
2078 1214 2465 1269 abundantiam
2495 1210 2873 1282 temporalium
2903 1209 3239 1266 facultatum.

1869 1326 1889 1358 ι
1919 1307 1988 1362 Ει
2013 1314 2291 1375 assumpto
2316 1304 2500 1369 Petro,
2519 1312 2573 1357 et
2598 1302 2807 1358 duobus
2828 1300 2951 1357 filiis
2972 1300 3239 1369 Zehedtei,
3270 1317 3381 1358 coe-

1799 1423 1819 1457 ‹
1848 1404 1927 1476 pit
1971 1403 2283 1460 contristari
2325 1410 2381 1456 et
2426 1407 2653 1455 maestus
2690 1412 2829 1454 esse.
2866 1418 2884 1451 ›
2914 1398 3375 1466 Contristabatur,

1794 1514 1902 1554 non
1935 1498 2129 1553 timore
2154 1496 2347 1552 vicina:
2366 1493 2654 1565 passionis,
2688 1500 2908 1563 propter
2929 1506 3089 1562 quam
3115 1492 3380 1548 sufferen-

1793 1586 1919 1642 dam
1950 1594 2195 1653 venerat,
2230 1586 2323 1642 sed
2359 1591 2581 1657 propter
2603 1582 2960 1655 perditionem
2982 1581 3153 1653 Iudae,
3183 1593 3237 1638 et
3256 1600 3382 1654 pro-

1795 1686 1917 1751 pter
1953 1678 2343 1749 dispersiouem
2380 1675 2560 1747 populi
2588 1672 2928 1741 Iudaeorum,
2965 1682 3019 1727 et
3067 1674 3381 1730 scandalum

1795 1768 2206 1840 discipulorum,
2244 1778 2299 1824 et
2326 1766 2665 1822 eversionem
2693 1765 2906 1820 misera:
2932 1762 3257 1830 Jerusalem,
3290 1765 3379 1820 his

1797 1866 1977 1922 causis
2002 1864 2356 1921 contristatur
2380 1862 2662 1918 Dominus.

1875 1978 1892 2010 ι
1927 1959 2080 2015 Tunc
2124 1958 2201 2012 ait
2244 1956 2348 2012 illis
2381 1974 2393 2010 :
2426 1954 2624 2011 Tristis
2648 1960 2732 2009 est
2758 1952 2939 2008 anima
2970 1967 3089 2007 mea
3118 1962 3288 2023 usque
3314 1953 3381 2007 ad

1802 2071 1820 2103 ‹
1854 2060 2109 2106 mortem.
2160 2070 2178 2101 ι
2233 2049 2432 2103 Errant
2472 2047 2563 2116 qui
2607 2055 2798 2117 putant
2844 2045 3132 2101 Dominum
3165 2060 3271 2100 non
3301 2060 3390 2101 ve-

1798 2158 1915 2197 ram
1936 2142 2173 2196 animam
2204 2139 2403 2194 habere
2437 2156 2450 2192 :
2479 2138 2523 2193 si
2550 2138 2694 2191 enim
2722 2152 2828 2192 non
2855 2137 3045 2192 habuit
3065 2152 3251 2192 veram
3276 2138 3390 2193 ani-

1798 2250 1963 2298 mam,
1996 2248 2166 2302 quare
2206 2232 2377 2288 dicit:
2415 2249 2432 2281 t
2473 2228 2667 2285 Tristis
2696 2238 2779 2285 est
2822 2228 3003 2284 anima
3043 2244 3163 2285 mea
3211 2246 3395 2300 usque.

1801 2326 1869 2381 ad
1894 2324 2161 2378 mortem?
2197 2343 2215 2374 ι
2249 2324 2315 2378 Ει
2344 2324 2638 2378 notandum
2673 2329 2780 2388 est,
2810 2321 2937 2392 quia
2966 2336 3075 2376 nou
3104 2321 3236 2375 dicit
3262 2336 3391 2390 pro-

1801 2424 1923 2485 pter
1964 2424 2213 2478 mortem,
2242 2414 2340 2469 sed
2370 2429 2538 2484 usque
2563 2413 2631 2467 ad
2660 2423 2912 2477 mortem,
2950 2411 3053 2467 hoc
3080 2412 3187 2479 est,
3215 2411 3391 2467 donec

1804 2505 2075 2577 apostolos
2121 2519 2271 2560 meos
2316 2511 2371 2558 et
2418 2517 2606 2557 omnes
2636 2500 2919 2559 credentes
2956 2500 3219 2556 effusione
3261 2517 3393 2556 sau-

1803 2601 1981 2673 guiuis
2011 2600 2113 2655 mei
2146 2598 2429 2654 redimam.
2462 2618 2480 2649 ‹
2510 2597 2785 2653 Sustinete
2813 2597 2924 2661 hic,
2948 2604 3004 2651 et
3032 2596 3249 2667 vigilate
3271 2611 3384 2651 me-

1812 2711 1832 2745 ‹
1860 2708 2005 2748 cum.
2038 2712 2056 2743 ι
2090 2691 2203 2745 Non
2229 2692 2482 2745 admonet
2510 2704 2638 2760 ergo
2664 2688 2922 2744 Dominus
2938 2688 3176 2755 vigiliam
3201 2703 3396 2758 corpo-

1807 2784 1904 2848 ris,
1934 2799 2054 2852 quae
2088 2790 2215 2836 tunc
2258 2780 2517 2850 temporis
2558 2796 2664 2835 non
2719 2788 2859 2845 erat,
2899 2779 2994 2835 sed
3021 2780 3200 2850 potius
3233 2779 3395 2850 spiri-

1807 2874 2006 2930 tualem
2050 2873 2289 2943 vigiliam
2338 2872 2557 2936 mentis,
2597 2886 2665 2927 ne
2705 2870 2956 2926 videlicet
2997 2883 3150 2925 mens
3178 2879 3397 2941 aposto-

1807 2965 1983 3021 lorum
2019 2964 2132 3019 sive
2158 2963 2398 3018 fidelium
2448 2978 2640 3032 sopore
2686 2960 3019 3017 inﬁdelitatis
3061 2970 3321 3031 torperet.

1884 3077 1902 3109 ι
1956 3056 2023 3111 Ει
2081 3071 2400 3127 progressus
2452 3055 2730 3125 pusillum,
2796 3054 3029 3124 procidit
3087 3054 3144 3109 in
3196 3052 3393 3109 faciem

1815 3167 1835 3200 ι
1862 3164 2037 3205 suam.
2057 3167 2077 3200 ι
2102 3148 2342 3204 Procidit
2367 3156 2546 3203 autem
2565 3148 2822 3203 Dominus
2842 3148 2895 3202 in
2920 3146 3116 3202 faciem
3139 3162 3315 3212 suam,
3339 3155 3400 3202 ut

1811 3240 2117 3311 humilitate
2158 3243 2404 3309 corporis
2436 3239 2793 3294 humilitatem
2822 3239 3020 3294 mentis
3048 3239 3392 3295 demonstra-

146 3344 165 3378 ι
186 3336 329 3398 ptum
343 3336 424 3383 est
444 3328 586 3382 enim
619 3344 631 3379 :
657 3305 961 3379 Percutiam
980 3332 1252 3393 pastorem
1264 3328 1319 3372 et
1334 3316 1710 3387 dispergeutur

1819 3305 1931 3385 ret.
1957 3349 1976 3381 ι
2008 3329 2077 3383 Mi
2104 3305 2287 3394 Pater,
2340 3348 2355 3381 ι
2394 3328 2726 3385 Blandientis
2764 3326 2956 3383 affectu
2982 3328 3245 3401 loquitur.
3283 3348 3301 3380 ι
3338 3328 3400 3385 Si

150 3435 169 3468 ί
199 3431 323 3473 oves
348 3418 539 3492 gregis.
570 3438 588 3470 ι
635 3414 747 3472 Hoc
783 3416 837 3470 in
867 3412 1127 3470 Zacharia
1155 3410 1416 3481 propheta
1446 3408 1711 3477 scriptum

139 3515 242 3573 est,
270 3507 385 3564 aliis
409 3509 622 3578 quidem
660 3506 863 3572 verbis,
897 3512 952 3560 et
989 3518 1056 3558 ex
1101 3499 1324 3555 alterius
1350 3512 1603 3570 persona.
1636 3495 1713 3553 lbi

138 3598 277 3654 enim
297 3601 570 3671 propheta:
595 3611 826 3670 persona
852 3594 1092 3664 loquitur
1116 3591 1182 3647 ad
1211 3590 1497 3646 Dominum
1523 3586 1709 3660 (Zaclt.

141 3691 235 3764 xu)
262 3711 274 3747 :
309 3713 327 3745 ι
360 3692 590 3749 Percute
632 3700 927 3763 pastorem.
958 3708 976 3740 ι
1009 3688 1062 3744 id
1089 3694 1172 3742 est
1190 3685 1485 3747 Christum,
1516 3682 1607 3752 qui
1635 3681 1718 3735 di-

144 3785 217 3839 cit
250 3804 263 3838 :
293 3804 311 3836 (
331 3784 445 3857 Ego
475 3801 593 3840 sum
617 3794 802 3854 pastor
828 3781 1003 3838 bonus
1029 3776 1209 3851 (Ioan.
1238 3775 1318 3848 χ),
1355 3795 1372 3826 ι
1394 3804 1467 3817 --
1496 3793 1514 3825 ι
1551 3782 1606 3828 et
1633 3772 1715 3827 di-

143 3889 458 3950 Spergentur
484 3894 615 3934 oves
636 3877 832 3949 gregis,
871 3895 890 3927 ι
918 3873 971 3929 id
994 3880 1077 3927 cst
1111 3868 1359 3943 apostoli,
1389 3868 1504 3939 qui,
1530 3865 1717 3921 relicto

142 3986 221 4036 eo,
252 3987 445 4027 omnes
473 3970 741 4043 fugerunt.

210 4082 228 4113 ε
274 4061 568 4133 Postquam
617 4067 797 4114 autem
849 4070 1221 4120 resurrexero,
1265 4052 1568 4128 praecedam
1622 4063 1718 4103 vos

149 4170 166 4204 ι
210 4153 259 4208 in
289 4153 589 4209 Galilaeam.
621 4170 639 4202 ι
672 4149 953 4222 lmpletum
984 4156 1069 4203 est
1108 4149 1232 4212 hoc,
1263 4146 1478 4216 quando
1519 4141 1719 4199 duode-

145 4240 237 4295 cim
267 4242 496 4314 apostoli
539 4249 661 4313 post
690 4238 1141 4295 resurrectionem
1176 4237 1428 4292 abierunt
1474 4233 1525 4288 in
1569 4230 1717 4287 Gali-

145 4333 308 4404 lzeam,
345 4337 399 4392 in
430 4343 667 4390 montem
701 4332 790 4387 ubi
815 4331 1171 4387 constituerat
1208 4329 1315 4385 illis
1342 4325 1517 4383 Iesus.
1549 4324 1617 4383 Et
1642 4322 1723 4377 vi-

147 4425 324 4486 dentes
344 4444 469 4485 eum
502 4428 885 4482 adoraverunt.

216 4540 234 4573 ι
268 4519 623 4591 Respondens
650 4523 830 4571 autem
860 4516 1073 4578 Petrus,
1106 4513 1183 4567 ait
1208 4510 1283 4567 illi
1317 4509 1423 4565 :Et
1460 4508 1503 4564 si
1534 4520 1724 4563 omnes

156 4628 172 4660 ι
205 4611 551 4668 scandalizati
594 4608 794 4663 fuerint
820 4608 873 4662 in
907 4616 978 4672 te,
1017 4621 1117 4678 ego
1147 4618 1419 4674 nunquam
1459 4600 1726 4658 scandali-

1820 3441 1839 3474 ‹
1875 3421 2131 3492 possibile
2158 3429 2261 3485 est,
2293 3428 2532 3475 transeat
2555 3435 2585 3473 a
2612 3435 2698 3475 me
2728 3418 2868 3474 calix
2896 3420 3019 3474 iste.
3060 3439 3079 3472 ι
3112 3419 3244 3475 Orat
3265 3431 3326 3474 ut
3353 3422 3400 3476 si

1815 3512 1933 3568 fieri
1962 3511 2154 3583 possit,
2183 3518 2449 3581 quatenus
2478 3525 2648 3581 genus
2683 3510 2977 3565 humanum
3010 3508 3250 3567 salvetur
3277 3511 3398 3565 sine

1813 3602 2065 3673 passione
2093 3617 2211 3666 sua,
2260 3610 2497 3656 transeat
2527 3601 2595 3656 ab
2618 3616 2684 3656 eo
2707 3600 2848 3655 calix
2876 3600 3164 3671 passionis,
3188 3617 3294 3656 nou
3326 3603 3397 3658 ti-

1816 3711 1971 3751 mens
1997 3695 2242 3749 eamdem
2271 3692 2572 3764 passionem
2602 3689 2846 3756 sufferre,
2875 3691 2969 3747 sed
2984 3691 3400 3750 dolensIudaeos

1820 3795 2026 3840 tantum
2052 3785 2228 3841 scelus
2249 3784 2537 3842 admittere
2567 3784 2620 3839 in
2650 3784 2901 3856 passione
2926 3798 3042 3839 sua.
3086 3784 3184 3841 Vel
3223 3795 3406 3856 potest

1817 3876 1975 3930 aliter
2006 3875 2233 3947 intelligi
2266 3892 2279 3929 :
2319 3894 2337 3927 ι
2370 3872 2427 3929 Si
2456 3874 2715 3945 possibile
2737 3883 2840 3939 est,
2869 3882 3112 3931 transeat
3140 3891 3173 3930 a
3203 3892 3289 3931 me
3310 3892 3405 3935 ca-.

1818 3965 1891 4022 lix
1926 3966 2048 4031 iste,
2082 3986 2101 4019 ι
2148 3966 2199 4020 id
2241 3973 2347 4031 est,
2377 3965 2421 4021 si
2450 3965 2706 4036 possibile
2731 3974 2815 4020 est
2843 3976 2904 4021 ut
2924 3962 3117 4022 Ninive
3137 3966 3409 4037 salvetur,

1818 4060 1924 4114 nisi
1949 4059 2225 4115 cucurbita
2253 4058 2476 4125 aruerit,
2508 4058 2611 4113 hoc
2634 4064 2741 4123 est,
2771 4057 2815 4112 si
2843 4056 2962 4112 fieri
2984 4067 3164 4129 potest
3194 4066 3252 4112 ut
3273 4074 3404 4131 geu-

1820 4151 1990 4207 tilitas
2012 4166 2110 4223 per
2138 4152 2449 4208 universum
2474 4150 2731 4206 mundum
2772 4149 3033 4207 liberetur
3054 4152 3173 4208 sine
3192 4152 3411 4210 Iudaso-

1821 4261 1941 4300 rum
1970 4244 2275 4315 perditione
2304 4254 2360 4298 et
2387 4243 2629 4307 interitu,
2665 4250 2904 4298 transeat
2936 4258 2967 4297 a
3004 4259 3092 4298 me
3117 4243 3258 4298 calix
3284 4258 3411 4314 pas:

1823 4337 2009 4393 sionis.
2044 4336 2151 4393 Sed
2176 4336 2305 4407 quia
2326 4351 2395 4392 ex
2416 4323 2732 4391 infirmitate
2751 4335 2931 4390 carnis
2951 4334 3097 4390 Patri
3120 4336 3236 4390 haec
3256 4335 3410 4390 dixe-

1824 4440 1929 4497 rat,
1964 4429 2103 4485 redit
2131 4428 2198 4483 ad
2225 4427 2575 4497 semetipsum
2615 4444 2628 4481 :
2660 4434 2718 4482 et
2741 4426 2883 4496 quod
2912 4440 3009 4495 per
3036 4424 3411 4481 infirmitatem

1826 4520 2210 4592 abnegaverat,
2252 4534 2318 4575 ex
2356 4517 2665 4573 Divinitatis
2707 4531 2935 4588 persona
2981 4514 3290 4580 confirmat,
3324 4516 3411 4571 di-

1828 4628 1997 4670 cens:
2036 4630 2056 4665 ι
2092 4613 2475 4669 Verumtamen
2519 4624 2627 4665 non
2657 4609 2802 4665 sicut
2840 4624 2941 4680 ego
2965 4606 3107 4675 volo,
3139 4607 3235 4662 sed
3273 4608 3419 4665 sicut

156 4720 170 4751 ι
204 4703 387 4757 zahor.
424 4720 443 4753 ›
492 4700 609 4755 Νοη
634 4696 956 4754 temeritatis
990 4663 1207 4765 quidem
1239 4663 1352 4749 haec
1386 4700 1513 4749 sunt
1536 4690 1710 4757 verba,

1834 4663 1968 4781 ξ’ἱξ,
1986 4663 2577 4759 aid
2595 4663 3012 4771 fiat.quodvégo
3036 4663 3107 4753 eri
3131 4705 3286 4770 parte

153 4794 237 4846 sed
267 4792 447 4864 potius
475 4789 684 4845 ardoris
712 4788 912 4859 magni,
939 4801 1098 4857 quem
1130 4784 1183 4839 in
1219 4784 1505 4839 Dominum
1534 4774 1723 4838 Petrus'

152 4883 401 4941 habebat.
435 4883 634 4940 Eodem
658 4890 834 4936 autem
866 4879 1079 4944 ardore,
1112 4892 1220 4948 quo
1244 4884 1298 4933 et
1325 4885 1519 4931 caetera
1541 4878 1727 4945 loque-

154 4975 326 5043 batur,
369 4984 426 5031 et
460 4975 708 5037 faciebat,
761 4972 923 5028 etiam
964 4970 1079 5026 bare
1116 4968 1453 5040 loquebatur.
1496 4967 1601 5023 Sed
1634 4965 1735 5021 Pe-

157 5079 288 5138 trus,
315 5072 412 5145 qui
446 5072 692 5127 infirmus
718 5075 855 5135 erat,
882 5067 948 5122 de
971 5065 1284 5121 infirmitate
1321 5079 1416 5118 sua
1445 5077 1736 5135 praesume-

156 5163 260 5229 bat,
305 5162 568 5218 Dominus
588 5169 789 5225 autem,
823 5158 1062 5214 omnium
1103 5154 1367 5219 conscius,
1410 5154 1553 5226 quod
1586 5152 1733 5209 futu-

158 5270 270 5309 rum
296 5263 418 5310 erat
437 5253 781 5327 praedicebat.

232 5366 251 5398 ι
284 5346 440 5402 Tunc
464 5345 612 5402 venit
634 5344 789 5400 Iesus
818 5358 941 5399 cum
980 5341 1085 5398 illis
1121 5340 1174 5417 in
1212 5338 1393 5397 villam
1438 5352 1558 5410 quae
1597 5335 1734 5417 dicis

166 5454 185 5487 ι
220 5446 307 5493 tur
333 5437 703 5494 Gethsemani.
743 5455 762 5488 ι
797 5416 1145 5490 Gethsemani
1177 5431 1328 5487 vallis
1359 5438 1442 5486 est
1460 5428 1613 5502 juxta
1643 5416 1735 5483 Ie:-

165 5530 416 5595 rusalem,
451 5529 504 5584 in
551 5544 657 5601 qua
681 5534 1017 5581 monstratur
1053 5539 1224 5594 usque
1267 5522 1423 5578 hodie
1464 5520 1615 5575 locus
1646 5517 1737 5574 ubi

166 5619 423 5677 Dominus
466 5621 663 5687 oravit,
705 5636 826 5674 cum
866 5615 1093 5673 ecclesia
1138 5623 1598 5687 superexstructa.
1649 5612 1741 5699 luo.

170 5727 495 5792 terpretatur
531 5727 711 5773 autem
741 5711 1091 5773 Gethsemani
1133 5710 1282 5768 vallis
1322 5712 1612 5785 pinguium,
1660 5708 1745 5791 vel

169 5811 561 5893 pinguedinum.
586 5809 703 5865 Non
730 5817 909 5865 autem
937 5806 1135 5862 frustra
1167 5807 1223 5862 in
1247 5815 1427 5863 monte
1457 5804 1747 5876 aliquando

170 5899 384 5965 orabat.
411 5913 465 5957 et
495 5899 782 5973 aliquando
815 5900 867 5954 in
899 5898 1052 5953 valle.
1093 5897 1151 5954 lu
1183 5905 1363 5952 monte
1384 5897 1581 5952 etenim
1609 5904 1748 5989 prat,

1833 4794 2111 4875 inanitatis
2154 4794 2365 4863 loquor,
2398 4790 2494 4848 sed
2530 4798 2754 4862 propter
2783 4789 2927 4862 quod
2954 4788 3023 4844 ad
3073 4797 3274 4845 terram
3322 4797 3418 4847 tua

1833 4885 2108 4941 voluntate
2130 4882 2401 4939 descendi.

1905 4976 1973 5033 Et
1997 4976 2143 5032 venit
2164 4974 2232 5030 ad
2259 4971 2553 5044 discipulos
2577 4981 2633 5029 et
2660 4972 2864 5028 invenit
2883 4986 2977 5028 eos
3003 4971 3353 5029 dormientes.
3391 4991 3412 5026 ι

1837 5066 1972 5136 Quia
1998 5066 2250 5121 videlicet
2275 5064 2482 5134 gravati
2509 5073 2666 5119 erant
2694 5073 2801 5119 tam
2831 5064 3071 5120 tristitia.
3116 5080 3279 5135 quam
3310 5064 3418 5119 Do-

1837 5158 1967 5213 mini
1994 5157 2262 5228 passione.
2308 5176 2324 5207 ι
2363 5155 2431 5210 Ει
2455 5154 2585 5210 dicit
2627 5154 2790 5211 Petro
2830 5174 2843 5210 :
2877 5154 2969 5212 Sic
3010 5170 3118 5212 non
3158 5156 3417 5227 potuistis

1841 5270 1860 5303 ι
1900 5266 2003 5306 una
2042 5250 2175 5305 hora
2201 5248 2425 5321 vigilare
2460 5248 2711 5304 mecum?
2744 5267 2762 5301 ι
2791 5248 2871 5304 Ac
2909 5248 2956 5311 si
2985 5248 3193 5321 diceret
3224 5268 3236 5303 :
3269 5248 3417 5316 Quo-

1839 5341 2000 5397 modo
2024 5355 2122 5413 pro
2152 5354 2237 5395 me
2265 5337 2403 5394 mori
2437 5337 2707 5410 poteritis,
2740 5338 2833 5409 qui
2874 5353 2975 5410 pro
3014 5354 3102 5395 me
3143 5353 3250 5405 una
3282 5338 3421 5393 hora

1839 5432 2061 5506 vigilare
2086 5446 2191 5485 non
2214 5428 2501 5501 potuistis?

1854 5510 1857 5519 ’
1918 5544 1936 5576 ι
1971 5523 2202 5596 Vigilate
2248 5531 2303 5578 et
2327 5530 2502 5588 orate,
2548 5529 2608 5577 ut
2656 5536 2765 5591 non
2813 5521 3027 5578 intretis
3072 5521 3131 5576 in
3164 5518 3422 5573 tentatio-

1848 5637 1867 5671 ι
1890 5632 2032 5695 nem.
2055 5637 2081 5696 »-
2099 5612 2437 5696 lmpossibile
2459 5615 2847 5680 esthominem,
2870 5612 3105 5683 quandiu
3128 5611 3180 5665 in
3196 5610 3298 5664 hac
3309 5609 3423 5665 vita

1846 5690 2028 5775 fuerit,
2046 5690 2153 5765 non
2169 5707 2368 5763 tentari
2385 5723 2397 5760 :
2416 5690 2557 5785 unde
2570 5720 2761 5763 omnes
2782 5713 2889 5785 tam
2901 5702 3032 5774 justi
3054 5716 3217 5772 quam
3230 5715 3426 5771 peccas

1850 5811 2017 5867 tores,
2033 5798 2273 5872 quotidie
2289 5798 2343 5854 in
2365 5782 2611 5856 oratione
2625 5782 2839 5854 dicunt:
2865 5815 2881 5847 ι
2895 5793 2972 5851 Ne
2996 5809 3095 5850 nos
3116 5790 3342 5848 inducas
3368 5809 3427 5867 tu

1852 5892 2205 5949 tentationem
2231 5888 2443 5964 (Matth.
2460 5888 2558 5960 Vl).
2585 5911 2603 5942 ι
2625 5887 2741 5944 Non
2762 5903 2892 5960 ergo
2908 5886 3151 5958 prazcipit
3166 5883 3427 5944 Domiqu
