  <div class='ocr_page' id='page_1' title='image "/cluster/home/n/w/nwhite01/storage/ocr_20150623/118/hvd.32044015466907/189.png"; bbox 0 0 3934 6346; ppageno 0'>
   <div class='ocr_carea' id='block_1_1' title="bbox 494 420 602 482">
    <p class='ocr_par' dir='ltr' id='par_1_1' title="bbox 494 420 602 482">
     <span class='ocr_line' id='line_1_1' title="bbox 494 420 602 482; baseline -0.037 0"><span class='ocrx_word' id='word_1_1' title='bbox 494 420 602 482; x_wconf 76' lang='lat'><strong>367</strong></span> 
     </span>
    </p>
   </div>
   <div class='ocr_carea' id='block_1_2' title="bbox 1136 409 3142 478">
    <p class='ocr_par' dir='ltr' id='par_1_2' title="bbox 1136 409 3142 478">
     <span class='ocr_line' id='line_1_2' title="bbox 1136 409 3142 478; baseline -0.005 -1"><span class='ocrx_word' id='word_1_2' title='bbox 1136 417 1492 478; x_wconf 79' lang='lat' dir='ltr'><strong>HAYMONIS</strong></span> <span class='ocrx_word' id='word_1_3' title='bbox 1523 414 2011 476; x_wconf 76' lang='lat' dir='ltr'><strong>HALBERSTAT.</strong></span> <span class='ocrx_word' id='word_1_4' title='bbox 2050 413 2263 472; x_wconf 90' lang='lat' dir='ltr'><strong>EPISC.</strong></span> <span class='ocrx_word' id='word_1_5' title='bbox 2303 413 2454 471; x_wconf 90' lang='lat' dir='ltr'><strong>OPP.</strong></span> <span class='ocrx_word' id='word_1_6' title='bbox 2492 410 2674 469; x_wconf 83' lang='lat' dir='ltr'><strong>PARS</strong></span> <span class='ocrx_word' id='word_1_7' title='bbox 2705 411 2769 467; x_wconf 90' lang='lat' dir='ltr'><strong>ll.</strong></span> <span class='ocrx_word' id='word_1_8' title='bbox 2798 440 2870 453; x_wconf 89' lang='lat'><strong>——</strong></span> <span class='ocrx_word' id='word_1_9' title='bbox 2905 409 3142 469; x_wconf 76' lang='lat' dir='ltr'><strong>HOMIL.</strong></span> 
     </span>
    </p>
   </div>
   <div class='ocr_carea' id='block_1_3' title="bbox 3716 405 3833 461">
    <p class='ocr_par' dir='ltr' id='par_1_3' title="bbox 3716 405 3833 461">
     <span class='ocr_line' id='line_1_3' title="bbox 3716 405 3833 461; baseline 0 0"><span class='ocrx_word' id='word_1_10' title='bbox 3716 405 3833 461; x_wconf 76' lang='lat'><strong>368</strong></span> 
     </span>
    </p>
   </div>
   <div class='ocr_carea' id='block_1_4' title="bbox 496 491 3832 601">
    <p class='ocr_par' dir='ltr' id='par_1_4' title="bbox 496 491 3832 601">
     <span class='ocr_line' id='line_1_4' title="bbox 496 491 3832 601; baseline -0.004 -10"><span class='ocrx_word' id='word_1_11' title='bbox 496 491 783 599; x_wconf 74' lang='lat' dir='ltr'><strong>orandum,</strong></span> <span class='ocrx_word' id='word_1_12' title='bbox 825 539 886 588; x_wconf 92' lang='lat' dir='ltr'><strong>ut</strong></span> <span class='ocrx_word' id='word_1_13' title='bbox 920 547 1026 588; x_wconf 91' lang='lat' dir='ltr'><strong>non</strong></span> <span class='ocrx_word' id='word_1_14' title='bbox 1074 538 1371 601; x_wconf 86' lang='lat' dir='ltr'><strong>tentemur,</strong></span> <span class='ocrx_word' id='word_1_15' title='bbox 1408 533 1504 589; x_wconf 89' lang='lat' dir='ltr'><strong>sed</strong></span> <span class='ocrx_word' id='word_1_16' title='bbox 1540 546 1610 587; x_wconf 92' lang='lat' dir='ltr'><strong>ne</strong></span> <span class='ocrx_word' id='word_1_17' title='bbox 1641 532 1693 587; x_wconf 90' lang='lat' dir='ltr'><strong>in</strong></span> <span class='ocrx_word' id='word_1_18' title='bbox 1729 531 2083 585; x_wconf 87' lang='lat' dir='ltr'><strong>tentationem</strong></span> <span class='ocrx_word' id='word_1_19' title='bbox 2115 531 2169 592; x_wconf 76' lang='grc' dir='ltr'><strong>Α</strong></span> <span class='ocrx_word' id='word_1_20' title='bbox 2192 527 2306 584; x_wconf 99' lang='lat' dir='ltr'><strong>vult</strong></span> <span class='ocrx_word' id='word_1_21' title='bbox 2329 528 2541 583; x_wconf 90' lang='lat' dir='ltr'><strong>tradere</strong></span> <span class='ocrx_word' id='word_1_22' title='bbox 2557 524 2997 597; x_wconf 77' lang='lat' dir='ltr'><strong>persecutoribus</strong></span> <span class='ocrx_word' id='word_1_23' title='bbox 3018 525 3150 581; x_wconf 86' lang='lat' dir='ltr'><strong>suis.</strong></span> <span class='ocrx_word' id='word_1_24' title='bbox 3178 523 3553 596; x_wconf 86' lang='lat' dir='ltr'><strong>Adimpletum</strong></span> <span class='ocrx_word' id='word_1_25' title='bbox 3589 527 3700 577; x_wconf 85' lang='lat' dir='ltr'><strong>est</strong></span> <span class='ocrx_word' id='word_1_26' title='bbox 3721 520 3832 576; x_wconf 85' lang='lat' dir='ltr'><strong>hoc</strong></span> 
     </span>
    </p>
   </div>
   <div class='ocr_carea' id='block_1_5' title="bbox 496 621 2079 688">
    <p class='ocr_par' dir='ltr' id='par_1_5' title="bbox 496 621 2079 688">
     <span class='ocr_line' id='line_1_5' title="bbox 496 621 2079 688; baseline -0.004 -8"><span class='ocrx_word' id='word_1_27' title='bbox 496 625 837 681; x_wconf 81' lang='lat' dir='ltr'><strong>inducamur.</strong></span> <span class='ocrx_word' id='word_1_28' title='bbox 877 623 1036 678; x_wconf 87' lang='lat' dir='ltr'><strong>Aliud</strong></span> <span class='ocrx_word' id='word_1_29' title='bbox 1068 630 1154 678; x_wconf 90' lang='lat' dir='ltr'><strong>est</strong></span> <span class='ocrx_word' id='word_1_30' title='bbox 1192 623 1338 686; x_wconf 87' lang='lat' dir='ltr'><strong>enim</strong></span> <span class='ocrx_word' id='word_1_31' title='bbox 1377 623 1597 688; x_wconf 89' lang='lat' dir='ltr'><strong>tentari,</strong></span> <span class='ocrx_word' id='word_1_32' title='bbox 1626 630 1681 677; x_wconf 91' lang='lat' dir='ltr'><strong>et</strong></span> <span class='ocrx_word' id='word_1_33' title='bbox 1706 621 1848 676; x_wconf 88' lang='lat' dir='ltr'><strong>aliud</strong></span> <span class='ocrx_word' id='word_1_34' title='bbox 1882 621 1934 674; x_wconf 91' lang='lat' dir='ltr'><strong>in</strong></span> <span class='ocrx_word' id='word_1_35' title='bbox 1964 628 2079 674; x_wconf 85' lang='lat' dir='ltr'><strong>ten-</strong></span> 
     </span>
    </p>
   </div>
   <div class='ocr_carea' id='block_1_6' title="bbox 497 712 2080 784">
    <p class='ocr_par' dir='ltr' id='par_1_6' title="bbox 497 712 2080 784">
     <span class='ocr_line' id='line_1_6' title="bbox 497 712 2080 784; baseline -0.003 -14"><span class='ocrx_word' id='word_1_36' title='bbox 497 714 755 770; x_wconf 88' lang='lat' dir='ltr'><strong>tationem</strong></span> <span class='ocrx_word' id='word_1_37' title='bbox 773 712 974 768; x_wconf 88' lang='lat' dir='ltr'><strong>induci.</strong></span> <span class='ocrx_word' id='word_1_38' title='bbox 1000 713 1263 769; x_wconf 89' lang='lat' dir='ltr'><strong>Tentatur</strong></span> <span class='ocrx_word' id='word_1_39' title='bbox 1291 714 1535 784; x_wconf 90' lang='lat' dir='ltr'><strong>quilibet,</strong></span> <span class='ocrx_word' id='word_1_40' title='bbox 1551 713 1768 784; x_wconf 86' lang='lat' dir='ltr'><strong>quando</strong></span> <span class='ocrx_word' id='word_1_41' title='bbox 1795 712 1879 767; x_wconf 91' lang='lat' dir='ltr'><strong>vel</strong></span> <span class='ocrx_word' id='word_1_42' title='bbox 1899 713 2080 767; x_wconf 89' lang='lat' dir='ltr'><strong>animo</strong></span> 
     </span>
    </p>
   </div>
   <div class='ocr_carea' id='block_1_7' title="bbox 498 804 2075 879">
    <p class='ocr_par' dir='ltr' id='par_1_7' title="bbox 498 804 2075 879">
     <span class='ocr_line' id='line_1_7' title="bbox 498 804 2075 879; baseline -0.003 -19"><span class='ocrx_word' id='word_1_43' title='bbox 498 806 586 861; x_wconf 90' lang='lat' dir='ltr'><strong>vel</strong></span> <span class='ocrx_word' id='word_1_44' title='bbox 614 820 839 874; x_wconf 90' lang='lat' dir='ltr'><strong>corpore</strong></span> <span class='ocrx_word' id='word_1_45' title='bbox 865 805 921 859; x_wconf 92' lang='lat' dir='ltr'><strong>in</strong></span> <span class='ocrx_word' id='word_1_46' title='bbox 968 806 1327 862; x_wconf 73' lang='lat' dir='ltr'><strong>delectatione</strong></span> <span class='ocrx_word' id='word_1_47' title='bbox 1364 807 1592 879; x_wconf 84' lang='lat' dir='ltr'><strong>alicujus</strong></span> <span class='ocrx_word' id='word_1_48' title='bbox 1630 806 1747 860; x_wconf 85' lang='lat' dir='ltr'><strong>vitii</strong></span> <span class='ocrx_word' id='word_1_49' title='bbox 1783 804 2030 859; x_wconf 90' lang='lat' dir='ltr'><strong>titillatur</strong></span> <span class='ocrx_word' id='word_1_50' title='bbox 2061 819 2075 855; x_wconf 94' lang='lat'><strong>:</strong></span> 
     </span>
    </p>
   </div>
   <div class='ocr_carea' id='block_1_8' title="bbox 498 894 2080 963">
    <p class='ocr_par' dir='ltr' id='par_1_8' title="bbox 498 894 2080 963">
     <span class='ocr_line' id='line_1_8' title="bbox 498 894 2080 963; baseline -0.001 -10"><span class='ocrx_word' id='word_1_51' title='bbox 498 898 771 954; x_wconf 83' lang='lat' dir='ltr'><strong>inducitur</strong></span> <span class='ocrx_word' id='word_1_52' title='bbox 812 912 942 953; x_wconf 90' lang='lat' dir='ltr'><strong>vero</strong></span> <span class='ocrx_word' id='word_1_53' title='bbox 972 899 1026 953; x_wconf 93' lang='lat' dir='ltr'><strong>in</strong></span> <span class='ocrx_word' id='word_1_54' title='bbox 1060 900 1438 963; x_wconf 90' lang='lat' dir='ltr'><strong>tentationem,</strong></span> <span class='ocrx_word' id='word_1_55' title='bbox 1485 899 1530 954; x_wconf 92' lang='lat' dir='ltr'><strong>si</strong></span> <span class='ocrx_word' id='word_1_56' title='bbox 1581 913 1691 953; x_wconf 78' lang='lat' dir='ltr'><strong>sua:</strong></span> <span class='ocrx_word' id='word_1_57' title='bbox 1732 894 2080 951; x_wconf 84' lang='lat' dir='ltr'><strong>delectationi</strong></span> 
     </span>
    </p>
   </div>
   <div class='ocr_carea' id='block_1_9' title="bbox 497 991 2080 1063">
    <p class='ocr_par' dir='ltr' id='par_1_9' title="bbox 497 991 2080 1063">
     <span class='ocr_line' id='line_1_9' title="bbox 497 991 2080 1063; baseline -0.003 -16"><span class='ocrx_word' id='word_1_58' title='bbox 497 991 726 1060; x_wconf 71' lang='lat' dir='ltr'><strong>cmperit</strong></span> <span class='ocrx_word' id='word_1_59' title='bbox 756 992 1085 1047; x_wconf 91' lang='lat' dir='ltr'><strong>consentire.</strong></span> <span class='ocrx_word' id='word_1_60' title='bbox 1114 992 1275 1048; x_wconf 84' lang='lat' dir='ltr'><strong>Verbi</strong></span> <span class='ocrx_word' id='word_1_61' title='bbox 1307 993 1501 1063; x_wconf 90' lang='lat' dir='ltr'><strong>gratia,</strong></span> <span class='ocrx_word' id='word_1_62' title='bbox 1528 1000 1765 1046; x_wconf 91' lang='lat' dir='ltr'><strong>tentatus</strong></span> <span class='ocrx_word' id='word_1_63' title='bbox 1791 998 1876 1044; x_wconf 89' lang='lat' dir='ltr'><strong>est</strong></span> <span class='ocrx_word' id='word_1_64' title='bbox 1898 997 2080 1043; x_wconf 88' lang='lat' dir='ltr'><strong>autem</strong></span> 
     </span>
    </p>
   </div>
   <div class='ocr_carea' id='block_1_10' title="bbox 496 1082 2078 1155">
    <p class='ocr_par' dir='ltr' id='par_1_10' title="bbox 496 1082 2078 1155">
     <span class='ocr_line' id='line_1_10' title="bbox 496 1082 2078 1155; baseline -0.003 -18"><span class='ocrx_word' id='word_1_65' title='bbox 496 1082 718 1154; x_wconf 88' lang='lat' dir='ltr'><strong>quidam</strong></span> <span class='ocrx_word' id='word_1_66' title='bbox 763 1090 989 1155; x_wconf 84' lang='lat' dir='ltr'><strong>martyr,</strong></span> <span class='ocrx_word' id='word_1_67' title='bbox 1035 1099 1157 1139; x_wconf 93' lang='lat' dir='ltr'><strong>cum</strong></span> <span class='ocrx_word' id='word_1_68' title='bbox 1207 1093 1492 1154; x_wconf 80' lang='lat' dir='ltr'><strong>cogeretur</strong></span> <span class='ocrx_word' id='word_1_69' title='bbox 1539 1082 1825 1138; x_wconf 91' lang='lat' dir='ltr'><strong>Dominum</strong></span> <span class='ocrx_word' id='word_1_70' title='bbox 1857 1094 2078 1151; x_wconf 87' lang='lat' dir='ltr'><strong>negare,</strong></span> 
     </span>
    </p>
   </div>
   <div class='ocr_carea' id='block_1_11' title="bbox 494 1172 2081 1240">
    <p class='ocr_par' dir='ltr' id='par_1_11' title="bbox 494 1172 2081 1240">
     <span class='ocr_line' id='line_1_11' title="bbox 494 1172 2081 1240; baseline -0.006 -8"><span class='ocrx_word' id='word_1_71' title='bbox 494 1173 594 1232; x_wconf 82' lang='lat' dir='ltr'><strong>sed</strong></span> <span class='ocrx_word' id='word_1_72' title='bbox 623 1188 731 1228; x_wconf 91' lang='lat' dir='ltr'><strong>non</strong></span> <span class='ocrx_word' id='word_1_73' title='bbox 756 1173 1010 1229; x_wconf 90' lang='lat' dir='ltr'><strong>inductus</strong></span> <span class='ocrx_word' id='word_1_74' title='bbox 1033 1182 1118 1229; x_wconf 88' lang='lat' dir='ltr'><strong>est</strong></span> <span class='ocrx_word' id='word_1_75' title='bbox 1142 1174 1195 1228; x_wconf 91' lang='lat' dir='ltr'><strong>in</strong></span> <span class='ocrx_word' id='word_1_76' title='bbox 1231 1174 1601 1229; x_wconf 82' lang='lat' dir='ltr'><strong>temationem.</strong></span> <span class='ocrx_word' id='word_1_77' title='bbox 1626 1172 1682 1227; x_wconf 88' lang='lat' dir='ltr'><strong>Si</strong></span> <span class='ocrx_word' id='word_1_78' title='bbox 1713 1172 1855 1227; x_wconf 82' lang='lat' dir='ltr'><strong>enim</strong></span> <span class='ocrx_word' id='word_1_79' title='bbox 1884 1185 2081 1240; x_wconf 85' lang='lat' dir='ltr'><strong>negas-</strong></span> 
     </span>
    </p>
   </div>
   <div class='ocr_carea' id='block_1_12' title="bbox 495 1260 2076 1334">
    <p class='ocr_par' dir='ltr' id='par_1_12' title="bbox 495 1260 2076 1334">
     <span class='ocr_line' id='line_1_12' title="bbox 495 1260 2076 1334; baseline -0.006 -13"><span class='ocrx_word' id='word_1_80' title='bbox 495 1273 582 1321; x_wconf 81' lang='lat' dir='ltr'><strong>set</strong></span> <span class='ocrx_word' id='word_1_81' title='bbox 608 1265 928 1330; x_wconf 65' lang='lat' dir='ltr'><strong>Dominum,</strong></span> <span class='ocrx_word' id='word_1_82' title='bbox 963 1265 1155 1334; x_wconf 80' lang='lat' dir='ltr'><strong>utique</strong></span> <span class='ocrx_word' id='word_1_83' title='bbox 1177 1264 1231 1318; x_wconf 89' lang='lat' dir='ltr'><strong>in</strong></span> <span class='ocrx_word' id='word_1_84' title='bbox 1275 1265 1622 1319; x_wconf 88' lang='lat' dir='ltr'><strong>tentationem</strong></span> <span class='ocrx_word' id='word_1_85' title='bbox 1658 1260 2022 1317; x_wconf 79' lang='lat' dir='ltr'><strong>induceretur.</strong></span> <span class='ocrx_word' id='word_1_86' title='bbox 2057 1278 2076 1310; x_wconf 70' lang='grc' dir='ltr'><strong><em>ι</em></strong></span> 
     </span>
    </p>
   </div>
   <div class='ocr_carea' id='block_1_13' title="bbox 497 1352 2081 1428">
    <p class='ocr_par' dir='ltr' id='par_1_13' title="bbox 497 1352 2081 1428">
     <span class='ocr_line' id='line_1_13' title="bbox 497 1352 2081 1428; baseline -0.004 -16"><span class='ocrx_word' id='word_1_87' title='bbox 497 1356 612 1414; x_wconf 84' lang='lat' dir='ltr'><strong>Hoc</strong></span> <span class='ocrx_word' id='word_1_88' title='bbox 631 1372 762 1428; x_wconf 87' lang='lat' dir='ltr'><strong>ergo</strong></span> <span class='ocrx_word' id='word_1_89' title='bbox 788 1358 1043 1428; x_wconf 74' lang='lat' dir='ltr'><strong>przecepit</strong></span> <span class='ocrx_word' id='word_1_90' title='bbox 1068 1356 1345 1418; x_wconf 91' lang='lat' dir='ltr'><strong>Dominus,</strong></span> <span class='ocrx_word' id='word_1_91' title='bbox 1375 1364 1433 1410; x_wconf 91' lang='lat' dir='ltr'><strong>ut</strong></span> <span class='ocrx_word' id='word_1_92' title='bbox 1475 1365 1652 1419; x_wconf 86' lang='lat' dir='ltr'><strong>orent,</strong></span> <span class='ocrx_word' id='word_1_93' title='bbox 1686 1371 1753 1409; x_wconf 91' lang='lat' dir='ltr'><strong>ne</strong></span> <span class='ocrx_word' id='word_1_94' title='bbox 1784 1356 1988 1409; x_wconf 87' lang='lat' dir='ltr'><strong>intrent</strong></span> <span class='ocrx_word' id='word_1_95' title='bbox 2027 1352 2081 1407; x_wconf 89' lang='lat' dir='ltr'><strong>iu</strong></span> 
     </span>
    </p>
   </div>
   <div class='ocr_carea' id='block_1_14' title="bbox 500 1443 2087 1518">
    <p class='ocr_par' dir='ltr' id='par_1_14' title="bbox 500 1443 2087 1518">
     <span class='ocr_line' id='line_1_14' title="bbox 500 1443 2087 1518; baseline -0.005 -12"><span class='ocrx_word' id='word_1_96' title='bbox 500 1449 881 1514; x_wconf 70' lang='lat' dir='ltr'><strong>mutationem,</strong></span> <span class='ocrx_word' id='word_1_97' title='bbox 912 1449 965 1503; x_wconf 88' lang='lat' dir='ltr'><strong>id</strong></span> <span class='ocrx_word' id='word_1_98' title='bbox 989 1459 1094 1515; x_wconf 83' lang='lat' dir='ltr'><strong>est,</strong></span> <span class='ocrx_word' id='word_1_99' title='bbox 1126 1465 1195 1503; x_wconf 93' lang='lat' dir='ltr'><strong>ne</strong></span> <span class='ocrx_word' id='word_1_100' title='bbox 1219 1457 1363 1503; x_wconf 88' lang='lat' dir='ltr'><strong>metu</strong></span> <span class='ocrx_word' id='word_1_101' title='bbox 1391 1456 1798 1518; x_wconf 88' lang='lat' dir='ltr'><strong>persecutorum</strong></span> <span class='ocrx_word' id='word_1_102' title='bbox 1833 1443 2087 1501; x_wconf 83' lang='lat' dir='ltr'><strong>recedant</strong></span> 
     </span>
    </p>
   </div>
   <div class='ocr_carea' id='block_1_15' title="bbox 497 1536 2087 1609">
    <p class='ocr_par' dir='ltr' id='par_1_15' title="bbox 497 1536 2087 1609">
     <span class='ocr_line' id='line_1_15' title="bbox 497 1536 2087 1609; baseline -0.003 -15"><span class='ocrx_word' id='word_1_103' title='bbox 497 1554 530 1594; x_wconf 90' lang='lat' dir='ltr'><strong>a</strong></span> <span class='ocrx_word' id='word_1_104' title='bbox 562 1539 667 1593; x_wconf 89' lang='lat' dir='ltr'><strong>ﬁde</strong></span> <span class='ocrx_word' id='word_1_105' title='bbox 687 1537 910 1604; x_wconf 88' lang='lat' dir='ltr'><strong>Christi,</strong></span> <span class='ocrx_word' id='word_1_106' title='bbox 955 1547 1014 1593; x_wconf 93' lang='lat' dir='ltr'><strong>ut</strong></span> <span class='ocrx_word' id='word_1_107' title='bbox 1063 1547 1326 1609; x_wconf 73' lang='lat' dir='ltr'><strong>cogantur</strong></span> <span class='ocrx_word' id='word_1_108' title='bbox 1363 1538 1514 1593; x_wconf 90' lang='lat' dir='ltr'><strong>illum</strong></span> <span class='ocrx_word' id='word_1_109' title='bbox 1539 1552 1759 1607; x_wconf 80' lang='lat' dir='ltr'><strong>negare.</strong></span> <span class='ocrx_word' id='word_1_110' title='bbox 1797 1555 1816 1588; x_wconf 76' lang='grc' dir='ltr'>ι</span> <span class='ocrx_word' id='word_1_111' title='bbox 1850 1536 2087 1604; x_wconf 82' lang='lat' dir='ltr'><strong>Spiritus</strong></span> 
     </span>
    </p>
   </div>
   <div class='ocr_carea' id='block_1_16' title="bbox 504 1626 2087 1699">
    <p class='ocr_par' dir='ltr' id='par_1_16' title="bbox 504 1626 2087 1699">
     <span class='ocr_line' id='line_1_16' title="bbox 504 1626 2087 1699; baseline -0.001 -19"><span class='ocrx_word' id='word_1_112' title='bbox 504 1647 524 1680; x_wconf 71' lang='grc' dir='ltr'>ς</span> <span class='ocrx_word' id='word_1_113' title='bbox 557 1628 772 1699; x_wconf 90' lang='lat' dir='ltr'><strong>quidem</strong></span> <span class='ocrx_word' id='word_1_114' title='bbox 816 1638 1098 1699; x_wconf 89' lang='lat' dir='ltr'><strong>promptus</strong></span> <span class='ocrx_word' id='word_1_115' title='bbox 1132 1640 1237 1694; x_wconf 90' lang='lat' dir='ltr'><strong>est,</strong></span> <span class='ocrx_word' id='word_1_116' title='bbox 1281 1649 1301 1680; x_wconf 75' lang='grc' dir='ltr'><strong><em>ι</em></strong></span> <span class='ocrx_word' id='word_1_117' title='bbox 1360 1629 1427 1683; x_wconf 88' lang='lat' dir='ltr'><strong>ad</strong></span> <span class='ocrx_word' id='word_1_118' title='bbox 1468 1629 1777 1699; x_wconf 89' lang='lat' dir='ltr'><strong>passionem</strong></span> <span class='ocrx_word' id='word_1_119' title='bbox 1824 1626 2087 1682; x_wconf 73' lang='lat' dir='ltr'><strong>suﬁeren-</strong></span> 
     </span>
    </p>
   </div>
   <div class='ocr_carea' id='block_1_17' title="bbox 498 1720 2089 1792">
    <p class='ocr_par' dir='ltr' id='par_1_17' title="bbox 498 1720 2089 1792">
     <span class='ocr_line' id='line_1_17' title="bbox 498 1720 2089 1792; baseline -0.001 -17"><span class='ocrx_word' id='word_1_120' title='bbox 498 1720 647 1785; x_wconf 91' lang='lat' dir='ltr'><strong>dam,</strong></span> <span class='ocrx_word' id='word_1_121' title='bbox 684 1740 704 1772; x_wconf 74' lang='grc' dir='ltr'>ι</span> <span class='ocrx_word' id='word_1_122' title='bbox 749 1736 878 1776; x_wconf 90' lang='lat' dir='ltr'><strong>caro</strong></span> <span class='ocrx_word' id='word_1_123' title='bbox 921 1729 1102 1777; x_wconf 90' lang='lat' dir='ltr'><strong>autem</strong></span> <span class='ocrx_word' id='word_1_124' title='bbox 1142 1720 1377 1776; x_wconf 89' lang='lat' dir='ltr'><strong>inﬁrma.</strong></span> <span class='ocrx_word' id='word_1_125' title='bbox 1413 1741 1433 1774; x_wconf 73' lang='grc' dir='ltr'><strong><em>ι</em></strong></span> <span class='ocrx_word' id='word_1_126' title='bbox 1462 1721 1695 1792; x_wconf 82' lang='lat' dir='ltr'><strong>Exponit</strong></span> <span class='ocrx_word' id='word_1_127' title='bbox 1738 1734 1905 1789; x_wconf 90' lang='lat' dir='ltr'><strong>quare</strong></span> <span class='ocrx_word' id='word_1_128' title='bbox 1929 1732 2089 1788; x_wconf 85' lang='lat' dir='ltr'><strong>supe-</strong></span> 
     </span>
    </p>
   </div>
   <div class='ocr_carea' id='block_1_18' title="bbox 499 1810 2087 1880">
    <p class='ocr_par' dir='ltr' id='par_1_18' title="bbox 499 1810 2087 1880">
     <span class='ocr_line' id='line_1_18' title="bbox 499 1810 2087 1880; baseline -0.001 -16"><span class='ocrx_word' id='word_1_129' title='bbox 499 1810 617 1865; x_wconf 88' lang='lat' dir='ltr'><strong>rius</strong></span> <span class='ocrx_word' id='word_1_130' title='bbox 648 1810 868 1877; x_wconf 80' lang='lat' dir='ltr'><strong>dixerit,</strong></span> <span class='ocrx_word' id='word_1_131' title='bbox 911 1832 929 1864; x_wconf 86' lang='grc'><strong><em>‹</em></strong></span> <span class='ocrx_word' id='word_1_132' title='bbox 980 1812 1154 1869; x_wconf 91' lang='lat' dir='ltr'><strong>tristis</strong></span> <span class='ocrx_word' id='word_1_133' title='bbox 1179 1821 1262 1867; x_wconf 91' lang='lat' dir='ltr'><strong>est</strong></span> <span class='ocrx_word' id='word_1_134' title='bbox 1284 1812 1465 1867; x_wconf 91' lang='lat' dir='ltr'><strong>anima</strong></span> <span class='ocrx_word' id='word_1_135' title='bbox 1491 1827 1609 1868; x_wconf 90' lang='lat' dir='ltr'><strong>mea</strong></span> <span class='ocrx_word' id='word_1_136' title='bbox 1636 1826 1806 1880; x_wconf 89' lang='lat' dir='ltr'><strong>usque</strong></span> <span class='ocrx_word' id='word_1_137' title='bbox 1844 1812 1912 1865; x_wconf 90' lang='lat' dir='ltr'><strong>ad</strong></span> <span class='ocrx_word' id='word_1_138' title='bbox 1939 1825 2087 1864; x_wconf 89' lang='lat' dir='ltr'><strong>mor-</strong></span> 
     </span>
    </p>
   </div>
   <div class='ocr_carea' id='block_1_19' title="bbox 500 1900 2676 1975">
    <p class='ocr_par' dir='ltr' id='par_1_19' title="bbox 500 1900 2676 1975">
     <span class='ocr_line' id='line_1_19' title="bbox 500 1900 2676 1975; baseline -0.002 -18"><span class='ocrx_word' id='word_1_139' title='bbox 500 1911 630 1968; x_wconf 88' lang='lat' dir='ltr'><strong>tem,</strong></span> <span class='ocrx_word' id='word_1_140' title='bbox 670 1922 689 1955; x_wconf 75' lang='grc' dir='ltr'><strong><em>ι</em></strong></span> <span class='ocrx_word' id='word_1_141' title='bbox 723 1906 868 1973; x_wconf 85' lang='lat' dir='ltr'><strong>quod</strong></span> <span class='ocrx_word' id='word_1_142' title='bbox 899 1904 1109 1960; x_wconf 87' lang='lat' dir='ltr'><strong>scilicet</strong></span> <span class='ocrx_word' id='word_1_143' title='bbox 1146 1904 1369 1975; x_wconf 89' lang='lat' dir='ltr'><strong>spiritus</strong></span> <span class='ocrx_word' id='word_1_144' title='bbox 1401 1903 1544 1959; x_wconf 92' lang='lat' dir='ltr'><strong>illius</strong></span> <span class='ocrx_word' id='word_1_145' title='bbox 1567 1911 1852 1973; x_wconf 90' lang='lat' dir='ltr'><strong>promptus</strong></span> <span class='ocrx_word' id='word_1_146' title='bbox 1876 1908 1996 1955; x_wconf 89' lang='lat' dir='ltr'><strong>erat</strong></span> <span class='ocrx_word' id='word_1_147' title='bbox 2023 1901 2091 1956; x_wconf 90' lang='lat' dir='ltr'><strong>ad</strong></span> <span class='ocrx_word' id='word_1_148' title='bbox 2121 1908 2169 1967; x_wconf 82' lang='grc' dir='ltr'><strong>Β</strong></span> <span class='ocrx_word' id='word_1_149' title='bbox 2199 1917 2263 1956; x_wconf 91' lang='lat' dir='ltr'><strong>ac</strong></span> <span class='ocrx_word' id='word_1_150' title='bbox 2317 1901 2364 1956; x_wconf 88' lang='lat' dir='ltr'><strong>si</strong></span> <span class='ocrx_word' id='word_1_151' title='bbox 2413 1900 2617 1956; x_wconf 86' lang='lat' dir='ltr'><strong>diceret</strong></span> <span class='ocrx_word' id='word_1_152' title='bbox 2664 1918 2676 1953; x_wconf 91' lang='lat'><strong>:</strong></span> 
     </span>
    </p>
   </div>
   <div class='ocr_carea' id='block_1_20' title="bbox 497 1994 2090 2066">
    <p class='ocr_par' dir='ltr' id='par_1_20' title="bbox 497 1994 2090 2066">
     <span class='ocr_line' id='line_1_20' title="bbox 497 1994 2090 2066; baseline 0 -17"><span class='ocrx_word' id='word_1_153' title='bbox 497 1995 806 2066; x_wconf 86' lang='lat' dir='ltr'><strong>passionem</strong></span> <span class='ocrx_word' id='word_1_154' title='bbox 841 1996 1223 2062; x_wconf 78' lang='lat' dir='ltr'><strong>sulferendam,</strong></span> <span class='ocrx_word' id='word_1_155' title='bbox 1259 2016 1278 2048; x_wconf 74' lang='grc' dir='ltr'><strong>ε</strong></span> <span class='ocrx_word' id='word_1_156' title='bbox 1324 2012 1453 2053; x_wconf 91' lang='lat' dir='ltr'><strong>caro</strong></span> <span class='ocrx_word' id='word_1_157' title='bbox 1490 2004 1673 2052; x_wconf 89' lang='lat' dir='ltr'><strong>autem</strong></span> <span class='ocrx_word' id='word_1_158' title='bbox 1700 1995 1914 2051; x_wconf 87' lang='lat' dir='ltr'><strong>inﬁrma</strong></span> <span class='ocrx_word' id='word_1_159' title='bbox 1957 2013 1977 2047; x_wconf 78' lang='grc' dir='ltr'><strong><em>ι</em></strong></span> <span class='ocrx_word' id='word_1_160' title='bbox 2021 1994 2090 2049; x_wconf 88' lang='lat' dir='ltr'><strong>ad</strong></span> 
     </span>
    </p>
   </div>
   <div class='ocr_carea' id='block_1_21' title="bbox 390 2087 1102 2179">
    <p class='ocr_par' dir='ltr' id='par_1_21' title="bbox 390 2087 1102 2179">
     <span class='ocr_line' id='line_1_21' title="bbox 390 2087 1102 2179; baseline 0.003 -38"><span class='ocrx_word' id='word_1_161' title='bbox 390 2119 402 2128; x_wconf 89' lang='lat'><strong>-</strong></span> <span class='ocrx_word' id='word_1_162' title='bbox 500 2087 764 2179; x_wconf 84' lang='lat' dir='ltr'><strong>supplicia</strong></span> <span class='ocrx_word' id='word_1_163' title='bbox 796 2087 1102 2143; x_wconf 81' lang='lat' dir='ltr'><strong>toleranda.</strong></span> 
     </span>
    </p>
   </div>
   <div class='ocr_carea' id='block_1_22' title="bbox 576 2176 2092 2247">
    <p class='ocr_par' dir='ltr' id='par_1_22' title="bbox 576 2176 2092 2247">
     <span class='ocr_line' id='line_1_22' title="bbox 576 2176 2092 2247; baseline 0.001 -16"><span class='ocrx_word' id='word_1_164' title='bbox 576 2197 597 2231; x_wconf 69' lang='grc' dir='ltr'>ι</span> <span class='ocrx_word' id='word_1_165' title='bbox 629 2176 830 2236; x_wconf 86' lang='lat' dir='ltr'><strong>[terum</strong></span> <span class='ocrx_word' id='word_1_166' title='bbox 854 2180 1095 2236; x_wconf 89' lang='lat' dir='ltr'><strong>secundo</strong></span> <span class='ocrx_word' id='word_1_167' title='bbox 1117 2180 1272 2247; x_wconf 89' lang='lat' dir='ltr'><strong>abiit,</strong></span> <span class='ocrx_word' id='word_1_168' title='bbox 1302 2187 1357 2235; x_wconf 92' lang='lat' dir='ltr'><strong>et</strong></span> <span class='ocrx_word' id='word_1_169' title='bbox 1387 2179 1581 2243; x_wconf 87' lang='lat' dir='ltr'><strong>oravit,</strong></span> <span class='ocrx_word' id='word_1_170' title='bbox 1621 2179 1809 2234; x_wconf 91' lang='lat' dir='ltr'><strong>dicens</strong></span> <span class='ocrx_word' id='word_1_171' title='bbox 1839 2196 1853 2232; x_wconf 91' lang='lat'><strong>:</strong></span> <span class='ocrx_word' id='word_1_172' title='bbox 1889 2176 1956 2233; x_wconf 80' lang='lat' dir='ltr'><strong>Mi</strong></span> <span class='ocrx_word' id='word_1_173' title='bbox 1988 2177 2092 2232; x_wconf 90' lang='lat' dir='ltr'><strong>Pa-</strong></span> 
     </span>
    </p>
   </div>
   <div class='ocr_carea' id='block_1_23' title="bbox 506 2267 2091 2340">
    <p class='ocr_par' dir='ltr' id='par_1_23' title="bbox 506 2267 2091 2340">
     <span class='ocr_line' id='line_1_23' title="bbox 506 2267 2091 2340; baseline 0 -19"><span class='ocrx_word' id='word_1_174' title='bbox 506 2286 527 2321; x_wconf 72' lang='grc' dir='ltr'>σ</span> <span class='ocrx_word' id='word_1_175' title='bbox 562 2276 668 2334; x_wconf 88' lang='lat' dir='ltr'><strong>ter,</strong></span> <span class='ocrx_word' id='word_1_176' title='bbox 706 2269 750 2324; x_wconf 91' lang='lat' dir='ltr'><strong>si</strong></span> <span class='ocrx_word' id='word_1_177' title='bbox 784 2284 890 2325; x_wconf 90' lang='lat' dir='ltr'><strong>non</strong></span> <span class='ocrx_word' id='word_1_178' title='bbox 937 2277 1120 2340; x_wconf 88' lang='lat' dir='ltr'><strong>potest</strong></span> <span class='ocrx_word' id='word_1_179' title='bbox 1146 2269 1239 2325; x_wconf 89' lang='lat' dir='ltr'><strong>hic</strong></span> <span class='ocrx_word' id='word_1_180' title='bbox 1279 2268 1422 2326; x_wconf 82' lang='lat' dir='ltr'><strong>calix</strong></span> <span class='ocrx_word' id='word_1_181' title='bbox 1455 2268 1711 2335; x_wconf 90' lang='lat' dir='ltr'><strong>transire,</strong></span> <span class='ocrx_word' id='word_1_182' title='bbox 1757 2268 1860 2324; x_wconf 89' lang='lat' dir='ltr'><strong>nisi</strong></span> <span class='ocrx_word' id='word_1_183' title='bbox 1907 2267 2091 2323; x_wconf 86' lang='lat' dir='ltr'><strong>bibam</strong></span> 
     </span>
    </p>
   </div>
   <div class='ocr_carea' id='block_1_24' title="bbox 506 2357 2092 2428">
    <p class='ocr_par' dir='ltr' id='par_1_24' title="bbox 506 2357 2092 2428">
     <span class='ocr_line' id='line_1_24' title="bbox 506 2357 2092 2428; baseline 0.001 -18"><span class='ocrx_word' id='word_1_184' title='bbox 506 2376 527 2410; x_wconf 75' lang='grc' dir='ltr'>ι</span> <span class='ocrx_word' id='word_1_185' title='bbox 557 2357 730 2423; x_wconf 89' lang='lat' dir='ltr'><strong>illum,</strong></span> <span class='ocrx_word' id='word_1_186' title='bbox 771 2358 866 2413; x_wconf 88' lang='lat' dir='ltr'><strong>ﬁat</strong></span> <span class='ocrx_word' id='word_1_187' title='bbox 891 2357 1141 2414; x_wconf 86' lang='lat' dir='ltr'><strong>voluntas</strong></span> <span class='ocrx_word' id='word_1_188' title='bbox 1170 2367 1282 2413; x_wconf 91' lang='lat' dir='ltr'><strong>tua.</strong></span> <span class='ocrx_word' id='word_1_189' title='bbox 1324 2379 1341 2410; x_wconf 80' lang='grc' dir='ltr'><strong><em>ι</em></strong></span> <span class='ocrx_word' id='word_1_190' title='bbox 1371 2357 1428 2413; x_wconf 90' lang='lat' dir='ltr'><strong>ld</strong></span> <span class='ocrx_word' id='word_1_191' title='bbox 1458 2367 1561 2424; x_wconf 86' lang='lat' dir='ltr'><strong>est,</strong></span> <span class='ocrx_word' id='word_1_192' title='bbox 1594 2357 1640 2413; x_wconf 89' lang='lat' dir='ltr'><strong>si</strong></span> <span class='ocrx_word' id='word_1_193' title='bbox 1664 2372 1772 2413; x_wconf 87' lang='lat' dir='ltr'><strong>non</strong></span> <span class='ocrx_word' id='word_1_194' title='bbox 1798 2365 1976 2428; x_wconf 90' lang='lat' dir='ltr'><strong>potest</strong></span> <span class='ocrx_word' id='word_1_195' title='bbox 2000 2369 2092 2428; x_wconf 88' lang='lat' dir='ltr'><strong>ge-</strong></span> 
     </span>
    </p>
   </div>
   <div class='ocr_carea' id='block_1_25' title="bbox 500 2449 2088 2522">
    <p class='ocr_par' dir='ltr' id='par_1_25' title="bbox 500 2449 2088 2522">
     <span class='ocr_line' id='line_1_25' title="bbox 500 2449 2088 2522; baseline -0.002 -16"><span class='ocrx_word' id='word_1_196' title='bbox 500 2468 604 2506; x_wconf 88' lang='lat' dir='ltr'><strong>nus</strong></span> <span class='ocrx_word' id='word_1_197' title='bbox 637 2453 932 2507; x_wconf 89' lang='lat' dir='ltr'><strong>humanum</strong></span> <span class='ocrx_word' id='word_1_198' title='bbox 960 2450 1079 2507; x_wconf 89' lang='lat' dir='ltr'><strong>sine</strong></span> <span class='ocrx_word' id='word_1_199' title='bbox 1100 2452 1353 2522; x_wconf 90' lang='lat' dir='ltr'><strong>passione</strong></span> <span class='ocrx_word' id='word_1_200' title='bbox 1384 2465 1503 2505; x_wconf 89' lang='lat' dir='ltr'><strong>mea</strong></span> <span class='ocrx_word' id='word_1_201' title='bbox 1529 2450 1748 2514; x_wconf 86' lang='lat' dir='ltr'><strong>salvari,</strong></span> <span class='ocrx_word' id='word_1_202' title='bbox 1786 2450 1866 2505; x_wconf 90' lang='lat' dir='ltr'><strong>vel</strong></span> <span class='ocrx_word' id='word_1_203' title='bbox 1904 2449 1951 2503; x_wconf 92' lang='lat' dir='ltr'><strong>si</strong></span> <span class='ocrx_word' id='word_1_204' title='bbox 1981 2464 2088 2503; x_wconf 91' lang='lat' dir='ltr'><strong>non</strong></span> 
     </span>
    </p>
   </div>
   <div class='ocr_carea' id='block_1_26' title="bbox 501 2540 2093 2613">
    <p class='ocr_par' dir='ltr' id='par_1_26' title="bbox 501 2540 2093 2613">
     <span class='ocr_line' id='line_1_26' title="bbox 501 2540 2093 2613; baseline -0.003 -16"><span class='ocrx_word' id='word_1_205' title='bbox 501 2550 680 2613; x_wconf 83' lang='lat' dir='ltr'><strong>potest</strong></span> <span class='ocrx_word' id='word_1_206' title='bbox 701 2542 986 2597; x_wconf 87' lang='lat' dir='ltr'><strong>universus</strong></span> <span class='ocrx_word' id='word_1_207' title='bbox 1020 2543 1169 2598; x_wconf 89' lang='lat' dir='ltr'><strong>orbis</strong></span> <span class='ocrx_word' id='word_1_208' title='bbox 1195 2541 1425 2597; x_wconf 88' lang='lat' dir='ltr'><strong>salutem</strong></span> <span class='ocrx_word' id='word_1_209' title='bbox 1461 2540 1744 2612; x_wconf 89' lang='lat' dir='ltr'><strong>consequi,</strong></span> <span class='ocrx_word' id='word_1_210' title='bbox 1786 2541 1891 2596; x_wconf 90' lang='lat' dir='ltr'><strong>nisi</strong></span> <span class='ocrx_word' id='word_1_211' title='bbox 1924 2555 2093 2612; x_wconf 90' lang='lat' dir='ltr'><strong>popu-</strong></span> 
     </span>
    </p>
   </div>
   <div class='ocr_carea' id='block_1_27' title="bbox 501 2628 2087 2702">
    <p class='ocr_par' dir='ltr' id='par_1_27' title="bbox 501 2628 2087 2702">
     <span class='ocr_line' id='line_1_27' title="bbox 501 2628 2087 2702; baseline -0.001 -17"><span class='ocrx_word' id='word_1_212' title='bbox 501 2631 587 2686; x_wconf 91' lang='lat' dir='ltr'><strong>lus</strong></span> <span class='ocrx_word' id='word_1_213' title='bbox 606 2628 916 2687; x_wconf 66' lang='lat' dir='ltr'><strong>Judzeorum</strong></span> <span class='ocrx_word' id='word_1_214' title='bbox 946 2633 998 2686; x_wconf 92' lang='lat' dir='ltr'><strong>in</strong></span> <span class='ocrx_word' id='word_1_215' title='bbox 1029 2631 1383 2702; x_wconf 89' lang='lat' dir='ltr'><strong>perditionem</strong></span> <span class='ocrx_word' id='word_1_216' title='bbox 1409 2641 1551 2697; x_wconf 85' lang='lat' dir='ltr'><strong>ruat,</strong></span> <span class='ocrx_word' id='word_1_217' title='bbox 1583 2630 1676 2685; x_wconf 90' lang='lat' dir='ltr'><strong>ﬁat</strong></span> <span class='ocrx_word' id='word_1_218' title='bbox 1707 2631 1955 2687; x_wconf 89' lang='lat' dir='ltr'><strong>voluntas</strong></span> <span class='ocrx_word' id='word_1_219' title='bbox 1978 2638 2087 2685; x_wconf 88' lang='lat' dir='ltr'><strong>tua.</strong></span> 
     </span>
    </p>
   </div>
   <div class='ocr_carea' id='block_1_28' title="bbox 499 2722 2092 2796">
    <p class='ocr_par' dir='ltr' id='par_1_28' title="bbox 499 2722 2092 2796">
     <span class='ocr_line' id='line_1_28' title="bbox 499 2722 2092 2796; baseline 0 -17"><span class='ocrx_word' id='word_1_220' title='bbox 499 2722 622 2780; x_wconf 83' lang='lat' dir='ltr'><strong>Non</strong></span> <span class='ocrx_word' id='word_1_221' title='bbox 672 2725 968 2781; x_wconf 89' lang='lat' dir='ltr'><strong>secundum</strong></span> <span class='ocrx_word' id='word_1_222' title='bbox 1002 2725 1105 2781; x_wconf 89' lang='lat' dir='ltr'><strong>hoc</strong></span> <span class='ocrx_word' id='word_1_223' title='bbox 1130 2724 1226 2779; x_wconf 88' lang='lat' dir='ltr'><strong>ﬁat</strong></span> <span class='ocrx_word' id='word_1_224' title='bbox 1253 2726 1397 2794; x_wconf 89' lang='lat' dir='ltr'><strong>quod</strong></span> <span class='ocrx_word' id='word_1_225' title='bbox 1432 2740 1500 2780; x_wconf 79' lang='lat' dir='ltr'><strong>ex</strong></span> <span class='ocrx_word' id='word_1_226' title='bbox 1538 2733 1694 2796; x_wconf 88' lang='lat' dir='ltr'><strong>parte</strong></span> <span class='ocrx_word' id='word_1_227' title='bbox 1740 2723 2092 2779; x_wconf 90' lang='lat' dir='ltr'><strong>humanitatis</strong></span> 
     </span>
    </p>
   </div>
   <div class='ocr_carea' id='block_1_29' title="bbox 501 2814 2093 2888">
    <p class='ocr_par' dir='ltr' id='par_1_29' title="bbox 501 2814 2093 2888">
     <span class='ocr_line' id='line_1_29' title="bbox 501 2814 2093 2888; baseline -0.001 -17"><span class='ocrx_word' id='word_1_228' title='bbox 501 2814 720 2887; x_wconf 91' lang='lat' dir='ltr'><strong>loquor,</strong></span> <span class='ocrx_word' id='word_1_229' title='bbox 752 2818 847 2873; x_wconf 90' lang='lat' dir='ltr'><strong>sed</strong></span> <span class='ocrx_word' id='word_1_230' title='bbox 884 2824 1107 2887; x_wconf 67' lang='lat' dir='ltr'><strong>aropter</strong></span> <span class='ocrx_word' id='word_1_231' title='bbox 1142 2816 1286 2888; x_wconf 92' lang='lat' dir='ltr'><strong>quod</strong></span> <span class='ocrx_word' id='word_1_232' title='bbox 1325 2816 1395 2872; x_wconf 90' lang='lat' dir='ltr'><strong>ad</strong></span> <span class='ocrx_word' id='word_1_233' title='bbox 1430 2824 1629 2871; x_wconf 89' lang='lat' dir='ltr'><strong>terram</strong></span> <span class='ocrx_word' id='word_1_234' title='bbox 1675 2822 1765 2870; x_wconf 92' lang='lat' dir='ltr'><strong>tua</strong></span> <span class='ocrx_word' id='word_1_235' title='bbox 1812 2814 2093 2870; x_wconf 89' lang='lat' dir='ltr'><strong>voluntate</strong></span> 
     </span>
    </p>
   </div>
   <div class='ocr_carea' id='block_1_30' title="bbox 504 2900 2100 2963">
    <p class='ocr_par' dir='ltr' id='par_1_30' title="bbox 504 2900 2100 2963">
     <span class='ocr_line' id='line_1_30' title="bbox 504 2900 2100 2963; baseline -0.011 0"><span class='ocrx_word' id='word_1_236' title='bbox 504 2907 782 2963; x_wconf 88' lang='lat' dir='ltr'><strong>descendi.</strong></span> <span class='ocrx_word' id='word_1_237' title='bbox 2095 2900 2100 2904; x_wconf 81' lang='lat'><em>‘</em></span> 
     </span>
    </p>
   </div>
   <div class='ocr_carea' id='block_1_31' title="bbox 581 2990 2094 3067">
    <p class='ocr_par' dir='ltr' id='par_1_31' title="bbox 581 2990 2094 3067">
     <span class='ocr_line' id='line_1_31' title="bbox 581 2990 2094 3067; baseline 0.001 -15"><span class='ocrx_word' id='word_1_238' title='bbox 581 3019 599 3052; x_wconf 75' lang='grc' dir='ltr'>ι</span> <span class='ocrx_word' id='word_1_239' title='bbox 637 2999 706 3056; x_wconf 83' lang='grc' dir='ltr'><strong>Ει</strong></span> <span class='ocrx_word' id='word_1_240' title='bbox 750 3000 957 3057; x_wconf 89' lang='lat' dir='ltr'><strong>relictis</strong></span> <span class='ocrx_word' id='word_1_241' title='bbox 1002 3001 1108 3057; x_wconf 88' lang='lat' dir='ltr'><strong>illis</strong></span> <span class='ocrx_word' id='word_1_242' title='bbox 1151 3001 1350 3057; x_wconf 88' lang='lat' dir='ltr'><strong>iterum</strong></span> <span class='ocrx_word' id='word_1_243' title='bbox 1399 2990 1553 3067; x_wconf 87' lang='lat' dir='ltr'><strong>abiit,</strong></span> <span class='ocrx_word' id='word_1_244' title='bbox 1606 3009 1660 3055; x_wconf 88' lang='lat' dir='ltr'><strong>et</strong></span> <span class='ocrx_word' id='word_1_245' title='bbox 1707 3000 1881 3056; x_wconf 90' lang='lat' dir='ltr'><strong>oravit</strong></span> <span class='ocrx_word' id='word_1_246' title='bbox 1930 2999 2094 3055; x_wconf 90' lang='lat' dir='ltr'><strong>tertio</strong></span> 
     </span>
    </p>
   </div>
   <div class='ocr_carea' id='block_1_32' title="bbox 509 3092 2093 3158">
    <p class='ocr_par' dir='ltr' id='par_1_32' title="bbox 509 3092 2093 3158">
     <span class='ocr_line' id='line_1_32' title="bbox 509 3092 2093 3158; baseline 0.002 -14"><span class='ocrx_word' id='word_1_247' title='bbox 509 3109 529 3144; x_wconf 73' lang='grc' dir='ltr'>ι</span> <span class='ocrx_word' id='word_1_248' title='bbox 573 3092 825 3147; x_wconf 89' lang='lat' dir='ltr'><strong>eumdem</strong></span> <span class='ocrx_word' id='word_1_249' title='bbox 848 3107 1155 3148; x_wconf 91' lang='lat' dir='ltr'><strong>sermonem</strong></span> <span class='ocrx_word' id='word_1_250' title='bbox 1189 3093 1395 3150; x_wconf 90' lang='lat' dir='ltr'><strong>dicens.</strong></span> <span class='ocrx_word' id='word_1_251' title='bbox 1435 3112 1453 3143; x_wconf 73' lang='grc' dir='ltr'><strong><em>ι</em></strong></span> <span class='ocrx_word' id='word_1_252' title='bbox 1484 3092 1678 3148; x_wconf 89' lang='lat' dir='ltr'><strong>Oravit</strong></span> <span class='ocrx_word' id='word_1_253' title='bbox 1707 3093 1888 3158; x_wconf 89' lang='lat' dir='ltr'><strong>tertio,</strong></span> <span class='ocrx_word' id='word_1_254' title='bbox 1935 3100 1996 3146; x_wconf 93' lang='lat' dir='ltr'><strong>ut</strong></span> <span class='ocrx_word' id='word_1_255' title='bbox 2037 3092 2093 3147; x_wconf 93' lang='lat' dir='ltr'><strong>in</strong></span> 
     </span>
    </p>
   </div>
   <div class='ocr_carea' id='block_1_33' title="bbox 502 3183 2089 3255">
    <p class='ocr_par' dir='ltr' id='par_1_33' title="bbox 502 3183 2089 3255">
     <span class='ocr_line' id='line_1_33' title="bbox 502 3183 2089 3255; baseline -0.003 -16"><span class='ocrx_word' id='word_1_256' title='bbox 502 3199 602 3239; x_wconf 87' lang='lat' dir='ltr'><strong>ore</strong></span> <span class='ocrx_word' id='word_1_257' title='bbox 631 3184 859 3241; x_wconf 91' lang='lat' dir='ltr'><strong>duorum</strong></span> <span class='ocrx_word' id='word_1_258' title='bbox 882 3184 966 3247; x_wconf 83' lang='lat' dir='ltr'><strong>vel</strong></span> <span class='ocrx_word' id='word_1_259' title='bbox 997 3184 1158 3238; x_wconf 89' lang='lat' dir='ltr'><strong>trium</strong></span> <span class='ocrx_word' id='word_1_260' title='bbox 1182 3194 1287 3240; x_wconf 89' lang='lat' dir='ltr'><strong>stet</strong></span> <span class='ocrx_word' id='word_1_261' title='bbox 1313 3199 1473 3239; x_wconf 90' lang='lat' dir='ltr'><strong>omne</strong></span> <span class='ocrx_word' id='word_1_262' title='bbox 1496 3185 1720 3239; x_wconf 83' lang='lat' dir='ltr'><strong>verbum</strong></span> <span class='ocrx_word' id='word_1_263' title='bbox 1749 3183 1927 3255; x_wconf 85' lang='lat' dir='ltr'><strong>(Deut.</strong></span> <span class='ocrx_word' id='word_1_264' title='bbox 1953 3184 2089 3251; x_wconf 79' lang='lat' dir='ltr'><strong>xix).</strong></span> 
     </span>
    </p>
   </div>
   <div class='ocr_carea' id='block_1_34' title="bbox 504 3265 2165 3348">
    <p class='ocr_par' dir='ltr' id='par_1_34' title="bbox 504 3265 2165 3348">
     <span class='ocr_line' id='line_1_34' title="bbox 504 3265 2165 3348; baseline -0.001 -17"><span class='ocrx_word' id='word_1_265' title='bbox 504 3274 694 3331; x_wconf 87' lang='lat' dir='ltr'><strong>Oravit</strong></span> <span class='ocrx_word' id='word_1_266' title='bbox 721 3286 900 3331; x_wconf 91' lang='lat' dir='ltr'><strong>autem</strong></span> <span class='ocrx_word' id='word_1_267' title='bbox 932 3292 1039 3331; x_wconf 91' lang='lat' dir='ltr'><strong>non</strong></span> <span class='ocrx_word' id='word_1_268' title='bbox 1068 3292 1167 3348; x_wconf 88' lang='lat' dir='ltr'><strong>pro</strong></span> <span class='ocrx_word' id='word_1_269' title='bbox 1195 3292 1276 3342; x_wconf 90' lang='lat' dir='ltr'><strong>se,</strong></span> <span class='ocrx_word' id='word_1_270' title='bbox 1315 3276 1408 3332; x_wconf 87' lang='lat' dir='ltr'><strong>sed</strong></span> <span class='ocrx_word' id='word_1_271' title='bbox 1438 3291 1536 3346; x_wconf 91' lang='lat' dir='ltr'><strong>pro</strong></span> <span class='ocrx_word' id='word_1_272' title='bbox 1574 3276 1749 3343; x_wconf 80' lang='lat' dir='ltr'><strong>nobis,</strong></span> <span class='ocrx_word' id='word_1_273' title='bbox 1791 3275 2001 3331; x_wconf 90' lang='lat' dir='ltr'><strong>scilicet</strong></span> <span class='ocrx_word' id='word_1_274' title='bbox 2035 3284 2092 3328; x_wconf 90' lang='lat' dir='ltr'><strong>ut</strong></span> <span class='ocrx_word' id='word_1_275' title='bbox 2118 3265 2165 3330; x_wconf 90' lang='lat' dir='ltr'><strong>C</strong></span> 
     </span>
    </p>
   </div>
   <div class='ocr_carea' id='block_1_35' title="bbox 503 3367 1781 3439">
    <p class='ocr_par' dir='ltr' id='par_1_35' title="bbox 503 3367 1781 3439">
     <span class='ocr_line' id='line_1_35' title="bbox 503 3367 1781 3439; baseline -0.002 -17"><span class='ocrx_word' id='word_1_276' title='bbox 503 3367 596 3422; x_wconf 89' lang='lat' dir='ltr'><strong>illa</strong></span> <span class='ocrx_word' id='word_1_277' title='bbox 624 3368 800 3423; x_wconf 89' lang='lat' dir='ltr'><strong>oratio</strong></span> <span class='ocrx_word' id='word_1_278' title='bbox 829 3377 976 3425; x_wconf 86' lang='lat' dir='ltr'><strong>esset</strong></span> <span class='ocrx_word' id='word_1_279' title='bbox 1001 3368 1385 3439; x_wconf 86' lang='lat' dir='ltr'><strong>discipulorum</strong></span> <span class='ocrx_word' id='word_1_280' title='bbox 1416 3368 1781 3422; x_wconf 89' lang='lat' dir='ltr'><strong>conﬁrmatio.</strong></span> 
     </span>
    </p>
   </div>
   <div class='ocr_carea' id='block_1_36' title="bbox 488 3448 2096 3529">
    <p class='ocr_par' dir='ltr' id='par_1_36' title="bbox 488 3448 2096 3529">
     <span class='ocr_line' id='line_1_36' title="bbox 488 3448 2096 3529; baseline 0.002 -18"><span class='ocrx_word' id='word_1_281' title='bbox 488 3448 495 3455; x_wconf 78' lang='grc'><strong>’</strong></span> <span class='ocrx_word' id='word_1_282' title='bbox 581 3476 600 3510; x_wconf 72' lang='grc' dir='ltr'>ι</span> <span class='ocrx_word' id='word_1_283' title='bbox 636 3458 788 3514; x_wconf 91' lang='lat' dir='ltr'><strong>Tunc</strong></span> <span class='ocrx_word' id='word_1_284' title='bbox 808 3460 960 3515; x_wconf 87' lang='lat' dir='ltr'><strong>venit</strong></span> <span class='ocrx_word' id='word_1_285' title='bbox 990 3459 1057 3513; x_wconf 89' lang='lat' dir='ltr'><strong>ad</strong></span> <span class='ocrx_word' id='word_1_286' title='bbox 1090 3459 1383 3529; x_wconf 81' lang='lat' dir='ltr'><strong>discipulos</strong></span> <span class='ocrx_word' id='word_1_287' title='bbox 1412 3474 1558 3514; x_wconf 90' lang='lat' dir='ltr'><strong>suos.</strong></span> <span class='ocrx_word' id='word_1_288' title='bbox 1602 3477 1622 3509; x_wconf 75' lang='grc' dir='ltr'><strong><em>ι</em></strong></span> <span class='ocrx_word' id='word_1_289' title='bbox 1654 3457 1944 3528; x_wconf 79' lang='lat' dir='ltr'><strong>Postquam</strong></span> <span class='ocrx_word' id='word_1_290' title='bbox 1974 3473 2096 3514; x_wconf 88' lang='lat' dir='ltr'><strong>ora-</strong></span> 
     </span>
    </p>
   </div>
   <div class='ocr_carea' id='block_1_37' title="bbox 503 3548 2095 3620">
    <p class='ocr_par' dir='ltr' id='par_1_37' title="bbox 503 3548 2095 3620">
     <span class='ocr_line' id='line_1_37' title="bbox 503 3548 2095 3620; baseline 0 -18"><span class='ocrx_word' id='word_1_291' title='bbox 503 3549 582 3603; x_wconf 88' lang='lat' dir='ltr'><strong>vit</strong></span> <span class='ocrx_word' id='word_1_292' title='bbox 618 3549 687 3604; x_wconf 90' lang='lat' dir='ltr'><strong>ad</strong></span> <span class='ocrx_word' id='word_1_293' title='bbox 732 3548 975 3615; x_wconf 84' lang='lat' dir='ltr'><strong>Patrem,</strong></span> <span class='ocrx_word' id='word_1_294' title='bbox 1017 3556 1073 3605; x_wconf 90' lang='lat' dir='ltr'><strong>et</strong></span> <span class='ocrx_word' id='word_1_295' title='bbox 1102 3549 1411 3620; x_wconf 84' lang='lat' dir='ltr'><strong>impetravit</strong></span> <span class='ocrx_word' id='word_1_296' title='bbox 1438 3548 1667 3605; x_wconf 83' lang='lat' dir='ltr'><strong>salutem</strong></span> <span class='ocrx_word' id='word_1_297' title='bbox 1705 3548 2095 3619; x_wconf 89' lang='lat' dir='ltr'><strong>discipulorum</strong></span> 
     </span>
    </p>
   </div>
   <div class='ocr_carea' id='block_1_38' title="bbox 505 3644 1443 3709">
    <p class='ocr_par' dir='ltr' id='par_1_38' title="bbox 505 3644 1443 3709">
     <span class='ocr_line' id='line_1_38' title="bbox 505 3644 1443 3709; baseline -0.005 -7"><span class='ocrx_word' id='word_1_298' title='bbox 505 3660 750 3709; x_wconf 89' lang='lat' dir='ltr'><strong>suorum,</strong></span> <span class='ocrx_word' id='word_1_299' title='bbox 784 3644 933 3700; x_wconf 91' lang='lat' dir='ltr'><strong>venit</strong></span> <span class='ocrx_word' id='word_1_300' title='bbox 962 3645 1031 3699; x_wconf 88' lang='lat' dir='ltr'><strong>ad</strong></span> <span class='ocrx_word' id='word_1_301' title='bbox 1059 3660 1155 3701; x_wconf 88' lang='lat' dir='ltr'><strong>eos</strong></span> <span class='ocrx_word' id='word_1_302' title='bbox 1185 3652 1239 3698; x_wconf 88' lang='lat' dir='ltr'><strong>et</strong></span> <span class='ocrx_word' id='word_1_303' title='bbox 1264 3644 1399 3698; x_wconf 83' lang='lat' dir='ltr'><strong>dixit</strong></span> <span class='ocrx_word' id='word_1_304' title='bbox 1430 3660 1443 3697; x_wconf 95' lang='lat'><strong>:</strong></span> 
     </span>
    </p>
   </div>
   <div class='ocr_carea' id='block_1_39' title="bbox 583 3733 2098 3805">
    <p class='ocr_par' dir='ltr' id='par_1_39' title="bbox 583 3733 2098 3805">
     <span class='ocr_line' id='line_1_39' title="bbox 583 3733 2098 3805; baseline -0.001 -17"><span class='ocrx_word' id='word_1_305' title='bbox 583 3755 603 3788; x_wconf 77' lang='grc' dir='ltr'>ι</span> <span class='ocrx_word' id='word_1_306' title='bbox 633 3735 877 3791; x_wconf 89' lang='lat' dir='ltr'><strong>Dormite</strong></span> <span class='ocrx_word' id='word_1_307' title='bbox 898 3733 1012 3804; x_wconf 84' lang='lat' dir='ltr'><strong>jam</strong></span> <span class='ocrx_word' id='word_1_308' title='bbox 1054 3742 1110 3788; x_wconf 92' lang='lat' dir='ltr'><strong>et</strong></span> <span class='ocrx_word' id='word_1_309' title='bbox 1147 3734 1488 3803; x_wconf 87' lang='lat' dir='ltr'><strong>requiescite.</strong></span> <span class='ocrx_word' id='word_1_310' title='bbox 1520 3735 1662 3791; x_wconf 89' lang='lat' dir='ltr'><strong>Ecce</strong></span> <span class='ocrx_word' id='word_1_311' title='bbox 1699 3734 2098 3805; x_wconf 88' lang='lat' dir='ltr'><strong>appropinqua-</strong></span> 
     </span>
    </p>
   </div>
   <div class='ocr_carea' id='block_1_40' title="bbox 516 3824 2099 3896">
    <p class='ocr_par' dir='ltr' id='par_1_40' title="bbox 516 3824 2099 3896">
     <span class='ocr_line' id='line_1_40' title="bbox 516 3824 2099 3896; baseline 0.001 -16"><span class='ocrx_word' id='word_1_312' title='bbox 516 3845 539 3880; x_wconf 65' lang='grc' dir='ltr'>ι</span> <span class='ocrx_word' id='word_1_313' title='bbox 574 3827 654 3881; x_wconf 90' lang='lat' dir='ltr'><strong>vit</strong></span> <span class='ocrx_word' id='word_1_314' title='bbox 678 3828 835 3892; x_wconf 76' lang='lat' dir='ltr'><strong>hora,</strong></span> <span class='ocrx_word' id='word_1_315' title='bbox 866 3834 922 3880; x_wconf 88' lang='lat' dir='ltr'><strong>et</strong></span> <span class='ocrx_word' id='word_1_316' title='bbox 945 3824 1116 3880; x_wconf 85' lang='lat' dir='ltr'><strong>Filius</strong></span> <span class='ocrx_word' id='word_1_317' title='bbox 1139 3826 1376 3880; x_wconf 85' lang='lat' dir='ltr'><strong>hominis</strong></span> <span class='ocrx_word' id='word_1_318' title='bbox 1403 3826 1646 3880; x_wconf 83' lang='lat' dir='ltr'><strong>tradetur</strong></span> <span class='ocrx_word' id='word_1_319' title='bbox 1674 3828 1727 3881; x_wconf 92' lang='lat' dir='ltr'><strong>in</strong></span> <span class='ocrx_word' id='word_1_320' title='bbox 1760 3842 1952 3881; x_wconf 90' lang='lat' dir='ltr'><strong>manus</strong></span> <span class='ocrx_word' id='word_1_321' title='bbox 1974 3841 2099 3896; x_wconf 86' lang='lat' dir='ltr'><strong>pec-</strong></span> 
     </span>
    </p>
   </div>
   <div class='ocr_carea' id='block_1_41' title="bbox 517 3919 2098 3991">
    <p class='ocr_par' dir='ltr' id='par_1_41' title="bbox 517 3919 2098 3991">
     <span class='ocr_line' id='line_1_41' title="bbox 517 3919 2098 3991; baseline 0.001 -16"><span class='ocrx_word' id='word_1_322' title='bbox 517 3941 537 3975; x_wconf 74' lang='grc' dir='ltr'>ι</span> <span class='ocrx_word' id='word_1_323' title='bbox 571 3930 837 3977; x_wconf 84' lang='lat' dir='ltr'><strong>calorum.</strong></span> <span class='ocrx_word' id='word_1_324' title='bbox 874 3919 1116 3991; x_wconf 78' lang='lat' dir='ltr'><strong>Surgite,</strong></span> <span class='ocrx_word' id='word_1_325' title='bbox 1139 3934 1344 3974; x_wconf 88' lang='lat' dir='ltr'><strong>eamus.</strong></span> <span class='ocrx_word' id='word_1_326' title='bbox 1377 3919 1516 3974; x_wconf 77' lang='lat' dir='ltr'><strong>Ecce</strong></span> <span class='ocrx_word' id='word_1_327' title='bbox 1538 3921 2098 3991; x_wconf 84' lang='lat' dir='ltr'><strong>appropinquahitqui</strong></span> 
     </span>
    </p>
   </div>
   <div class='ocr_carea' id='block_1_42' title="bbox 512 4012 2098 4085">
    <p class='ocr_par' dir='ltr' id='par_1_42' title="bbox 512 4012 2098 4085">
     <span class='ocr_line' id='line_1_42' title="bbox 512 4012 2098 4085; baseline 0.001 -17"><span class='ocrx_word' id='word_1_328' title='bbox 512 4033 534 4068; x_wconf 72' lang='grc' dir='ltr'>ί</span> <span class='ocrx_word' id='word_1_329' title='bbox 580 4030 670 4070; x_wconf 89' lang='lat' dir='ltr'><strong>me</strong></span> <span class='ocrx_word' id='word_1_330' title='bbox 730 4014 925 4069; x_wconf 86' lang='lat' dir='ltr'><strong>tradet.</strong></span> <span class='ocrx_word' id='word_1_331' title='bbox 966 4033 984 4065; x_wconf 74' lang='grc' dir='ltr'><strong><em>ι</em></strong></span> <span class='ocrx_word' id='word_1_332' title='bbox 1018 4012 1371 4085; x_wconf 81' lang='lat' dir='ltr'><strong>lntelligiutus</strong></span> <span class='ocrx_word' id='word_1_333' title='bbox 1414 4012 1561 4083; x_wconf 88' lang='lat' dir='ltr'><strong>quia,</strong></span> <span class='ocrx_word' id='word_1_334' title='bbox 1603 4029 1725 4067; x_wconf 83' lang='lat' dir='ltr'><strong>cum</strong></span> <span class='ocrx_word' id='word_1_335' title='bbox 1766 4014 1990 4068; x_wconf 81' lang='lat' dir='ltr'><strong>dixisset</strong></span> <span class='ocrx_word' id='word_1_336' title='bbox 2039 4023 2098 4069; x_wconf 91' lang='lat' dir='ltr'><strong>ut</strong></span> 
     </span>
    </p>
   </div>
   <div class='ocr_carea' id='block_1_43' title="bbox 507 4105 2095 4175">
    <p class='ocr_par' dir='ltr' id='par_1_43' title="bbox 507 4105 2095 4175">
     <span class='ocr_line' id='line_1_43' title="bbox 507 4105 2095 4175; baseline -0.002 -12"><span class='ocrx_word' id='word_1_337' title='bbox 507 4106 812 4163; x_wconf 88' lang='lat' dir='ltr'><strong>dormirent</strong></span> <span class='ocrx_word' id='word_1_338' title='bbox 847 4105 1096 4175; x_wconf 88' lang='lat' dir='ltr'><strong>discipuli</strong></span> <span class='ocrx_word' id='word_1_339' title='bbox 1128 4114 1183 4160; x_wconf 90' lang='lat' dir='ltr'><strong>et</strong></span> <span class='ocrx_word' id='word_1_340' title='bbox 1232 4105 1657 4175; x_wconf 89' lang='lat' dir='ltr'><strong>requiescerent,</strong></span> <span class='ocrx_word' id='word_1_341' title='bbox 1704 4105 2095 4174; x_wconf 85' lang='lat' dir='ltr'><strong>aliquantulum</strong></span> 
     </span>
    </p>
   </div>
   <div class='ocr_carea' id='block_1_44' title="bbox 505 4196 2093 4268">
    <p class='ocr_par' dir='ltr' id='par_1_44' title="bbox 505 4196 2093 4268">
     <span class='ocr_line' id='line_1_44' title="bbox 505 4196 2093 4268; baseline -0.003 -14"><span class='ocrx_word' id='word_1_342' title='bbox 505 4199 764 4261; x_wconf 88' lang='lat' dir='ltr'><strong>tacuisse,</strong></span> <span class='ocrx_word' id='word_1_343' title='bbox 797 4206 856 4252; x_wconf 93' lang='lat' dir='ltr'><strong>ut</strong></span> <span class='ocrx_word' id='word_1_344' title='bbox 884 4196 1199 4268; x_wconf 89' lang='lat' dir='ltr'><strong>impleretur</strong></span> <span class='ocrx_word' id='word_1_345' title='bbox 1232 4197 1373 4267; x_wconf 89' lang='lat' dir='ltr'><strong>quod</strong></span> <span class='ocrx_word' id='word_1_346' title='bbox 1402 4196 1559 4263; x_wconf 83' lang='lat' dir='ltr'><strong>dixit,</strong></span> <span class='ocrx_word' id='word_1_347' title='bbox 1606 4204 1661 4252; x_wconf 91' lang='lat' dir='ltr'><strong>et</strong></span> <span class='ocrx_word' id='word_1_348' title='bbox 1690 4196 1813 4251; x_wconf 90' lang='lat' dir='ltr'><strong>inde</strong></span> <span class='ocrx_word' id='word_1_349' title='bbox 1839 4196 2046 4251; x_wconf 87' lang='lat' dir='ltr'><strong>diceret</strong></span> <span class='ocrx_word' id='word_1_350' title='bbox 2079 4213 2093 4250; x_wconf 90' lang='lat'><strong>:</strong></span> 
     </span>
    </p>
   </div>
   <div class='ocr_carea' id='block_1_45' title="bbox 512 4289 1101 4362">
    <p class='ocr_par' dir='ltr' id='par_1_45' title="bbox 512 4289 1101 4362">
     <span class='ocr_line' id='line_1_45' title="bbox 512 4289 1101 4362; baseline -0.005 -17"><span class='ocrx_word' id='word_1_351' title='bbox 512 4309 534 4345; x_wconf 71' lang='grc' dir='ltr'>ι</span> <span class='ocrx_word' id='word_1_352' title='bbox 570 4289 808 4362; x_wconf 78' lang='lat' dir='ltr'><strong>Surgite,</strong></span> <span class='ocrx_word' id='word_1_353' title='bbox 835 4306 1046 4346; x_wconf 90' lang='lat' dir='ltr'><strong>eamus.</strong></span> <span class='ocrx_word' id='word_1_354' title='bbox 1081 4309 1101 4342; x_wconf 74' lang='grc' dir='ltr'><strong><em>ι</em></strong></span> 
     </span>
    </p>
   </div>
   <div class='ocr_carea' id='block_1_46' title="bbox 581 4380 2099 4452">
    <p class='ocr_par' dir='ltr' id='par_1_46' title="bbox 581 4380 2099 4452">
     <span class='ocr_line' id='line_1_46' title="bbox 581 4380 2099 4452; baseline 0.003 -17"><span class='ocrx_word' id='word_1_355' title='bbox 581 4401 601 4435; x_wconf 77' lang='grc' dir='ltr'>ι</span> <span class='ocrx_word' id='word_1_356' title='bbox 646 4383 837 4438; x_wconf 85' lang='lat' dir='ltr'><strong>Adhuc</strong></span> <span class='ocrx_word' id='word_1_357' title='bbox 877 4382 995 4451; x_wconf 90' lang='lat' dir='ltr'><strong>ipso</strong></span> <span class='ocrx_word' id='word_1_358' title='bbox 1021 4381 1296 4452; x_wconf 85' lang='lat' dir='ltr'><strong>loquente,</strong></span> <span class='ocrx_word' id='word_1_359' title='bbox 1325 4396 1456 4437; x_wconf 90' lang='lat' dir='ltr'><strong>ecce</strong></span> <span class='ocrx_word' id='word_1_360' title='bbox 1492 4380 1660 4438; x_wconf 74' lang='lat' dir='ltr'><strong>Iudas</strong></span> <span class='ocrx_word' id='word_1_361' title='bbox 1695 4398 1835 4437; x_wconf 90' lang='lat' dir='ltr'><strong>unus</strong></span> <span class='ocrx_word' id='word_1_362' title='bbox 1865 4382 1932 4439; x_wconf 88' lang='lat' dir='ltr'><strong>de</strong></span> <span class='ocrx_word' id='word_1_363' title='bbox 1968 4382 2099 4439; x_wconf 89' lang='lat' dir='ltr'><strong>duo—</strong></span> 
     </span>
    </p>
   </div>
   <div class='ocr_carea' id='block_1_47' title="bbox 508 4472 2101 4545">
    <p class='ocr_par' dir='ltr' id='par_1_47' title="bbox 508 4472 2101 4545">
     <span class='ocr_line' id='line_1_47' title="bbox 508 4472 2101 4545; baseline 0.002 -20"><span class='ocrx_word' id='word_1_364' title='bbox 508 4490 531 4525; x_wconf 77' lang='grc' dir='ltr'>ι</span> <span class='ocrx_word' id='word_1_365' title='bbox 566 4472 761 4529; x_wconf 87' lang='lat' dir='ltr'><strong>decim.</strong></span> <span class='ocrx_word' id='word_1_366' title='bbox 795 4493 813 4525; x_wconf 76' lang='grc' dir='ltr'><strong><em>ι</em></strong></span> <span class='ocrx_word' id='word_1_367' title='bbox 837 4472 988 4530; x_wconf 91' lang='lat' dir='ltr'><strong>Unus</strong></span> <span class='ocrx_word' id='word_1_368' title='bbox 1008 4488 1114 4529; x_wconf 91' lang='lat' dir='ltr'><strong>non</strong></span> <span class='ocrx_word' id='word_1_369' title='bbox 1143 4472 1359 4538; x_wconf 90' lang='lat' dir='ltr'><strong>merito,</strong></span> <span class='ocrx_word' id='word_1_370' title='bbox 1386 4474 1478 4529; x_wconf 86' lang='lat' dir='ltr'><strong>sed</strong></span> <span class='ocrx_word' id='word_1_371' title='bbox 1501 4489 1744 4539; x_wconf 88' lang='lat' dir='ltr'><strong>numero,</strong></span> <span class='ocrx_word' id='word_1_372' title='bbox 1774 4475 1916 4530; x_wconf 88' lang='lat' dir='ltr'><strong>sicut</strong></span> <span class='ocrx_word' id='word_1_373' title='bbox 1943 4490 2101 4545; x_wconf 79' lang='lat' dir='ltr'><strong>supe-</strong></span> 
     </span>
    </p>
   </div>
   <div class='ocr_carea' id='block_1_48' title="bbox 503 4564 2102 4637">
    <p class='ocr_par' dir='ltr' id='par_1_48' title="bbox 503 4564 2102 4637">
     <span class='ocr_line' id='line_1_48' title="bbox 503 4564 2102 4637; baseline -0.001 -16"><span class='ocrx_word' id='word_1_374' title='bbox 503 4567 619 4622; x_wconf 87' lang='lat' dir='ltr'><strong>rius</strong></span> <span class='ocrx_word' id='word_1_375' title='bbox 649 4566 911 4622; x_wconf 89' lang='lat' dir='ltr'><strong>Dominus</strong></span> <span class='ocrx_word' id='word_1_376' title='bbox 932 4567 1106 4621; x_wconf 80' lang='lat' dir='ltr'><strong>dixit:</strong></span> <span class='ocrx_word' id='word_1_377' title='bbox 1140 4585 1160 4617; x_wconf 75' lang='grc' dir='ltr'><strong><em>ι</em></strong></span> <span class='ocrx_word' id='word_1_378' title='bbox 1196 4564 1386 4620; x_wconf 89' lang='lat' dir='ltr'><strong>Nonne</strong></span> <span class='ocrx_word' id='word_1_379' title='bbox 1412 4580 1509 4620; x_wconf 66' lang='lat' dir='ltr'><strong>vos</strong></span> <span class='ocrx_word' id='word_1_380' title='bbox 1537 4565 1818 4621; x_wconf 90' lang='lat' dir='ltr'><strong>duodecim</strong></span> <span class='ocrx_word' id='word_1_381' title='bbox 1849 4565 2006 4637; x_wconf 90' lang='lat' dir='ltr'><strong>elegi,</strong></span> <span class='ocrx_word' id='word_1_382' title='bbox 2047 4576 2102 4620; x_wconf 88' lang='lat' dir='ltr'><strong>et</strong></span> 
     </span>
    </p>
   </div>
   <div class='ocr_carea' id='block_1_49' title="bbox 504 4654 1777 4727">
    <p class='ocr_par' dir='ltr' id='par_1_49' title="bbox 504 4654 1777 4727">
     <span class='ocr_line' id='line_1_49' title="bbox 504 4654 1777 4727; baseline -0.004 -11"><span class='ocrx_word' id='word_1_383' title='bbox 504 4675 644 4716; x_wconf 89' lang='lat' dir='ltr'><strong>unus</strong></span> <span class='ocrx_word' id='word_1_384' title='bbox 678 4674 747 4715; x_wconf 90' lang='lat' dir='ltr'><strong>ex</strong></span> <span class='ocrx_word' id='word_1_385' title='bbox 785 4658 938 4715; x_wconf 86' lang='lat' dir='ltr'><strong>vobis</strong></span> <span class='ocrx_word' id='word_1_386' title='bbox 968 4658 1213 4714; x_wconf 89' lang='lat' dir='ltr'><strong>diabolus</strong></span> <span class='ocrx_word' id='word_1_387' title='bbox 1238 4657 1360 4711; x_wconf 87' lang='lat' dir='ltr'><strong>est?</strong></span> <span class='ocrx_word' id='word_1_388' title='bbox 1397 4674 1418 4709; x_wconf 69' lang='grc' dir='ltr'><strong><em>ι</em></strong></span> <span class='ocrx_word' id='word_1_389' title='bbox 1452 4654 1636 4727; x_wconf 73' lang='lat' dir='ltr'><strong>(Idan.</strong></span> <span class='ocrx_word' id='word_1_390' title='bbox 1675 4657 1777 4727; x_wconf 89' lang='lat' dir='ltr'><strong>vt.)</strong></span> 
     </span>
    </p>
   </div>
   <div class='ocr_carea' id='block_1_50' title="bbox 584 4745 2096 4819">
    <p class='ocr_par' dir='ltr' id='par_1_50' title="bbox 584 4745 2096 4819">
     <span class='ocr_line' id='line_1_50' title="bbox 584 4745 2096 4819; baseline 0.003 -20"><span class='ocrx_word' id='word_1_391' title='bbox 584 4766 602 4799; x_wconf 73' lang='grc' dir='ltr'>ι</span> <span class='ocrx_word' id='word_1_392' title='bbox 632 4748 735 4815; x_wconf 85' lang='lat' dir='ltr'><strong>Qui</strong></span> <span class='ocrx_word' id='word_1_393' title='bbox 761 4757 939 4803; x_wconf 87' lang='lat' dir='ltr'><strong>autem</strong></span> <span class='ocrx_word' id='word_1_394' title='bbox 961 4748 1183 4802; x_wconf 87' lang='lat' dir='ltr'><strong>tradidit</strong></span> <span class='ocrx_word' id='word_1_395' title='bbox 1200 4761 1346 4808; x_wconf 91' lang='lat' dir='ltr'><strong>eum,</strong></span> <span class='ocrx_word' id='word_1_396' title='bbox 1364 4745 1609 4802; x_wconf 90' lang='lat' dir='ltr'><strong>dediteis</strong></span> <span class='ocrx_word' id='word_1_397' title='bbox 1631 4748 1864 4819; x_wconf 85' lang='lat' dir='ltr'><strong>signum,</strong></span> <span class='ocrx_word' id='word_1_398' title='bbox 1880 4748 2096 4804; x_wconf 91' lang='lat' dir='ltr'><strong>dicens:</strong></span> 
     </span>
    </p>
   </div>
   <div class='ocr_carea' id='block_1_51' title="bbox 510 4838 2095 4909">
    <p class='ocr_par' dir='ltr' id='par_1_51' title="bbox 510 4838 2095 4909">
     <span class='ocr_line' id='line_1_51' title="bbox 510 4838 2095 4909; baseline 0.005 -19"><span class='ocrx_word' id='word_1_399' title='bbox 510 4855 532 4890; x_wconf 75' lang='grc' dir='ltr'>ι</span> <span class='ocrx_word' id='word_1_400' title='bbox 576 4838 958 4907; x_wconf 81' lang='lat' dir='ltr'><strong>Quemcunque</strong></span> <span class='ocrx_word' id='word_1_401' title='bbox 973 4839 1247 4893; x_wconf 87' lang='lat' dir='ltr'><strong>osculatus</strong></span> <span class='ocrx_word' id='word_1_402' title='bbox 1268 4838 1441 4901; x_wconf 80' lang='lat' dir='ltr'><strong>fuero,</strong></span> <span class='ocrx_word' id='word_1_403' title='bbox 1458 4838 1571 4909; x_wconf 85' lang='lat' dir='ltr'><strong>ipse</strong></span> <span class='ocrx_word' id='word_1_404' title='bbox 1586 4849 1689 4906; x_wconf 91' lang='lat' dir='ltr'><strong>est,</strong></span> <span class='ocrx_word' id='word_1_405' title='bbox 1723 4851 1898 4897; x_wconf 89' lang='lat' dir='ltr'><strong>tenete</strong></span> <span class='ocrx_word' id='word_1_406' title='bbox 1919 4858 2062 4898; x_wconf 90' lang='lat' dir='ltr'><strong>eum.</strong></span> <span class='ocrx_word' id='word_1_407' title='bbox 2076 4863 2095 4897; x_wconf 71' lang='grc' dir='ltr'><strong><em>ι</em></strong></span> 
     </span>
    </p>
   </div>
   <div class='ocr_carea' id='block_1_52' title="bbox 504 4929 2103 5005">
    <p class='ocr_par' dir='ltr' id='par_1_52' title="bbox 504 4929 2103 5005">
     <span class='ocr_line' id='line_1_52' title="bbox 504 4929 2103 5005; baseline 0.004 -19"><span class='ocrx_word' id='word_1_408' title='bbox 504 4929 695 4986; x_wconf 80' lang='lat' dir='ltr'><strong>Infelix</strong></span> <span class='ocrx_word' id='word_1_409' title='bbox 714 4929 741 4984; x_wconf 86' lang='lat' dir='ltr'><strong>J</strong></span> <span class='ocrx_word' id='word_1_410' title='bbox 750 4932 883 4985; x_wconf 89' lang='lat' dir='ltr'><strong>udas</strong></span> <span class='ocrx_word' id='word_1_411' title='bbox 895 4931 1168 4985; x_wconf 66' lang='lat' dir='ltr'><strong>aestimans</strong></span> <span class='ocrx_word' id='word_1_412' title='bbox 1184 4931 1467 4985; x_wconf 87' lang='lat' dir='ltr'><strong>Dominum</strong></span> <span class='ocrx_word' id='word_1_413' title='bbox 1488 4932 1640 5000; x_wconf 86' lang='lat' dir='ltr'><strong>signa</strong></span> <span class='ocrx_word' id='word_1_414' title='bbox 1658 4936 1883 5005; x_wconf 83' lang='lat' dir='ltr'><strong>magicis</strong></span> <span class='ocrx_word' id='word_1_415' title='bbox 1896 4937 2103 4992; x_wconf 87' lang='lat' dir='ltr'><strong>artibus</strong></span> 
     </span>
    </p>
   </div>
   <div class='ocr_carea' id='block_1_53' title="bbox 504 5020 2104 5091">
    <p class='ocr_par' dir='ltr' id='par_1_53' title="bbox 504 5020 2104 5091">
     <span class='ocr_line' id='line_1_53' title="bbox 504 5020 2104 5091; baseline 0.004 -17"><span class='ocrx_word' id='word_1_416' title='bbox 504 5029 775 5090; x_wconf 88' lang='lat' dir='ltr'><strong>patrasse,</strong></span> <span class='ocrx_word' id='word_1_417' title='bbox 796 5021 1038 5074; x_wconf 83' lang='lat' dir='ltr'><strong>recolens</strong></span> <span class='ocrx_word' id='word_1_418' title='bbox 1061 5034 1181 5073; x_wconf 90' lang='lat' dir='ltr'><strong>eum</strong></span> <span class='ocrx_word' id='word_1_419' title='bbox 1204 5020 1641 5091; x_wconf 85' lang='lat' dir='ltr'><strong>transﬁguratum</strong></span> <span class='ocrx_word' id='word_1_420' title='bbox 1662 5024 1825 5079; x_wconf 74' lang='lat' dir='ltr'><strong>fuisse</strong></span> <span class='ocrx_word' id='word_1_421' title='bbox 1846 5026 1896 5079; x_wconf 93' lang='lat' dir='ltr'><strong>in</strong></span> <span class='ocrx_word' id='word_1_422' title='bbox 1925 5034 2104 5082; x_wconf 91' lang='lat' dir='ltr'><strong>monte</strong></span> 
     </span>
    </p>
   </div>
   <div class='ocr_carea' id='block_1_54' title="bbox 507 5102 2097 5181">
    <p class='ocr_par' dir='ltr' id='par_1_54' title="bbox 507 5102 2097 5181">
     <span class='ocr_line' id='line_1_54' title="bbox 507 5102 2097 5181; baseline 0.003 -13"><span class='ocrx_word' id='word_1_423' title='bbox 507 5126 692 5168; x_wconf 88' lang='lat' dir='ltr'><strong>coram</strong></span> <span class='ocrx_word' id='word_1_424' title='bbox 743 5105 916 5167; x_wconf 67' lang='lat' dir='ltr'><strong>t&#39;ribus</strong></span> <span class='ocrx_word' id='word_1_425' title='bbox 967 5110 1277 5181; x_wconf 89' lang='lat' dir='ltr'><strong>discipulis,</strong></span> <span class='ocrx_word' id='word_1_426' title='bbox 1331 5113 1609 5171; x_wconf 71' lang='lat' dir='ltr'><strong>aestimans</strong></span> <span class='ocrx_word' id='word_1_427' title='bbox 1656 5102 1819 5171; x_wconf 79' lang='lat' dir='ltr'><strong>etiam</strong></span> <span class='ocrx_word' id='word_1_428' title='bbox 1869 5133 1990 5172; x_wconf 93' lang='lat' dir='ltr'><strong>eum</strong></span> <span class='ocrx_word' id='word_1_429' title='bbox 2043 5120 2097 5173; x_wconf 93' lang='lat' dir='ltr'><strong>in</strong></span> 
     </span>
    </p>
   </div>
   <div class='ocr_carea' id='block_1_55' title="bbox 507 5203 2098 5278">
    <p class='ocr_par' dir='ltr' id='par_1_55' title="bbox 507 5203 2098 5278">
     <span class='ocr_line' id='line_1_55' title="bbox 507 5203 2098 5278; baseline 0.004 -19"><span class='ocrx_word' id='word_1_430' title='bbox 507 5204 644 5259; x_wconf 87' lang='lat' dir='ltr'><strong>hora</strong></span> <span class='ocrx_word' id='word_1_431' title='bbox 675 5203 942 5273; x_wconf 89' lang='lat' dir='ltr'><strong>passionis</strong></span> <span class='ocrx_word' id='word_1_432' title='bbox 989 5218 1098 5258; x_wconf 76' lang='lat' dir='ltr'><strong>sua:</strong></span> <span class='ocrx_word' id='word_1_433' title='bbox 1138 5203 1540 5262; x_wconf 90' lang='lat' dir='ltr'><strong>similitudinem</strong></span> <span class='ocrx_word' id='word_1_434' title='bbox 1581 5208 1635 5261; x_wconf 89' lang='lat' dir='ltr'><strong>in</strong></span> <span class='ocrx_word' id='word_1_435' title='bbox 1669 5207 1831 5261; x_wconf 77' lang='lat' dir='ltr'><strong>aliam</strong></span> <span class='ocrx_word' id='word_1_436' title='bbox 1863 5218 2098 5278; x_wconf 89' lang='lat' dir='ltr'><strong>mutare,</strong></span> 
     </span>
    </p>
   </div>
   <div class='ocr_carea' id='block_1_56' title="bbox 508 5291 2100 5369">
    <p class='ocr_par' dir='ltr' id='par_1_56' title="bbox 508 5291 2100 5369">
     <span class='ocr_line' id='line_1_56' title="bbox 508 5291 2100 5369; baseline 0.004 -22"><span class='ocrx_word' id='word_1_437' title='bbox 508 5291 633 5348; x_wconf 87' lang='lat' dir='ltr'><strong>ideo</strong></span> <span class='ocrx_word' id='word_1_438' title='bbox 671 5293 765 5348; x_wconf 85' lang='lat' dir='ltr'><strong>dat</strong></span> <span class='ocrx_word' id='word_1_439' title='bbox 803 5292 1014 5364; x_wconf 87' lang='lat' dir='ltr'><strong>signum</strong></span> <span class='ocrx_word' id='word_1_440' title='bbox 1058 5297 1495 5364; x_wconf 82' lang='lat' dir='ltr'><strong>persecutoribus</strong></span> <span class='ocrx_word' id='word_1_441' title='bbox 1536 5298 1671 5362; x_wconf 88' lang='lat' dir='ltr'><strong>suis,</strong></span> <span class='ocrx_word' id='word_1_442' title='bbox 1701 5306 1763 5351; x_wconf 93' lang='lat' dir='ltr'><strong>ut</strong></span> <span class='ocrx_word' id='word_1_443' title='bbox 1806 5313 2100 5369; x_wconf 86' lang='lat' dir='ltr'><strong>quemcun-</strong></span> 
     </span>
    </p>
   </div>
   <div class='ocr_carea' id='block_1_57' title="bbox 510 5386 2098 5460">
    <p class='ocr_par' dir='ltr' id='par_1_57' title="bbox 510 5386 2098 5460">
     <span class='ocr_line' id='line_1_57' title="bbox 510 5386 2098 5460; baseline 0.006 -19"><span class='ocrx_word' id='word_1_444' title='bbox 510 5402 616 5458; x_wconf 87' lang='lat' dir='ltr'><strong>que</strong></span> <span class='ocrx_word' id='word_1_445' title='bbox 643 5386 1002 5454; x_wconf 87' lang='lat' dir='ltr'><strong>oscularetur,</strong></span> <span class='ocrx_word' id='word_1_446' title='bbox 1035 5387 1210 5459; x_wconf 88' lang='lat' dir='ltr'><strong>ipsum</strong></span> <span class='ocrx_word' id='word_1_447' title='bbox 1253 5390 1794 5460; x_wconf 87' lang='lat' dir='ltr'><strong>comprehenderent,</strong></span> <span class='ocrx_word' id='word_1_448' title='bbox 1824 5391 2098 5450; x_wconf 59' lang='lat' dir='ltr'><strong>aestimans</strong></span> 
     </span>
    </p>
   </div>
   <div class='ocr_carea' id='block_1_58' title="bbox 508 5476 2096 5549">
    <p class='ocr_par' dir='ltr' id='par_1_58' title="bbox 508 5476 2096 5549">
     <span class='ocr_line' id='line_1_58' title="bbox 508 5476 2096 5549; baseline 0.004 -16"><span class='ocrx_word' id='word_1_449' title='bbox 508 5476 793 5533; x_wconf 88' lang='lat' dir='ltr'><strong>Dominum</strong></span> <span class='ocrx_word' id='word_1_450' title='bbox 836 5487 1214 5549; x_wconf 87' lang='lat' dir='ltr'><strong>persecutores</strong></span> <span class='ocrx_word' id='word_1_451' title='bbox 1259 5495 1388 5536; x_wconf 90' lang='lat' dir='ltr'><strong>suos</strong></span> <span class='ocrx_word' id='word_1_452' title='bbox 1430 5480 1680 5548; x_wconf 87' lang='lat' dir='ltr'><strong>eludere,</strong></span> <span class='ocrx_word' id='word_1_453' title='bbox 1728 5489 1785 5538; x_wconf 89' lang='lat' dir='ltr'><strong>et</strong></span> <span class='ocrx_word' id='word_1_454' title='bbox 1829 5482 1885 5537; x_wconf 90' lang='lat' dir='ltr'><strong>in</strong></span> <span class='ocrx_word' id='word_1_455' title='bbox 1934 5482 2096 5539; x_wconf 86' lang='lat' dir='ltr'><strong>aliam</strong></span> 
     </span>
    </p>
   </div>
   <div class='ocr_carea' id='block_1_59' title="bbox 507 5569 1260 5645">
    <p class='ocr_par' dir='ltr' id='par_1_59' title="bbox 507 5569 1260 5645">
     <span class='ocr_line' id='line_1_59' title="bbox 507 5569 1260 5645; baseline 0 -19"><span class='ocrx_word' id='word_1_456' title='bbox 507 5569 735 5627; x_wconf 80' lang='lat' dir='ltr'><strong>formam</strong></span> <span class='ocrx_word' id='word_1_457' title='bbox 764 5586 825 5628; x_wconf 89' lang='lat' dir='ltr'><strong>se</strong></span> <span class='ocrx_word' id='word_1_458' title='bbox 852 5571 1260 5645; x_wconf 87' lang='lat' dir='ltr'><strong>transﬁgurare.</strong></span> 
     </span>
    </p>
   </div>
   <div class='ocr_carea' id='block_1_60' title="bbox 586 5661 2096 5734">
    <p class='ocr_par' dir='ltr' id='par_1_60' title="bbox 586 5661 2096 5734">
     <span class='ocr_line' id='line_1_60' title="bbox 586 5661 2096 5734; baseline 0.005 -19"><span class='ocrx_word' id='word_1_459' title='bbox 586 5678 608 5715; x_wconf 79' lang='grc' dir='ltr'>ι</span> <span class='ocrx_word' id='word_1_460' title='bbox 648 5661 715 5718; x_wconf 86' lang='lat' dir='ltr'><strong>Et</strong></span> <span class='ocrx_word' id='word_1_461' title='bbox 756 5663 1040 5720; x_wconf 84' lang='lat' dir='ltr'><strong>confestim</strong></span> <span class='ocrx_word' id='word_1_462' title='bbox 1077 5664 1343 5720; x_wconf 86' lang='lat' dir='ltr'><strong>accedens</strong></span> <span class='ocrx_word' id='word_1_463' title='bbox 1379 5664 1448 5720; x_wconf 91' lang='lat' dir='ltr'><strong>ad</strong></span> <span class='ocrx_word' id='word_1_464' title='bbox 1489 5663 1692 5731; x_wconf 83' lang='lat' dir='ltr'><strong>Jesum,</strong></span> <span class='ocrx_word' id='word_1_465' title='bbox 1744 5666 1881 5722; x_wconf 89' lang='lat' dir='ltr'><strong>dixit</strong></span> <span class='ocrx_word' id='word_1_466' title='bbox 1914 5686 1927 5721; x_wconf 91' lang='lat'><strong>:</strong></span> <span class='ocrx_word' id='word_1_467' title='bbox 1961 5665 2096 5734; x_wconf 88' lang='lat' dir='ltr'><strong>Ave,</strong></span> 
     </span>
    </p>
   </div>
   <div class='ocr_carea' id='block_1_61' title="bbox 515 5753 2096 5815">
    <p class='ocr_par' dir='ltr' id='par_1_61' title="bbox 515 5753 2096 5815">
     <span class='ocr_line' id='line_1_61' title="bbox 515 5753 2096 5815; baseline 0.006 -10"><span class='ocrx_word' id='word_1_468' title='bbox 515 5769 534 5805; x_wconf 72' lang='grc' dir='ltr'>ι</span> <span class='ocrx_word' id='word_1_469' title='bbox 582 5753 756 5809; x_wconf 90' lang='lat' dir='ltr'><strong>rahbi.</strong></span> <span class='ocrx_word' id='word_1_470' title='bbox 788 5755 858 5809; x_wconf 85' lang='lat' dir='ltr'><strong>Et</strong></span> <span class='ocrx_word' id='word_1_471' title='bbox 898 5753 1173 5811; x_wconf 83' lang='lat' dir='ltr'><strong>osculatus</strong></span> <span class='ocrx_word' id='word_1_472' title='bbox 1217 5763 1302 5811; x_wconf 90' lang='lat' dir='ltr'><strong>est</strong></span> <span class='ocrx_word' id='word_1_473' title='bbox 1326 5769 1469 5812; x_wconf 85' lang='lat' dir='ltr'><strong>eum.</strong></span> <span class='ocrx_word' id='word_1_474' title='bbox 1505 5776 1526 5811; x_wconf 75' lang='grc' dir='ltr'><strong><em>ι</em></strong></span> <span class='ocrx_word' id='word_1_475' title='bbox 1559 5755 1783 5814; x_wconf 89' lang='lat' dir='ltr'><strong>Summa</strong></span> <span class='ocrx_word' id='word_1_476' title='bbox 1825 5757 2096 5815; x_wconf 85' lang='lat' dir='ltr'><strong>dementia</strong></span> 
     </span>
    </p>
   </div>
   <div class='ocr_carea' id='block_1_62' title="bbox 487 5843 2093 5922">
    <p class='ocr_par' dir='ltr' id='par_1_62' title="bbox 487 5843 2093 5922">
     <span class='ocr_line' id='line_1_62' title="bbox 487 5843 2093 5922; baseline 0.002 -20"><span class='ocrx_word' id='word_1_477' title='bbox 487 5843 740 5902; x_wconf 76' lang='lat' dir='ltr'><strong>infelicis</strong></span> <span class='ocrx_word' id='word_1_478' title='bbox 774 5843 952 5901; x_wconf 66' lang='lat' dir='ltr'><strong>Judve!</strong></span> <span class='ocrx_word' id='word_1_479' title='bbox 983 5844 1117 5901; x_wconf 85' lang='lat' dir='ltr'><strong>Nam</strong></span> <span class='ocrx_word' id='word_1_480' title='bbox 1145 5847 1389 5903; x_wconf 89' lang='lat' dir='ltr'><strong>osculum</strong></span> <span class='ocrx_word' id='word_1_481' title='bbox 1436 5849 1585 5921; x_wconf 89' lang='lat' dir='ltr'><strong>pacis</strong></span> <span class='ocrx_word' id='word_1_482' title='bbox 1611 5849 1838 5922; x_wconf 87' lang='lat' dir='ltr'><strong>porrigit</strong></span> <span class='ocrx_word' id='word_1_483' title='bbox 1860 5851 1908 5905; x_wconf 90' lang='lat' dir='ltr'><strong>ei</strong></span> <span class='ocrx_word' id='word_1_484' title='bbox 1934 5866 2093 5922; x_wconf 87' lang='lat' dir='ltr'><strong>quem</strong></span> 
     </span>
    </p>
   </div>
   <div class='ocr_carea' id='block_1_63' title="bbox 2187 612 3828 691">
    <p class='ocr_par' dir='ltr' id='par_1_63' title="bbox 2187 612 3828 691">
     <span class='ocr_line' id='line_1_63' title="bbox 2187 612 3828 691; baseline -0.005 -16"><span class='ocrx_word' id='word_1_485' title='bbox 2187 622 2305 677; x_wconf 91' lang='lat' dir='ltr'><strong>loco</strong></span> <span class='ocrx_word' id='word_1_486' title='bbox 2337 612 2479 691; x_wconf 78' lang='lat' dir='ltr'><strong>quod</strong></span> <span class='ocrx_word' id='word_1_487' title='bbox 2506 636 2602 690; x_wconf 89' lang='lat' dir='ltr'><strong>per</strong></span> <span class='ocrx_word' id='word_1_488' title='bbox 2627 619 2969 675; x_wconf 84' lang='lat' dir='ltr'><strong>Psalmistam</strong></span> <span class='ocrx_word' id='word_1_489' title='bbox 2991 619 3190 674; x_wconf 91' lang='lat' dir='ltr'><strong>dicitur</strong></span> <span class='ocrx_word' id='word_1_490' title='bbox 3216 637 3228 671; x_wconf 93' lang='lat'><strong>:</strong></span> <span class='ocrx_word' id='word_1_491' title='bbox 3264 636 3283 669; x_wconf 75' lang='grc' dir='ltr'>ι</span> <span class='ocrx_word' id='word_1_492' title='bbox 3318 617 3423 686; x_wconf 82' lang='lat' dir='ltr'><strong>Qui</strong></span> <span class='ocrx_word' id='word_1_493' title='bbox 3447 616 3695 671; x_wconf 83' lang='lat' dir='ltr'><strong>edebat</strong></span> <span class='ocrx_word' id='word_1_494' title='bbox 3724 629 3828 684; x_wconf 74' lang='lat' dir='ltr'><strong>pa-</strong></span> 
     </span>
    </p>
   </div>
   <div class='ocr_carea' id='block_1_64' title="bbox 2188 707 3828 781">
    <p class='ocr_par' dir='ltr' id='par_1_64' title="bbox 2188 707 3828 781">
     <span class='ocr_line' id='line_1_64' title="bbox 2188 707 3828 781; baseline -0.004 -14"><span class='ocrx_word' id='word_1_495' title='bbox 2188 728 2311 767; x_wconf 90' lang='lat' dir='ltr'><strong>nem</strong></span> <span class='ocrx_word' id='word_1_496' title='bbox 2332 727 2532 776; x_wconf 88' lang='lat' dir='ltr'><strong>meum,</strong></span> <span class='ocrx_word' id='word_1_497' title='bbox 2556 709 3136 781; x_wconf 83' lang='lat' dir='ltr'><strong>ampliavitadversum</strong></span> <span class='ocrx_word' id='word_1_498' title='bbox 3160 724 3247 764; x_wconf 90' lang='lat' dir='ltr'><strong>me</strong></span> <span class='ocrx_word' id='word_1_499' title='bbox 3280 707 3828 780; x_wconf 78' lang='lat' dir='ltr'><strong>supplantationem</strong></span> 
     </span>
    </p>
   </div>
   <div class='ocr_carea' id='block_1_65' title="bbox 2188 802 2551 877">
    <p class='ocr_par' dir='ltr' id='par_1_65' title="bbox 2188 802 2551 877">
     <span class='ocr_line' id='line_1_65' title="bbox 2188 802 2551 877; baseline -0.003 -19"><span class='ocrx_word' id='word_1_500' title='bbox 2188 802 2361 876; x_wconf 79' lang='lat' dir='ltr'><strong>(Psal.</strong></span> <span class='ocrx_word' id='word_1_501' title='bbox 2388 803 2497 877; x_wconf 74' lang='lat' dir='ltr'><strong>XL).</strong></span> <span class='ocrx_word' id='word_1_502' title='bbox 2532 823 2551 857; x_wconf 79' lang='grc'>›</span> 
     </span>
    </p>
   </div>
   <div class='ocr_carea' id='block_1_66' title="bbox 2262 892 3826 963">
    <p class='ocr_par' dir='ltr' id='par_1_66' title="bbox 2262 892 3826 963">
     <span class='ocr_line' id='line_1_66' title="bbox 2262 892 3826 963; baseline 0 -18"><span class='ocrx_word' id='word_1_503' title='bbox 2262 913 2281 945; x_wconf 78' lang='grc' dir='ltr'>ι</span> <span class='ocrx_word' id='word_1_504' title='bbox 2313 894 2519 958; x_wconf 84' lang='lat' dir='ltr'><strong>Amice,</strong></span> <span class='ocrx_word' id='word_1_505' title='bbox 2552 893 2619 947; x_wconf 89' lang='lat' dir='ltr'><strong>ad</strong></span> <span class='ocrx_word' id='word_1_506' title='bbox 2646 893 2789 963; x_wconf 85' lang='lat' dir='ltr'><strong>quod</strong></span> <span class='ocrx_word' id='word_1_507' title='bbox 2817 892 3015 949; x_wconf 89' lang='lat' dir='ltr'><strong>venisti</strong></span> <span class='ocrx_word' id='word_1_508' title='bbox 3034 893 3097 947; x_wconf 65' lang='grc' dir='ltr'><strong>ἲ)</strong></span> <span class='ocrx_word' id='word_1_509' title='bbox 3129 892 3348 948; x_wconf 84' lang='lat' dir='ltr'><strong>Duobus</strong></span> <span class='ocrx_word' id='word_1_510' title='bbox 3372 893 3569 948; x_wconf 83' lang='lat' dir='ltr'><strong>modis</strong></span> <span class='ocrx_word' id='word_1_511' title='bbox 3612 900 3717 947; x_wconf 79' lang='lat' dir='ltr'><strong>est</strong></span> <span class='ocrx_word' id='word_1_512' title='bbox 3744 892 3826 945; x_wconf 80' lang='lat' dir='ltr'><strong>in-</strong></span> 
     </span>
    </p>
   </div>
   <div class='ocr_carea' id='block_1_67' title="bbox 2190 983 3825 1057">
    <p class='ocr_par' dir='ltr' id='par_1_67' title="bbox 2190 983 3825 1057">
     <span class='ocr_line' id='line_1_67' title="bbox 2190 983 3825 1057; baseline -0.001 -18"><span class='ocrx_word' id='word_1_513' title='bbox 2190 983 2531 1056; x_wconf 74' lang='lat' dir='ltr'><strong>telligendum</strong></span> <span class='ocrx_word' id='word_1_514' title='bbox 2546 994 2599 1040; x_wconf 90' lang='lat' dir='ltr'><strong>et</strong></span> <span class='ocrx_word' id='word_1_515' title='bbox 2626 985 3063 1057; x_wconf 77' lang='lat' dir='ltr'><strong>distinguendum</strong></span> <span class='ocrx_word' id='word_1_516' title='bbox 3087 994 3190 1042; x_wconf 89' lang='lat' dir='ltr'><strong>est.</strong></span> <span class='ocrx_word' id='word_1_517' title='bbox 3217 984 3415 1041; x_wconf 89' lang='lat' dir='ltr'><strong>Sedita</strong></span> <span class='ocrx_word' id='word_1_518' title='bbox 3443 985 3825 1052; x_wconf 54' lang='lat' dir='ltr'><strong>distinguet»</strong></span> 
     </span>
    </p>
   </div>
   <div class='ocr_carea' id='block_1_68' title="bbox 2189 1076 3817 1148">
    <p class='ocr_par' dir='ltr' id='par_1_68' title="bbox 2189 1076 3817 1148">
     <span class='ocr_line' id='line_1_68' title="bbox 2189 1076 3817 1148; baseline -0.002 -17"><span class='ocrx_word' id='word_1_519' title='bbox 2189 1076 2315 1131; x_wconf 89' lang='lat' dir='ltr'><strong>dum</strong></span> <span class='ocrx_word' id='word_1_520' title='bbox 2357 1088 2458 1143; x_wconf 89' lang='lat' dir='ltr'><strong>est,</strong></span> <span class='ocrx_word' id='word_1_521' title='bbox 2488 1088 2545 1132; x_wconf 92' lang='lat' dir='ltr'><strong>ut</strong></span> <span class='ocrx_word' id='word_1_522' title='bbox 2575 1079 2857 1134; x_wconf 89' lang='lat' dir='ltr'><strong>dicamus:</strong></span> <span class='ocrx_word' id='word_1_523' title='bbox 2886 1099 2906 1132; x_wconf 75' lang='grc' dir='ltr'>ι</span> <span class='ocrx_word' id='word_1_524' title='bbox 2937 1080 3142 1144; x_wconf 86' lang='lat' dir='ltr'><strong>Amice,</strong></span> <span class='ocrx_word' id='word_1_525' title='bbox 3186 1080 3252 1133; x_wconf 90' lang='lat' dir='ltr'><strong>ad</strong></span> <span class='ocrx_word' id='word_1_526' title='bbox 3290 1079 3434 1148; x_wconf 90' lang='lat' dir='ltr'><strong>quod</strong></span> <span class='ocrx_word' id='word_1_527' title='bbox 3475 1078 3766 1134; x_wconf 77' lang='lat' dir='ltr'><strong>venisti?</strong></span> <span class='ocrx_word' id='word_1_528' title='bbox 3800 1097 3817 1128; x_wconf 82' lang='grc' dir='ltr'><strong><em>ι</em></strong></span> 
     </span>
    </p>
   </div>
   <div class='ocr_carea' id='block_1_69' title="bbox 2189 1168 3821 1241">
    <p class='ocr_par' dir='ltr' id='par_1_69' title="bbox 2189 1168 3821 1241">
     <span class='ocr_line' id='line_1_69' title="bbox 2189 1168 3821 1241; baseline 0.002 -20"><span class='ocrx_word' id='word_1_529' title='bbox 2189 1177 2249 1222; x_wconf 82' lang='grc' dir='ltr'><strong>ιιι</strong></span> <span class='ocrx_word' id='word_1_530' title='bbox 2274 1168 2659 1240; x_wconf 82' lang='lat' dir='ltr'><strong>interrogantis</strong></span> <span class='ocrx_word' id='word_1_531' title='bbox 2694 1171 2852 1225; x_wconf 90' lang='lat' dir='ltr'><strong>modo</strong></span> <span class='ocrx_word' id='word_1_532' title='bbox 2872 1170 3101 1241; x_wconf 87' lang='lat' dir='ltr'><strong>legatur,</strong></span> <span class='ocrx_word' id='word_1_533' title='bbox 3131 1186 3233 1225; x_wconf 88' lang='lat' dir='ltr'><strong>vox</strong></span> <span class='ocrx_word' id='word_1_534' title='bbox 3263 1170 3477 1225; x_wconf 87' lang='lat' dir='ltr'><strong>Domini</strong></span> <span class='ocrx_word' id='word_1_535' title='bbox 3506 1179 3621 1225; x_wconf 81' lang='lat' dir='ltr'><strong>est</strong></span> <span class='ocrx_word' id='word_1_536' title='bbox 3653 1171 3821 1225; x_wconf 82' lang='lat' dir='ltr'><strong>mise-</strong></span> 
     </span>
    </p>
   </div>
   <div class='ocr_carea' id='block_1_70' title="bbox 2191 1260 3817 1329">
    <p class='ocr_par' dir='ltr' id='par_1_70' title="bbox 2191 1260 3817 1329">
     <span class='ocr_line' id='line_1_70' title="bbox 2191 1260 3817 1329; baseline -0.001 -16"><span class='ocrx_word' id='word_1_537' title='bbox 2191 1275 2310 1313; x_wconf 91' lang='lat' dir='ltr'><strong>rum</strong></span> <span class='ocrx_word' id='word_1_538' title='bbox 2354 1260 2702 1328; x_wconf 82' lang='lat' dir='ltr'><strong>increpantis,</strong></span> <span class='ocrx_word' id='word_1_539' title='bbox 2750 1269 2805 1314; x_wconf 92' lang='lat' dir='ltr'><strong>et</strong></span> <span class='ocrx_word' id='word_1_540' title='bbox 2846 1260 3079 1316; x_wconf 88' lang='lat' dir='ltr'><strong>dolentis</strong></span> <span class='ocrx_word' id='word_1_541' title='bbox 3125 1260 3267 1328; x_wconf 86' lang='lat' dir='ltr'><strong>quod</strong></span> <span class='ocrx_word' id='word_1_542' title='bbox 3294 1276 3322 1314; x_wconf 89' lang='lat' dir='ltr'><strong>a</strong></span> <span class='ocrx_word' id='word_1_543' title='bbox 3354 1274 3597 1314; x_wconf 87' lang='lat' dir='ltr'><strong>summo</strong></span> <span class='ocrx_word' id='word_1_544' title='bbox 3646 1262 3817 1329; x_wconf 80' lang='lat' dir='ltr'><strong>gradu</strong></span> 
     </span>
    </p>
   </div>
   <div class='ocr_carea' id='block_1_71' title="bbox 2192 1353 3818 1424">
    <p class='ocr_par' dir='ltr' id='par_1_71' title="bbox 2192 1353 3818 1424">
     <span class='ocr_line' id='line_1_71' title="bbox 2192 1353 3818 1424; baseline 0 -17"><span class='ocrx_word' id='word_1_545' title='bbox 2192 1353 2525 1424; x_wconf 83' lang='lat' dir='ltr'><strong>apostolatus</strong></span> <span class='ocrx_word' id='word_1_546' title='bbox 2548 1354 2613 1407; x_wconf 90' lang='lat' dir='ltr'><strong>ad</strong></span> <span class='ocrx_word' id='word_1_547' title='bbox 2640 1354 2963 1423; x_wconf 84' lang='lat' dir='ltr'><strong>apostasiam</strong></span> <span class='ocrx_word' id='word_1_548' title='bbox 2988 1353 3270 1408; x_wconf 89' lang='lat' dir='ltr'><strong>devolutus</strong></span> <span class='ocrx_word' id='word_1_549' title='bbox 3297 1363 3437 1417; x_wconf 78' lang='lat' dir='ltr'><strong>erat,</strong></span> <span class='ocrx_word' id='word_1_550' title='bbox 3470 1361 3541 1407; x_wconf 83' lang='lat' dir='ltr'><strong>ut</strong></span> <span class='ocrx_word' id='word_1_551' title='bbox 3592 1353 3680 1406; x_wconf 89' lang='lat' dir='ltr'><strong>sit</strong></span> <span class='ocrx_word' id='word_1_552' title='bbox 3700 1368 3818 1407; x_wconf 61' lang='lat' dir='ltr'><strong>seno</strong></span> 
     </span>
    </p>
   </div>
   <div class='ocr_carea' id='block_1_72' title="bbox 2192 1442 3815 1514">
    <p class='ocr_par' dir='ltr' id='par_1_72' title="bbox 2192 1442 3815 1514">
     <span class='ocr_line' id='line_1_72' title="bbox 2192 1442 3815 1514; baseline -0.004 -14"><span class='ocrx_word' id='word_1_553' title='bbox 2192 1445 2325 1500; x_wconf 85' lang='lat' dir='ltr'><strong>sus?</strong></span> <span class='ocrx_word' id='word_1_554' title='bbox 2350 1462 2367 1495; x_wconf 78' lang='grc' dir='ltr'>ι</span> <span class='ocrx_word' id='word_1_555' title='bbox 2400 1443 2607 1509; x_wconf 86' lang='lat' dir='ltr'><strong>Amice,</strong></span> <span class='ocrx_word' id='word_1_556' title='bbox 2640 1444 2706 1498; x_wconf 89' lang='lat' dir='ltr'><strong>ad</strong></span> <span class='ocrx_word' id='word_1_557' title='bbox 2736 1443 2879 1514; x_wconf 90' lang='lat' dir='ltr'><strong>quod</strong></span> <span class='ocrx_word' id='word_1_558' title='bbox 2903 1442 3097 1498; x_wconf 78' lang='lat' dir='ltr'><strong>venisti</strong></span> <span class='ocrx_word' id='word_1_559' title='bbox 3121 1442 3146 1496; x_wconf 86' lang='lat'><strong>?</strong></span> <span class='ocrx_word' id='word_1_560' title='bbox 3168 1462 3186 1494; x_wconf 72' lang='grc' dir='ltr'><strong>ο</strong></span> <span class='ocrx_word' id='word_1_561' title='bbox 3209 1443 3259 1495; x_wconf 92' lang='lat' dir='ltr'><strong>id</strong></span> <span class='ocrx_word' id='word_1_562' title='bbox 3282 1453 3390 1502; x_wconf 89' lang='lat' dir='ltr'><strong>est.</strong></span> <span class='ocrx_word' id='word_1_563' title='bbox 3422 1443 3492 1496; x_wconf 90' lang='lat' dir='ltr'><strong>ad</strong></span> <span class='ocrx_word' id='word_1_564' title='bbox 3522 1452 3815 1512; x_wconf 80' lang='lat' dir='ltr'><strong>quantum</strong></span> 
     </span>
    </p>
   </div>
   <div class='ocr_carea' id='block_1_73' title="bbox 2194 1533 3814 1606">
    <p class='ocr_par' dir='ltr' id='par_1_73' title="bbox 2194 1533 3814 1606">
     <span class='ocr_line' id='line_1_73' title="bbox 2194 1533 3814 1606; baseline -0.001 -16"><span class='ocrx_word' id='word_1_565' title='bbox 2194 1536 2395 1591; x_wconf 89' lang='lat' dir='ltr'><strong>malum</strong></span> <span class='ocrx_word' id='word_1_566' title='bbox 2426 1536 2664 1606; x_wconf 90' lang='lat' dir='ltr'><strong>dejectus</strong></span> <span class='ocrx_word' id='word_1_567' title='bbox 2686 1549 2768 1596; x_wconf 90' lang='lat' dir='ltr'><strong>es,</strong></span> <span class='ocrx_word' id='word_1_568' title='bbox 2797 1544 2855 1588; x_wconf 92' lang='lat' dir='ltr'><strong>ut</strong></span> <span class='ocrx_word' id='word_1_569' title='bbox 2883 1533 2951 1589; x_wconf 90' lang='lat' dir='ltr'><strong>de</strong></span> <span class='ocrx_word' id='word_1_570' title='bbox 2976 1534 3221 1595; x_wconf 75' lang='lat' dir='ltr'><strong>apostolo</strong></span> <span class='ocrx_word' id='word_1_571' title='bbox 3249 1534 3405 1589; x_wconf 82' lang='lat' dir='ltr'><strong>ﬁeres</strong></span> <span class='ocrx_word' id='word_1_572' title='bbox 3432 1543 3740 1604; x_wconf 81' lang='lat' dir='ltr'><strong>apostata,</strong></span> <span class='ocrx_word' id='word_1_573' title='bbox 3766 1542 3814 1587; x_wconf 82' lang='lat' dir='ltr'><strong>et</strong></span> 
     </span>
    </p>
   </div>
   <div class='ocr_carea' id='block_1_74' title="bbox 2194 1625 3814 1696">
    <p class='ocr_par' dir='ltr' id='par_1_74' title="bbox 2194 1625 3814 1696">
     <span class='ocr_line' id='line_1_74' title="bbox 2194 1625 3814 1696; baseline -0.003 -12"><span class='ocrx_word' id='word_1_574' title='bbox 2194 1630 2261 1684; x_wconf 89' lang='lat' dir='ltr'><strong>de</strong></span> <span class='ocrx_word' id='word_1_575' title='bbox 2286 1630 2507 1684; x_wconf 84' lang='lat' dir='ltr'><strong>doctore</strong></span> <span class='ocrx_word' id='word_1_576' title='bbox 2535 1626 2797 1691; x_wconf 88' lang='lat' dir='ltr'><strong>veritatis,</strong></span> <span class='ocrx_word' id='word_1_577' title='bbox 2829 1626 2988 1681; x_wconf 88' lang='lat' dir='ltr'><strong>ﬁeres</strong></span> <span class='ocrx_word' id='word_1_578' title='bbox 3008 1626 3267 1696; x_wconf 88' lang='lat' dir='ltr'><strong>magister</strong></span> <span class='ocrx_word' id='word_1_579' title='bbox 3284 1625 3492 1682; x_wconf 87' lang='lat' dir='ltr'><strong>erroris</strong></span> <span class='ocrx_word' id='word_1_580' title='bbox 3512 1626 3546 1679; x_wconf 72' lang='grc'><strong><em>2</em></strong></span> <span class='ocrx_word' id='word_1_581' title='bbox 3586 1625 3656 1680; x_wconf 87' lang='lat' dir='ltr'><strong>Si</strong></span> <span class='ocrx_word' id='word_1_582' title='bbox 3693 1640 3814 1679; x_wconf 80' lang='lat' dir='ltr'><strong>vero</strong></span> 
     </span>
    </p>
   </div>
   <div class='ocr_carea' id='block_1_75' title="bbox 2194 1715 3809 1790">
    <p class='ocr_par' dir='ltr' id='par_1_75' title="bbox 2194 1715 3809 1790">
     <span class='ocr_line' id='line_1_75' title="bbox 2194 1715 3809 1790; baseline -0.003 -17"><span class='ocrx_word' id='word_1_583' title='bbox 2194 1719 2410 1790; x_wconf 83' lang='lat' dir='ltr'><strong>plenam</strong></span> <span class='ocrx_word' id='word_1_584' title='bbox 2454 1718 2853 1774; x_wconf 89' lang='lat' dir='ltr'><strong>distinctionem</strong></span> <span class='ocrx_word' id='word_1_585' title='bbox 2906 1717 2979 1771; x_wconf 89' lang='lat' dir='ltr'><strong>ibi</strong></span> <span class='ocrx_word' id='word_1_586' title='bbox 3029 1715 3338 1778; x_wconf 82' lang='lat' dir='ltr'><strong>fecerimus,</strong></span> <span class='ocrx_word' id='word_1_587' title='bbox 3392 1725 3456 1770; x_wconf 91' lang='lat' dir='ltr'><strong>ut</strong></span> <span class='ocrx_word' id='word_1_588' title='bbox 3504 1716 3809 1770; x_wconf 77' lang='lat' dir='ltr'><strong>dicamus:</strong></span> 
     </span>
    </p>
   </div>
   <div class='ocr_carea' id='block_1_76' title="bbox 2203 1807 3807 1880">
    <p class='ocr_par' dir='ltr' id='par_1_76' title="bbox 2203 1807 3807 1880">
     <span class='ocr_line' id='line_1_76' title="bbox 2203 1807 3807 1880; baseline -0.001 -18"><span class='ocrx_word' id='word_1_589' title='bbox 2203 1829 2221 1862; x_wconf 75' lang='grc' dir='ltr'>ι</span> <span class='ocrx_word' id='word_1_590' title='bbox 2266 1810 2475 1873; x_wconf 86' lang='lat' dir='ltr'><strong>Amice,</strong></span> <span class='ocrx_word' id='word_1_591' title='bbox 2522 1807 2589 1862; x_wconf 89' lang='lat' dir='ltr'><strong>ad</strong></span> <span class='ocrx_word' id='word_1_592' title='bbox 2615 1808 2756 1880; x_wconf 91' lang='lat' dir='ltr'><strong>quod</strong></span> <span class='ocrx_word' id='word_1_593' title='bbox 2785 1808 2999 1873; x_wconf 84' lang='lat' dir='ltr'><strong>venisti,</strong></span> <span class='ocrx_word' id='word_1_594' title='bbox 3032 1827 3051 1861; x_wconf 72' lang='grc' dir='ltr'><strong>ι</strong></span> <span class='ocrx_word' id='word_1_595' title='bbox 3083 1816 3143 1862; x_wconf 91' lang='lat' dir='ltr'><strong>ut</strong></span> <span class='ocrx_word' id='word_1_596' title='bbox 3170 1807 3551 1873; x_wconf 88' lang='lat' dir='ltr'><strong>subaudiatur,</strong></span> <span class='ocrx_word' id='word_1_597' title='bbox 3583 1807 3807 1878; x_wconf 83' lang='lat' dir='ltr'><strong>perﬁce,</strong></span> 
     </span>
    </p>
   </div>
   <div class='ocr_carea' id='block_1_77' title="bbox 2727 1898 3810 1971">
    <p class='ocr_par' dir='ltr' id='par_1_77' title="bbox 2727 1898 3810 1971">
     <span class='ocr_line' id='line_1_77' title="bbox 2727 1898 3810 1971; baseline 0.002 -18"><span class='ocrx_word' id='word_1_598' title='bbox 2727 1898 2991 1969; x_wconf 82' lang='lat' dir='ltr'><strong>Relinque</strong></span> <span class='ocrx_word' id='word_1_599' title='bbox 3033 1899 3276 1955; x_wconf 88' lang='lat' dir='ltr'><strong>osculum</strong></span> <span class='ocrx_word' id='word_1_600' title='bbox 3306 1902 3484 1971; x_wconf 86' lang='lat' dir='ltr'><strong>pacis,</strong></span> <span class='ocrx_word' id='word_1_601' title='bbox 3518 1908 3591 1955; x_wconf 87' lang='lat' dir='ltr'><strong>et</strong></span> <span class='ocrx_word' id='word_1_602' title='bbox 3655 1900 3810 1970; x_wconf 77' lang='lat' dir='ltr'><strong>imple</strong></span> 
     </span>
    </p>
   </div>
   <div class='ocr_carea' id='block_1_78' title="bbox 2195 1992 2815 2050">
    <p class='ocr_par' dir='ltr' id='par_1_78' title="bbox 2195 1992 2815 2050">
     <span class='ocr_line' id='line_1_78' title="bbox 2195 1992 2815 2050; baseline -0.002 0"><span class='ocrx_word' id='word_1_603' title='bbox 2195 1996 2473 2050; x_wconf 87' lang='lat' dir='ltr'><strong>traditoris</strong></span> <span class='ocrx_word' id='word_1_604' title='bbox 2500 1994 2758 2050; x_wconf 80' lang='lat' dir='ltr'><strong>cilicium.</strong></span> <span class='ocrx_word' id='word_1_605' title='bbox 2812 1992 2815 1995; x_wconf 61' lang='grc'><em>“</em></span> 
     </span>
    </p>
   </div>
   <div class='ocr_carea' id='block_1_79' title="bbox 2268 2084 3807 2157">
    <p class='ocr_par' dir='ltr' id='par_1_79' title="bbox 2268 2084 3807 2157">
     <span class='ocr_line' id='line_1_79' title="bbox 2268 2084 3807 2157; baseline 0.001 -18"><span class='ocrx_word' id='word_1_606' title='bbox 2268 2107 2287 2139; x_wconf 74' lang='grc' dir='ltr'>ι</span> <span class='ocrx_word' id='word_1_607' title='bbox 2334 2088 2400 2142; x_wconf 82' lang='grc' dir='ltr'><strong>Εῑ</strong></span> <span class='ocrx_word' id='word_1_608' title='bbox 2430 2102 2557 2142; x_wconf 90' lang='lat' dir='ltr'><strong>ecce</strong></span> <span class='ocrx_word' id='word_1_609' title='bbox 2584 2102 2725 2142; x_wconf 90' lang='lat' dir='ltr'><strong>unus</strong></span> <span class='ocrx_word' id='word_1_610' title='bbox 2753 2101 2820 2141; x_wconf 86' lang='lat' dir='ltr'><strong>ex</strong></span> <span class='ocrx_word' id='word_1_611' title='bbox 2842 2086 2929 2143; x_wconf 90' lang='lat' dir='ltr'><strong>his</strong></span> <span class='ocrx_word' id='word_1_612' title='bbox 2955 2086 3047 2157; x_wconf 90' lang='lat' dir='ltr'><strong>qui</strong></span> <span class='ocrx_word' id='word_1_613' title='bbox 3071 2094 3225 2141; x_wconf 85' lang='lat' dir='ltr'><strong>erant</strong></span> <span class='ocrx_word' id='word_1_614' title='bbox 3251 2101 3374 2142; x_wconf 92' lang='lat' dir='ltr'><strong>cum</strong></span> <span class='ocrx_word' id='word_1_615' title='bbox 3420 2084 3594 2152; x_wconf 66' lang='lat' dir='ltr'><strong>Iesu,</strong></span> <span class='ocrx_word' id='word_1_616' title='bbox 3626 2095 3807 2142; x_wconf 69' lang='lat' dir='ltr'><strong>exten-</strong></span> 
     </span>
    </p>
   </div>
   <div class='ocr_carea' id='block_1_80' title="bbox 2198 2180 3801 2251">
    <p class='ocr_par' dir='ltr' id='par_1_80' title="bbox 2198 2180 3801 2251">
     <span class='ocr_line' id='line_1_80' title="bbox 2198 2180 3801 2251; baseline 0.002 -17"><span class='ocrx_word' id='word_1_617' title='bbox 2198 2200 2216 2234; x_wconf 73' lang='lat' dir='ltr'><strong>t</strong></span> <span class='ocrx_word' id='word_1_618' title='bbox 2264 2182 2398 2237; x_wconf 88' lang='lat' dir='ltr'><strong>dens</strong></span> <span class='ocrx_word' id='word_1_619' title='bbox 2425 2195 2669 2245; x_wconf 89' lang='lat' dir='ltr'><strong>manum,</strong></span> <span class='ocrx_word' id='word_1_620' title='bbox 2698 2180 2902 2235; x_wconf 77' lang='lat' dir='ltr'><strong>exeruit</strong></span> <span class='ocrx_word' id='word_1_621' title='bbox 2927 2180 3163 2251; x_wconf 87' lang='lat' dir='ltr'><strong>gladium</strong></span> <span class='ocrx_word' id='word_1_622' title='bbox 3194 2195 3374 2245; x_wconf 91' lang='lat' dir='ltr'><strong>suum,</strong></span> <span class='ocrx_word' id='word_1_623' title='bbox 3398 2188 3456 2236; x_wconf 89' lang='lat' dir='ltr'><strong>et</strong></span> <span class='ocrx_word' id='word_1_624' title='bbox 3485 2181 3801 2251; x_wconf 72' lang='lat' dir='ltr'><strong>percutiens</strong></span> 
     </span>
    </p>
   </div>
   <div class='ocr_carea' id='block_1_81' title="bbox 2198 2274 3799 2344">
    <p class='ocr_par' dir='ltr' id='par_1_81' title="bbox 2198 2274 3799 2344">
     <span class='ocr_line' id='line_1_81' title="bbox 2198 2274 3799 2344; baseline 0.001 -17"><span class='ocrx_word' id='word_1_625' title='bbox 2198 2293 2217 2327; x_wconf 73' lang='grc' dir='ltr'><strong><em>ι</em></strong></span> <span class='ocrx_word' id='word_1_626' title='bbox 2264 2290 2480 2330; x_wconf 90' lang='lat' dir='ltr'><strong>servum</strong></span> <span class='ocrx_word' id='word_1_627' title='bbox 2516 2274 2776 2344; x_wconf 86' lang='lat' dir='ltr'><strong>principis</strong></span> <span class='ocrx_word' id='word_1_628' title='bbox 2824 2274 3187 2340; x_wconf 88' lang='lat' dir='ltr'><strong>sacerdotum,</strong></span> <span class='ocrx_word' id='word_1_629' title='bbox 3234 2274 3539 2344; x_wconf 88' lang='lat' dir='ltr'><strong>amputavit</strong></span> <span class='ocrx_word' id='word_1_630' title='bbox 3591 2276 3799 2331; x_wconf 80' lang='lat' dir='ltr'><strong>auricu-</strong></span> 
     </span>
    </p>
   </div>
   <div class='ocr_carea' id='block_1_82' title="bbox 2198 2362 3802 2438">
    <p class='ocr_par' dir='ltr' id='par_1_82' title="bbox 2198 2362 3802 2438">
     <span class='ocr_line' id='line_1_82' title="bbox 2198 2362 3802 2438; baseline 0.002 -22"><span class='ocrx_word' id='word_1_631' title='bbox 2198 2383 2216 2416; x_wconf 74' lang='grc' dir='ltr'>ι</span> <span class='ocrx_word' id='word_1_632' title='bbox 2261 2362 2367 2418; x_wconf 89' lang='lat' dir='ltr'><strong>lam</strong></span> <span class='ocrx_word' id='word_1_633' title='bbox 2415 2364 2550 2434; x_wconf 85' lang='lat' dir='ltr'><strong>ejus.</strong></span> <span class='ocrx_word' id='word_1_634' title='bbox 2599 2383 2618 2417; x_wconf 74' lang='grc' dir='ltr'><strong><em>ι</em></strong></span> <span class='ocrx_word' id='word_1_635' title='bbox 2665 2363 2779 2419; x_wconf 85' lang='lat' dir='ltr'><strong>Hoc</strong></span> <span class='ocrx_word' id='word_1_636' title='bbox 2821 2362 3013 2419; x_wconf 90' lang='lat' dir='ltr'><strong>Petrus</strong></span> <span class='ocrx_word' id='word_1_637' title='bbox 3060 2363 3332 2436; x_wconf 91' lang='lat' dir='ltr'><strong>apostolus</strong></span> <span class='ocrx_word' id='word_1_638' title='bbox 3355 2363 3558 2420; x_wconf 81' lang='lat' dir='ltr'><strong>fecisse</strong></span> <span class='ocrx_word' id='word_1_639' title='bbox 3609 2365 3802 2438; x_wconf 69' lang='lat' dir='ltr'><strong>legitur</strong></span> 
     </span>
    </p>
   </div>
   <div class='ocr_carea' id='block_1_83' title="bbox 2192 2454 3803 2526">
    <p class='ocr_par' dir='ltr' id='par_1_83' title="bbox 2192 2454 3803 2526">
     <span class='ocr_line' id='line_1_83' title="bbox 2192 2454 3803 2526; baseline 0 -14"><span class='ocrx_word' id='word_1_640' title='bbox 2192 2456 2488 2512; x_wconf 90' lang='lat' dir='ltr'><strong>secundum</strong></span> <span class='ocrx_word' id='word_1_641' title='bbox 2518 2454 2783 2511; x_wconf 79' lang='lat' dir='ltr'><strong>Joannem</strong></span> <span class='ocrx_word' id='word_1_642' title='bbox 2811 2470 2877 2511; x_wconf 90' lang='lat' dir='ltr'><strong>eo</strong></span> <span class='ocrx_word' id='word_1_643' title='bbox 2903 2455 3100 2512; x_wconf 90' lang='lat' dir='ltr'><strong>ardore</strong></span> <span class='ocrx_word' id='word_1_644' title='bbox 3123 2455 3343 2522; x_wconf 88' lang='lat' dir='ltr'><strong>mentis,</strong></span> <span class='ocrx_word' id='word_1_645' title='bbox 3370 2471 3480 2526; x_wconf 90' lang='lat' dir='ltr'><strong>quo</strong></span> <span class='ocrx_word' id='word_1_646' title='bbox 3506 2465 3565 2512; x_wconf 87' lang='lat' dir='ltr'><strong>et</strong></span> <span class='ocrx_word' id='word_1_647' title='bbox 3600 2465 3803 2513; x_wconf 60' lang='lat' dir='ltr'><strong>cetera</strong></span> 
     </span>
    </p>
   </div>
   <div class='ocr_carea' id='block_1_84' title="bbox 2192 2544 3805 2618">
    <p class='ocr_par' dir='ltr' id='par_1_84' title="bbox 2192 2544 3805 2618">
     <span class='ocr_line' id='line_1_84' title="bbox 2192 2544 3805 2618; baseline 0.003 -19"><span class='ocrx_word' id='word_1_648' title='bbox 2192 2547 2447 2602; x_wconf 81' lang='lat' dir='ltr'><strong>faciebat.</strong></span> <span class='ocrx_word' id='word_1_649' title='bbox 2499 2545 2635 2600; x_wconf 89' lang='lat' dir='ltr'><strong>Nam</strong></span> <span class='ocrx_word' id='word_1_650' title='bbox 2690 2561 2881 2601; x_wconf 90' lang='lat' dir='ltr'><strong>servus</strong></span> <span class='ocrx_word' id='word_1_651' title='bbox 2927 2544 3187 2617; x_wconf 91' lang='lat' dir='ltr'><strong>principis</strong></span> <span class='ocrx_word' id='word_1_652' title='bbox 3231 2547 3598 2611; x_wconf 87' lang='lat' dir='ltr'><strong>sacerdotum,</strong></span> <span class='ocrx_word' id='word_1_653' title='bbox 3648 2549 3805 2618; x_wconf 86' lang='lat' dir='ltr'><strong>cujus</strong></span> 
     </span>
    </p>
   </div>
   <div class='ocr_carea' id='block_1_85' title="bbox 2192 2639 3803 2711">
    <p class='ocr_par' dir='ltr' id='par_1_85' title="bbox 2192 2639 3803 2711">
     <span class='ocr_line' id='line_1_85' title="bbox 2192 2639 3803 2711; baseline 0.001 -16"><span class='ocrx_word' id='word_1_654' title='bbox 2192 2641 2434 2696; x_wconf 86' lang='lat' dir='ltr'><strong>auricula</strong></span> <span class='ocrx_word' id='word_1_655' title='bbox 2475 2647 2752 2710; x_wconf 88' lang='lat' dir='ltr'><strong>amputata</strong></span> <span class='ocrx_word' id='word_1_656' title='bbox 2783 2647 2887 2703; x_wconf 90' lang='lat' dir='ltr'><strong>est,</strong></span> <span class='ocrx_word' id='word_1_657' title='bbox 2932 2639 3181 2695; x_wconf 88' lang='lat' dir='ltr'><strong>Malchus</strong></span> <span class='ocrx_word' id='word_1_658' title='bbox 3229 2640 3541 2706; x_wconf 87' lang='lat' dir='ltr'><strong>vocabatur,</strong></span> <span class='ocrx_word' id='word_1_659' title='bbox 3573 2643 3679 2711; x_wconf 85' lang='lat' dir='ltr'><strong>qui</strong></span> <span class='ocrx_word' id='word_1_660' title='bbox 3714 2643 3803 2696; x_wconf 84' lang='lat' dir='ltr'><strong>in-</strong></span> 
     </span>
    </p>
   </div>
   <div class='ocr_carea' id='block_1_86' title="bbox 2192 2730 3808 2803">
    <p class='ocr_par' dir='ltr' id='par_1_86' title="bbox 2192 2730 3808 2803">
     <span class='ocr_line' id='line_1_86' title="bbox 2192 2730 3808 2803; baseline -0.001 -15"><span class='ocrx_word' id='word_1_661' title='bbox 2192 2739 2519 2803; x_wconf 88' lang='lat' dir='ltr'><strong>terpretatur</strong></span> <span class='ocrx_word' id='word_1_662' title='bbox 2559 2746 2670 2785; x_wconf 70' lang='lat' dir='ltr'><strong>rex.</strong></span> <span class='ocrx_word' id='word_1_663' title='bbox 2702 2730 2758 2785; x_wconf 85' lang='lat' dir='ltr'><strong>In</strong></span> <span class='ocrx_word' id='word_1_664' title='bbox 2786 2746 2894 2801; x_wconf 88' lang='lat' dir='ltr'><strong>quo</strong></span> <span class='ocrx_word' id='word_1_665' title='bbox 2924 2746 3081 2786; x_wconf 89' lang='lat' dir='ltr'><strong>servo</strong></span> <span class='ocrx_word' id='word_1_666' title='bbox 3127 2730 3263 2786; x_wconf 85' lang='lat' dir='ltr'><strong>nihil</strong></span> <span class='ocrx_word' id='word_1_667' title='bbox 3309 2732 3448 2787; x_wconf 88' lang='lat' dir='ltr'><strong>aliud</strong></span> <span class='ocrx_word' id='word_1_668' title='bbox 3476 2747 3642 2801; x_wconf 79' lang='lat' dir='ltr'><strong>quam</strong></span> <span class='ocrx_word' id='word_1_669' title='bbox 3691 2732 3808 2787; x_wconf 76' lang='lat' dir='ltr'><strong>Ju-</strong></span> 
     </span>
    </p>
   </div>
   <div class='ocr_carea' id='block_1_87' title="bbox 2192 2820 3797 2893">
    <p class='ocr_par' dir='ltr' id='par_1_87' title="bbox 2192 2820 3797 2893">
     <span class='ocr_line' id='line_1_87' title="bbox 2192 2820 3797 2893; baseline -0.002 -14"><span class='ocrx_word' id='word_1_670' title='bbox 2192 2825 2432 2879; x_wconf 69' lang='lat' dir='ltr'><strong>dteorum</strong></span> <span class='ocrx_word' id='word_1_671' title='bbox 2462 2820 2690 2893; x_wconf 83' lang='lat' dir='ltr'><strong>populus</strong></span> <span class='ocrx_word' id='word_1_672' title='bbox 2735 2822 3072 2892; x_wconf 85' lang='lat' dir='ltr'><strong>designatur,</strong></span> <span class='ocrx_word' id='word_1_673' title='bbox 3100 2820 3258 2891; x_wconf 90' lang='lat' dir='ltr'><strong>cujus</strong></span> <span class='ocrx_word' id='word_1_674' title='bbox 3286 2823 3492 2879; x_wconf 85' lang='lat' dir='ltr'><strong>dextera</strong></span> <span class='ocrx_word' id='word_1_675' title='bbox 3530 2822 3797 2877; x_wconf 78' lang='lat' dir='ltr'><strong>auricula</strong></span> 
     </span>
    </p>
   </div>
   <div class='ocr_carea' id='block_1_88' title="bbox 2192 2912 3804 2985">
    <p class='ocr_par' dir='ltr' id='par_1_88' title="bbox 2192 2912 3804 2985">
     <span class='ocr_line' id='line_1_88' title="bbox 2192 2912 3804 2985; baseline 0.001 -16"><span class='ocrx_word' id='word_1_676' title='bbox 2192 2923 2468 2984; x_wconf 88' lang='lat' dir='ltr'><strong>amputata</strong></span> <span class='ocrx_word' id='word_1_677' title='bbox 2497 2912 2957 2982; x_wconf 83' lang='lat' dir='ltr'><strong>est,quia,ablata</strong></span> <span class='ocrx_word' id='word_1_678' title='bbox 2990 2914 3253 2983; x_wconf 88' lang='lat' dir='ltr'><strong>spirituali</strong></span> <span class='ocrx_word' id='word_1_679' title='bbox 3287 2914 3654 2985; x_wconf 83' lang='lat' dir='ltr'><strong>intelligentia,</strong></span> <span class='ocrx_word' id='word_1_680' title='bbox 3680 2913 3804 2970; x_wconf 78' lang='lat' dir='ltr'><strong>sola</strong></span> 
     </span>
    </p>
   </div>
   <div class='ocr_carea' id='block_1_89' title="bbox 2194 3004 3804 3076">
    <p class='ocr_par' dir='ltr' id='par_1_89' title="bbox 2194 3004 3804 3076">
     <span class='ocr_line' id='line_1_89' title="bbox 2194 3004 3804 3076; baseline 0 -15"><span class='ocrx_word' id='word_1_681' title='bbox 2194 3007 2248 3061; x_wconf 91' lang='lat' dir='ltr'><strong>in</strong></span> <span class='ocrx_word' id='word_1_682' title='bbox 2275 3008 2356 3061; x_wconf 90' lang='lat' dir='ltr'><strong>eis</strong></span> <span class='ocrx_word' id='word_1_683' title='bbox 2398 3005 2622 3061; x_wconf 88' lang='lat' dir='ltr'><strong>ariditas</strong></span> <span class='ocrx_word' id='word_1_684' title='bbox 2674 3004 2869 3060; x_wconf 59' lang='lat' dir='ltr'><strong>littera</strong></span> <span class='ocrx_word' id='word_1_685' title='bbox 2912 3007 3196 3073; x_wconf 86' lang='lat' dir='ltr'><strong>remansit,</strong></span> <span class='ocrx_word' id='word_1_686' title='bbox 3245 3016 3501 3076; x_wconf 82' lang='lat' dir='ltr'><strong>tanquam</strong></span> <span class='ocrx_word' id='word_1_687' title='bbox 3544 3005 3804 3064; x_wconf 80' lang='lat' dir='ltr'><strong>videlicet</strong></span> 
     </span>
    </p>
   </div>
   <div class='ocr_carea' id='block_1_90' title="bbox 2194 3097 3795 3155">
    <p class='ocr_par' dir='ltr' id='par_1_90' title="bbox 2194 3097 3795 3155">
     <span class='ocr_line' id='line_1_90' title="bbox 2194 3097 3795 3155; baseline -0.001 0"><span class='ocrx_word' id='word_1_688' title='bbox 2194 3099 2415 3155; x_wconf 88' lang='lat' dir='ltr'><strong>sinistra</strong></span> <span class='ocrx_word' id='word_1_689' title='bbox 2443 3098 2705 3155; x_wconf 89' lang='lat' dir='ltr'><strong>auricula.</strong></span> <span class='ocrx_word' id='word_1_690' title='bbox 2740 3097 2847 3154; x_wconf 88' lang='lat' dir='ltr'><strong>Sed</strong></span> <span class='ocrx_word' id='word_1_691' title='bbox 2876 3097 3138 3152; x_wconf 89' lang='lat' dir='ltr'><strong>Dominus</strong></span> <span class='ocrx_word' id='word_1_692' title='bbox 3164 3098 3489 3153; x_wconf 82' lang='lat' dir='ltr'><strong>restauravit</strong></span> <span class='ocrx_word' id='word_1_693' title='bbox 3509 3107 3664 3153; x_wconf 85' lang='lat' dir='ltr'><strong>tactu</strong></span> <span class='ocrx_word' id='word_1_694' title='bbox 3690 3114 3795 3153; x_wconf 82' lang='lat' dir='ltr'><strong>ma-</strong></span> 
     </span>
    </p>
   </div>
   <div class='ocr_carea' id='block_1_91' title="bbox 2194 3176 3798 3258">
    <p class='ocr_par' dir='ltr' id='par_1_91' title="bbox 2194 3176 3798 3258">
     <span class='ocr_line' id='line_1_91' title="bbox 2194 3176 3798 3258; baseline -0.002 -11"><span class='ocrx_word' id='word_1_695' title='bbox 2194 3176 2297 3247; x_wconf 90' lang='lat' dir='ltr'><strong>nus</strong></span> <span class='ocrx_word' id='word_1_696' title='bbox 2322 3206 2433 3246; x_wconf 85' lang='lat' dir='ltr'><strong>suae</strong></span> <span class='ocrx_word' id='word_1_697' title='bbox 2464 3188 2762 3244; x_wconf 86' lang='lat' dir='ltr'><strong>auriculam</strong></span> <span class='ocrx_word' id='word_1_698' title='bbox 2795 3191 3073 3244; x_wconf 85' lang='lat' dir='ltr'><strong>dexteram</strong></span> <span class='ocrx_word' id='word_1_699' title='bbox 3102 3188 3266 3253; x_wconf 91' lang='lat' dir='ltr'><strong>illius,</strong></span> <span class='ocrx_word' id='word_1_700' title='bbox 3297 3189 3425 3257; x_wconf 89' lang='lat' dir='ltr'><strong>quia</strong></span> <span class='ocrx_word' id='word_1_701' title='bbox 3453 3189 3509 3242; x_wconf 91' lang='lat' dir='ltr'><strong>in</strong></span> <span class='ocrx_word' id='word_1_702' title='bbox 3548 3188 3683 3254; x_wconf 85' lang='lat' dir='ltr'><strong>illis,</strong></span> <span class='ocrx_word' id='word_1_703' title='bbox 3712 3190 3798 3258; x_wconf 86' lang='lat' dir='ltr'><strong>qui</strong></span> 
     </span>
    </p>
   </div>
   <div class='ocr_carea' id='block_1_92' title="bbox 2196 3279 3801 3351">
    <p class='ocr_par' dir='ltr' id='par_1_92' title="bbox 2196 3279 3801 3351">
     <span class='ocr_line' id='line_1_92' title="bbox 2196 3279 3801 3351; baseline -0.002 -14"><span class='ocrx_word' id='word_1_704' title='bbox 2196 3282 2455 3337; x_wconf 88' lang='lat' dir='ltr'><strong>credituri</strong></span> <span class='ocrx_word' id='word_1_705' title='bbox 2489 3282 2781 3337; x_wconf 87' lang='lat' dir='ltr'><strong>suntcirca</strong></span> <span class='ocrx_word' id='word_1_706' title='bbox 2810 3282 2950 3336; x_wconf 82' lang='lat' dir='ltr'><strong>diem</strong></span> <span class='ocrx_word' id='word_1_707' title='bbox 2973 3280 3185 3350; x_wconf 91' lang='lat' dir='ltr'><strong>judicii,</strong></span> <span class='ocrx_word' id='word_1_708' title='bbox 3218 3279 3555 3351; x_wconf 88' lang='lat' dir='ltr'><strong>spiritualem</strong></span> <span class='ocrx_word' id='word_1_709' title='bbox 3602 3280 3801 3335; x_wconf 84' lang='lat' dir='ltr'><strong>intelli-</strong></span> 
     </span>
    </p>
   </div>
   <div class='ocr_carea' id='block_1_93' title="bbox 2196 3371 3803 3446">
    <p class='ocr_par' dir='ltr' id='par_1_93' title="bbox 2196 3371 3803 3446">
     <span class='ocr_line' id='line_1_93' title="bbox 2196 3371 3803 3446; baseline -0.001 -18"><span class='ocrx_word' id='word_1_710' title='bbox 2196 3373 2432 3446; x_wconf 84' lang='lat' dir='ltr'><strong>gentiam</strong></span> <span class='ocrx_word' id='word_1_711' title='bbox 2459 3374 2752 3443; x_wconf 84' lang='lat' dir='ltr'><strong>reparabit.</strong></span> <span class='ocrx_word' id='word_1_712' title='bbox 2786 3371 2941 3428; x_wconf 90' lang='lat' dir='ltr'><strong>Unde</strong></span> <span class='ocrx_word' id='word_1_713' title='bbox 2971 3371 3136 3437; x_wconf 87' lang='lat' dir='ltr'><strong>idem,</strong></span> <span class='ocrx_word' id='word_1_714' title='bbox 3178 3385 3272 3426; x_wconf 89' lang='lat' dir='ltr'><strong>rex</strong></span> <span class='ocrx_word' id='word_1_715' title='bbox 3297 3381 3350 3427; x_wconf 92' lang='lat' dir='ltr'><strong>et</strong></span> <span class='ocrx_word' id='word_1_716' title='bbox 3380 3388 3575 3429; x_wconf 89' lang='lat' dir='ltr'><strong>servus</strong></span> <span class='ocrx_word' id='word_1_717' title='bbox 3602 3373 3803 3444; x_wconf 86' lang='lat' dir='ltr'><strong>princi-</strong></span> 
     </span>
    </p>
   </div>
   <div class='ocr_carea' id='block_1_94' title="bbox 2196 3463 3801 3534">
    <p class='ocr_par' dir='ltr' id='par_1_94' title="bbox 2196 3463 3801 3534">
     <span class='ocr_line' id='line_1_94' title="bbox 2196 3463 3801 3534; baseline 0.001 -16"><span class='ocrx_word' id='word_1_718' title='bbox 2196 3465 2280 3534; x_wconf 87' lang='lat' dir='ltr'><strong>pis</strong></span> <span class='ocrx_word' id='word_1_719' title='bbox 2303 3465 2642 3519; x_wconf 88' lang='lat' dir='ltr'><strong>sacerdotum</strong></span> <span class='ocrx_word' id='word_1_720' title='bbox 2667 3465 2885 3519; x_wconf 86' lang='lat' dir='ltr'><strong>dicitur.</strong></span> <span class='ocrx_word' id='word_1_721' title='bbox 2913 3463 3195 3532; x_wconf 86' lang='lat' dir='ltr'><strong>Quomodo</strong></span> <span class='ocrx_word' id='word_1_722' title='bbox 3219 3464 3363 3519; x_wconf 89' lang='lat' dir='ltr'><strong>enim</strong></span> <span class='ocrx_word' id='word_1_723' title='bbox 3395 3480 3491 3519; x_wconf 87' lang='lat' dir='ltr'><strong>rex</strong></span> <span class='ocrx_word' id='word_1_724' title='bbox 3512 3474 3569 3519; x_wconf 90' lang='lat' dir='ltr'><strong>et</strong></span> <span class='ocrx_word' id='word_1_725' title='bbox 3587 3465 3801 3521; x_wconf 78' lang='lat' dir='ltr'><strong>servus?</strong></span> 
     </span>
    </p>
   </div>
   <div class='ocr_carea' id='block_1_95' title="bbox 2199 3552 3796 3624">
    <p class='ocr_par' dir='ltr' id='par_1_95' title="bbox 2199 3552 3796 3624">
     <span class='ocr_line' id='line_1_95' title="bbox 2199 3552 3796 3624; baseline 0.001 -16"><span class='ocrx_word' id='word_1_726' title='bbox 2199 3552 2255 3608; x_wconf 93' lang='lat' dir='ltr'><strong>Si</strong></span> <span class='ocrx_word' id='word_1_727' title='bbox 2285 3570 2402 3619; x_wconf 87' lang='lat' dir='ltr'><strong>rex,</strong></span> <span class='ocrx_word' id='word_1_728' title='bbox 2432 3554 2703 3623; x_wconf 90' lang='lat' dir='ltr'><strong>quomodo</strong></span> <span class='ocrx_word' id='word_1_729' title='bbox 2732 3555 2957 3609; x_wconf 87' lang='lat' dir='ltr'><strong>servus?</strong></span> <span class='ocrx_word' id='word_1_730' title='bbox 2986 3553 3090 3609; x_wconf 89' lang='lat' dir='ltr'><strong>Sed</strong></span> <span class='ocrx_word' id='word_1_731' title='bbox 3134 3568 3230 3609; x_wconf 88' lang='lat' dir='ltr'><strong>rex</strong></span> <span class='ocrx_word' id='word_1_732' title='bbox 3263 3554 3316 3608; x_wconf 86' lang='lat' dir='ltr'><strong>in</strong></span> <span class='ocrx_word' id='word_1_733' title='bbox 3350 3553 3479 3618; x_wconf 90' lang='lat' dir='ltr'><strong>illis,</strong></span> <span class='ocrx_word' id='word_1_734' title='bbox 3512 3556 3607 3624; x_wconf 91' lang='lat' dir='ltr'><strong>qui</strong></span> <span class='ocrx_word' id='word_1_735' title='bbox 3645 3555 3796 3609; x_wconf 80' lang='lat' dir='ltr'><strong>ﬁdem</strong></span> 
     </span>
    </p>
   </div>
   <div class='ocr_carea' id='block_1_96' title="bbox 2198 3641 3799 3717">
    <p class='ocr_par' dir='ltr' id='par_1_96' title="bbox 2198 3641 3799 3717">
     <span class='ocr_line' id='line_1_96' title="bbox 2198 3641 3799 3717; baseline 0.002 -18"><span class='ocrx_word' id='word_1_736' title='bbox 2198 3641 2398 3699; x_wconf 88' lang='lat' dir='ltr'><strong>Christi</strong></span> <span class='ocrx_word' id='word_1_737' title='bbox 2425 3644 2700 3714; x_wconf 88' lang='lat' dir='ltr'><strong>accepturi</strong></span> <span class='ocrx_word' id='word_1_738' title='bbox 2730 3654 2896 3699; x_wconf 91' lang='lat' dir='ltr'><strong>sunt:</strong></span> <span class='ocrx_word' id='word_1_739' title='bbox 2931 3660 3121 3701; x_wconf 89' lang='lat' dir='ltr'><strong>servus</strong></span> <span class='ocrx_word' id='word_1_740' title='bbox 3150 3645 3205 3699; x_wconf 95' lang='lat' dir='ltr'><strong>in</strong></span> <span class='ocrx_word' id='word_1_741' title='bbox 3240 3643 3366 3711; x_wconf 90' lang='lat' dir='ltr'><strong>illis,</strong></span> <span class='ocrx_word' id='word_1_742' title='bbox 3394 3646 3487 3717; x_wconf 93' lang='lat' dir='ltr'><strong>qui</strong></span> <span class='ocrx_word' id='word_1_743' title='bbox 3529 3647 3583 3701; x_wconf 91' lang='lat' dir='ltr'><strong>in</strong></span> <span class='ocrx_word' id='word_1_744' title='bbox 3633 3648 3799 3703; x_wconf 81' lang='lat' dir='ltr'><strong>servi-</strong></span> 
     </span>
    </p>
   </div>
   <div class='ocr_carea' id='block_1_97' title="bbox 2198 3739 3044 3810">
    <p class='ocr_par' dir='ltr' id='par_1_97' title="bbox 2198 3739 3044 3810">
     <span class='ocr_line' id='line_1_97' title="bbox 2198 3739 3044 3810; baseline 0.001 -18"><span class='ocrx_word' id='word_1_745' title='bbox 2198 3747 2312 3794; x_wconf 87' lang='lat' dir='ltr'><strong>tute</strong></span> <span class='ocrx_word' id='word_1_746' title='bbox 2341 3740 2550 3810; x_wconf 89' lang='lat' dir='ltr'><strong>peccati</strong></span> <span class='ocrx_word' id='word_1_747' title='bbox 2582 3739 2887 3794; x_wconf 90' lang='lat' dir='ltr'><strong>remansuri</strong></span> <span class='ocrx_word' id='word_1_748' title='bbox 2914 3747 3044 3794; x_wconf 91' lang='lat' dir='ltr'><strong>sunt</strong></span> 
     </span>
    </p>
   </div>
   <div class='ocr_carea' id='block_1_98' title="bbox 2276 3828 3800 3903">
    <p class='ocr_par' dir='ltr' id='par_1_98' title="bbox 2276 3828 3800 3903">
     <span class='ocr_line' id='line_1_98' title="bbox 2276 3828 3800 3903; baseline 0.001 -20"><span class='ocrx_word' id='word_1_749' title='bbox 2276 3850 2295 3883; x_wconf 77' lang='grc' dir='ltr'>ι</span> <span class='ocrx_word' id='word_1_750' title='bbox 2338 3832 2491 3887; x_wconf 91' lang='lat' dir='ltr'><strong>Tunc</strong></span> <span class='ocrx_word' id='word_1_751' title='bbox 2520 3831 2595 3885; x_wconf 88' lang='lat' dir='ltr'><strong>ait</strong></span> <span class='ocrx_word' id='word_1_752' title='bbox 2631 3829 2705 3885; x_wconf 89' lang='lat' dir='ltr'><strong>illi</strong></span> <span class='ocrx_word' id='word_1_753' title='bbox 2741 3828 2899 3887; x_wconf 81' lang='lat' dir='ltr'><strong>Jesus</strong></span> <span class='ocrx_word' id='word_1_754' title='bbox 2926 3848 2938 3885; x_wconf 93' lang='lat'><strong>:</strong></span> <span class='ocrx_word' id='word_1_755' title='bbox 2967 3830 3244 3887; x_wconf 87' lang='lat' dir='ltr'><strong>Converte</strong></span> <span class='ocrx_word' id='word_1_756' title='bbox 3277 3830 3515 3903; x_wconf 89' lang='lat' dir='ltr'><strong>gladium</strong></span> <span class='ocrx_word' id='word_1_757' title='bbox 3553 3840 3714 3886; x_wconf 85' lang='lat' dir='ltr'><strong>tuum</strong></span> <span class='ocrx_word' id='word_1_758' title='bbox 3751 3831 3800 3885; x_wconf 78' lang='lat' dir='ltr'><strong>in</strong></span> 
     </span>
    </p>
   </div>
   <div class='ocr_carea' id='block_1_99' title="bbox 2206 3920 3796 3993">
    <p class='ocr_par' dir='ltr' id='par_1_99' title="bbox 2206 3920 3796 3993">
     <span class='ocr_line' id='line_1_99' title="bbox 2206 3920 3796 3993; baseline 0.001 -18"><span class='ocrx_word' id='word_1_759' title='bbox 2206 3941 2226 3975; x_wconf 69' lang='grc' dir='ltr'><strong><em>ο</em></strong></span> <span class='ocrx_word' id='word_1_760' title='bbox 2267 3922 2442 3977; x_wconf 85' lang='lat' dir='ltr'><strong>locum</strong></span> <span class='ocrx_word' id='word_1_761' title='bbox 2468 3937 2644 3977; x_wconf 89' lang='lat' dir='ltr'><strong>suum.</strong></span> <span class='ocrx_word' id='word_1_762' title='bbox 2674 3920 2879 3977; x_wconf 89' lang='lat' dir='ltr'><strong>Omnes</strong></span> <span class='ocrx_word' id='word_1_763' title='bbox 2905 3923 3049 3977; x_wconf 90' lang='lat' dir='ltr'><strong>enim</strong></span> <span class='ocrx_word' id='word_1_764' title='bbox 3080 3924 3170 3992; x_wconf 89' lang='lat' dir='ltr'><strong>qui</strong></span> <span class='ocrx_word' id='word_1_765' title='bbox 3199 3922 3515 3993; x_wconf 90' lang='lat' dir='ltr'><strong>acceperint</strong></span> <span class='ocrx_word' id='word_1_766' title='bbox 3535 3922 3796 3993; x_wconf 83' lang='lat' dir='ltr'><strong>gladium,</strong></span> 
     </span>
    </p>
   </div>
   <div class='ocr_carea' id='block_1_100' title="bbox 2203 4012 3794 4085">
    <p class='ocr_par' dir='ltr' id='par_1_100' title="bbox 2203 4012 3794 4085">
     <span class='ocr_line' id='line_1_100' title="bbox 2203 4012 3794 4085; baseline 0.001 -18"><span class='ocrx_word' id='word_1_767' title='bbox 2203 4032 2226 4067; x_wconf 71' lang='grc' dir='ltr'>ι</span> <span class='ocrx_word' id='word_1_768' title='bbox 2274 4014 2450 4085; x_wconf 90' lang='lat' dir='ltr'><strong>gladio</strong></span> <span class='ocrx_word' id='word_1_769' title='bbox 2477 4014 2749 4084; x_wconf 87' lang='lat' dir='ltr'><strong>peribunt.</strong></span> <span class='ocrx_word' id='word_1_770' title='bbox 2801 4033 2819 4065; x_wconf 75' lang='grc' dir='ltr'><strong>ι</strong></span> <span class='ocrx_word' id='word_1_771' title='bbox 2861 4012 3021 4069; x_wconf 80' lang='lat' dir='ltr'><strong>Juxta</strong></span> <span class='ocrx_word' id='word_1_772' title='bbox 3052 4015 3289 4070; x_wconf 86' lang='lat' dir='ltr'><strong>litteram</strong></span> <span class='ocrx_word' id='word_1_773' title='bbox 3320 4031 3425 4070; x_wconf 93' lang='lat' dir='ltr'><strong>non</strong></span> <span class='ocrx_word' id='word_1_774' title='bbox 3464 4029 3666 4071; x_wconf 80' lang='lat' dir='ltr'><strong>omnes</strong></span> <span class='ocrx_word' id='word_1_775' title='bbox 3708 4031 3794 4069; x_wconf 79' lang='lat' dir='ltr'><strong>ac-</strong></span> 
     </span>
    </p>
   </div>
   <div class='ocr_carea' id='block_1_101' title="bbox 2201 4105 3793 4178">
    <p class='ocr_par' dir='ltr' id='par_1_101' title="bbox 2201 4105 3793 4178">
     <span class='ocr_line' id='line_1_101' title="bbox 2201 4105 3793 4178; baseline 0 -17"><span class='ocrx_word' id='word_1_776' title='bbox 2201 4107 2465 4177; x_wconf 86' lang='lat' dir='ltr'><strong>cipientes</strong></span> <span class='ocrx_word' id='word_1_777' title='bbox 2512 4106 2785 4178; x_wconf 85' lang='lat' dir='ltr'><strong>gladium,</strong></span> <span class='ocrx_word' id='word_1_778' title='bbox 2832 4106 3010 4178; x_wconf 89' lang='lat' dir='ltr'><strong>gladio</strong></span> <span class='ocrx_word' id='word_1_779' title='bbox 3052 4116 3301 4178; x_wconf 87' lang='lat' dir='ltr'><strong>pereunt.</strong></span> <span class='ocrx_word' id='word_1_780' title='bbox 3348 4105 3481 4160; x_wconf 83' lang='lat' dir='ltr'><strong>Nam</strong></span> <span class='ocrx_word' id='word_1_781' title='bbox 3534 4116 3591 4162; x_wconf 90' lang='lat' dir='ltr'><strong>et</strong></span> <span class='ocrx_word' id='word_1_782' title='bbox 3641 4107 3793 4162; x_wconf 86' lang='lat' dir='ltr'><strong>multi</strong></span> 
     </span>
    </p>
   </div>
   <div class='ocr_carea' id='block_1_102' title="bbox 2200 4197 3795 4270">
    <p class='ocr_par' dir='ltr' id='par_1_102' title="bbox 2200 4197 3795 4270">
     <span class='ocr_line' id='line_1_102' title="bbox 2200 4197 3795 4270; baseline 0.001 -19"><span class='ocrx_word' id='word_1_783' title='bbox 2200 4197 2508 4251; x_wconf 87' lang='lat' dir='ltr'><strong>homicidiis</strong></span> <span class='ocrx_word' id='word_1_784' title='bbox 2539 4198 2817 4263; x_wconf 88' lang='lat' dir='ltr'><strong>insistunt,</strong></span> <span class='ocrx_word' id='word_1_785' title='bbox 2845 4207 2900 4252; x_wconf 90' lang='lat' dir='ltr'><strong>et</strong></span> <span class='ocrx_word' id='word_1_786' title='bbox 2927 4207 3104 4253; x_wconf 88' lang='lat' dir='ltr'><strong>tamen</strong></span> <span class='ocrx_word' id='word_1_787' title='bbox 3137 4198 3316 4270; x_wconf 88' lang='lat' dir='ltr'><strong>gladio</strong></span> <span class='ocrx_word' id='word_1_788' title='bbox 3345 4214 3450 4253; x_wconf 90' lang='lat' dir='ltr'><strong>non</strong></span> <span class='ocrx_word' id='word_1_789' title='bbox 3485 4198 3795 4252; x_wconf 77' lang='lat' dir='ltr'><strong>caeduntur.</strong></span> 
     </span>
    </p>
   </div>
   <div class='ocr_carea' id='block_1_103' title="bbox 2202 4287 3799 4360">
    <p class='ocr_par' dir='ltr' id='par_1_103' title="bbox 2202 4287 3799 4360">
     <span class='ocr_line' id='line_1_103' title="bbox 2202 4287 3799 4360; baseline 0.001 -17"><span class='ocrx_word' id='word_1_790' title='bbox 2202 4287 2308 4343; x_wconf 89' lang='lat' dir='ltr'><strong>Sed</strong></span> <span class='ocrx_word' id='word_1_791' title='bbox 2335 4288 2495 4343; x_wconf 86' lang='lat' dir='ltr'><strong>altius</strong></span> <span class='ocrx_word' id='word_1_792' title='bbox 2517 4290 2757 4344; x_wconf 83' lang='lat' dir='ltr'><strong>ostendit</strong></span> <span class='ocrx_word' id='word_1_793' title='bbox 2791 4304 2912 4345; x_wconf 89' lang='lat' dir='ltr'><strong>esse</strong></span> <span class='ocrx_word' id='word_1_794' title='bbox 2942 4288 3365 4360; x_wconf 87' lang='lat' dir='ltr'><strong>intelligendum,</strong></span> <span class='ocrx_word' id='word_1_795' title='bbox 3390 4305 3454 4345; x_wconf 92' lang='lat' dir='ltr'><strong>ac</strong></span> <span class='ocrx_word' id='word_1_796' title='bbox 3477 4291 3525 4344; x_wconf 87' lang='lat' dir='ltr'><strong>si</strong></span> <span class='ocrx_word' id='word_1_797' title='bbox 3548 4290 3799 4347; x_wconf 82' lang='lat' dir='ltr'><strong>diceret:</strong></span> 
     </span>
    </p>
   </div>
   <div class='ocr_carea' id='block_1_104' title="bbox 2200 4382 3801 4453">
    <p class='ocr_par' dir='ltr' id='par_1_104' title="bbox 2200 4382 3801 4453">
     <span class='ocr_line' id='line_1_104' title="bbox 2200 4382 3801 4453; baseline 0.001 -16"><span class='ocrx_word' id='word_1_798' title='bbox 2200 4382 2276 4437; x_wconf 90' lang='lat' dir='ltr'><strong>Ea</strong></span> <span class='ocrx_word' id='word_1_799' title='bbox 2304 4383 2627 4449; x_wconf 86' lang='lat' dir='ltr'><strong>temeritate,</strong></span> <span class='ocrx_word' id='word_1_800' title='bbox 2668 4398 2775 4453; x_wconf 90' lang='lat' dir='ltr'><strong>qua</strong></span> <span class='ocrx_word' id='word_1_801' title='bbox 2803 4383 2966 4439; x_wconf 89' lang='lat' dir='ltr'><strong>alium</strong></span> <span class='ocrx_word' id='word_1_802' title='bbox 2998 4384 3157 4453; x_wconf 88' lang='lat' dir='ltr'><strong>punis</strong></span> <span class='ocrx_word' id='word_1_803' title='bbox 3184 4384 3269 4440; x_wconf 88' lang='lat' dir='ltr'><strong>vel</strong></span> <span class='ocrx_word' id='word_1_804' title='bbox 3294 4384 3533 4453; x_wconf 86' lang='lat' dir='ltr'><strong>judicas,</strong></span> <span class='ocrx_word' id='word_1_805' title='bbox 3567 4399 3801 4440; x_wconf 50' lang='lat' dir='ltr'><strong>necasse</strong></span> 
     </span>
    </p>
   </div>
   <div class='ocr_carea' id='block_1_105' title="bbox 2203 4477 3551 4548">
    <p class='ocr_par' dir='ltr' id='par_1_105' title="bbox 2203 4477 3551 4548">
     <span class='ocr_line' id='line_1_105' title="bbox 2203 4477 3551 4548; baseline -0.002 -15"><span class='ocrx_word' id='word_1_806' title='bbox 2203 4485 2300 4540; x_wconf 87' lang='lat' dir='ltr'><strong>est,</strong></span> <span class='ocrx_word' id='word_1_807' title='bbox 2340 4487 2399 4531; x_wconf 89' lang='lat' dir='ltr'><strong>ut</strong></span> <span class='ocrx_word' id='word_1_808' title='bbox 2430 4477 2618 4532; x_wconf 89' lang='lat' dir='ltr'><strong>eadem</strong></span> <span class='ocrx_word' id='word_1_809' title='bbox 2644 4477 2947 4533; x_wconf 89' lang='lat' dir='ltr'><strong>temeritate</strong></span> <span class='ocrx_word' id='word_1_810' title='bbox 2978 4492 3009 4531; x_wconf 90' lang='lat' dir='ltr'><strong>a</strong></span> <span class='ocrx_word' id='word_1_811' title='bbox 3039 4478 3263 4532; x_wconf 89' lang='lat' dir='ltr'><strong>Domino</strong></span> <span class='ocrx_word' id='word_1_812' title='bbox 3287 4477 3551 4548; x_wconf 87' lang='lat' dir='ltr'><strong>puniaris.</strong></span> 
     </span>
    </p>
   </div>
   <div class='ocr_carea' id='block_1_106' title="bbox 2281 4569 3797 4641">
    <p class='ocr_par' dir='ltr' id='par_1_106' title="bbox 2281 4569 3797 4641">
     <span class='ocr_line' id='line_1_106' title="bbox 2281 4569 3797 4641; baseline 0.003 -23"><span class='ocrx_word' id='word_1_813' title='bbox 2281 4588 2298 4618; x_wconf 74' lang='grc' dir='ltr'><strong>ε</strong></span> <span class='ocrx_word' id='word_1_814' title='bbox 2319 4569 2399 4623; x_wconf 87' lang='lat' dir='ltr'><strong>An</strong></span> <span class='ocrx_word' id='word_1_815' title='bbox 2423 4577 2599 4639; x_wconf 87' lang='lat' dir='ltr'><strong>putas,</strong></span> <span class='ocrx_word' id='word_1_816' title='bbox 2622 4569 2747 4639; x_wconf 90' lang='lat' dir='ltr'><strong>quia</strong></span> <span class='ocrx_word' id='word_1_817' title='bbox 2768 4584 2872 4624; x_wconf 93' lang='lat' dir='ltr'><strong>non</strong></span> <span class='ocrx_word' id='word_1_818' title='bbox 2891 4583 3109 4639; x_wconf 90' lang='lat' dir='ltr'><strong>possum</strong></span> <span class='ocrx_word' id='word_1_819' title='bbox 3132 4585 3325 4641; x_wconf 80' lang='lat' dir='ltr'><strong>rogare</strong></span> <span class='ocrx_word' id='word_1_820' title='bbox 3348 4570 3569 4624; x_wconf 79' lang='lat' dir='ltr'><strong>Patrem</strong></span> <span class='ocrx_word' id='word_1_821' title='bbox 3592 4584 3797 4633; x_wconf 87' lang='lat' dir='ltr'><strong>meum,</strong></span> 
     </span>
    </p>
   </div>
   <div class='ocr_carea' id='block_1_107' title="bbox 2210 4660 3801 4732">
    <p class='ocr_par' dir='ltr' id='par_1_107' title="bbox 2210 4660 3801 4732">
     <span class='ocr_line' id='line_1_107' title="bbox 2210 4660 3801 4732; baseline 0.003 -20"><span class='ocrx_word' id='word_1_822' title='bbox 2210 4678 2230 4712; x_wconf 85' lang='grc'><strong><em>‹</em></strong></span> <span class='ocrx_word' id='word_1_823' title='bbox 2268 4670 2324 4715; x_wconf 91' lang='lat' dir='ltr'><strong>et</strong></span> <span class='ocrx_word' id='word_1_824' title='bbox 2352 4660 2629 4715; x_wconf 82' lang='lat' dir='ltr'><strong>exhibebit</strong></span> <span class='ocrx_word' id='word_1_825' title='bbox 2655 4660 2783 4715; x_wconf 87' lang='lat' dir='ltr'><strong>mihi</strong></span> <span class='ocrx_word' id='word_1_826' title='bbox 2815 4660 3099 4732; x_wconf 82' lang='lat' dir='ltr'><strong>plusquam</strong></span> <span class='ocrx_word' id='word_1_827' title='bbox 3121 4660 3407 4717; x_wconf 90' lang='lat' dir='ltr'><strong>duodecim</strong></span> <span class='ocrx_word' id='word_1_828' title='bbox 3433 4661 3687 4732; x_wconf 81' lang='lat' dir='ltr'><strong>legiones</strong></span> <span class='ocrx_word' id='word_1_829' title='bbox 3712 4676 3801 4716; x_wconf 43' lang='lat' dir='ltr'><strong>an.</strong></span> 
     </span>
    </p>
   </div>
   <div class='ocr_carea' id='block_1_108' title="bbox 2212 4750 3796 4824">
    <p class='ocr_par' dir='ltr' id='par_1_108' title="bbox 2212 4750 3796 4824">
     <span class='ocr_line' id='line_1_108' title="bbox 2212 4750 3796 4824; baseline 0.002 -20"><span class='ocrx_word' id='word_1_830' title='bbox 2212 4772 2231 4804; x_wconf 76' lang='grc' dir='ltr'>ι</span> <span class='ocrx_word' id='word_1_831' title='bbox 2263 4751 2504 4823; x_wconf 88' lang='lat' dir='ltr'><strong>gelorum</strong></span> <span class='ocrx_word' id='word_1_832' title='bbox 2523 4751 2546 4806; x_wconf 87' lang='lat'><strong>?</strong></span> <span class='ocrx_word' id='word_1_833' title='bbox 2568 4750 2688 4823; x_wconf 72' lang='grc' dir='ltr'><strong>»ΙΑο</strong></span> <span class='ocrx_word' id='word_1_834' title='bbox 2714 4751 2761 4805; x_wconf 92' lang='lat' dir='ltr'><strong>si</strong></span> <span class='ocrx_word' id='word_1_835' title='bbox 2789 4753 2996 4808; x_wconf 91' lang='lat' dir='ltr'><strong>diceret</strong></span> <span class='ocrx_word' id='word_1_836' title='bbox 3023 4770 3036 4806; x_wconf 92' lang='lat'><strong>:</strong></span> <span class='ocrx_word' id='word_1_837' title='bbox 3062 4752 3178 4808; x_wconf 88' lang='lat' dir='ltr'><strong>Non</strong></span> <span class='ocrx_word' id='word_1_838' title='bbox 3207 4752 3423 4824; x_wconf 85' lang='lat' dir='ltr'><strong>indigeo</strong></span> <span class='ocrx_word' id='word_1_839' title='bbox 3436 4753 3640 4807; x_wconf 86' lang='lat' dir='ltr'><strong>auxilio</strong></span> <span class='ocrx_word' id='word_1_840' title='bbox 3664 4752 3796 4807; x_wconf 89' lang='lat' dir='ltr'><strong>duo-</strong></span> 
     </span>
    </p>
   </div>
   <div class='ocr_carea' id='block_1_109' title="bbox 2208 4843 3797 4913">
    <p class='ocr_par' dir='ltr' id='par_1_109' title="bbox 2208 4843 3797 4913">
     <span class='ocr_line' id='line_1_109' title="bbox 2208 4843 3797 4913; baseline 0 -15"><span class='ocrx_word' id='word_1_841' title='bbox 2208 4843 2383 4899; x_wconf 89' lang='lat' dir='ltr'><strong>decim</strong></span> <span class='ocrx_word' id='word_1_842' title='bbox 2407 4843 2792 4909; x_wconf 89' lang='lat' dir='ltr'><strong>anostolorum,</strong></span> <span class='ocrx_word' id='word_1_843' title='bbox 2808 4844 3059 4913; x_wconf 90' lang='lat' dir='ltr'><strong>quoniam</strong></span> <span class='ocrx_word' id='word_1_844' title='bbox 3082 4845 3125 4898; x_wconf 91' lang='lat' dir='ltr'><strong>si</strong></span> <span class='ocrx_word' id='word_1_845' title='bbox 3150 4843 3372 4899; x_wconf 86' lang='lat' dir='ltr'><strong>voluero</strong></span> <span class='ocrx_word' id='word_1_846' title='bbox 3384 4843 3603 4900; x_wconf 86' lang='lat' dir='ltr'><strong>Patrem</strong></span> <span class='ocrx_word' id='word_1_847' title='bbox 3618 4859 3797 4900; x_wconf 81' lang='lat' dir='ltr'><strong>meum</strong></span> 
     </span>
    </p>
   </div>
   <div class='ocr_carea' id='block_1_110' title="bbox 2208 4934 3799 5008">
    <p class='ocr_par' dir='ltr' id='par_1_110' title="bbox 2208 4934 3799 5008">
     <span class='ocr_line' id='line_1_110' title="bbox 2208 4934 3799 5008; baseline 0.001 -18"><span class='ocrx_word' id='word_1_848' title='bbox 2208 4950 2424 5008; x_wconf 87' lang='lat' dir='ltr'><strong>rogare,</strong></span> <span class='ocrx_word' id='word_1_849' title='bbox 2456 4951 2673 5006; x_wconf 86' lang='lat' dir='ltr'><strong>possum</strong></span> <span class='ocrx_word' id='word_1_850' title='bbox 2711 4935 2779 4991; x_wconf 89' lang='lat' dir='ltr'><strong>ab</strong></span> <span class='ocrx_word' id='word_1_851' title='bbox 2805 4951 2870 4990; x_wconf 89' lang='lat' dir='ltr'><strong>eo</strong></span> <span class='ocrx_word' id='word_1_852' title='bbox 2898 4936 3191 5006; x_wconf 88' lang='lat' dir='ltr'><strong>impetrare</strong></span> <span class='ocrx_word' id='word_1_853' title='bbox 3225 4934 3510 4990; x_wconf 90' lang='lat' dir='ltr'><strong>duodecim</strong></span> <span class='ocrx_word' id='word_1_854' title='bbox 3557 4935 3799 5007; x_wconf 78' lang='lat' dir='ltr'><strong>legiones</strong></span> 
     </span>
    </p>
   </div>
   <div class='ocr_carea' id='block_1_111' title="bbox 2209 5024 3799 5097">
    <p class='ocr_par' dir='ltr' id='par_1_111' title="bbox 2209 5024 3799 5097">
     <span class='ocr_line' id='line_1_111' title="bbox 2209 5024 3799 5097; baseline 0 -17"><span class='ocrx_word' id='word_1_855' title='bbox 2209 5025 2543 5095; x_wconf 82' lang='lat' dir='ltr'><strong>angelorum.</strong></span> <span class='ocrx_word' id='word_1_856' title='bbox 2590 5025 2754 5097; x_wconf 87' lang='lat' dir='ltr'><strong>Legio</strong></span> <span class='ocrx_word' id='word_1_857' title='bbox 2799 5027 2942 5079; x_wconf 90' lang='lat' dir='ltr'><strong>enim</strong></span> <span class='ocrx_word' id='word_1_858' title='bbox 2993 5025 3132 5094; x_wconf 89' lang='lat' dir='ltr'><strong>apud</strong></span> <span class='ocrx_word' id='word_1_859' title='bbox 3168 5032 3380 5080; x_wconf 88' lang='lat' dir='ltr'><strong>veteres</strong></span> <span class='ocrx_word' id='word_1_860' title='bbox 3424 5039 3522 5079; x_wconf 85' lang='lat' dir='ltr'><strong>sex</strong></span> <span class='ocrx_word' id='word_1_861' title='bbox 3563 5024 3799 5080; x_wconf 79' lang='lat' dir='ltr'><strong>millibus</strong></span> 
     </span>
    </p>
   </div>
   <div class='ocr_carea' id='block_1_112' title="bbox 2202 5117 3796 5188">
    <p class='ocr_par' dir='ltr' id='par_1_112' title="bbox 2202 5117 3796 5188">
     <span class='ocr_line' id='line_1_112' title="bbox 2202 5117 3796 5188; baseline -0.003 -13"><span class='ocrx_word' id='word_1_862' title='bbox 2202 5118 2503 5175; x_wconf 87' lang='lat' dir='ltr'><strong>constabat.</strong></span> <span class='ocrx_word' id='word_1_863' title='bbox 2557 5117 2847 5173; x_wconf 88' lang='lat' dir='ltr'><strong>Duodecim</strong></span> <span class='ocrx_word' id='word_1_864' title='bbox 2898 5124 3078 5171; x_wconf 87' lang='lat' dir='ltr'><strong>autem</strong></span> <span class='ocrx_word' id='word_1_865' title='bbox 3124 5117 3395 5188; x_wconf 88' lang='lat' dir='ltr'><strong>legiones,</strong></span> <span class='ocrx_word' id='word_1_866' title='bbox 3449 5120 3796 5188; x_wconf 73' lang='lat' dir='ltr'><strong>septuaginta</strong></span> 
     </span>
    </p>
   </div>
   <div class='ocr_carea' id='block_1_113' title="bbox 2199 5205 3795 5278">
    <p class='ocr_par' dir='ltr' id='par_1_113' title="bbox 2199 5205 3795 5278">
     <span class='ocr_line' id='line_1_113' title="bbox 2199 5205 3795 5278; baseline -0.004 -13"><span class='ocrx_word' id='word_1_867' title='bbox 2199 5210 2308 5265; x_wconf 90' lang='lat' dir='ltr'><strong>duo</strong></span> <span class='ocrx_word' id='word_1_868' title='bbox 2344 5209 2505 5266; x_wconf 85' lang='lat' dir='ltr'><strong>millia</strong></span> <span class='ocrx_word' id='word_1_869' title='bbox 2546 5207 2804 5264; x_wconf 79' lang='lat' dir='ltr'><strong>cilicium.</strong></span> <span class='ocrx_word' id='word_1_870' title='bbox 2845 5207 2945 5262; x_wconf 91' lang='lat' dir='ltr'><strong>Tot</strong></span> <span class='ocrx_word' id='word_1_871' title='bbox 2984 5216 3164 5263; x_wconf 88' lang='lat' dir='ltr'><strong>autem</strong></span> <span class='ocrx_word' id='word_1_872' title='bbox 3202 5216 3389 5278; x_wconf 87' lang='lat' dir='ltr'><strong>gentes</strong></span> <span class='ocrx_word' id='word_1_873' title='bbox 3425 5206 3688 5277; x_wconf 83' lang='lat' dir='ltr'><strong>leguntur</strong></span> <span class='ocrx_word' id='word_1_874' title='bbox 3730 5205 3795 5262; x_wconf 78' lang='lat' dir='ltr'><strong>ad</strong></span> 
     </span>
    </p>
   </div>
   <div class='ocr_carea' id='block_1_114' title="bbox 2200 5298 3792 5371">
    <p class='ocr_par' dir='ltr' id='par_1_114' title="bbox 2200 5298 3792 5371">
     <span class='ocr_line' id='line_1_114' title="bbox 2200 5298 3792 5371; baseline -0.003 -14"><span class='ocrx_word' id='word_1_875' title='bbox 2200 5302 2395 5357; x_wconf 92' lang='lat' dir='ltr'><strong>turrim</strong></span> <span class='ocrx_word' id='word_1_876' title='bbox 2427 5300 2589 5356; x_wconf 86' lang='lat' dir='ltr'><strong>Babcl</strong></span> <span class='ocrx_word' id='word_1_877' title='bbox 2620 5301 2675 5355; x_wconf 92' lang='lat' dir='ltr'><strong>in</strong></span> <span class='ocrx_word' id='word_1_878' title='bbox 2707 5299 3075 5357; x_wconf 86' lang='lat' dir='ltr'><strong>diversitatem</strong></span> <span class='ocrx_word' id='word_1_879' title='bbox 3105 5299 3406 5371; x_wconf 86' lang='lat' dir='ltr'><strong>linguarqu</strong></span> <span class='ocrx_word' id='word_1_880' title='bbox 3430 5298 3621 5353; x_wconf 79' lang='lat' dir='ltr'><strong>divisa:</strong></span> <span class='ocrx_word' id='word_1_881' title='bbox 3650 5313 3792 5353; x_wconf 83' lang='lat' dir='ltr'><strong>esse.</strong></span> 
     </span>
    </p>
   </div>
   <div class='ocr_carea' id='block_1_115' title="bbox 2200 5388 3795 5462">
    <p class='ocr_par' dir='ltr' id='par_1_115' title="bbox 2200 5388 3795 5462">
     <span class='ocr_line' id='line_1_115' title="bbox 2200 5388 3795 5462; baseline -0.002 -15"><span class='ocrx_word' id='word_1_882' title='bbox 2200 5393 2270 5448; x_wconf 90' lang='lat' dir='ltr'><strong>Et</strong></span> <span class='ocrx_word' id='word_1_883' title='bbox 2289 5400 2373 5447; x_wconf 88' lang='lat' dir='ltr'><strong>est</strong></span> <span class='ocrx_word' id='word_1_884' title='bbox 2393 5406 2585 5448; x_wconf 89' lang='lat' dir='ltr'><strong>sensus</strong></span> <span class='ocrx_word' id='word_1_885' title='bbox 2611 5408 2625 5445; x_wconf 91' lang='lat'><strong>:</strong></span> <span class='ocrx_word' id='word_1_886' title='bbox 2650 5389 2765 5447; x_wconf 85' lang='lat' dir='ltr'><strong>Non</strong></span> <span class='ocrx_word' id='word_1_887' title='bbox 2796 5406 2929 5462; x_wconf 90' lang='lat' dir='ltr'><strong>egeo</strong></span> <span class='ocrx_word' id='word_1_888' title='bbox 2957 5390 3162 5446; x_wconf 81' lang='lat' dir='ltr'><strong>auxilio</strong></span> <span class='ocrx_word' id='word_1_889' title='bbox 3182 5399 3238 5446; x_wconf 89' lang='lat' dir='ltr'><strong>et</strong></span> <span class='ocrx_word' id='word_1_890' title='bbox 3257 5389 3575 5446; x_wconf 82' lang='lat' dir='ltr'><strong>defensione</strong></span> <span class='ocrx_word' id='word_1_891' title='bbox 3591 5388 3795 5444; x_wconf 87' lang='lat' dir='ltr'><strong>duode-</strong></span> 
     </span>
    </p>
   </div>
   <div class='ocr_carea' id='block_1_116' title="bbox 2203 5478 3795 5552">
    <p class='ocr_par' dir='ltr' id='par_1_116' title="bbox 2203 5478 3795 5552">
     <span class='ocr_line' id='line_1_116' title="bbox 2203 5478 3795 5552; baseline -0.004 -14"><span class='ocrx_word' id='word_1_892' title='bbox 2203 5483 2309 5538; x_wconf 91' lang='lat' dir='ltr'><strong>cim</strong></span> <span class='ocrx_word' id='word_1_893' title='bbox 2332 5482 2722 5552; x_wconf 88' lang='lat' dir='ltr'><strong>apostolorum,</strong></span> <span class='ocrx_word' id='word_1_894' title='bbox 2748 5480 3000 5552; x_wconf 85' lang='lat' dir='ltr'><strong>quoniam</strong></span> <span class='ocrx_word' id='word_1_895' title='bbox 3028 5482 3073 5536; x_wconf 92' lang='lat' dir='ltr'><strong>si</strong></span> <span class='ocrx_word' id='word_1_896' title='bbox 3100 5488 3242 5536; x_wconf 91' lang='lat' dir='ltr'><strong>totus</strong></span> <span class='ocrx_word' id='word_1_897' title='bbox 3263 5478 3497 5534; x_wconf 90' lang='lat' dir='ltr'><strong>mundus</strong></span> <span class='ocrx_word' id='word_1_898' title='bbox 3521 5478 3577 5533; x_wconf 92' lang='lat' dir='ltr'><strong>in</strong></span> <span class='ocrx_word' id='word_1_899' title='bbox 3603 5492 3795 5533; x_wconf 72' lang='lat' dir='ltr'><strong>necem</strong></span> 
     </span>
    </p>
   </div>
   <div class='ocr_carea' id='block_1_117' title="bbox 2203 5569 3794 5643">
    <p class='ocr_par' dir='ltr' id='par_1_117' title="bbox 2203 5569 3794 5643">
     <span class='ocr_line' id='line_1_117' title="bbox 2203 5569 3794 5643; baseline -0.002 -16"><span class='ocrx_word' id='word_1_900' title='bbox 2203 5587 2380 5627; x_wconf 89' lang='lat' dir='ltr'><strong>meam</strong></span> <span class='ocrx_word' id='word_1_901' title='bbox 2408 5572 2822 5642; x_wconf 82' lang='lat' dir='ltr'><strong>conspiraverit,</strong></span> <span class='ocrx_word' id='word_1_902' title='bbox 2863 5586 3083 5641; x_wconf 91' lang='lat' dir='ltr'><strong>possum</strong></span> <span class='ocrx_word' id='word_1_903' title='bbox 3113 5585 3305 5643; x_wconf 88' lang='lat' dir='ltr'><strong>rogare</strong></span> <span class='ocrx_word' id='word_1_904' title='bbox 3333 5569 3554 5625; x_wconf 86' lang='lat' dir='ltr'><strong>Patrem</strong></span> <span class='ocrx_word' id='word_1_905' title='bbox 3585 5584 3794 5635; x_wconf 81' lang='lat' dir='ltr'><strong>meum,</strong></span> 
     </span>
    </p>
   </div>
   <div class='ocr_carea' id='block_1_118' title="bbox 2201 5664 3798 5736">
    <p class='ocr_par' dir='ltr' id='par_1_118' title="bbox 2201 5664 3798 5736">
     <span class='ocr_line' id='line_1_118' title="bbox 2201 5664 3798 5736; baseline 0 -16"><span class='ocrx_word' id='word_1_906' title='bbox 2201 5672 2258 5720; x_wconf 90' lang='lat' dir='ltr'><strong>et</strong></span> <span class='ocrx_word' id='word_1_907' title='bbox 2307 5664 2586 5721; x_wconf 86' lang='lat' dir='ltr'><strong>exhibebit</strong></span> <span class='ocrx_word' id='word_1_908' title='bbox 2632 5665 2762 5722; x_wconf 90' lang='lat' dir='ltr'><strong>mihi</strong></span> <span class='ocrx_word' id='word_1_909' title='bbox 2823 5674 3010 5723; x_wconf 87' lang='lat' dir='ltr'><strong>contra</strong></span> <span class='ocrx_word' id='word_1_910' title='bbox 3058 5678 3499 5736; x_wconf 83' lang='lat' dir='ltr'><strong>unamquamque</strong></span> <span class='ocrx_word' id='word_1_911' title='bbox 3574 5672 3798 5735; x_wconf 81' lang='lat' dir='ltr'><strong>gentem</strong></span> 
     </span>
    </p>
   </div>
   <div class='ocr_carea' id='block_1_119' title="bbox 2199 5757 2612 5830">
    <p class='ocr_par' dir='ltr' id='par_1_119' title="bbox 2199 5757 2612 5830">
     <span class='ocr_line' id='line_1_119' title="bbox 2199 5757 2612 5830; baseline -0.002 -17"><span class='ocrx_word' id='word_1_912' title='bbox 2199 5757 2348 5813; x_wconf 90' lang='lat' dir='ltr'><strong>mille</strong></span> <span class='ocrx_word' id='word_1_913' title='bbox 2375 5758 2612 5830; x_wconf 86' lang='lat' dir='ltr'><strong>angelos.</strong></span> 
     </span>
    </p>
   </div>
   <div class='ocr_carea' id='block_1_120' title="bbox 2279 5848 3797 5923">
    <p class='ocr_par' dir='ltr' id='par_1_120' title="bbox 2279 5848 3797 5923">
     <span class='ocr_line' id='line_1_120' title="bbox 2279 5848 3797 5923; baseline 0.005 -21"><span class='ocrx_word' id='word_1_914' title='bbox 2279 5871 2297 5902; x_wconf 79' lang='grc' dir='ltr'>ι</span> <span class='ocrx_word' id='word_1_915' title='bbox 2346 5851 2626 5923; x_wconf 82' lang='lat' dir='ltr'><strong>Tanquam</strong></span> <span class='ocrx_word' id='word_1_916' title='bbox 2669 5853 2736 5909; x_wconf 91' lang='lat' dir='ltr'><strong>ad</strong></span> <span class='ocrx_word' id='word_1_917' title='bbox 2782 5852 3049 5909; x_wconf 88' lang='lat' dir='ltr'><strong>latronem</strong></span> <span class='ocrx_word' id='word_1_918' title='bbox 3096 5851 3286 5909; x_wconf 86' lang='lat' dir='ltr'><strong>existis</strong></span> <span class='ocrx_word' id='word_1_919' title='bbox 3326 5867 3450 5909; x_wconf 88' lang='lat' dir='ltr'><strong>cum</strong></span> <span class='ocrx_word' id='word_1_920' title='bbox 3496 5848 3696 5923; x_wconf 83' lang='lat' dir='ltr'><strong>gladiis</strong></span> <span class='ocrx_word' id='word_1_921' title='bbox 3734 5855 3797 5909; x_wconf 75' lang='lat' dir='ltr'><strong>et</strong></span> 
     </span>
    </p>
   </div>
  </div>
