  <div class='ocr_page' id='page_1' title='image "/cluster/home/n/w/nwhite01/storage/ocr_20150623/118/hvd.32044015466907/190.png"; bbox 0 0 3934 6346; ppageno 0'>
   <div class='ocr_carea' id='block_1_1' title="bbox 227 250 376 312">
    <p class='ocr_par' dir='ltr' id='par_1_1' title="bbox 227 250 376 312">
     <span class='ocr_line' id='line_1_1' title="bbox 227 250 376 312; baseline 0 0"><span class='ocrx_word' id='word_1_1' title='bbox 227 250 376 312; x_wconf 72' lang='lat'><strong>569</strong></span> 
     </span>
    </p>
   </div>
   <div class='ocr_carea' id='block_1_2' title="bbox 1500 258 2318 318">
    <p class='ocr_par' dir='ltr' id='par_1_2' title="bbox 1500 258 2318 318">
     <span class='ocr_line' id='line_1_2' title="bbox 1500 258 2318 318; baseline 0.001 -3"><span class='ocrx_word' id='word_1_2' title='bbox 1500 258 1810 317; x_wconf 66' lang='lat' dir='ltr'><strong>HOMILIAS</strong></span> <span class='ocrx_word' id='word_1_3' title='bbox 1848 260 1935 316; x_wconf 86' lang='lat' dir='ltr'><strong>DE</strong></span> <span class='ocrx_word' id='word_1_4' title='bbox 1972 260 2318 318; x_wconf 80' lang='lat' dir='ltr'><strong>TEMPORE.</strong></span> 
     </span>
    </p>
   </div>
   <div class='ocr_carea' id='block_1_3' title="bbox 3425 269 3531 323">
    <p class='ocr_par' dir='ltr' id='par_1_3' title="bbox 3425 269 3531 323">
     <span class='ocr_line' id='line_1_3' title="bbox 3425 269 3531 323; baseline -0.019 0"><span class='ocrx_word' id='word_1_5' title='bbox 3425 269 3531 323; x_wconf 79' lang='lat'><strong>5&#39;70</strong></span> 
     </span>
    </p>
   </div>
   <div class='ocr_carea' id='block_1_4' title="bbox 239 368 3539 449">
    <p class='ocr_par' dir='ltr' id='par_1_4' title="bbox 239 368 3539 449">
     <span class='ocr_line' id='line_1_4' title="bbox 239 368 3539 449; baseline 0.003 -26"><span class='ocrx_word' id='word_1_6' title='bbox 239 384 268 416; x_wconf 72' lang='grc' dir='ltr'><strong>ι</strong></span> <span class='ocrx_word' id='word_1_7' title='bbox 323 368 579 436; x_wconf 84' lang='lat' dir='ltr'><strong>fustibus,</strong></span> <span class='ocrx_word' id='word_1_8' title='bbox 613 386 632 423; x_wconf 74' lang='grc' dir='ltr'><strong>ι</strong></span> <span class='ocrx_word' id='word_1_9' title='bbox 678 377 735 425; x_wconf 88' lang='lat' dir='ltr'><strong>et</strong></span> <span class='ocrx_word' id='word_1_10' title='bbox 778 370 1032 438; x_wconf 77' lang='lat' dir='ltr'><strong>tumultu,</strong></span> <span class='ocrx_word' id='word_1_11' title='bbox 1084 389 1104 424; x_wconf 80' lang='grc' dir='ltr'><strong>ι</strong></span> <span class='ocrx_word' id='word_1_12' title='bbox 1155 371 1221 429; x_wconf 91' lang='lat' dir='ltr'><strong>ad</strong></span> <span class='ocrx_word' id='word_1_13' title='bbox 1260 385 1348 429; x_wconf 88' lang='lat' dir='ltr'><strong>me</strong></span> <span class='ocrx_word' id='word_1_14' title='bbox 1382 373 1845 443; x_wconf 89' lang='lat' dir='ltr'><strong>comprehenden-</strong></span> <span class='ocrx_word' id='word_1_15' title='bbox 1874 381 1927 440; x_wconf 78' lang='grc' dir='ltr'>Α</span> <span class='ocrx_word' id='word_1_16' title='bbox 1952 375 2085 430; x_wconf 89' lang='lat' dir='ltr'><strong>tur?</strong></span> <span class='ocrx_word' id='word_1_17' title='bbox 2118 394 2136 428; x_wconf 77' lang='grc' dir='ltr'><strong>ι</strong></span> <span class='ocrx_word' id='word_1_18' title='bbox 2161 374 2429 431; x_wconf 85' lang='lat' dir='ltr'><strong>Provocat</strong></span> <span class='ocrx_word' id='word_1_19' title='bbox 2451 376 2704 448; x_wconf 81' lang='lat' dir='ltr'><strong>princeps</strong></span> <span class='ocrx_word' id='word_1_20' title='bbox 2731 377 3070 434; x_wconf 78' lang='lat' dir='ltr'><strong>sacerdotum</strong></span> <span class='ocrx_word' id='word_1_21' title='bbox 3096 378 3163 433; x_wconf 91' lang='lat' dir='ltr'><strong>ad</strong></span> <span class='ocrx_word' id='word_1_22' title='bbox 3201 380 3539 449; x_wconf 85' lang='lat' dir='ltr'><strong>responden-</strong></span> 
     </span>
    </p>
   </div>
   <div class='ocr_carea' id='block_1_5' title="bbox 234 460 1846 535">
    <p class='ocr_par' dir='ltr' id='par_1_5' title="bbox 234 460 1846 535">
     <span class='ocr_line' id='line_1_5' title="bbox 234 460 1846 535; baseline 0.007 -24"><span class='ocrx_word' id='word_1_23' title='bbox 234 475 268 511; x_wconf 68' lang='grc' dir='ltr'><em>ς</em></span> <span class='ocrx_word' id='word_1_24' title='bbox 320 460 475 526; x_wconf 86' lang='lat' dir='ltr'><strong>dum,</strong></span> <span class='ocrx_word' id='word_1_25' title='bbox 510 479 529 513; x_wconf 77' lang='grc' dir='ltr'><strong>ι</strong></span> <span class='ocrx_word' id='word_1_26' title='bbox 570 461 717 517; x_wconf 81' lang='lat' dir='ltr'><strong>etin</strong></span> <span class='ocrx_word' id='word_1_27' title='bbox 745 471 924 530; x_wconf 89' lang='lat' dir='ltr'><strong>nocte,</strong></span> <span class='ocrx_word' id='word_1_28' title='bbox 958 481 979 515; x_wconf 79' lang='grc' dir='ltr'><strong>ι</strong></span> <span class='ocrx_word' id='word_1_29' title='bbox 1016 463 1109 535; x_wconf 86' lang='lat' dir='ltr'><strong>qui</strong></span> <span class='ocrx_word' id='word_1_30' title='bbox 1150 462 1436 522; x_wconf 82' lang='lat' dir='ltr'><strong>manifeste</strong></span> <span class='ocrx_word' id='word_1_31' title='bbox 1470 465 1625 522; x_wconf 84' lang='lat' dir='ltr'><strong>vobis</strong></span> <span class='ocrx_word' id='word_1_32' title='bbox 1664 466 1718 522; x_wconf 91' lang='lat' dir='ltr'><strong>in</strong></span> <span class='ocrx_word' id='word_1_33' title='bbox 1757 467 1846 523; x_wconf 92' lang='lat' dir='ltr'><strong>die</strong></span> 
     </span>
    </p>
   </div>
   <div class='ocr_carea' id='block_1_6' title="bbox 236 536 1846 624">
    <p class='ocr_par' dir='ltr' id='par_1_6' title="bbox 236 536 1846 624">
     <span class='ocr_line' id='line_1_6' title="bbox 236 536 1846 624; baseline 0.006 -22"><span class='ocrx_word' id='word_1_34' title='bbox 236 566 267 601; x_wconf 72' lang='grc' dir='ltr'><strong>ε</strong></span> <span class='ocrx_word' id='word_1_35' title='bbox 333 551 579 622; x_wconf 88' lang='lat' dir='ltr'><strong>apparni,</strong></span> <span class='ocrx_word' id='word_1_36' title='bbox 618 559 675 607; x_wconf 92' lang='lat' dir='ltr'><strong>et</strong></span> <span class='ocrx_word' id='word_1_37' title='bbox 717 536 789 607; x_wconf 28' lang='lat' dir='ltr'><strong>in.</strong></span> <span class='ocrx_word' id='word_1_38' title='bbox 813 552 1013 624; x_wconf 90' lang='lat' dir='ltr'><strong>templo</strong></span> <span class='ocrx_word' id='word_1_39' title='bbox 1057 553 1298 624; x_wconf 87' lang='lat' dir='ltr'><strong>quotidie</strong></span> <span class='ocrx_word' id='word_1_40' title='bbox 1336 554 1514 610; x_wconf 86' lang='lat' dir='ltr'><strong>docui.</strong></span> <span class='ocrx_word' id='word_1_41' title='bbox 1555 574 1574 608; x_wconf 77' lang='grc' dir='ltr'><strong>ι</strong></span> <span class='ocrx_word' id='word_1_42' title='bbox 1610 553 1846 611; x_wconf 83' lang='lat' dir='ltr'><strong>Stultum</strong></span> 
     </span>
    </p>
   </div>
   <div class='ocr_carea' id='block_1_7' title="bbox 184 643 1847 719">
    <p class='ocr_par' dir='ltr' id='par_1_7' title="bbox 184 643 1847 719">
     <span class='ocr_line' id='line_1_7' title="bbox 184 643 1847 719; baseline 0.005 -24"><span class='ocrx_word' id='word_1_43' title='bbox 184 684 191 685; x_wconf 40' lang='grc' dir='ltr'><em>κ</em></span> <span class='ocrx_word' id='word_1_44' title='bbox 221 652 390 713; x_wconf 79' lang='lat' dir='ltr'><strong>ergo</strong></span> <span class='ocrx_word' id='word_1_45' title='bbox 417 658 540 697; x_wconf 93' lang='lat' dir='ltr'><strong>cum</strong></span> <span class='ocrx_word' id='word_1_46' title='bbox 566 643 758 714; x_wconf 87' lang='lat' dir='ltr'><strong>gladiis</strong></span> <span class='ocrx_word' id='word_1_47' title='bbox 786 659 874 701; x_wconf 88' lang='lat' dir='ltr'><strong>me</strong></span> <span class='ocrx_word' id='word_1_48' title='bbox 901 660 1169 716; x_wconf 73' lang='lat' dir='ltr'><strong>quaerere,</strong></span> <span class='ocrx_word' id='word_1_49' title='bbox 1198 645 1292 717; x_wconf 87' lang='lat' dir='ltr'><strong>qui</strong></span> <span class='ocrx_word' id='word_1_50' title='bbox 1319 654 1512 719; x_wconf 86' lang='lat' dir='ltr'><strong>sponte</strong></span> <span class='ocrx_word' id='word_1_51' title='bbox 1539 662 1627 703; x_wconf 88' lang='lat' dir='ltr'><strong>me</strong></span> <span class='ocrx_word' id='word_1_52' title='bbox 1652 655 1847 704; x_wconf 66' lang='lat' dir='ltr'><strong>vestra:</strong></span> 
     </span>
    </p>
   </div>
   <div class='ocr_carea' id='block_1_8' title="bbox 224 733 722 799">
    <p class='ocr_par' dir='ltr' id='par_1_8' title="bbox 224 733 722 799">
     <span class='ocr_line' id='line_1_8' title="bbox 224 733 722 799; baseline 0.012 -14"><span class='ocrx_word' id='word_1_53' title='bbox 224 733 513 799; x_wconf 84' lang='lat' dir='ltr'><strong>potestati</strong></span> <span class='ocrx_word' id='word_1_54' title='bbox 545 735 722 791; x_wconf 83' lang='lat' dir='ltr'><strong>trado.</strong></span> 
     </span>
    </p>
   </div>
   <div class='ocr_carea' id='block_1_9' title="bbox 337 823 1845 903">
    <p class='ocr_par' dir='ltr' id='par_1_9' title="bbox 337 823 1845 903">
     <span class='ocr_line' id='line_1_9' title="bbox 337 823 1845 903; baseline 0.007 -25"><span class='ocrx_word' id='word_1_55' title='bbox 337 842 356 876; x_wconf 83' lang='grc' dir='ltr'><strong>ι</strong></span> <span class='ocrx_word' id='word_1_56' title='bbox 398 823 513 881; x_wconf 83' lang='lat' dir='ltr'><strong>Hoc</strong></span> <span class='ocrx_word' id='word_1_57' title='bbox 532 835 709 882; x_wconf 90' lang='lat' dir='ltr'><strong>autem</strong></span> <span class='ocrx_word' id='word_1_58' title='bbox 744 835 913 884; x_wconf 89' lang='lat' dir='ltr'><strong>totum</strong></span> <span class='ocrx_word' id='word_1_59' title='bbox 958 829 1159 885; x_wconf 88' lang='lat' dir='ltr'><strong>factum</strong></span> <span class='ocrx_word' id='word_1_60' title='bbox 1196 838 1301 897; x_wconf 92' lang='lat' dir='ltr'><strong>est,</strong></span> <span class='ocrx_word' id='word_1_61' title='bbox 1333 838 1394 886; x_wconf 91' lang='lat' dir='ltr'><strong>ut</strong></span> <span class='ocrx_word' id='word_1_62' title='bbox 1421 830 1845 903; x_wconf 89' lang='lat' dir='ltr'><strong>adimplerentur</strong></span> 
     </span>
    </p>
   </div>
   <div class='ocr_carea' id='block_1_10' title="bbox 231 914 1845 993">
    <p class='ocr_par' dir='ltr' id='par_1_10' title="bbox 231 914 1845 993">
     <span class='ocr_line' id='line_1_10' title="bbox 231 914 1845 993; baseline 0.007 -26"><span class='ocrx_word' id='word_1_63' title='bbox 231 932 261 966; x_wconf 67' lang='grc' dir='ltr'><strong>ε</strong></span> <span class='ocrx_word' id='word_1_64' title='bbox 328 914 622 986; x_wconf 72' lang='lat' dir='ltr'><strong>Scriptum</strong></span> <span class='ocrx_word' id='word_1_65' title='bbox 659 920 1065 990; x_wconf 90' lang='lat' dir='ltr'><strong>prophetarum.</strong></span> <span class='ocrx_word' id='word_1_66' title='bbox 1099 940 1119 973; x_wconf 69' lang='grc' dir='ltr'><strong>ι</strong></span> <span class='ocrx_word' id='word_1_67' title='bbox 1148 921 1205 977; x_wconf 88' lang='lat' dir='ltr'><strong>Id</strong></span> <span class='ocrx_word' id='word_1_68' title='bbox 1251 930 1358 985; x_wconf 90' lang='lat' dir='ltr'><strong>est,</strong></span> <span class='ocrx_word' id='word_1_69' title='bbox 1396 931 1455 976; x_wconf 97' lang='grc' dir='ltr'><strong>ιιι</strong></span> <span class='ocrx_word' id='word_1_70' title='bbox 1488 923 1845 993; x_wconf 90' lang='lat' dir='ltr'><strong>implerentur</strong></span> 
     </span>
    </p>
   </div>
   <div class='ocr_carea' id='block_1_11' title="bbox 222 1009 1843 1087">
    <p class='ocr_par' dir='ltr' id='par_1_11' title="bbox 222 1009 1843 1087">
     <span class='ocr_line' id='line_1_11' title="bbox 222 1009 1843 1087; baseline 0.006 -25"><span class='ocrx_word' id='word_1_71' title='bbox 222 1009 511 1065; x_wconf 71' lang='lat' dir='ltr'><strong>vaticinia</strong></span> <span class='ocrx_word' id='word_1_72' title='bbox 537 1012 945 1083; x_wconf 90' lang='lat' dir='ltr'><strong>prophetarum,</strong></span> <span class='ocrx_word' id='word_1_73' title='bbox 972 1029 1091 1084; x_wconf 64' lang='lat' dir='ltr'><strong>quae</strong></span> <span class='ocrx_word' id='word_1_74' title='bbox 1114 1016 1181 1069; x_wconf 91' lang='lat' dir='ltr'><strong>de</strong></span> <span class='ocrx_word' id='word_1_75' title='bbox 1204 1014 1407 1071; x_wconf 84' lang='lat' dir='ltr'><strong>Christi</strong></span> <span class='ocrx_word' id='word_1_76' title='bbox 1432 1016 1679 1085; x_wconf 87' lang='lat' dir='ltr'><strong>passione</strong></span> <span class='ocrx_word' id='word_1_77' title='bbox 1702 1032 1843 1087; x_wconf 68' lang='lat' dir='ltr'><strong>prae-</strong></span> 
     </span>
    </p>
   </div>
   <div class='ocr_carea' id='block_1_12' title="bbox 225 1097 1842 1185">
    <p class='ocr_par' dir='ltr' id='par_1_12' title="bbox 225 1097 1842 1185">
     <span class='ocr_line' id='line_1_12' title="bbox 225 1097 1842 1185; baseline 0.007 -31"><span class='ocrx_word' id='word_1_78' title='bbox 225 1097 398 1156; x_wconf 81' lang='lat' dir='ltr'><strong>dicta</strong></span> <span class='ocrx_word' id='word_1_79' title='bbox 423 1112 598 1169; x_wconf 87' lang='lat' dir='ltr'><strong>erant,</strong></span> <span class='ocrx_word' id='word_1_80' title='bbox 637 1119 756 1175; x_wconf 82' lang='lat' dir='ltr'><strong>quae</strong></span> <span class='ocrx_word' id='word_1_81' title='bbox 809 1105 1025 1176; x_wconf 86' lang='lat' dir='ltr'><strong>longum</strong></span> <span class='ocrx_word' id='word_1_82' title='bbox 1061 1116 1145 1163; x_wconf 91' lang='lat' dir='ltr'><strong>est</strong></span> <span class='ocrx_word' id='word_1_83' title='bbox 1188 1123 1543 1185; x_wconf 28' lang='lat' dir='ltr'><strong>enumeraret</strong></span> <span class='ocrx_word' id='word_1_84' title='bbox 1579 1109 1621 1163; x_wconf 90' lang='lat' dir='ltr'><strong>E</strong></span> <span class='ocrx_word' id='word_1_85' title='bbox 1647 1110 1842 1179; x_wconf 87' lang='lat' dir='ltr'><strong>quibus</strong></span> 
     </span>
    </p>
   </div>
   <div class='ocr_carea' id='block_1_13' title="bbox 222 1195 1840 1272">
    <p class='ocr_par' dir='ltr' id='par_1_13' title="bbox 222 1195 1840 1272">
     <span class='ocr_line' id='line_1_13' title="bbox 222 1195 1840 1272; baseline 0.007 -26"><span class='ocrx_word' id='word_1_86' title='bbox 222 1205 423 1247; x_wconf 83' lang='lat' dir='ltr'><strong>unum</strong></span> <span class='ocrx_word' id='word_1_87' title='bbox 451 1202 583 1249; x_wconf 82' lang='lat' dir='ltr'><strong>est:</strong></span> <span class='ocrx_word' id='word_1_88' title='bbox 628 1214 647 1245; x_wconf 76' lang='grc' dir='ltr'><strong>ι</strong></span> <span class='ocrx_word' id='word_1_89' title='bbox 693 1195 967 1257; x_wconf 81' lang='lat' dir='ltr'><strong>Foderunt</strong></span> <span class='ocrx_word' id='word_1_90' title='bbox 992 1214 1184 1256; x_wconf 87' lang='lat' dir='ltr'><strong>manus</strong></span> <span class='ocrx_word' id='word_1_91' title='bbox 1226 1216 1377 1257; x_wconf 91' lang='lat' dir='ltr'><strong>meas</strong></span> <span class='ocrx_word' id='word_1_92' title='bbox 1417 1210 1472 1256; x_wconf 93' lang='lat' dir='ltr'><strong>et</strong></span> <span class='ocrx_word' id='word_1_93' title='bbox 1498 1202 1662 1272; x_wconf 87' lang='lat' dir='ltr'><strong>pedes</strong></span> <span class='ocrx_word' id='word_1_94' title='bbox 1690 1218 1840 1259; x_wconf 91' lang='lat' dir='ltr'><strong>meos</strong></span> 
     </span>
    </p>
   </div>
   <div class='ocr_carea' id='block_1_14' title="bbox 225 1279 1838 1357">
    <p class='ocr_par' dir='ltr' id='par_1_14' title="bbox 225 1279 1838 1357">
     <span class='ocr_line' id='line_1_14' title="bbox 225 1279 1838 1357; baseline 0.007 -22"><span class='ocrx_word' id='word_1_95' title='bbox 225 1279 427 1353; x_wconf 76' lang='lat' dir='ltr'><strong>(Paul.</strong></span> <span class='ocrx_word' id='word_1_96' title='bbox 478 1284 617 1357; x_wconf 69' lang='lat' dir='ltr'><strong>xxx),</strong></span> <span class='ocrx_word' id='word_1_97' title='bbox 659 1306 679 1339; x_wconf 76' lang='grc' dir='ltr'><strong>ι</strong></span> <span class='ocrx_word' id='word_1_98' title='bbox 716 1295 822 1343; x_wconf 89' lang='lat' dir='ltr'><strong>etc.</strong></span> <span class='ocrx_word' id='word_1_99' title='bbox 856 1288 962 1344; x_wconf 85' lang='lat' dir='ltr'><strong>Et:</strong></span> <span class='ocrx_word' id='word_1_100' title='bbox 1004 1310 1024 1341; x_wconf 78' lang='grc' dir='ltr'><strong>ι</strong></span> <span class='ocrx_word' id='word_1_101' title='bbox 1059 1291 1212 1347; x_wconf 84' lang='lat' dir='ltr'><strong>Sicut</strong></span> <span class='ocrx_word' id='word_1_102' title='bbox 1249 1293 1368 1347; x_wconf 91' lang='lat' dir='ltr'><strong>ovis</strong></span> <span class='ocrx_word' id='word_1_103' title='bbox 1408 1292 1474 1347; x_wconf 87' lang='lat' dir='ltr'><strong>ad</strong></span> <span class='ocrx_word' id='word_1_104' title='bbox 1506 1293 1838 1348; x_wconf 87' lang='lat' dir='ltr'><strong>occisionem</strong></span> 
     </span>
    </p>
   </div>
   <div class='ocr_carea' id='block_1_15' title="bbox 221 1374 1839 1455">
    <p class='ocr_par' dir='ltr' id='par_1_15' title="bbox 221 1374 1839 1455">
     <span class='ocr_line' id='line_1_15' title="bbox 221 1374 1839 1455; baseline 0.006 -26"><span class='ocrx_word' id='word_1_105' title='bbox 221 1374 482 1431; x_wconf 80' lang='lat' dir='ltr'><strong>ducetur</strong></span> <span class='ocrx_word' id='word_1_106' title='bbox 511 1376 643 1448; x_wconf 71' lang='lat' dir='ltr'><strong>(Ira.</strong></span> <span class='ocrx_word' id='word_1_107' title='bbox 678 1381 818 1448; x_wconf 79' lang='lat' dir='ltr'><strong>LIII).</strong></span> <span class='ocrx_word' id='word_1_108' title='bbox 855 1400 875 1433; x_wconf 71' lang='grc' dir='ltr'><strong>ι</strong></span> <span class='ocrx_word' id='word_1_109' title='bbox 909 1381 977 1437; x_wconf 87' lang='grc' dir='ltr'>Ει</span> <span class='ocrx_word' id='word_1_110' title='bbox 1003 1382 1200 1438; x_wconf 86' lang='lat' dir='ltr'><strong>iterum</strong></span> <span class='ocrx_word' id='word_1_111' title='bbox 1238 1401 1253 1438; x_wconf 94' lang='lat'><strong>:</strong></span> <span class='ocrx_word' id='word_1_112' title='bbox 1299 1403 1317 1436; x_wconf 82' lang='grc' dir='ltr'><strong>ι</strong></span> <span class='ocrx_word' id='word_1_113' title='bbox 1349 1384 1432 1439; x_wconf 81' lang='lat' dir='ltr'><strong>Ab</strong></span> <span class='ocrx_word' id='word_1_114' title='bbox 1468 1383 1839 1455; x_wconf 83' lang='lat' dir='ltr'><strong>iniquitatibus</strong></span> 
     </span>
    </p>
   </div>
   <div class='ocr_carea' id='block_1_16' title="bbox 215 1467 1343 1538">
    <p class='ocr_par' dir='ltr' id='par_1_16' title="bbox 215 1467 1343 1538">
     <span class='ocr_line' id='line_1_16' title="bbox 215 1467 1343 1538; baseline 0.011 -19"><span class='ocrx_word' id='word_1_115' title='bbox 215 1467 430 1538; x_wconf 88' lang='lat' dir='ltr'><strong>populi</strong></span> <span class='ocrx_word' id='word_1_116' title='bbox 455 1469 557 1524; x_wconf 87' lang='lat' dir='ltr'><strong>mei</strong></span> <span class='ocrx_word' id='word_1_117' title='bbox 586 1470 924 1532; x_wconf 81' lang='lat' dir='ltr'><strong>ductussum</strong></span> <span class='ocrx_word' id='word_1_118' title='bbox 947 1475 1015 1528; x_wconf 89' lang='lat' dir='ltr'><strong>ad</strong></span> <span class='ocrx_word' id='word_1_119' title='bbox 1044 1485 1303 1531; x_wconf 73' lang='lat' dir='ltr'><strong>mortem.</strong></span> <span class='ocrx_word' id='word_1_120' title='bbox 1325 1496 1343 1530; x_wconf 78' lang='grc' dir='ltr'><strong>ι</strong></span> 
     </span>
    </p>
   </div>
   <div class='ocr_carea' id='block_1_17' title="bbox 326 1557 1839 1636">
    <p class='ocr_par' dir='ltr' id='par_1_17' title="bbox 326 1557 1839 1636">
     <span class='ocr_line' id='line_1_17' title="bbox 326 1557 1839 1636; baseline 0.009 -28"><span class='ocrx_word' id='word_1_121' title='bbox 326 1576 345 1608; x_wconf 74' lang='grc' dir='ltr'><strong>α</strong></span> <span class='ocrx_word' id='word_1_122' title='bbox 389 1557 460 1613; x_wconf 81' lang='lat' dir='ltr'><strong>At</strong></span> <span class='ocrx_word' id='word_1_123' title='bbox 491 1559 587 1625; x_wconf 92' lang='lat' dir='ltr'><strong>illi,</strong></span> <span class='ocrx_word' id='word_1_124' title='bbox 630 1569 878 1619; x_wconf 88' lang='lat' dir='ltr'><strong>tenentes</strong></span> <span class='ocrx_word' id='word_1_125' title='bbox 922 1562 1127 1632; x_wconf 71' lang='lat' dir='ltr'><strong>Iesum,</strong></span> <span class='ocrx_word' id='word_1_126' title='bbox 1152 1567 1419 1623; x_wconf 85' lang='lat' dir='ltr'><strong>duxerunt</strong></span> <span class='ocrx_word' id='word_1_127' title='bbox 1464 1565 1532 1621; x_wconf 88' lang='lat' dir='ltr'><strong>ad</strong></span> <span class='ocrx_word' id='word_1_128' title='bbox 1579 1565 1839 1636; x_wconf 82' lang='lat' dir='ltr'><strong>Caipham</strong></span> 
     </span>
    </p>
   </div>
   <div class='ocr_carea' id='block_1_18' title="bbox 226 1648 1840 1721">
    <p class='ocr_par' dir='ltr' id='par_1_18' title="bbox 226 1648 1840 1721">
     <span class='ocr_line' id='line_1_18' title="bbox 226 1648 1840 1721; baseline 0.01 -23"><span class='ocrx_word' id='word_1_129' title='bbox 226 1663 256 1698; x_wconf 73' lang='grc' dir='ltr'><strong>ι</strong></span> <span class='ocrx_word' id='word_1_130' title='bbox 315 1648 618 1720; x_wconf 88' lang='lat' dir='ltr'><strong>principem</strong></span> <span class='ocrx_word' id='word_1_131' title='bbox 671 1655 1045 1721; x_wconf 86' lang='lat' dir='ltr'><strong>sacerdotum,</strong></span> <span class='ocrx_word' id='word_1_132' title='bbox 1097 1658 1188 1713; x_wconf 90' lang='lat' dir='ltr'><strong>ubi</strong></span> <span class='ocrx_word' id='word_1_133' title='bbox 1242 1657 1434 1713; x_wconf 70' lang='lat' dir='ltr'><strong>scribae</strong></span> <span class='ocrx_word' id='word_1_134' title='bbox 1476 1666 1532 1713; x_wconf 91' lang='lat' dir='ltr'><strong>et</strong></span> <span class='ocrx_word' id='word_1_135' title='bbox 1578 1658 1840 1715; x_wconf 82' lang='lat' dir='ltr'><strong>Pharisaei</strong></span> 
     </span>
    </p>
   </div>
   <div class='ocr_carea' id='block_1_19' title="bbox 1947 465 3539 540">
    <p class='ocr_par' dir='ltr' id='par_1_19' title="bbox 1947 465 3539 540">
     <span class='ocr_line' id='line_1_19' title="bbox 1947 465 3539 540; baseline 0.003 -17"><span class='ocrx_word' id='word_1_136' title='bbox 1947 466 2077 523; x_wconf 91' lang='lat' dir='ltr'><strong>dum</strong></span> <span class='ocrx_word' id='word_1_137' title='bbox 2120 465 2272 522; x_wconf 81' lang='lat' dir='ltr'><strong>falsis</strong></span> <span class='ocrx_word' id='word_1_138' title='bbox 2316 467 2566 533; x_wconf 85' lang='lat' dir='ltr'><strong>testibus,</strong></span> <span class='ocrx_word' id='word_1_139' title='bbox 2600 477 2662 523; x_wconf 89' lang='lat' dir='ltr'><strong>ut</strong></span> <span class='ocrx_word' id='word_1_140' title='bbox 2708 482 2867 540; x_wconf 90' lang='lat' dir='ltr'><strong>quem</strong></span> <span class='ocrx_word' id='word_1_141' title='bbox 2913 467 3035 525; x_wconf 83' lang='lat' dir='ltr'><strong>falsi</strong></span> <span class='ocrx_word' id='word_1_142' title='bbox 3066 477 3233 526; x_wconf 89' lang='lat' dir='ltr'><strong>testes</strong></span> <span class='ocrx_word' id='word_1_143' title='bbox 3277 470 3539 527; x_wconf 88' lang='lat' dir='ltr'><strong>damnare</strong></span> 
     </span>
    </p>
   </div>
   <div class='ocr_carea' id='block_1_20' title="bbox 1916 558 3534 636">
    <p class='ocr_par' dir='ltr' id='par_1_20' title="bbox 1916 558 3534 636">
     <span class='ocr_line' id='line_1_20' title="bbox 1916 558 3534 636; baseline 0.004 -22"><span class='ocrx_word' id='word_1_144' title='bbox 1916 574 2056 615; x_wconf 75' lang='lat' dir='ltr'><strong>non</strong></span> <span class='ocrx_word' id='word_1_145' title='bbox 2097 566 2372 629; x_wconf 89' lang='lat' dir='ltr'><strong>poterant,</strong></span> <span class='ocrx_word' id='word_1_146' title='bbox 2407 574 2476 615; x_wconf 85' lang='lat' dir='ltr'><strong>ex</strong></span> <span class='ocrx_word' id='word_1_147' title='bbox 2510 562 2862 631; x_wconf 89' lang='lat' dir='ltr'><strong>responsione</strong></span> <span class='ocrx_word' id='word_1_148' title='bbox 2908 558 3009 618; x_wconf 87' lang='lat' dir='ltr'><strong>sua</strong></span> <span class='ocrx_word' id='word_1_149' title='bbox 3053 576 3180 619; x_wconf 90' lang='lat' dir='ltr'><strong>eum</strong></span> <span class='ocrx_word' id='word_1_150' title='bbox 3223 573 3534 636; x_wconf 83' lang='lat' dir='ltr'><strong>arguerent.</strong></span> 
     </span>
    </p>
   </div>
   <div class='ocr_carea' id='block_1_21' title="bbox 1948 647 3537 725">
    <p class='ocr_par' dir='ltr' id='par_1_21' title="bbox 1948 647 3537 725">
     <span class='ocr_line' id='line_1_21' title="bbox 1948 647 3537 725; baseline 0.003 -19"><span class='ocrx_word' id='word_1_151' title='bbox 1948 647 2055 706; x_wconf 88' lang='lat' dir='ltr'><strong>Sed</strong></span> <span class='ocrx_word' id='word_1_152' title='bbox 2085 650 2342 706; x_wconf 87' lang='lat' dir='ltr'><strong>Dominus</strong></span> <span class='ocrx_word' id='word_1_153' title='bbox 2379 650 2701 722; x_wconf 67' lang='lat' dir='ltr'><strong>przevidens,</strong></span> <span class='ocrx_word' id='word_1_154' title='bbox 2752 654 2878 725; x_wconf 90' lang='lat' dir='ltr'><strong>quia</strong></span> <span class='ocrx_word' id='word_1_155' title='bbox 2901 653 3162 724; x_wconf 88' lang='lat' dir='ltr'><strong>quidquid</strong></span> <span class='ocrx_word' id='word_1_156' title='bbox 3193 652 3422 720; x_wconf 84' lang='lat' dir='ltr'><strong>diceret,</strong></span> <span class='ocrx_word' id='word_1_157' title='bbox 3468 656 3537 711; x_wconf 88' lang='lat' dir='ltr'><strong>ad</strong></span> 
     </span>
    </p>
   </div>
   <div class='ocr_carea' id='block_1_22' title="bbox 1945 740 3535 814">
    <p class='ocr_par' dir='ltr' id='par_1_22' title="bbox 1945 740 3535 814">
     <span class='ocr_line' id='line_1_22' title="bbox 1945 740 3535 814; baseline 0.004 -19"><span class='ocrx_word' id='word_1_158' title='bbox 1945 740 2271 797; x_wconf 87' lang='lat' dir='ltr'><strong>calumniam</strong></span> <span class='ocrx_word' id='word_1_159' title='bbox 2331 741 2557 807; x_wconf 90' lang='lat' dir='ltr'><strong>diceret,</strong></span> <span class='ocrx_word' id='word_1_160' title='bbox 2620 742 2850 814; x_wconf 91' lang='lat' dir='ltr'><strong>principi</strong></span> <span class='ocrx_word' id='word_1_161' title='bbox 2913 744 3128 814; x_wconf 86' lang='lat' dir='ltr'><strong>quidem</strong></span> <span class='ocrx_word' id='word_1_162' title='bbox 3189 745 3535 802; x_wconf 85' lang='lat' dir='ltr'><strong>sacerdotum</strong></span> 
     </span>
    </p>
   </div>
   <div class='ocr_carea' id='block_1_23' title="bbox 1944 833 2978 905">
    <p class='ocr_par' dir='ltr' id='par_1_23' title="bbox 1944 833 2978 905">
     <span class='ocr_line' id='line_1_23' title="bbox 1944 833 2978 905; baseline 0.002 -16"><span class='ocrx_word' id='word_1_163' title='bbox 1944 833 2089 889; x_wconf 89' lang='lat' dir='ltr'><strong>nulla</strong></span> <span class='ocrx_word' id='word_1_164' title='bbox 2119 834 2412 905; x_wconf 89' lang='lat' dir='ltr'><strong>respondit,</strong></span> <span class='ocrx_word' id='word_1_165' title='bbox 2439 833 2613 889; x_wconf 84' lang='lat' dir='ltr'><strong>Pilato</strong></span> <span class='ocrx_word' id='word_1_166' title='bbox 2640 850 2767 890; x_wconf 92' lang='lat' dir='ltr'><strong>vero</strong></span> <span class='ocrx_word' id='word_1_167' title='bbox 2789 851 2978 905; x_wconf 89' lang='lat' dir='ltr'><strong>pauca.</strong></span> 
     </span>
    </p>
   </div>
   <div class='ocr_carea' id='block_1_24' title="bbox 2020 925 3535 999">
    <p class='ocr_par' dir='ltr' id='par_1_24' title="bbox 2020 925 3535 999">
     <span class='ocr_line' id='line_1_24' title="bbox 2020 925 3535 999; baseline 0.003 -20"><span class='ocrx_word' id='word_1_168' title='bbox 2020 945 2040 979; x_wconf 75' lang='grc' dir='ltr'><strong>ι</strong></span> <span class='ocrx_word' id='word_1_169' title='bbox 2087 927 2228 982; x_wconf 89' lang='lat' dir='ltr'><strong>Dicit</strong></span> <span class='ocrx_word' id='word_1_170' title='bbox 2270 926 2345 981; x_wconf 91' lang='lat' dir='ltr'><strong>illi</strong></span> <span class='ocrx_word' id='word_1_171' title='bbox 2385 926 2579 981; x_wconf 83' lang='lat' dir='ltr'><strong>Jesus:</strong></span> <span class='ocrx_word' id='word_1_172' title='bbox 2614 925 2693 981; x_wconf 90' lang='lat' dir='ltr'><strong>Tn</strong></span> <span class='ocrx_word' id='word_1_173' title='bbox 2722 926 2927 992; x_wconf 78' lang='lat' dir='ltr'><strong>dixisti,</strong></span> <span class='ocrx_word' id='word_1_174' title='bbox 2962 947 2981 979; x_wconf 75' lang='grc' dir='ltr'><strong>ι</strong></span> <span class='ocrx_word' id='word_1_175' title='bbox 3012 929 3355 995; x_wconf 87' lang='lat' dir='ltr'><strong>subauditur,</strong></span> <span class='ocrx_word' id='word_1_176' title='bbox 3404 927 3535 999; x_wconf 89' lang='lat' dir='ltr'><strong>quia</strong></span> 
     </span>
    </p>
   </div>
   <div class='ocr_carea' id='block_1_25' title="bbox 1942 1015 3535 1088">
    <p class='ocr_par' dir='ltr' id='par_1_25' title="bbox 1942 1015 3535 1088">
     <span class='ocr_line' id='line_1_25' title="bbox 1942 1015 3535 1088; baseline 0.003 -18"><span class='ocrx_word' id='word_1_177' title='bbox 1942 1031 2045 1086; x_wconf 84' lang='lat' dir='ltr'><strong>ego</strong></span> <span class='ocrx_word' id='word_1_178' title='bbox 2073 1032 2213 1072; x_wconf 90' lang='lat' dir='ltr'><strong>sum.</strong></span> <span class='ocrx_word' id='word_1_179' title='bbox 2261 1016 2327 1070; x_wconf 88' lang='lat' dir='ltr'><strong>Et</strong></span> <span class='ocrx_word' id='word_1_180' title='bbox 2356 1015 2529 1070; x_wconf 88' lang='lat' dir='ltr'><strong>Pilato</strong></span> <span class='ocrx_word' id='word_1_181' title='bbox 2573 1026 2629 1072; x_wconf 88' lang='lat' dir='ltr'><strong>et</strong></span> <span class='ocrx_word' id='word_1_182' title='bbox 2675 1017 2903 1088; x_wconf 88' lang='lat' dir='ltr'><strong>principi</strong></span> <span class='ocrx_word' id='word_1_183' title='bbox 2950 1020 3294 1075; x_wconf 84' lang='lat' dir='ltr'><strong>sacerdotum</strong></span> <span class='ocrx_word' id='word_1_184' title='bbox 3343 1020 3535 1075; x_wconf 88' lang='lat' dir='ltr'><strong>iisdem</strong></span> 
     </span>
    </p>
   </div>
   <div class='ocr_carea' id='block_1_26' title="bbox 1916 1108 3534 1182">
    <p class='ocr_par' dir='ltr' id='par_1_26' title="bbox 1916 1108 3534 1182">
     <span class='ocr_line' id='line_1_26' title="bbox 1916 1108 3534 1182; baseline 0.002 -19"><span class='ocrx_word' id='word_1_185' title='bbox 1916 1108 2122 1164; x_wconf 77' lang='lat' dir='ltr'><strong>verbis</strong></span> <span class='ocrx_word' id='word_1_186' title='bbox 2178 1108 2437 1163; x_wconf 88' lang='lat' dir='ltr'><strong>Dominus</strong></span> <span class='ocrx_word' id='word_1_187' title='bbox 2498 1108 2814 1180; x_wconf 80' lang='lat' dir='ltr'><strong>reSpondit,</strong></span> <span class='ocrx_word' id='word_1_188' title='bbox 2869 1116 2929 1164; x_wconf 88' lang='lat' dir='ltr'><strong>ut</strong></span> <span class='ocrx_word' id='word_1_189' title='bbox 2973 1118 3264 1182; x_wconf 89' lang='lat' dir='ltr'><strong>utrumque</strong></span> <span class='ocrx_word' id='word_1_190' title='bbox 3317 1111 3534 1182; x_wconf 84' lang='lat' dir='ltr'><strong>propria</strong></span> 
     </span>
    </p>
   </div>
   <div class='ocr_carea' id='block_1_27' title="bbox 1942 1200 3531 1265">
    <p class='ocr_par' dir='ltr' id='par_1_27' title="bbox 1942 1200 3531 1265">
     <span class='ocr_line' id='line_1_27' title="bbox 1942 1200 3531 1265; baseline 0.001 -9"><span class='ocrx_word' id='word_1_191' title='bbox 1942 1201 2210 1257; x_wconf 84' lang='lat' dir='ltr'><strong>sententia</strong></span> <span class='ocrx_word' id='word_1_192' title='bbox 2251 1202 2655 1256; x_wconf 91' lang='lat' dir='ltr'><strong>condemnaret.</strong></span> <span class='ocrx_word' id='word_1_193' title='bbox 2707 1218 2725 1252; x_wconf 75' lang='grc' dir='ltr'><strong>ι</strong></span> <span class='ocrx_word' id='word_1_194' title='bbox 2763 1200 3146 1256; x_wconf 81' lang='lat' dir='ltr'><strong>Verumtamen</strong></span> <span class='ocrx_word' id='word_1_195' title='bbox 3193 1202 3314 1258; x_wconf 91' lang='lat' dir='ltr'><strong>dico</strong></span> <span class='ocrx_word' id='word_1_196' title='bbox 3356 1203 3531 1265; x_wconf 86' lang='lat' dir='ltr'><strong>vobis,</strong></span> 
     </span>
    </p>
   </div>
   <div class='ocr_carea' id='block_1_28' title="bbox 1949 1290 3532 1348">
    <p class='ocr_par' dir='ltr' id='par_1_28' title="bbox 1949 1290 3532 1348">
     <span class='ocr_line' id='line_1_28' title="bbox 1949 1290 3532 1348; baseline 0 -2"><span class='ocrx_word' id='word_1_197' title='bbox 1949 1310 1969 1345; x_wconf 73' lang='grc' dir='ltr'><strong>ε</strong></span> <span class='ocrx_word' id='word_1_198' title='bbox 2009 1293 2203 1348; x_wconf 91' lang='lat' dir='ltr'><strong>amodo</strong></span> <span class='ocrx_word' id='word_1_199' title='bbox 2229 1291 2476 1347; x_wconf 85' lang='lat' dir='ltr'><strong>videbitis</strong></span> <span class='ocrx_word' id='word_1_200' title='bbox 2500 1290 2693 1345; x_wconf 88' lang='lat' dir='ltr'><strong>Filium</strong></span> <span class='ocrx_word' id='word_1_201' title='bbox 2722 1291 2955 1346; x_wconf 90' lang='lat' dir='ltr'><strong>hominis</strong></span> <span class='ocrx_word' id='word_1_202' title='bbox 2979 1291 3253 1346; x_wconf 82' lang='lat' dir='ltr'><strong>sedentem</strong></span> <span class='ocrx_word' id='word_1_203' title='bbox 3279 1307 3308 1346; x_wconf 92' lang='lat' dir='ltr'><strong>a</strong></span> <span class='ocrx_word' id='word_1_204' title='bbox 3327 1292 3532 1348; x_wconf 77' lang='lat' dir='ltr'><strong>dextris</strong></span> 
     </span>
    </p>
   </div>
   <div class='ocr_carea' id='block_1_29' title="bbox 1948 1380 3582 1446">
    <p class='ocr_par' dir='ltr' id='par_1_29' title="bbox 1948 1380 3582 1446">
     <span class='ocr_line' id='line_1_29' title="bbox 1948 1380 3582 1446; baseline 0.004 -11"><span class='ocrx_word' id='word_1_205' title='bbox 1948 1401 1969 1435; x_wconf 74' lang='grc' dir='ltr'><strong>ι</strong></span> <span class='ocrx_word' id='word_1_206' title='bbox 2012 1382 2230 1438; x_wconf 86' lang='lat' dir='ltr'><strong>virtutis</strong></span> <span class='ocrx_word' id='word_1_207' title='bbox 2259 1382 2377 1446; x_wconf 87' lang='lat' dir='ltr'><strong>Dei,</strong></span> <span class='ocrx_word' id='word_1_208' title='bbox 2424 1393 2478 1437; x_wconf 89' lang='lat' dir='ltr'><strong>et</strong></span> <span class='ocrx_word' id='word_1_209' title='bbox 2506 1382 2808 1437; x_wconf 84' lang='lat' dir='ltr'><strong>venientem</strong></span> <span class='ocrx_word' id='word_1_210' title='bbox 2837 1380 2891 1436; x_wconf 92' lang='lat' dir='ltr'><strong>in</strong></span> <span class='ocrx_word' id='word_1_211' title='bbox 2918 1380 3152 1437; x_wconf 89' lang='lat' dir='ltr'><strong>nubibus</strong></span> <span class='ocrx_word' id='word_1_212' title='bbox 3196 1381 3339 1437; x_wconf 61' lang='lat' dir='ltr'><strong>catli.</strong></span> <span class='ocrx_word' id='word_1_213' title='bbox 3372 1404 3390 1433; x_wconf 78' lang='grc' dir='ltr'><strong>ι</strong></span> <span class='ocrx_word' id='word_1_214' title='bbox 3423 1382 3531 1436; x_wconf 88' lang='lat' dir='ltr'><strong>Illis</strong></span> <span class='ocrx_word' id='word_1_215' title='bbox 3573 1434 3582 1441; x_wconf 91' lang='lat'><strong>.</strong></span> 
     </span>
    </p>
   </div>
   <div class='ocr_carea' id='block_1_30' title="bbox 1941 1472 3530 1543">
    <p class='ocr_par' dir='ltr' id='par_1_30' title="bbox 1941 1472 3530 1543">
     <span class='ocr_line' id='line_1_30' title="bbox 1941 1472 3530 1543; baseline -0.001 -14"><span class='ocrx_word' id='word_1_216' title='bbox 1941 1472 2139 1529; x_wconf 65' lang='lat' dir='ltr'><strong>Judaeis</strong></span> <span class='ocrx_word' id='word_1_217' title='bbox 2175 1474 2329 1539; x_wconf 87' lang='lat' dir='ltr'><strong>dicit,</strong></span> <span class='ocrx_word' id='word_1_218' title='bbox 2361 1488 2496 1542; x_wconf 89' lang='lat' dir='ltr'><strong>quos</strong></span> <span class='ocrx_word' id='word_1_219' title='bbox 2516 1481 2639 1543; x_wconf 91' lang='lat' dir='ltr'><strong>post</strong></span> <span class='ocrx_word' id='word_1_220' title='bbox 2666 1488 2820 1529; x_wconf 90' lang='lat' dir='ltr'><strong>suam</strong></span> <span class='ocrx_word' id='word_1_221' title='bbox 2863 1472 3316 1529; x_wconf 87' lang='lat' dir='ltr'><strong>resurrectionem</strong></span> <span class='ocrx_word' id='word_1_222' title='bbox 3351 1473 3530 1529; x_wconf 86' lang='lat' dir='ltr'><strong>credi-</strong></span> 
     </span>
    </p>
   </div>
   <div class='ocr_carea' id='block_1_31' title="bbox 1943 1562 3530 1629">
    <p class='ocr_par' dir='ltr' id='par_1_31' title="bbox 1943 1562 3530 1629">
     <span class='ocr_line' id='line_1_31' title="bbox 1943 1562 3530 1629; baseline -0.002 -8"><span class='ocrx_word' id='word_1_223' title='bbox 1943 1573 2096 1621; x_wconf 89' lang='lat' dir='ltr'><strong>turos</strong></span> <span class='ocrx_word' id='word_1_224' title='bbox 2152 1580 2273 1620; x_wconf 90' lang='lat' dir='ltr'><strong>esse</strong></span> <span class='ocrx_word' id='word_1_225' title='bbox 2330 1565 2533 1620; x_wconf 89' lang='lat' dir='ltr'><strong>sciebat</strong></span> <span class='ocrx_word' id='word_1_226' title='bbox 2581 1582 2594 1618; x_wconf 96' lang='lat'><strong>:</strong></span> <span class='ocrx_word' id='word_1_227' title='bbox 2647 1583 2666 1615; x_wconf 82' lang='grc' dir='ltr'><strong>ι</strong></span> <span class='ocrx_word' id='word_1_228' title='bbox 2723 1562 3105 1620; x_wconf 85' lang='lat' dir='ltr'><strong>Verumtamen</strong></span> <span class='ocrx_word' id='word_1_229' title='bbox 3158 1564 3278 1620; x_wconf 90' lang='lat' dir='ltr'><strong>dico</strong></span> <span class='ocrx_word' id='word_1_230' title='bbox 3337 1564 3530 1629; x_wconf 80' lang='lat' dir='ltr'><strong>vobis,</strong></span> 
     </span>
    </p>
   </div>
   <div class='ocr_carea' id='block_1_32' title="bbox 1942 1655 3529 1727">
    <p class='ocr_par' dir='ltr' id='par_1_32' title="bbox 1942 1655 3529 1727">
     <span class='ocr_line' id='line_1_32' title="bbox 1942 1655 3529 1727; baseline -0.002 -15"><span class='ocrx_word' id='word_1_231' title='bbox 1942 1656 2159 1722; x_wconf 88' lang='lat' dir='ltr'><strong>amodo,</strong></span> <span class='ocrx_word' id='word_1_232' title='bbox 2190 1656 2291 1711; x_wconf 73' lang='grc' dir='ltr'><strong>ι’ἱά</strong></span> <span class='ocrx_word' id='word_1_233' title='bbox 2322 1666 2405 1711; x_wconf 87' lang='lat' dir='ltr'><strong>est</strong></span> <span class='ocrx_word' id='word_1_234' title='bbox 2425 1656 2494 1712; x_wconf 92' lang='lat' dir='ltr'><strong>ab</strong></span> <span class='ocrx_word' id='word_1_235' title='bbox 2524 1658 2624 1711; x_wconf 87' lang='lat' dir='ltr'><strong>hac</strong></span> <span class='ocrx_word' id='word_1_236' title='bbox 2649 1656 2781 1710; x_wconf 81' lang='lat' dir='ltr'><strong>liora</strong></span> <span class='ocrx_word' id='word_1_237' title='bbox 2809 1655 2922 1711; x_wconf 89' lang='lat' dir='ltr'><strong>sive</strong></span> <span class='ocrx_word' id='word_1_238' title='bbox 2964 1663 3205 1727; x_wconf 89' lang='lat' dir='ltr'><strong>tempore</strong></span> <span class='ocrx_word' id='word_1_239' title='bbox 3234 1669 3365 1710; x_wconf 76' lang='lat' dir='ltr'><strong>mea:</strong></span> <span class='ocrx_word' id='word_1_240' title='bbox 3403 1670 3529 1726; x_wconf 84' lang='lat' dir='ltr'><strong>pas-</strong></span> 
     </span>
    </p>
   </div>
   <div class='ocr_carea' id='block_1_33' title="bbox 228 1743 3577 1821">
    <p class='ocr_par' dir='ltr' id='par_1_33' title="bbox 228 1743 3577 1821">
     <span class='ocr_line' id='line_1_33' title="bbox 228 1743 3577 1821; baseline 0.002 -28"><span class='ocrx_word' id='word_1_241' title='bbox 228 1753 254 1785; x_wconf 73' lang='lat' dir='ltr'><strong>t</strong></span> <span class='ocrx_word' id='word_1_242' title='bbox 316 1750 705 1797; x_wconf 86' lang='lat' dir='ltr'><strong>convenerant.</strong></span> <span class='ocrx_word' id='word_1_243' title='bbox 737 1763 756 1796; x_wconf 78' lang='grc' dir='ltr'><strong>ι</strong></span> <span class='ocrx_word' id='word_1_244' title='bbox 783 1743 1123 1817; x_wconf 69' lang='lat' dir='ltr'><strong>Praeceperat</strong></span> <span class='ocrx_word' id='word_1_245' title='bbox 1166 1749 1508 1818; x_wconf 90' lang='lat' dir='ltr'><strong>omnipotens</strong></span> <span class='ocrx_word' id='word_1_246' title='bbox 1553 1749 1698 1818; x_wconf 80' lang='lat' dir='ltr'><strong>Deus</strong></span> <span class='ocrx_word' id='word_1_247' title='bbox 1736 1766 1836 1821; x_wconf 90' lang='lat' dir='ltr'><strong>per</strong></span> <span class='ocrx_word' id='word_1_248' title='bbox 1862 1749 1912 1810; x_wconf 88' lang='lat' dir='ltr'><strong>B</strong></span> <span class='ocrx_word' id='word_1_249' title='bbox 1938 1748 2129 1813; x_wconf 86' lang='lat' dir='ltr'><strong>sionis,</strong></span> <span class='ocrx_word' id='word_1_250' title='bbox 2166 1766 2184 1799; x_wconf 80' lang='grc' dir='ltr'><strong>ι</strong></span> <span class='ocrx_word' id='word_1_251' title='bbox 2213 1748 2487 1813; x_wconf 89' lang='lat' dir='ltr'><strong>videbitis,</strong></span> <span class='ocrx_word' id='word_1_252' title='bbox 2536 1768 2554 1801; x_wconf 85' lang='grc'>›</span> <span class='ocrx_word' id='word_1_253' title='bbox 2603 1748 2657 1803; x_wconf 90' lang='lat' dir='ltr'><strong>id</strong></span> <span class='ocrx_word' id='word_1_254' title='bbox 2683 1758 2768 1803; x_wconf 92' lang='lat' dir='ltr'><strong>est</strong></span> <span class='ocrx_word' id='word_1_255' title='bbox 2797 1746 3106 1819; x_wconf 83' lang='lat' dir='ltr'><strong>intelligetis</strong></span> <span class='ocrx_word' id='word_1_256' title='bbox 3153 1757 3208 1802; x_wconf 91' lang='lat' dir='ltr'><strong>et</strong></span> <span class='ocrx_word' id='word_1_257' title='bbox 3255 1747 3527 1803; x_wconf 91' lang='lat' dir='ltr'><strong>credetis:</strong></span> <span class='ocrx_word' id='word_1_258' title='bbox 3570 1790 3577 1796; x_wconf 95' lang='lat'><strong>.</strong></span> 
     </span>
    </p>
   </div>
   <div class='ocr_carea' id='block_1_34' title="bbox 217 1822 1841 1912">
    <p class='ocr_par' dir='ltr' id='par_1_34' title="bbox 217 1822 1841 1912">
     <span class='ocr_line' id='line_1_34' title="bbox 217 1822 1841 1912; baseline 0.01 -31"><span class='ocrx_word' id='word_1_259' title='bbox 217 1822 490 1899; x_wconf 76' lang='lat' dir='ltr'><strong>Iloysen,</strong></span> <span class='ocrx_word' id='word_1_260' title='bbox 524 1841 581 1886; x_wconf 89' lang='lat' dir='ltr'><strong>ut</strong></span> <span class='ocrx_word' id='word_1_261' title='bbox 608 1832 850 1904; x_wconf 90' lang='lat' dir='ltr'><strong>legitima</strong></span> <span class='ocrx_word' id='word_1_262' title='bbox 889 1839 1164 1893; x_wconf 87' lang='lat' dir='ltr'><strong>successio</strong></span> <span class='ocrx_word' id='word_1_263' title='bbox 1189 1840 1532 1895; x_wconf 86' lang='lat' dir='ltr'><strong>sacerdotum</strong></span> <span class='ocrx_word' id='word_1_264' title='bbox 1564 1840 1617 1896; x_wconf 94' lang='lat' dir='ltr'><strong>in</strong></span> <span class='ocrx_word' id='word_1_265' title='bbox 1644 1855 1841 1912; x_wconf 90' lang='lat' dir='ltr'><strong>perpe-</strong></span> 
     </span>
    </p>
   </div>
   <div class='ocr_carea' id='block_1_35' title="bbox 186 1926 1839 2002">
    <p class='ocr_par' dir='ltr' id='par_1_35' title="bbox 186 1926 1839 2002">
     <span class='ocr_line' id='line_1_35' title="bbox 186 1926 1839 2002; baseline 0.011 -32"><span class='ocrx_word' id='word_1_266' title='bbox 186 1926 340 1975; x_wconf 83' lang='lat' dir='ltr'><strong>.tuo</strong></span> <span class='ocrx_word' id='word_1_267' title='bbox 366 1935 729 1991; x_wconf 83' lang='lat' dir='ltr'><strong>permaneret.</strong></span> <span class='ocrx_word' id='word_1_268' title='bbox 766 1926 1009 1985; x_wconf 82' lang='lat' dir='ltr'><strong>Instante</strong></span> <span class='ocrx_word' id='word_1_269' title='bbox 1054 1938 1232 1986; x_wconf 87' lang='lat' dir='ltr'><strong>autem</strong></span> <span class='ocrx_word' id='word_1_270' title='bbox 1276 1939 1519 2002; x_wconf 90' lang='lat' dir='ltr'><strong>tempore</strong></span> <span class='ocrx_word' id='word_1_271' title='bbox 1546 1930 1839 1988; x_wconf 63' lang='lat' dir='ltr'><strong>Dominicaa</strong></span> 
     </span>
    </p>
   </div>
   <div class='ocr_carea' id='block_1_36' title="bbox 214 2012 1838 2092">
    <p class='ocr_par' dir='ltr' id='par_1_36' title="bbox 214 2012 1838 2092">
     <span class='ocr_line' id='line_1_36' title="bbox 214 2012 1838 2092; baseline 0.009 -29"><span class='ocrx_word' id='word_1_272' title='bbox 214 2012 530 2081; x_wconf 84' lang='lat' dir='ltr'><strong>passionis,</strong></span> <span class='ocrx_word' id='word_1_273' title='bbox 560 2015 834 2072; x_wconf 87' lang='lat' dir='ltr'><strong>destructa</strong></span> <span class='ocrx_word' id='word_1_274' title='bbox 862 2028 982 2073; x_wconf 89' lang='lat' dir='ltr'><strong>erat</strong></span> <span class='ocrx_word' id='word_1_275' title='bbox 1007 2021 1362 2075; x_wconf 87' lang='lat' dir='ltr'><strong>sacerdotalis</strong></span> <span class='ocrx_word' id='word_1_276' title='bbox 1400 2021 1653 2092; x_wconf 79' lang='lat' dir='ltr'><strong>dignitas.</strong></span> <span class='ocrx_word' id='word_1_277' title='bbox 1688 2022 1838 2078; x_wconf 85' lang='lat' dir='ltr'><strong>Adeo</strong></span> 
     </span>
    </p>
   </div>
   <div class='ocr_carea' id='block_1_37' title="bbox 215 2106 1837 2184">
    <p class='ocr_par' dir='ltr' id='par_1_37' title="bbox 215 2106 1837 2184">
     <span class='ocr_line' id='line_1_37' title="bbox 215 2106 1837 2184; baseline 0.007 -26"><span class='ocrx_word' id='word_1_278' title='bbox 215 2113 363 2159; x_wconf 83' lang='lat' dir='ltr'><strong>erat</strong></span> <span class='ocrx_word' id='word_1_279' title='bbox 385 2106 752 2175; x_wconf 67' lang='lat' dir='ltr'><strong>prtevaricata,</strong></span> <span class='ocrx_word' id='word_1_280' title='bbox 786 2116 846 2163; x_wconf 91' lang='lat' dir='ltr'><strong>ut</strong></span> <span class='ocrx_word' id='word_1_281' title='bbox 878 2110 1187 2184; x_wconf 90' lang='lat' dir='ltr'><strong>quicunque</strong></span> <span class='ocrx_word' id='word_1_282' title='bbox 1214 2113 1579 2168; x_wconf 89' lang='lat' dir='ltr'><strong>sacerdotium</strong></span> <span class='ocrx_word' id='word_1_283' title='bbox 1608 2116 1837 2183; x_wconf 88' lang='lat' dir='ltr'><strong>pecunia</strong></span> 
     </span>
    </p>
   </div>
   <div class='ocr_carea' id='block_1_38' title="bbox 213 2196 1839 2264">
    <p class='ocr_par' dir='ltr' id='par_1_38' title="bbox 213 2196 1839 2264">
     <span class='ocr_line' id='line_1_38' title="bbox 213 2196 1839 2264; baseline 0.007 -16"><span class='ocrx_word' id='word_1_284' title='bbox 213 2196 515 2252; x_wconf 81' lang='lat' dir='ltr'><strong>redimere</strong></span> <span class='ocrx_word' id='word_1_285' title='bbox 545 2207 748 2264; x_wconf 90' lang='lat' dir='ltr'><strong>posset,</strong></span> <span class='ocrx_word' id='word_1_286' title='bbox 775 2201 1031 2257; x_wconf 81' lang='lat' dir='ltr'><strong>sacerdos</strong></span> <span class='ocrx_word' id='word_1_287' title='bbox 1051 2202 1375 2261; x_wconf 74' lang='lat' dir='ltr'><strong>efﬁceretur.</strong></span> <span class='ocrx_word' id='word_1_288' title='bbox 1402 2202 1521 2259; x_wconf 86' lang='lat' dir='ltr'><strong>Non</strong></span> <span class='ocrx_word' id='word_1_289' title='bbox 1548 2205 1693 2259; x_wconf 92' lang='lat' dir='ltr'><strong>enim</strong></span> <span class='ocrx_word' id='word_1_290' title='bbox 1723 2220 1839 2260; x_wconf 89' lang='lat' dir='ltr'><strong>ser-</strong></span> 
     </span>
    </p>
   </div>
   <div class='ocr_carea' id='block_1_39' title="bbox 213 2285 1836 2367">
    <p class='ocr_par' dir='ltr' id='par_1_39' title="bbox 213 2285 1836 2367">
     <span class='ocr_line' id='line_1_39' title="bbox 213 2285 1836 2367; baseline 0.01 -29"><span class='ocrx_word' id='word_1_291' title='bbox 213 2285 476 2340; x_wconf 76' lang='lat' dir='ltr'><strong>vabatur</strong></span> <span class='ocrx_word' id='word_1_292' title='bbox 514 2288 587 2343; x_wconf 93' lang='lat' dir='ltr'><strong>ibi</strong></span> <span class='ocrx_word' id='word_1_293' title='bbox 609 2288 723 2358; x_wconf 85' lang='lat' dir='ltr'><strong>jam</strong></span> <span class='ocrx_word' id='word_1_294' title='bbox 752 2293 1030 2347; x_wconf 86' lang='lat' dir='ltr'><strong>successio</strong></span> <span class='ocrx_word' id='word_1_295' title='bbox 1060 2296 1296 2362; x_wconf 78' lang='lat' dir='ltr'><strong>generis,</strong></span> <span class='ocrx_word' id='word_1_296' title='bbox 1327 2298 1421 2351; x_wconf 91' lang='lat' dir='ltr'><strong>sed</strong></span> <span class='ocrx_word' id='word_1_297' title='bbox 1451 2300 1630 2367; x_wconf 90' lang='lat' dir='ltr'><strong>potius</strong></span> <span class='ocrx_word' id='word_1_298' title='bbox 1668 2299 1836 2354; x_wconf 88' lang='lat' dir='ltr'><strong>intui-</strong></span> 
     </span>
    </p>
   </div>
   <div class='ocr_carea' id='block_1_40' title="bbox 221 2378 1835 2460">
    <p class='ocr_par' dir='ltr' id='par_1_40' title="bbox 221 2378 1835 2460">
     <span class='ocr_line' id='line_1_40' title="bbox 221 2378 1835 2460; baseline 0.011 -31"><span class='ocrx_word' id='word_1_299' title='bbox 221 2383 338 2431; x_wconf 77' lang='lat' dir='ltr'><strong>tus</strong></span> <span class='ocrx_word' id='word_1_300' title='bbox 359 2378 689 2448; x_wconf 89' lang='lat' dir='ltr'><strong>cupiditatis.</strong></span> <span class='ocrx_word' id='word_1_301' title='bbox 720 2381 826 2437; x_wconf 91' lang='lat' dir='ltr'><strong>lste</strong></span> <span class='ocrx_word' id='word_1_302' title='bbox 846 2398 977 2455; x_wconf 84' lang='lat' dir='ltr'><strong>ergo</strong></span> <span class='ocrx_word' id='word_1_303' title='bbox 1002 2383 1235 2454; x_wconf 89' lang='lat' dir='ltr'><strong>Caiphas</strong></span> <span class='ocrx_word' id='word_1_304' title='bbox 1251 2386 1412 2457; x_wconf 74' lang='lat' dir='ltr'><strong>(sicut</strong></span> <span class='ocrx_word' id='word_1_305' title='bbox 1431 2387 1697 2460; x_wconf 65' lang='lat' dir='ltr'><strong>Iosephus</strong></span> <span class='ocrx_word' id='word_1_306' title='bbox 1710 2406 1835 2446; x_wconf 90' lang='lat' dir='ltr'><strong>nar-</strong></span> 
     </span>
    </p>
   </div>
   <div class='ocr_carea' id='block_1_41' title="bbox 220 2465 1836 2549">
    <p class='ocr_par' dir='ltr' id='par_1_41' title="bbox 220 2465 1836 2549">
     <span class='ocr_line' id='line_1_41' title="bbox 220 2465 1836 2549; baseline 0.012 -29"><span class='ocrx_word' id='word_1_307' title='bbox 220 2465 353 2537; x_wconf 80' lang='lat' dir='ltr'><strong>rat)</strong></span> <span class='ocrx_word' id='word_1_308' title='bbox 380 2469 686 2525; x_wconf 87' lang='lat' dir='ltr'><strong>redemerat</strong></span> <span class='ocrx_word' id='word_1_309' title='bbox 710 2473 814 2529; x_wconf 89' lang='lat' dir='ltr'><strong>sibi</strong></span> <span class='ocrx_word' id='word_1_310' title='bbox 850 2475 1009 2531; x_wconf 88' lang='lat' dir='ltr'><strong>unius</strong></span> <span class='ocrx_word' id='word_1_311' title='bbox 1033 2478 1160 2531; x_wconf 88' lang='lat' dir='ltr'><strong>anni</strong></span> <span class='ocrx_word' id='word_1_312' title='bbox 1188 2479 1561 2549; x_wconf 83' lang='lat' dir='ltr'><strong>pontificatum</strong></span> <span class='ocrx_word' id='word_1_313' title='bbox 1583 2498 1612 2537; x_wconf 90' lang='lat' dir='ltr'><strong>a</strong></span> <span class='ocrx_word' id='word_1_314' title='bbox 1638 2482 1836 2539; x_wconf 83' lang='lat' dir='ltr'><strong>Roma-</strong></span> 
     </span>
    </p>
   </div>
   <div class='ocr_carea' id='block_1_42' title="bbox 220 2556 1835 2641">
    <p class='ocr_par' dir='ltr' id='par_1_42' title="bbox 220 2556 1835 2641">
     <span class='ocr_line' id='line_1_42' title="bbox 220 2556 1835 2641; baseline 0.012 -30"><span class='ocrx_word' id='word_1_315' title='bbox 220 2556 349 2612; x_wconf 85' lang='lat' dir='ltr'><strong>nis.</strong></span> <span class='ocrx_word' id='word_1_316' title='bbox 419 2557 612 2614; x_wconf 87' lang='lat' dir='ltr'><strong>Mirum</strong></span> <span class='ocrx_word' id='word_1_317' title='bbox 662 2571 843 2617; x_wconf 90' lang='lat' dir='ltr'><strong>autem</strong></span> <span class='ocrx_word' id='word_1_318' title='bbox 899 2580 1006 2620; x_wconf 91' lang='lat' dir='ltr'><strong>non</strong></span> <span class='ocrx_word' id='word_1_319' title='bbox 1056 2575 1139 2622; x_wconf 91' lang='lat' dir='ltr'><strong>est</strong></span> <span class='ocrx_word' id='word_1_320' title='bbox 1186 2568 1232 2623; x_wconf 90' lang='lat' dir='ltr'><strong>si</strong></span> <span class='ocrx_word' id='word_1_321' title='bbox 1284 2570 1519 2641; x_wconf 87' lang='lat' dir='ltr'><strong>injustns</strong></span> <span class='ocrx_word' id='word_1_322' title='bbox 1581 2575 1835 2631; x_wconf 90' lang='lat' dir='ltr'><strong>sacerdos</strong></span> 
     </span>
    </p>
   </div>
   <div class='ocr_carea' id='block_1_43' title="bbox 222 2646 1481 2731">
    <p class='ocr_par' dir='ltr' id='par_1_43' title="bbox 222 2646 1481 2731">
     <span class='ocr_line' id='line_1_43' title="bbox 222 2646 1481 2731; baseline 0.012 -29"><span class='ocrx_word' id='word_1_323' title='bbox 222 2646 498 2718; x_wconf 85' lang='lat' dir='ltr'><strong>injustam</strong></span> <span class='ocrx_word' id='word_1_324' title='bbox 522 2654 846 2709; x_wconf 87' lang='lat' dir='ltr'><strong>sententiam</strong></span> <span class='ocrx_word' id='word_1_325' title='bbox 870 2656 936 2712; x_wconf 91' lang='lat' dir='ltr'><strong>de</strong></span> <span class='ocrx_word' id='word_1_326' title='bbox 966 2656 1194 2715; x_wconf 90' lang='lat' dir='ltr'><strong>Domino</strong></span> <span class='ocrx_word' id='word_1_327' title='bbox 1220 2660 1481 2731; x_wconf 89' lang='lat' dir='ltr'><strong>proferat.</strong></span> 
     </span>
    </p>
   </div>
   <div class='ocr_carea' id='block_1_44' title="bbox 317 2737 1833 2824">
    <p class='ocr_par' dir='ltr' id='par_1_44' title="bbox 317 2737 1833 2824">
     <span class='ocr_line' id='line_1_44' title="bbox 317 2737 1833 2824; baseline 0.013 -33"><span class='ocrx_word' id='word_1_328' title='bbox 317 2757 336 2790; x_wconf 84' lang='grc' dir='ltr'><strong>ι</strong></span> <span class='ocrx_word' id='word_1_329' title='bbox 380 2737 574 2795; x_wconf 88' lang='lat' dir='ltr'><strong>Petrus</strong></span> <span class='ocrx_word' id='word_1_330' title='bbox 626 2752 806 2798; x_wconf 89' lang='lat' dir='ltr'><strong>autem</strong></span> <span class='ocrx_word' id='word_1_331' title='bbox 861 2748 1195 2817; x_wconf 89' lang='lat' dir='ltr'><strong>sequebatur</strong></span> <span class='ocrx_word' id='word_1_332' title='bbox 1244 2766 1275 2804; x_wconf 95' lang='lat' dir='ltr'><strong>a</strong></span> <span class='ocrx_word' id='word_1_333' title='bbox 1322 2750 1500 2822; x_wconf 87' lang='lat' dir='ltr'><strong>longe,</strong></span> <span class='ocrx_word' id='word_1_334' title='bbox 1554 2768 1727 2824; x_wconf 87' lang='lat' dir='ltr'><strong>usque</strong></span> <span class='ocrx_word' id='word_1_335' title='bbox 1777 2755 1833 2809; x_wconf 89' lang='lat' dir='ltr'><strong>in</strong></span> 
     </span>
    </p>
   </div>
   <div class='ocr_carea' id='block_1_45' title="bbox 233 2831 1833 2906">
    <p class='ocr_par' dir='ltr' id='par_1_45' title="bbox 233 2831 1833 2906">
     <span class='ocr_line' id='line_1_45' title="bbox 233 2831 1833 2906; baseline 0.013 -24"><span class='ocrx_word' id='word_1_336' title='bbox 233 2848 260 2880; x_wconf 75' lang='grc' dir='ltr'><strong>ι</strong></span> <span class='ocrx_word' id='word_1_337' title='bbox 312 2831 510 2886; x_wconf 89' lang='lat' dir='ltr'><strong>atrium</strong></span> <span class='ocrx_word' id='word_1_338' title='bbox 556 2832 815 2906; x_wconf 89' lang='lat' dir='ltr'><strong>principis</strong></span> <span class='ocrx_word' id='word_1_339' title='bbox 860 2840 1221 2896; x_wconf 89' lang='lat' dir='ltr'><strong>sacerdotum.</strong></span> <span class='ocrx_word' id='word_1_340' title='bbox 1272 2863 1291 2894; x_wconf 72' lang='grc' dir='ltr'><strong>ι</strong></span> <span class='ocrx_word' id='word_1_341' title='bbox 1326 2843 1514 2898; x_wconf 86' lang='lat' dir='ltr'><strong>Divina</strong></span> <span class='ocrx_word' id='word_1_342' title='bbox 1559 2845 1720 2900; x_wconf 82' lang='lat' dir='ltr'><strong>verba</strong></span> <span class='ocrx_word' id='word_1_343' title='bbox 1754 2848 1833 2902; x_wconf 92' lang='lat' dir='ltr'><strong>sic</strong></span> 
     </span>
    </p>
   </div>
   <div class='ocr_carea' id='block_1_46' title="bbox 208 2925 1826 3009">
    <p class='ocr_par' dir='ltr' id='par_1_46' title="bbox 208 2925 1826 3009">
     <span class='ocr_line' id='line_1_46' title="bbox 208 2925 1826 3009; baseline 0.008 -30"><span class='ocrx_word' id='word_1_344' title='bbox 208 2925 390 2982; x_wconf 70' lang='lat' dir='ltr'><strong>aliud</strong></span> <span class='ocrx_word' id='word_1_345' title='bbox 409 2928 618 2995; x_wconf 88' lang='lat' dir='ltr'><strong>dicunt,</strong></span> <span class='ocrx_word' id='word_1_346' title='bbox 642 2938 700 2984; x_wconf 91' lang='lat' dir='ltr'><strong>ut</strong></span> <span class='ocrx_word' id='word_1_347' title='bbox 715 2938 893 2987; x_wconf 87' lang='lat' dir='ltr'><strong>tamen</strong></span> <span class='ocrx_word' id='word_1_348' title='bbox 916 2933 1061 2989; x_wconf 85' lang='lat' dir='ltr'><strong>aliud</strong></span> <span class='ocrx_word' id='word_1_349' title='bbox 1082 2934 1485 3007; x_wconf 83' lang='lat' dir='ltr'><strong>intelligendum</strong></span> <span class='ocrx_word' id='word_1_350' title='bbox 1502 2937 1826 3009; x_wconf 77' lang='lat' dir='ltr'><strong>significent.</strong></span> 
     </span>
    </p>
   </div>
   <div class='ocr_carea' id='block_1_47' title="bbox 225 3012 1829 3100">
    <p class='ocr_par' dir='ltr' id='par_1_47' title="bbox 225 3012 1829 3100">
     <span class='ocr_line' id='line_1_47' title="bbox 225 3012 1829 3100; baseline 0.009 -31"><span class='ocrx_word' id='word_1_351' title='bbox 225 3012 402 3070; x_wconf 75' lang='lat' dir='ltr'><strong>Juxta</strong></span> <span class='ocrx_word' id='word_1_352' title='bbox 426 3015 682 3086; x_wconf 88' lang='lat' dir='ltr'><strong>litteram,</strong></span> <span class='ocrx_word' id='word_1_353' title='bbox 715 3019 909 3077; x_wconf 87' lang='lat' dir='ltr'><strong>Petrus</strong></span> <span class='ocrx_word' id='word_1_354' title='bbox 935 3038 967 3078; x_wconf 91' lang='lat' dir='ltr'><strong>a</strong></span> <span class='ocrx_word' id='word_1_355' title='bbox 994 3023 1153 3096; x_wconf 87' lang='lat' dir='ltr'><strong>longe</strong></span> <span class='ocrx_word' id='word_1_356' title='bbox 1178 3041 1303 3081; x_wconf 86' lang='lat' dir='ltr'><strong>eum</strong></span> <span class='ocrx_word' id='word_1_357' title='bbox 1324 3029 1670 3096; x_wconf 89' lang='lat' dir='ltr'><strong>sequebatur,</strong></span> <span class='ocrx_word' id='word_1_358' title='bbox 1700 3030 1829 3100; x_wconf 86' lang='lat' dir='ltr'><strong>quia</strong></span> 
     </span>
    </p>
   </div>
   <div class='ocr_carea' id='block_1_48' title="bbox 1945 1837 3528 1905">
    <p class='ocr_par' dir='ltr' id='par_1_48' title="bbox 1945 1837 3528 1905">
     <span class='ocr_line' id='line_1_48' title="bbox 1945 1837 3528 1905; baseline 0 -12"><span class='ocrx_word' id='word_1_359' title='bbox 1945 1860 1964 1893; x_wconf 73' lang='grc' dir='ltr'><strong>ι</strong></span> <span class='ocrx_word' id='word_1_360' title='bbox 2010 1840 2206 1897; x_wconf 88' lang='lat' dir='ltr'><strong>Filium</strong></span> <span class='ocrx_word' id='word_1_361' title='bbox 2247 1840 2481 1895; x_wconf 87' lang='lat' dir='ltr'><strong>hominis</strong></span> <span class='ocrx_word' id='word_1_362' title='bbox 2519 1840 2794 1896; x_wconf 86' lang='lat' dir='ltr'><strong>sedentem</strong></span> <span class='ocrx_word' id='word_1_363' title='bbox 2824 1840 2880 1893; x_wconf 90' lang='lat' dir='ltr'><strong>in</strong></span> <span class='ocrx_word' id='word_1_364' title='bbox 2908 1838 3117 1895; x_wconf 81' lang='lat' dir='ltr'><strong>dextris</strong></span> <span class='ocrx_word' id='word_1_365' title='bbox 3161 1838 3381 1893; x_wconf 87' lang='lat' dir='ltr'><strong>virtutis</strong></span> <span class='ocrx_word' id='word_1_366' title='bbox 3406 1837 3528 1905; x_wconf 91' lang='lat' dir='ltr'><strong>Dei,</strong></span> 
     </span>
    </p>
   </div>
   <div class='ocr_carea' id='block_1_49' title="bbox 1939 1928 3532 1999">
    <p class='ocr_par' dir='ltr' id='par_1_49' title="bbox 1939 1928 3532 1999">
     <span class='ocr_line' id='line_1_49' title="bbox 1939 1928 3532 1999; baseline -0.002 -12"><span class='ocrx_word' id='word_1_367' title='bbox 1939 1940 1996 1987; x_wconf 92' lang='lat' dir='ltr'><strong>et</strong></span> <span class='ocrx_word' id='word_1_368' title='bbox 2017 1931 2322 1986; x_wconf 90' lang='lat' dir='ltr'><strong>venientem</strong></span> <span class='ocrx_word' id='word_1_369' title='bbox 2353 1931 2410 1985; x_wconf 90' lang='lat' dir='ltr'><strong>in</strong></span> <span class='ocrx_word' id='word_1_370' title='bbox 2453 1930 2685 1986; x_wconf 89' lang='lat' dir='ltr'><strong>nubibus</strong></span> <span class='ocrx_word' id='word_1_371' title='bbox 2713 1929 2859 1995; x_wconf 64' lang='lat' dir='ltr'><strong>caeli,</strong></span> <span class='ocrx_word' id='word_1_372' title='bbox 2897 1949 2916 1982; x_wconf 76' lang='grc' dir='ltr'><strong>ι</strong></span> <span class='ocrx_word' id='word_1_373' title='bbox 2955 1930 3023 1984; x_wconf 88' lang='lat' dir='ltr'><strong>ad</strong></span> <span class='ocrx_word' id='word_1_374' title='bbox 3047 1928 3404 1999; x_wconf 89' lang='lat' dir='ltr'><strong>judicandum</strong></span> <span class='ocrx_word' id='word_1_375' title='bbox 3446 1928 3532 1984; x_wconf 84' lang='lat' dir='ltr'><strong>vi-</strong></span> 
     </span>
    </p>
   </div>
   <div class='ocr_carea' id='block_1_50' title="bbox 1939 2025 2153 2082">
    <p class='ocr_par' dir='ltr' id='par_1_50' title="bbox 1939 2025 2153 2082">
     <span class='ocr_line' id='line_1_50' title="bbox 1939 2025 2153 2082; baseline -0.014 -1"><span class='ocrx_word' id='word_1_376' title='bbox 1939 2025 2153 2082; x_wconf 78' lang='lat' dir='ltr'><strong>delicet.</strong></span> 
     </span>
    </p>
   </div>
   <div class='ocr_carea' id='block_1_51' title="bbox 2014 2111 3530 2188">
    <p class='ocr_par' dir='ltr' id='par_1_51' title="bbox 2014 2111 3530 2188">
     <span class='ocr_line' id='line_1_51' title="bbox 2014 2111 3530 2188; baseline -0.002 -18"><span class='ocrx_word' id='word_1_377' title='bbox 2014 2136 2035 2170; x_wconf 79' lang='grc' dir='ltr'><strong>ι</strong></span> <span class='ocrx_word' id='word_1_378' title='bbox 2082 2117 2235 2172; x_wconf 91' lang='lat' dir='ltr'><strong>Tunc</strong></span> <span class='ocrx_word' id='word_1_379' title='bbox 2285 2117 2538 2188; x_wconf 87' lang='lat' dir='ltr'><strong>princeps</strong></span> <span class='ocrx_word' id='word_1_380' title='bbox 2592 2115 2932 2172; x_wconf 89' lang='lat' dir='ltr'><strong>sacerdotum</strong></span> <span class='ocrx_word' id='word_1_381' title='bbox 2982 2113 3142 2169; x_wconf 91' lang='lat' dir='ltr'><strong>scidit</strong></span> <span class='ocrx_word' id='word_1_382' title='bbox 3203 2111 3530 2168; x_wconf 86' lang='lat' dir='ltr'><strong>vestimenta</strong></span> 
     </span>
    </p>
   </div>
   <div class='ocr_carea' id='block_1_52' title="bbox 1944 2205 3530 2278">
    <p class='ocr_par' dir='ltr' id='par_1_52' title="bbox 1944 2205 3530 2278">
     <span class='ocr_line' id='line_1_52' title="bbox 1944 2205 3530 2278; baseline -0.001 -16"><span class='ocrx_word' id='word_1_383' title='bbox 1944 2229 1963 2262; x_wconf 76' lang='grc' dir='ltr'><strong>ι</strong></span> <span class='ocrx_word' id='word_1_384' title='bbox 2008 2224 2128 2272; x_wconf 86' lang='lat' dir='ltr'><strong>sua,</strong></span> <span class='ocrx_word' id='word_1_385' title='bbox 2157 2209 2342 2263; x_wconf 88' lang='lat' dir='ltr'><strong>dicens</strong></span> <span class='ocrx_word' id='word_1_386' title='bbox 2389 2225 2402 2260; x_wconf 72' lang='grc' dir='ltr'><strong><em>ς</em></strong></span> <span class='ocrx_word' id='word_1_387' title='bbox 2444 2206 2864 2278; x_wconf 86' lang='lat' dir='ltr'><strong>Blasphemavit.</strong></span> <span class='ocrx_word' id='word_1_388' title='bbox 2896 2205 3035 2274; x_wconf 94' lang='lat' dir='ltr'><strong>Quid</strong></span> <span class='ocrx_word' id='word_1_389' title='bbox 3079 2205 3257 2260; x_wconf 88' lang='lat' dir='ltr'><strong>adhuc</strong></span> <span class='ocrx_word' id='word_1_390' title='bbox 3304 2218 3530 2275; x_wconf 79' lang='lat' dir='ltr'><strong>egemus</strong></span> 
     </span>
    </p>
   </div>
   <div class='ocr_carea' id='block_1_53' title="bbox 1944 2294 3527 2368">
    <p class='ocr_par' dir='ltr' id='par_1_53' title="bbox 1944 2294 3527 2368">
     <span class='ocr_line' id='line_1_53' title="bbox 1944 2294 3527 2368; baseline -0.001 -16"><span class='ocrx_word' id='word_1_391' title='bbox 1944 2318 1963 2352; x_wconf 79' lang='grc' dir='ltr'><strong>ι</strong></span> <span class='ocrx_word' id='word_1_392' title='bbox 2014 2299 2281 2355; x_wconf 88' lang='lat' dir='ltr'><strong>testibus?</strong></span> <span class='ocrx_word' id='word_1_393' title='bbox 2326 2319 2344 2352; x_wconf 75' lang='grc' dir='ltr'><strong>ι</strong></span> <span class='ocrx_word' id='word_1_394' title='bbox 2384 2299 2503 2368; x_wconf 88' lang='lat' dir='ltr'><strong>Ipse</strong></span> <span class='ocrx_word' id='word_1_395' title='bbox 2530 2297 2701 2364; x_wconf 92' lang='lat' dir='ltr'><strong>furor,</strong></span> <span class='ocrx_word' id='word_1_396' title='bbox 2733 2297 2824 2368; x_wconf 88' lang='lat' dir='ltr'><strong>qui</strong></span> <span class='ocrx_word' id='word_1_397' title='bbox 2859 2313 2982 2351; x_wconf 88' lang='lat' dir='ltr'><strong>eum</strong></span> <span class='ocrx_word' id='word_1_398' title='bbox 3011 2296 3260 2366; x_wconf 88' lang='lat' dir='ltr'><strong>superius</strong></span> <span class='ocrx_word' id='word_1_399' title='bbox 3292 2295 3361 2351; x_wconf 89' lang='lat' dir='ltr'><strong>de</strong></span> <span class='ocrx_word' id='word_1_400' title='bbox 3391 2294 3527 2350; x_wconf 87' lang='lat' dir='ltr'><strong>solio</strong></span> 
     </span>
    </p>
   </div>
   <div class='ocr_carea' id='block_1_54' title="bbox 1938 2372 3528 2459">
    <p class='ocr_par' dir='ltr' id='par_1_54' title="bbox 1938 2372 3528 2459">
     <span class='ocr_line' id='line_1_54' title="bbox 1938 2372 3528 2459; baseline -0.004 -14"><span class='ocrx_word' id='word_1_401' title='bbox 1938 2406 2038 2446; x_wconf 91' lang='lat' dir='ltr'><strong>suo</strong></span> <span class='ocrx_word' id='word_1_402' title='bbox 2066 2398 2403 2453; x_wconf 77' lang='lat' dir='ltr'><strong>excusserat,</strong></span> <span class='ocrx_word' id='word_1_403' title='bbox 2432 2388 2548 2459; x_wconf 92' lang='lat' dir='ltr'><strong>ipse</strong></span> <span class='ocrx_word' id='word_1_404' title='bbox 2588 2372 2767 2443; x_wconf 31' lang='lat' dir='ltr'><strong>etiam.</strong></span> <span class='ocrx_word' id='word_1_405' title='bbox 2785 2385 2936 2441; x_wconf 82' lang='lat' dir='ltr'><strong>furor</strong></span> <span class='ocrx_word' id='word_1_406' title='bbox 2981 2394 3244 2456; x_wconf 83' lang='lat' dir='ltr'><strong>provocat</strong></span> <span class='ocrx_word' id='word_1_407' title='bbox 3286 2397 3412 2438; x_wconf 90' lang='lat' dir='ltr'><strong>eum</strong></span> <span class='ocrx_word' id='word_1_408' title='bbox 3455 2384 3528 2439; x_wconf 91' lang='lat' dir='ltr'><strong>ad</strong></span> 
     </span>
    </p>
   </div>
   <div class='ocr_carea' id='block_1_55' title="bbox 1936 2473 3527 2561">
    <p class='ocr_par' dir='ltr' id='par_1_55' title="bbox 1936 2473 3527 2561">
     <span class='ocr_line' id='line_1_55' title="bbox 1936 2473 3527 2561; baseline -0.004 -26"><span class='ocrx_word' id='word_1_409' title='bbox 1936 2481 2258 2536; x_wconf 89' lang='lat' dir='ltr'><strong>vestimenta</strong></span> <span class='ocrx_word' id='word_1_410' title='bbox 2309 2479 2623 2561; x_wconf 74' lang='lat' dir='ltr'><strong>scindenda.</strong></span> <span class='ocrx_word' id='word_1_411' title='bbox 2682 2478 2815 2533; x_wconf 87' lang='lat' dir='ltr'><strong>Erat</strong></span> <span class='ocrx_word' id='word_1_412' title='bbox 2863 2488 3043 2533; x_wconf 87' lang='lat' dir='ltr'><strong>autem</strong></span> <span class='ocrx_word' id='word_1_413' title='bbox 3088 2474 3424 2532; x_wconf 91' lang='lat' dir='ltr'><strong>consuetudo</strong></span> <span class='ocrx_word' id='word_1_414' title='bbox 3467 2473 3527 2528; x_wconf 89' lang='lat' dir='ltr'><strong>in</strong></span> 
     </span>
    </p>
   </div>
   <div class='ocr_carea' id='block_1_56' title="bbox 1934 2565 3528 2643">
    <p class='ocr_par' dir='ltr' id='par_1_56' title="bbox 1934 2565 3528 2643">
     <span class='ocr_line' id='line_1_56' title="bbox 1934 2565 3528 2643; baseline -0.006 -15"><span class='ocrx_word' id='word_1_415' title='bbox 1934 2572 2132 2643; x_wconf 87' lang='lat' dir='ltr'><strong>populo</strong></span> <span class='ocrx_word' id='word_1_416' title='bbox 2174 2570 2503 2638; x_wconf 82' lang='lat' dir='ltr'><strong>Judaeorum,</strong></span> <span class='ocrx_word' id='word_1_417' title='bbox 2546 2577 2605 2624; x_wconf 93' lang='lat' dir='ltr'><strong>ut</strong></span> <span class='ocrx_word' id='word_1_418' title='bbox 2632 2569 3059 2640; x_wconf 88' lang='lat' dir='ltr'><strong>quotiescunque</strong></span> <span class='ocrx_word' id='word_1_419' title='bbox 3087 2565 3290 2638; x_wconf 89' lang='lat' dir='ltr'><strong>aliquid</strong></span> <span class='ocrx_word' id='word_1_420' title='bbox 3330 2567 3528 2621; x_wconf 90' lang='lat' dir='ltr'><strong>durum</strong></span> 
     </span>
    </p>
   </div>
   <div class='ocr_carea' id='block_1_57' title="bbox 1935 2658 3527 2735">
    <p class='ocr_par' dir='ltr' id='par_1_57' title="bbox 1935 2658 3527 2735">
     <span class='ocr_line' id='line_1_57' title="bbox 1935 2658 3527 2735; baseline -0.006 -13"><span class='ocrx_word' id='word_1_421' title='bbox 1935 2666 2022 2722; x_wconf 89' lang='lat' dir='ltr'><strong>vel</strong></span> <span class='ocrx_word' id='word_1_422' title='bbox 2066 2664 2415 2735; x_wconf 80' lang='lat' dir='ltr'><strong>blasphemiae</strong></span> <span class='ocrx_word' id='word_1_423' title='bbox 2458 2672 2648 2720; x_wconf 89' lang='lat' dir='ltr'><strong>contra</strong></span> <span class='ocrx_word' id='word_1_424' title='bbox 2694 2661 2981 2716; x_wconf 84' lang='lat' dir='ltr'><strong>Dominum</strong></span> <span class='ocrx_word' id='word_1_425' title='bbox 3021 2660 3311 2725; x_wconf 89' lang='lat' dir='ltr'><strong>audirent,</strong></span> <span class='ocrx_word' id='word_1_426' title='bbox 3361 2658 3527 2715; x_wconf 87' lang='lat' dir='ltr'><strong>vesti-</strong></span> 
     </span>
    </p>
   </div>
   <div class='ocr_carea' id='block_1_58' title="bbox 1934 2750 3526 2819">
    <p class='ocr_par' dir='ltr' id='par_1_58' title="bbox 1934 2750 3526 2819">
     <span class='ocr_line' id='line_1_58' title="bbox 1934 2750 3526 2819; baseline -0.005 -9"><span class='ocrx_word' id='word_1_427' title='bbox 1934 2763 2115 2812; x_wconf 88' lang='lat' dir='ltr'><strong>menta</strong></span> <span class='ocrx_word' id='word_1_428' title='bbox 2142 2770 2237 2810; x_wconf 90' lang='lat' dir='ltr'><strong>sua</strong></span> <span class='ocrx_word' id='word_1_429' title='bbox 2260 2752 2591 2819; x_wconf 88' lang='lat' dir='ltr'><strong>sciuderent,</strong></span> <span class='ocrx_word' id='word_1_430' title='bbox 2618 2762 2676 2807; x_wconf 91' lang='lat' dir='ltr'><strong>ut</strong></span> <span class='ocrx_word' id='word_1_431' title='bbox 2696 2768 2760 2807; x_wconf 85' lang='lat' dir='ltr'><strong>ex</strong></span> <span class='ocrx_word' id='word_1_432' title='bbox 2792 2750 3052 2807; x_wconf 87' lang='lat' dir='ltr'><strong>scissione</strong></span> <span class='ocrx_word' id='word_1_433' title='bbox 3076 2750 3526 2804; x_wconf 87' lang='lat' dir='ltr'><strong>vestimentorum</strong></span> 
     </span>
    </p>
   </div>
   <div class='ocr_carea' id='block_1_59' title="bbox 1933 2838 3524 2921">
    <p class='ocr_par' dir='ltr' id='par_1_59' title="bbox 1933 2838 3524 2921">
     <span class='ocr_line' id='line_1_59' title="bbox 1933 2838 3524 2921; baseline -0.006 -20"><span class='ocrx_word' id='word_1_434' title='bbox 1933 2846 2173 2902; x_wconf 90' lang='lat' dir='ltr'><strong>dolorem</strong></span> <span class='ocrx_word' id='word_1_435' title='bbox 2216 2846 2396 2901; x_wconf 88' lang='lat' dir='ltr'><strong>cordis</strong></span> <span class='ocrx_word' id='word_1_436' title='bbox 2440 2844 2812 2921; x_wconf 85' lang='lat' dir='ltr'><strong>ostenderent.</strong></span> <span class='ocrx_word' id='word_1_437' title='bbox 2844 2841 2999 2909; x_wconf 86' lang='lat' dir='ltr'><strong>Quod</strong></span> <span class='ocrx_word' id='word_1_438' title='bbox 3036 2840 3267 2911; x_wconf 81' lang='lat' dir='ltr'><strong>legimus</strong></span> <span class='ocrx_word' id='word_1_439' title='bbox 3295 2838 3524 2895; x_wconf 87' lang='lat' dir='ltr'><strong>Paulum</strong></span> 
     </span>
    </p>
   </div>
   <div class='ocr_carea' id='block_1_60' title="bbox 1932 2933 3525 3006">
    <p class='ocr_par' dir='ltr' id='par_1_60' title="bbox 1932 2933 3525 3006">
     <span class='ocr_line' id='line_1_60' title="bbox 1932 2933 3525 3006; baseline -0.005 -14"><span class='ocrx_word' id='word_1_440' title='bbox 1932 2946 1987 2993; x_wconf 91' lang='lat' dir='ltr'><strong>et</strong></span> <span class='ocrx_word' id='word_1_441' title='bbox 2011 2937 2316 2993; x_wconf 89' lang='lat' dir='ltr'><strong>Barnabam</strong></span> <span class='ocrx_word' id='word_1_442' title='bbox 2340 2936 2536 2993; x_wconf 88' lang='lat' dir='ltr'><strong>fecisse</strong></span> <span class='ocrx_word' id='word_1_443' title='bbox 2573 2936 2629 2990; x_wconf 91' lang='lat' dir='ltr'><strong>in</strong></span> <span class='ocrx_word' id='word_1_444' title='bbox 2667 2934 2902 3006; x_wconf 88' lang='lat' dir='ltr'><strong>quadam</strong></span> <span class='ocrx_word' id='word_1_445' title='bbox 2926 2933 3172 2998; x_wconf 88' lang='lat' dir='ltr'><strong>civitate,</strong></span> <span class='ocrx_word' id='word_1_446' title='bbox 3202 2946 3325 2987; x_wconf 91' lang='lat' dir='ltr'><strong>cum</strong></span> <span class='ocrx_word' id='word_1_447' title='bbox 3355 2946 3525 3002; x_wconf 89' lang='lat' dir='ltr'><strong>popu-</strong></span> 
     </span>
    </p>
   </div>
   <div class='ocr_carea' id='block_1_61' title="bbox 1930 3020 3526 3090">
    <p class='ocr_par' dir='ltr' id='par_1_61' title="bbox 1930 3020 3526 3090">
     <span class='ocr_line' id='line_1_61' title="bbox 1930 3020 3526 3090; baseline -0.004 -10"><span class='ocrx_word' id='word_1_448' title='bbox 1930 3026 2014 3083; x_wconf 90' lang='lat' dir='ltr'><strong>lus</strong></span> <span class='ocrx_word' id='word_1_449' title='bbox 2048 3028 2128 3083; x_wconf 85' lang='lat' dir='ltr'><strong>eis</strong></span> <span class='ocrx_word' id='word_1_450' title='bbox 2154 3026 2315 3082; x_wconf 89' lang='lat' dir='ltr'><strong>vellet</strong></span> <span class='ocrx_word' id='word_1_451' title='bbox 2341 3024 2623 3081; x_wconf 88' lang='lat' dir='ltr'><strong>immolare</strong></span> <span class='ocrx_word' id='word_1_452' title='bbox 2663 3024 2914 3081; x_wconf 78' lang='lat' dir='ltr'><strong>victimas</strong></span> <span class='ocrx_word' id='word_1_453' title='bbox 2938 3031 2993 3078; x_wconf 92' lang='lat' dir='ltr'><strong>et</strong></span> <span class='ocrx_word' id='word_1_454' title='bbox 3037 3020 3326 3087; x_wconf 83' lang='lat' dir='ltr'><strong>sacrificia,</strong></span> <span class='ocrx_word' id='word_1_455' title='bbox 3368 3021 3526 3090; x_wconf 90' lang='lat' dir='ltr'><strong>quasi</strong></span> 
     </span>
    </p>
   </div>
   <div class='ocr_carea' id='block_1_62' title="bbox 233 3107 3521 3189">
    <p class='ocr_par' dir='ltr' id='par_1_62' title="bbox 233 3107 3521 3189">
     <span class='ocr_line' id='line_1_62' title="bbox 233 3107 3521 3189; baseline 0.001 -28"><span class='ocrx_word' id='word_1_456' title='bbox 233 3107 469 3164; x_wconf 86' lang='lat' dir='ltr'><strong>timebat</strong></span> <span class='ocrx_word' id='word_1_457' title='bbox 508 3126 577 3165; x_wconf 90' lang='lat' dir='ltr'><strong>ne</strong></span> <span class='ocrx_word' id='word_1_458' title='bbox 621 3112 825 3182; x_wconf 89' lang='lat' dir='ltr'><strong>pariter</strong></span> <span class='ocrx_word' id='word_1_459' title='bbox 870 3129 992 3169; x_wconf 89' lang='lat' dir='ltr'><strong>cum</strong></span> <span class='ocrx_word' id='word_1_460' title='bbox 1024 3115 1118 3172; x_wconf 93' lang='lat' dir='ltr'><strong>illo</strong></span> <span class='ocrx_word' id='word_1_461' title='bbox 1162 3124 1459 3174; x_wconf 89' lang='lat' dir='ltr'><strong>teneretur.</strong></span> <span class='ocrx_word' id='word_1_462' title='bbox 1505 3119 1829 3189; x_wconf 81' lang='lat' dir='ltr'><strong>Allegorice,</strong></span> <span class='ocrx_word' id='word_1_463' title='bbox 1860 3112 1905 3175; x_wconf 89' lang='lat' dir='ltr'><strong>C</strong></span> <span class='ocrx_word' id='word_1_464' title='bbox 1936 3119 2068 3175; x_wconf 91' lang='lat' dir='ltr'><strong>deos</strong></span> <span class='ocrx_word' id='word_1_465' title='bbox 2096 3120 2407 3175; x_wconf 88' lang='lat' dir='ltr'><strong>adorantes.</strong></span> <span class='ocrx_word' id='word_1_466' title='bbox 2432 3115 2823 3189; x_wconf 88' lang='lat' dir='ltr'><strong>Spiritualiter,</strong></span> <span class='ocrx_word' id='word_1_467' title='bbox 2849 3115 3045 3171; x_wconf 91' lang='lat' dir='ltr'><strong>scissio</strong></span> <span class='ocrx_word' id='word_1_468' title='bbox 3071 3114 3521 3170; x_wconf 90' lang='lat' dir='ltr'><strong>vestimentorum</strong></span> 
     </span>
    </p>
   </div>
   <div class='ocr_carea' id='block_1_63' title="bbox 240 3196 1829 3278">
    <p class='ocr_par' dir='ltr' id='par_1_63' title="bbox 240 3196 1829 3278">
     <span class='ocr_line' id='line_1_63' title="bbox 240 3196 1829 3278; baseline 0.008 -27"><span class='ocrx_word' id='word_1_469' title='bbox 240 3196 402 3268; x_wconf 86' lang='lat' dir='ltr'><strong>longe</strong></span> <span class='ocrx_word' id='word_1_470' title='bbox 426 3215 547 3255; x_wconf 88' lang='lat' dir='ltr'><strong>eum</strong></span> <span class='ocrx_word' id='word_1_471' title='bbox 574 3203 921 3271; x_wconf 85' lang='lat' dir='ltr'><strong>sequebatur,</strong></span> <span class='ocrx_word' id='word_1_472' title='bbox 944 3205 1070 3273; x_wconf 91' lang='lat' dir='ltr'><strong>quia</strong></span> <span class='ocrx_word' id='word_1_473' title='bbox 1093 3207 1347 3263; x_wconf 90' lang='lat' dir='ltr'><strong>videlicet</strong></span> <span class='ocrx_word' id='word_1_474' title='bbox 1370 3208 1422 3263; x_wconf 93' lang='lat' dir='ltr'><strong>in</strong></span> <span class='ocrx_word' id='word_1_475' title='bbox 1444 3210 1692 3278; x_wconf 86' lang='lat' dir='ltr'><strong>proximo</strong></span> <span class='ocrx_word' id='word_1_476' title='bbox 1711 3217 1829 3264; x_wconf 89' lang='lat' dir='ltr'><strong>erat</strong></span> 
     </span>
    </p>
   </div>
   <div class='ocr_carea' id='block_1_64' title="bbox 248 3292 1827 3366">
    <p class='ocr_par' dir='ltr' id='par_1_64' title="bbox 248 3292 1827 3366">
     <span class='ocr_line' id='line_1_64' title="bbox 248 3292 1827 3366; baseline 0.009 -29"><span class='ocrx_word' id='word_1_477' title='bbox 248 3299 375 3340; x_wconf 84' lang='lat' dir='ltr'><strong>eum</strong></span> <span class='ocrx_word' id='word_1_478' title='bbox 400 3298 704 3357; x_wconf 85' lang='lat' dir='ltr'><strong>negaturus.</strong></span> <span class='ocrx_word' id='word_1_479' title='bbox 740 3312 757 3345; x_wconf 77' lang='grc' dir='ltr'><strong>ι</strong></span> <span class='ocrx_word' id='word_1_480' title='bbox 794 3292 864 3348; x_wconf 88' lang='grc' dir='ltr'>Ει</span> <span class='ocrx_word' id='word_1_481' title='bbox 905 3293 1182 3366; x_wconf 86' lang='lat' dir='ltr'><strong>ingressus</strong></span> <span class='ocrx_word' id='word_1_482' title='bbox 1227 3297 1392 3361; x_wconf 91' lang='lat' dir='ltr'><strong>intro,</strong></span> <span class='ocrx_word' id='word_1_483' title='bbox 1435 3296 1659 3352; x_wconf 88' lang='lat' dir='ltr'><strong>sedebat</strong></span> <span class='ocrx_word' id='word_1_484' title='bbox 1705 3314 1827 3352; x_wconf 91' lang='lat' dir='ltr'><strong>cum</strong></span> 
     </span>
    </p>
   </div>
   <div class='ocr_carea' id='block_1_65' title="bbox 257 3376 1826 3447">
    <p class='ocr_par' dir='ltr' id='par_1_65' title="bbox 257 3376 1826 3447">
     <span class='ocr_line' id='line_1_65' title="bbox 257 3376 1826 3447; baseline 0.012 -21"><span class='ocrx_word' id='word_1_485' title='bbox 257 3395 277 3425; x_wconf 70' lang='grc' dir='ltr'><strong>ε</strong></span> <span class='ocrx_word' id='word_1_486' title='bbox 323 3376 593 3447; x_wconf 88' lang='lat' dir='ltr'><strong>ministris,</strong></span> <span class='ocrx_word' id='word_1_487' title='bbox 632 3390 694 3436; x_wconf 90' lang='lat' dir='ltr'><strong>ut</strong></span> <span class='ocrx_word' id='word_1_488' title='bbox 736 3380 901 3439; x_wconf 81' lang='lat' dir='ltr'><strong>ﬁnem</strong></span> <span class='ocrx_word' id='word_1_489' title='bbox 945 3385 1172 3441; x_wconf 87' lang='lat' dir='ltr'><strong>videret.</strong></span> <span class='ocrx_word' id='word_1_490' title='bbox 1217 3407 1236 3439; x_wconf 77' lang='grc' dir='ltr'><strong>ι</strong></span> <span class='ocrx_word' id='word_1_491' title='bbox 1272 3386 1366 3443; x_wconf 87' lang='lat' dir='ltr'><strong>Vel</strong></span> <span class='ocrx_word' id='word_1_492' title='bbox 1396 3402 1584 3444; x_wconf 91' lang='lat' dir='ltr'><strong>amore</strong></span> <span class='ocrx_word' id='word_1_493' title='bbox 1612 3389 1826 3445; x_wconf 91' lang='lat' dir='ltr'><strong>Domini</strong></span> 
     </span>
    </p>
   </div>
   <div class='ocr_carea' id='block_1_66' title="bbox 242 3466 1825 3551">
    <p class='ocr_par' dir='ltr' id='par_1_66' title="bbox 242 3466 1825 3551">
     <span class='ocr_line' id='line_1_66' title="bbox 242 3466 1825 3551; baseline 0.007 -25"><span class='ocrx_word' id='word_1_494' title='bbox 242 3466 517 3540; x_wconf 72' lang='lat' dir='ltr'><strong>ingressus</strong></span> <span class='ocrx_word' id='word_1_495' title='bbox 536 3482 622 3529; x_wconf 86' lang='lat' dir='ltr'><strong>est</strong></span> <span class='ocrx_word' id='word_1_496' title='bbox 646 3484 772 3546; x_wconf 89' lang='lat' dir='ltr'><strong>post</strong></span> <span class='ocrx_word' id='word_1_497' title='bbox 799 3476 950 3532; x_wconf 92' lang='lat' dir='ltr'><strong>illum</strong></span> <span class='ocrx_word' id='word_1_498' title='bbox 978 3478 1031 3533; x_wconf 94' lang='lat' dir='ltr'><strong>in</strong></span> <span class='ocrx_word' id='word_1_499' title='bbox 1059 3479 1256 3535; x_wconf 89' lang='lat' dir='ltr'><strong>atrium</strong></span> <span class='ocrx_word' id='word_1_500' title='bbox 1286 3480 1546 3551; x_wconf 89' lang='lat' dir='ltr'><strong>principis</strong></span> <span class='ocrx_word' id='word_1_501' title='bbox 1569 3481 1825 3537; x_wconf 86' lang='lat' dir='ltr'><strong>sacerdo-</strong></span> 
     </span>
    </p>
   </div>
   <div class='ocr_carea' id='block_1_67' title="bbox 241 3554 1827 3638">
    <p class='ocr_par' dir='ltr' id='par_1_67' title="bbox 241 3554 1827 3638">
     <span class='ocr_line' id='line_1_67' title="bbox 241 3554 1827 3638; baseline 0.009 -26"><span class='ocrx_word' id='word_1_502' title='bbox 241 3566 381 3626; x_wconf 89' lang='lat' dir='ltr'><strong>tum,</strong></span> <span class='ocrx_word' id='word_1_503' title='bbox 424 3562 508 3618; x_wconf 88' lang='lat' dir='ltr'><strong>vel</strong></span> <span class='ocrx_word' id='word_1_504' title='bbox 545 3565 711 3620; x_wconf 89' lang='lat' dir='ltr'><strong>etiam</strong></span> <span class='ocrx_word' id='word_1_505' title='bbox 748 3568 1066 3625; x_wconf 90' lang='lat' dir='ltr'><strong>curiositate</strong></span> <span class='ocrx_word' id='word_1_506' title='bbox 1108 3554 1484 3638; x_wconf 82' lang='lat' dir='ltr'><strong>humanitatis,</strong></span> <span class='ocrx_word' id='word_1_507' title='bbox 1522 3580 1582 3626; x_wconf 91' lang='lat' dir='ltr'><strong>ut</strong></span> <span class='ocrx_word' id='word_1_508' title='bbox 1620 3572 1827 3628; x_wconf 91' lang='lat' dir='ltr'><strong>videret</strong></span> 
     </span>
    </p>
   </div>
   <div class='ocr_carea' id='block_1_68' title="bbox 234 3654 1826 3737">
    <p class='ocr_par' dir='ltr' id='par_1_68' title="bbox 234 3654 1826 3737">
     <span class='ocr_line' id='line_1_68' title="bbox 234 3654 1826 3737; baseline 0.008 -28"><span class='ocrx_word' id='word_1_509' title='bbox 234 3654 403 3711; x_wconf 83' lang='lat' dir='ltr'><strong>linem</strong></span> <span class='ocrx_word' id='word_1_510' title='bbox 433 3657 596 3726; x_wconf 87' lang='lat' dir='ltr'><strong>illius,</strong></span> <span class='ocrx_word' id='word_1_511' title='bbox 641 3675 709 3716; x_wconf 89' lang='lat' dir='ltr'><strong>an</strong></span> <span class='ocrx_word' id='word_1_512' title='bbox 740 3661 785 3717; x_wconf 92' lang='lat' dir='ltr'><strong>si</strong></span> <span class='ocrx_word' id='word_1_513' title='bbox 829 3663 880 3717; x_wconf 90' lang='lat' dir='ltr'><strong>ei</strong></span> <span class='ocrx_word' id='word_1_514' title='bbox 921 3672 1229 3733; x_wconf 89' lang='lat' dir='ltr'><strong>parcerent,</strong></span> <span class='ocrx_word' id='word_1_515' title='bbox 1258 3673 1317 3718; x_wconf 92' lang='lat' dir='ltr'><strong>et</strong></span> <span class='ocrx_word' id='word_1_516' title='bbox 1340 3663 1665 3737; x_wconf 89' lang='lat' dir='ltr'><strong>castigatum</strong></span> <span class='ocrx_word' id='word_1_517' title='bbox 1699 3680 1826 3721; x_wconf 89' lang='lat' dir='ltr'><strong>eum</strong></span> 
     </span>
    </p>
   </div>
   <div class='ocr_carea' id='block_1_69' title="bbox 234 3744 1501 3826">
    <p class='ocr_par' dir='ltr' id='par_1_69' title="bbox 234 3744 1501 3826">
     <span class='ocr_line' id='line_1_69' title="bbox 234 3744 1501 3826; baseline 0.008 -26"><span class='ocrx_word' id='word_1_518' title='bbox 234 3744 595 3816; x_wconf 87' lang='lat' dir='ltr'><strong>dimitterent,</strong></span> <span class='ocrx_word' id='word_1_519' title='bbox 623 3765 692 3806; x_wconf 91' lang='lat' dir='ltr'><strong>an</strong></span> <span class='ocrx_word' id='word_1_520' title='bbox 721 3752 887 3808; x_wconf 90' lang='lat' dir='ltr'><strong>etiam</strong></span> <span class='ocrx_word' id='word_1_521' title='bbox 914 3753 1077 3809; x_wconf 89' lang='lat' dir='ltr'><strong>morti</strong></span> <span class='ocrx_word' id='word_1_522' title='bbox 1104 3753 1501 3826; x_wconf 85' lang='lat' dir='ltr'><strong>adjudicarent.</strong></span> 
     </span>
    </p>
   </div>
   <div class='ocr_carea' id='block_1_70' title="bbox 226 3838 1823 3916">
    <p class='ocr_par' dir='ltr' id='par_1_70' title="bbox 226 3838 1823 3916">
     <span class='ocr_line' id='line_1_70' title="bbox 226 3838 1823 3916; baseline 0.009 -26"><span class='ocrx_word' id='word_1_523' title='bbox 226 3886 233 3890; x_wconf 87' lang='lat'><strong>.</strong></span> <span class='ocrx_word' id='word_1_524' title='bbox 312 3858 333 3891; x_wconf 75' lang='grc' dir='ltr'><strong>ι</strong></span> <span class='ocrx_word' id='word_1_525' title='bbox 376 3838 679 3899; x_wconf 84' lang='lat' dir='ltr'><strong>Novissime</strong></span> <span class='ocrx_word' id='word_1_526' title='bbox 722 3854 901 3901; x_wconf 90' lang='lat' dir='ltr'><strong>autem</strong></span> <span class='ocrx_word' id='word_1_527' title='bbox 931 3854 1197 3903; x_wconf 90' lang='lat' dir='ltr'><strong>venerunt</strong></span> <span class='ocrx_word' id='word_1_528' title='bbox 1237 3847 1344 3903; x_wconf 93' lang='lat' dir='ltr'><strong>duo</strong></span> <span class='ocrx_word' id='word_1_529' title='bbox 1376 3846 1497 3903; x_wconf 83' lang='lat' dir='ltr'><strong>falsi</strong></span> <span class='ocrx_word' id='word_1_530' title='bbox 1527 3855 1720 3916; x_wconf 87' lang='lat' dir='ltr'><strong>testes,</strong></span> <span class='ocrx_word' id='word_1_531' title='bbox 1767 3857 1823 3904; x_wconf 93' lang='lat' dir='ltr'><strong>et</strong></span> 
     </span>
    </p>
   </div>
   <div class='ocr_carea' id='block_1_71' title="bbox 237 3932 1823 4009">
    <p class='ocr_par' dir='ltr' id='par_1_71' title="bbox 237 3932 1823 4009">
     <span class='ocr_line' id='line_1_71' title="bbox 237 3932 1823 4009; baseline 0.008 -26"><span class='ocrx_word' id='word_1_532' title='bbox 237 3948 258 3982; x_wconf 81' lang='grc' dir='ltr'><strong>ι</strong></span> <span class='ocrx_word' id='word_1_533' title='bbox 305 3932 562 3989; x_wconf 82' lang='lat' dir='ltr'><strong>dixerunt</strong></span> <span class='ocrx_word' id='word_1_534' title='bbox 597 3934 735 3992; x_wconf 85' lang='lat' dir='ltr'><strong>:Hic</strong></span> <span class='ocrx_word' id='word_1_535' title='bbox 770 3937 942 3992; x_wconf 84' lang='lat' dir='ltr'><strong>dixit:</strong></span> <span class='ocrx_word' id='word_1_536' title='bbox 968 3936 1193 3994; x_wconf 91' lang='lat' dir='ltr'><strong>Possum</strong></span> <span class='ocrx_word' id='word_1_537' title='bbox 1241 3939 1522 3995; x_wconf 90' lang='lat' dir='ltr'><strong>destruere</strong></span> <span class='ocrx_word' id='word_1_538' title='bbox 1566 3939 1823 4009; x_wconf 89' lang='lat' dir='ltr'><strong>templum</strong></span> 
     </span>
    </p>
   </div>
   <div class='ocr_carea' id='block_1_72' title="bbox 237 4022 1927 4103">
    <p class='ocr_par' dir='ltr' id='par_1_72' title="bbox 237 4022 1927 4103">
     <span class='ocr_line' id='line_1_72' title="bbox 237 4022 1927 4103; baseline 0.006 -28"><span class='ocrx_word' id='word_1_539' title='bbox 237 4040 260 4074; x_wconf 76' lang='grc' dir='ltr'><strong>ι</strong></span> <span class='ocrx_word' id='word_1_540' title='bbox 297 4022 419 4090; x_wconf 88' lang='lat' dir='ltr'><strong>Dei,</strong></span> <span class='ocrx_word' id='word_1_541' title='bbox 458 4033 514 4081; x_wconf 92' lang='lat' dir='ltr'><strong>et</strong></span> <span class='ocrx_word' id='word_1_542' title='bbox 546 4035 680 4097; x_wconf 81' lang='lat' dir='ltr'><strong>post</strong></span> <span class='ocrx_word' id='word_1_543' title='bbox 709 4027 946 4083; x_wconf 89' lang='lat' dir='ltr'><strong>triduum</strong></span> <span class='ocrx_word' id='word_1_544' title='bbox 979 4029 1309 4085; x_wconf 65' lang='lat' dir='ltr'><strong>reaedilicare</strong></span> <span class='ocrx_word' id='word_1_545' title='bbox 1358 4029 1507 4086; x_wconf 91' lang='lat' dir='ltr'><strong>illud.</strong></span> <span class='ocrx_word' id='word_1_546' title='bbox 1558 4048 1577 4080; x_wconf 75' lang='grc' dir='ltr'><strong>ι</strong></span> <span class='ocrx_word' id='word_1_547' title='bbox 1626 4029 1822 4084; x_wconf 82' lang='lat' dir='ltr'><strong>Mirum</strong></span> <span class='ocrx_word' id='word_1_548' title='bbox 1917 4094 1927 4103; x_wconf 31' lang='grc' dir='ltr'><strong>ρ</strong></span> 
     </span>
    </p>
   </div>
   <div class='ocr_carea' id='block_1_73' title="bbox 230 4115 1821 4187">
    <p class='ocr_par' dir='ltr' id='par_1_73' title="bbox 230 4115 1821 4187">
     <span class='ocr_line' id='line_1_73' title="bbox 230 4115 1821 4187; baseline 0.003 -17"><span class='ocrx_word' id='word_1_549' title='bbox 230 4115 391 4171; x_wconf 85' lang='lat' dir='ltr'><strong>valde</strong></span> <span class='ocrx_word' id='word_1_550' title='bbox 411 4125 516 4184; x_wconf 90' lang='lat' dir='ltr'><strong>est,</strong></span> <span class='ocrx_word' id='word_1_551' title='bbox 544 4131 643 4173; x_wconf 90' lang='lat' dir='ltr'><strong>cur</strong></span> <span class='ocrx_word' id='word_1_552' title='bbox 678 4118 930 4175; x_wconf 88' lang='lat' dir='ltr'><strong>dicantur</strong></span> <span class='ocrx_word' id='word_1_553' title='bbox 959 4135 1079 4176; x_wconf 91' lang='lat' dir='ltr'><strong>esse</strong></span> <span class='ocrx_word' id='word_1_554' title='bbox 1103 4119 1223 4176; x_wconf 89' lang='lat' dir='ltr'><strong>falsi</strong></span> <span class='ocrx_word' id='word_1_555' title='bbox 1258 4129 1442 4187; x_wconf 89' lang='lat' dir='ltr'><strong>testes,</strong></span> <span class='ocrx_word' id='word_1_556' title='bbox 1469 4136 1591 4175; x_wconf 90' lang='lat' dir='ltr'><strong>cum</strong></span> <span class='ocrx_word' id='word_1_557' title='bbox 1617 4120 1706 4175; x_wconf 89' lang='lat' dir='ltr'><strong>illa</strong></span> <span class='ocrx_word' id='word_1_558' title='bbox 1736 4121 1821 4177; x_wconf 85' lang='lat' dir='ltr'><strong>di-</strong></span> 
     </span>
    </p>
   </div>
   <div class='ocr_carea' id='block_1_74' title="bbox 230 4208 1823 4282">
    <p class='ocr_par' dir='ltr' id='par_1_74' title="bbox 230 4208 1823 4282">
     <span class='ocr_line' id='line_1_74' title="bbox 230 4208 1823 4282; baseline 0.003 -20"><span class='ocrx_word' id='word_1_559' title='bbox 230 4216 386 4273; x_wconf 86' lang='lat' dir='ltr'><strong>cant,</strong></span> <span class='ocrx_word' id='word_1_560' title='bbox 416 4223 537 4279; x_wconf 77' lang='lat' dir='ltr'><strong>qua:</strong></span> <span class='ocrx_word' id='word_1_561' title='bbox 555 4208 845 4266; x_wconf 90' lang='lat' dir='ltr'><strong>Dominum</strong></span> <span class='ocrx_word' id='word_1_562' title='bbox 870 4210 996 4266; x_wconf 92' lang='lat' dir='ltr'><strong>alibi</strong></span> <span class='ocrx_word' id='word_1_563' title='bbox 1017 4210 1244 4282; x_wconf 84' lang='lat' dir='ltr'><strong>legimus</strong></span> <span class='ocrx_word' id='word_1_564' title='bbox 1269 4211 1490 4267; x_wconf 81' lang='lat' dir='ltr'><strong>dixisse.</strong></span> <span class='ocrx_word' id='word_1_565' title='bbox 1519 4208 1625 4266; x_wconf 91' lang='lat' dir='ltr'><strong>Sed</strong></span> <span class='ocrx_word' id='word_1_566' title='bbox 1655 4209 1823 4267; x_wconf 87' lang='lat' dir='ltr'><strong>falsus</strong></span> 
     </span>
    </p>
   </div>
   <div class='ocr_carea' id='block_1_75' title="bbox 229 4303 1821 4376">
    <p class='ocr_par' dir='ltr' id='par_1_75' title="bbox 229 4303 1821 4376">
     <span class='ocr_line' id='line_1_75' title="bbox 229 4303 1821 4376; baseline 0.002 -18"><span class='ocrx_word' id='word_1_567' title='bbox 229 4303 393 4358; x_wconf 89' lang='lat' dir='ltr'><strong>testis</strong></span> <span class='ocrx_word' id='word_1_568' title='bbox 418 4312 521 4370; x_wconf 91' lang='lat' dir='ltr'><strong>est,</strong></span> <span class='ocrx_word' id='word_1_569' title='bbox 557 4304 648 4375; x_wconf 91' lang='lat' dir='ltr'><strong>qui</strong></span> <span class='ocrx_word' id='word_1_570' title='bbox 683 4306 848 4362; x_wconf 87' lang='lat' dir='ltr'><strong>verba</strong></span> <span class='ocrx_word' id='word_1_571' title='bbox 877 4305 986 4362; x_wconf 91' lang='lat' dir='ltr'><strong>alio</strong></span> <span class='ocrx_word' id='word_1_572' title='bbox 1015 4321 1177 4362; x_wconf 90' lang='lat' dir='ltr'><strong>sensu</strong></span> <span class='ocrx_word' id='word_1_573' title='bbox 1205 4307 1610 4376; x_wconf 86' lang='lat' dir='ltr'><strong>interpretatur,</strong></span> <span class='ocrx_word' id='word_1_574' title='bbox 1657 4320 1821 4376; x_wconf 89' lang='lat' dir='ltr'><strong>quam</strong></span> 
     </span>
    </p>
   </div>
   <div class='ocr_carea' id='block_1_76' title="bbox 229 4390 1820 4469">
    <p class='ocr_par' dir='ltr' id='par_1_76' title="bbox 229 4390 1820 4469">
     <span class='ocr_line' id='line_1_76' title="bbox 229 4390 1820 4469; baseline 0.003 -17"><span class='ocrx_word' id='word_1_575' title='bbox 229 4396 326 4452; x_wconf 88' lang='lat' dir='ltr'><strong>ille</strong></span> <span class='ocrx_word' id='word_1_576' title='bbox 348 4398 440 4467; x_wconf 90' lang='lat' dir='ltr'><strong>qui</strong></span> <span class='ocrx_word' id='word_1_577' title='bbox 463 4390 693 4466; x_wconf 82' lang='lat' dir='ltr'><strong>dixerat,</strong></span> <span class='ocrx_word' id='word_1_578' title='bbox 716 4399 859 4454; x_wconf 90' lang='lat' dir='ltr'><strong>sicut</strong></span> <span class='ocrx_word' id='word_1_579' title='bbox 882 4400 993 4466; x_wconf 91' lang='lat' dir='ltr'><strong>isti,</strong></span> <span class='ocrx_word' id='word_1_580' title='bbox 1017 4401 1109 4469; x_wconf 92' lang='lat' dir='ltr'><strong>qui</strong></span> <span class='ocrx_word' id='word_1_581' title='bbox 1130 4415 1237 4455; x_wconf 90' lang='lat' dir='ltr'><strong>non</strong></span> <span class='ocrx_word' id='word_1_582' title='bbox 1265 4400 1436 4454; x_wconf 91' lang='lat' dir='ltr'><strong>solum</strong></span> <span class='ocrx_word' id='word_1_583' title='bbox 1460 4414 1700 4465; x_wconf 90' lang='lat' dir='ltr'><strong>sensum,</strong></span> <span class='ocrx_word' id='word_1_584' title='bbox 1723 4399 1820 4456; x_wconf 88' lang='lat' dir='ltr'><strong>sed</strong></span> 
     </span>
    </p>
   </div>
   <div class='ocr_carea' id='block_1_77' title="bbox 1929 3203 3522 3280">
    <p class='ocr_par' dir='ltr' id='par_1_77' title="bbox 1929 3203 3522 3280">
     <span class='ocr_line' id='line_1_77' title="bbox 1929 3203 3522 3280; baseline -0.004 -17"><span class='ocrx_word' id='word_1_585' title='bbox 1929 3209 2189 3280; x_wconf 91' lang='lat' dir='ltr'><strong>principis</strong></span> <span class='ocrx_word' id='word_1_586' title='bbox 2234 3208 2581 3264; x_wconf 88' lang='lat' dir='ltr'><strong>sacerdotum</strong></span> <span class='ocrx_word' id='word_1_587' title='bbox 2631 3205 2972 3277; x_wconf 81' lang='lat' dir='ltr'><strong>significabat</strong></span> <span class='ocrx_word' id='word_1_588' title='bbox 3020 3203 3372 3260; x_wconf 89' lang='lat' dir='ltr'><strong>scindendam</strong></span> <span class='ocrx_word' id='word_1_589' title='bbox 3399 3217 3522 3258; x_wconf 86' lang='lat' dir='ltr'><strong>esse</strong></span> 
     </span>
    </p>
   </div>
   <div class='ocr_carea' id='block_1_78' title="bbox 1929 3294 3524 3371">
    <p class='ocr_par' dir='ltr' id='par_1_78' title="bbox 1929 3294 3524 3371">
     <span class='ocr_line' id='line_1_78' title="bbox 1929 3294 3524 3371; baseline -0.004 -16"><span class='ocrx_word' id='word_1_590' title='bbox 1929 3300 2248 3371; x_wconf 86' lang='lat' dir='ltr'><strong>dignitatem</strong></span> <span class='ocrx_word' id='word_1_591' title='bbox 2301 3298 2591 3355; x_wconf 86' lang='lat' dir='ltr'><strong>sacerdotii</strong></span> <span class='ocrx_word' id='word_1_592' title='bbox 2632 3299 2685 3353; x_wconf 92' lang='lat' dir='ltr'><strong>in</strong></span> <span class='ocrx_word' id='word_1_593' title='bbox 2733 3296 2929 3368; x_wconf 91' lang='lat' dir='ltr'><strong>populo</strong></span> <span class='ocrx_word' id='word_1_594' title='bbox 2972 3295 3301 3351; x_wconf 66' lang='lat' dir='ltr'><strong>Iudaeorum.</strong></span> <span class='ocrx_word' id='word_1_595' title='bbox 3339 3294 3398 3350; x_wconf 85' lang='lat' dir='ltr'><strong>In</strong></span> <span class='ocrx_word' id='word_1_596' title='bbox 3426 3308 3524 3350; x_wconf 83' lang='lat' dir='ltr'><strong>ex-</strong></span> 
     </span>
    </p>
   </div>
   <div class='ocr_carea' id='block_1_79' title="bbox 1928 3387 3519 3459">
    <p class='ocr_par' dir='ltr' id='par_1_79' title="bbox 1928 3387 3519 3459">
     <span class='ocr_line' id='line_1_79' title="bbox 1928 3387 3519 3459; baseline -0.003 -11"><span class='ocrx_word' id='word_1_597' title='bbox 1928 3392 2179 3448; x_wconf 90' lang='lat' dir='ltr'><strong>cussione</strong></span> <span class='ocrx_word' id='word_1_598' title='bbox 2227 3391 2529 3447; x_wconf 88' lang='lat' dir='ltr'><strong>sacerdotis</strong></span> <span class='ocrx_word' id='word_1_599' title='bbox 2556 3391 2622 3446; x_wconf 90' lang='lat' dir='ltr'><strong>de</strong></span> <span class='ocrx_word' id='word_1_600' title='bbox 2648 3389 2784 3445; x_wconf 86' lang='lat' dir='ltr'><strong>solio</strong></span> <span class='ocrx_word' id='word_1_601' title='bbox 2829 3404 2950 3454; x_wconf 91' lang='lat' dir='ltr'><strong>suo,</strong></span> <span class='ocrx_word' id='word_1_602' title='bbox 2991 3387 3396 3459; x_wconf 78' lang='lat' dir='ltr'><strong>significabatur</strong></span> <span class='ocrx_word' id='word_1_603' title='bbox 3422 3399 3519 3443; x_wconf 83' lang='lat' dir='ltr'><strong>va-</strong></span> 
     </span>
    </p>
   </div>
   <div class='ocr_carea' id='block_1_80' title="bbox 1927 3475 3519 3549">
    <p class='ocr_par' dir='ltr' id='par_1_80' title="bbox 1927 3475 3519 3549">
     <span class='ocr_line' id='line_1_80' title="bbox 1927 3475 3519 3549; baseline -0.004 -12"><span class='ocrx_word' id='word_1_604' title='bbox 1927 3497 2086 3537; x_wconf 91' lang='lat' dir='ltr'><strong>cuam</strong></span> <span class='ocrx_word' id='word_1_605' title='bbox 2129 3495 2251 3539; x_wconf 90' lang='lat' dir='ltr'><strong>esse</strong></span> <span class='ocrx_word' id='word_1_606' title='bbox 2298 3495 2677 3538; x_wconf 89' lang='lat' dir='ltr'><strong>remansuram</strong></span> <span class='ocrx_word' id='word_1_607' title='bbox 2724 3478 2908 3535; x_wconf 89' lang='lat' dir='ltr'><strong>sedem</strong></span> <span class='ocrx_word' id='word_1_608' title='bbox 2938 3475 3211 3549; x_wconf 79' lang='lat' dir='ltr'><strong>pontificis</strong></span> <span class='ocrx_word' id='word_1_609' title='bbox 3239 3476 3294 3531; x_wconf 92' lang='lat' dir='ltr'><strong>in</strong></span> <span class='ocrx_word' id='word_1_610' title='bbox 3321 3475 3519 3549; x_wconf 91' lang='lat' dir='ltr'><strong>popqu</strong></span> 
     </span>
    </p>
   </div>
   <div class='ocr_carea' id='block_1_81' title="bbox 1925 3572 2255 3631">
    <p class='ocr_par' dir='ltr' id='par_1_81' title="bbox 1925 3572 2255 3631">
     <span class='ocr_line' id='line_1_81' title="bbox 1925 3572 2255 3631; baseline -0.009 -1"><span class='ocrx_word' id='word_1_611' title='bbox 1925 3572 2255 3631; x_wconf 60' lang='lat' dir='ltr'><strong>Judmorum.</strong></span> 
     </span>
    </p>
   </div>
   <div class='ocr_carea' id='block_1_82' title="bbox 2001 3658 3514 3737">
    <p class='ocr_par' dir='ltr' id='par_1_82' title="bbox 2001 3658 3514 3737">
     <span class='ocr_line' id='line_1_82' title="bbox 2001 3658 3514 3737; baseline -0.005 -18"><span class='ocrx_word' id='word_1_612' title='bbox 2001 3686 2022 3719; x_wconf 70' lang='grc' dir='ltr'><strong>ι</strong></span> <span class='ocrx_word' id='word_1_613' title='bbox 2050 3665 2121 3721; x_wconf 80' lang='lat' dir='ltr'><strong>At</strong></span> <span class='ocrx_word' id='word_1_614' title='bbox 2144 3664 2220 3720; x_wconf 92' lang='lat' dir='ltr'><strong>illi</strong></span> <span class='ocrx_word' id='word_1_615' title='bbox 2242 3664 2649 3737; x_wconf 90' lang='lat' dir='ltr'><strong>respondentes,</strong></span> <span class='ocrx_word' id='word_1_616' title='bbox 2671 3662 2923 3719; x_wconf 85' lang='lat' dir='ltr'><strong>dixerunt</strong></span> <span class='ocrx_word' id='word_1_617' title='bbox 2950 3679 2964 3716; x_wconf 94' lang='lat'><strong>:</strong></span> <span class='ocrx_word' id='word_1_618' title='bbox 2988 3660 3134 3717; x_wconf 80' lang='lat' dir='ltr'><strong>Reus</strong></span> <span class='ocrx_word' id='word_1_619' title='bbox 3155 3667 3239 3719; x_wconf 87' lang='lat' dir='ltr'><strong>est</strong></span> <span class='ocrx_word' id='word_1_620' title='bbox 3259 3658 3471 3715; x_wconf 88' lang='lat' dir='ltr'><strong>mortis.</strong></span> <span class='ocrx_word' id='word_1_621' title='bbox 3492 3676 3514 3711; x_wconf 74' lang='grc' dir='ltr'><strong>ο</strong></span> 
     </span>
    </p>
   </div>
   <div class='ocr_carea' id='block_1_83' title="bbox 1921 3749 3519 3828">
    <p class='ocr_par' dir='ltr' id='par_1_83' title="bbox 1921 3749 3519 3828">
     <span class='ocr_line' id='line_1_83' title="bbox 1921 3749 3519 3828; baseline -0.006 -15"><span class='ocrx_word' id='word_1_622' title='bbox 1921 3756 2206 3828; x_wconf 87' lang='lat' dir='ltr'><strong>lmpletnm</strong></span> <span class='ocrx_word' id='word_1_623' title='bbox 2230 3763 2313 3812; x_wconf 90' lang='lat' dir='ltr'><strong>est</strong></span> <span class='ocrx_word' id='word_1_624' title='bbox 2332 3755 2473 3825; x_wconf 91' lang='lat' dir='ltr'><strong>quod</strong></span> <span class='ocrx_word' id='word_1_625' title='bbox 2501 3754 2630 3811; x_wconf 91' lang='lat' dir='ltr'><strong>olim</strong></span> <span class='ocrx_word' id='word_1_626' title='bbox 2656 3753 2941 3811; x_wconf 89' lang='lat' dir='ltr'><strong>Psalmista</strong></span> <span class='ocrx_word' id='word_1_627' title='bbox 2962 3766 3028 3807; x_wconf 81' lang='lat' dir='ltr'><strong>ex</strong></span> <span class='ocrx_word' id='word_1_628' title='bbox 3053 3766 3287 3823; x_wconf 88' lang='lat' dir='ltr'><strong>persona</strong></span> <span class='ocrx_word' id='word_1_629' title='bbox 3302 3749 3519 3807; x_wconf 90' lang='lat' dir='ltr'><strong>Domini</strong></span> 
     </span>
    </p>
   </div>
   <div class='ocr_carea' id='block_1_84' title="bbox 1925 3838 3515 3914">
    <p class='ocr_par' dir='ltr' id='par_1_84' title="bbox 1925 3838 3515 3914">
     <span class='ocr_line' id='line_1_84' title="bbox 1925 3838 3515 3914; baseline -0.004 -10"><span class='ocrx_word' id='word_1_630' title='bbox 1925 3848 2137 3904; x_wconf 82' lang='lat' dir='ltr'><strong>dixerat</strong></span> <span class='ocrx_word' id='word_1_631' title='bbox 2174 3866 2187 3902; x_wconf 93' lang='lat'><strong>:</strong></span> <span class='ocrx_word' id='word_1_632' title='bbox 2240 3866 2258 3900; x_wconf 82' lang='grc' dir='ltr'><strong>ι</strong></span> <span class='ocrx_word' id='word_1_633' title='bbox 2298 3847 2784 3904; x_wconf 89' lang='lat' dir='ltr'><strong>Circumdederunt</strong></span> <span class='ocrx_word' id='word_1_634' title='bbox 2832 3858 2921 3900; x_wconf 88' lang='lat' dir='ltr'><strong>me</strong></span> <span class='ocrx_word' id='word_1_635' title='bbox 2959 3858 3125 3901; x_wconf 90' lang='lat' dir='ltr'><strong>canes</strong></span> <span class='ocrx_word' id='word_1_636' title='bbox 3153 3840 3309 3898; x_wconf 90' lang='lat' dir='ltr'><strong>multi</strong></span> <span class='ocrx_word' id='word_1_637' title='bbox 3336 3838 3515 3914; x_wconf 74' lang='lat' dir='ltr'><strong>(Paul.</strong></span> 
     </span>
    </p>
   </div>
   <div class='ocr_carea' id='block_1_85' title="bbox 1923 3941 2126 4013">
    <p class='ocr_par' dir='ltr' id='par_1_85' title="bbox 1923 3941 2126 4013">
     <span class='ocr_line' id='line_1_85' title="bbox 1923 3941 2126 4013; baseline -0.005 -17"><span class='ocrx_word' id='word_1_638' title='bbox 1923 3941 2064 4013; x_wconf 75' lang='lat' dir='ltr'><strong>XXI).</strong></span> <span class='ocrx_word' id='word_1_639' title='bbox 2108 3965 2126 3995; x_wconf 81' lang='lat'><em>.</em></span> 
     </span>
    </p>
   </div>
   <div class='ocr_carea' id='block_1_86' title="bbox 1999 4026 3512 4102">
    <p class='ocr_par' dir='ltr' id='par_1_86' title="bbox 1999 4026 3512 4102">
     <span class='ocr_line' id='line_1_86' title="bbox 1999 4026 3512 4102; baseline -0.003 -18"><span class='ocrx_word' id='word_1_640' title='bbox 1999 4050 2018 4084; x_wconf 74' lang='grc' dir='ltr'><strong>ι</strong></span> <span class='ocrx_word' id='word_1_641' title='bbox 2057 4031 2209 4087; x_wconf 89' lang='lat' dir='ltr'><strong>Tunc</strong></span> <span class='ocrx_word' id='word_1_642' title='bbox 2229 4038 2559 4102; x_wconf 88' lang='lat' dir='ltr'><strong>exspuerunt</strong></span> <span class='ocrx_word' id='word_1_643' title='bbox 2577 4030 2634 4085; x_wconf 91' lang='lat' dir='ltr'><strong>in</strong></span> <span class='ocrx_word' id='word_1_644' title='bbox 2660 4028 2854 4085; x_wconf 89' lang='lat' dir='ltr'><strong>faciem</strong></span> <span class='ocrx_word' id='word_1_645' title='bbox 2876 4029 3016 4100; x_wconf 88' lang='lat' dir='ltr'><strong>ejus,</strong></span> <span class='ocrx_word' id='word_1_646' title='bbox 3038 4035 3093 4082; x_wconf 91' lang='lat' dir='ltr'><strong>et</strong></span> <span class='ocrx_word' id='word_1_647' title='bbox 3116 4026 3359 4096; x_wconf 87' lang='lat' dir='ltr'><strong>colaphis</strong></span> <span class='ocrx_word' id='word_1_648' title='bbox 3388 4040 3512 4082; x_wconf 90' lang='lat' dir='ltr'><strong>eum</strong></span> 
     </span>
    </p>
   </div>
   <div class='ocr_carea' id='block_1_87' title="bbox 1930 4119 3518 4192">
    <p class='ocr_par' dir='ltr' id='par_1_87' title="bbox 1930 4119 3518 4192">
     <span class='ocr_line' id='line_1_87' title="bbox 1930 4119 3518 4192; baseline -0.003 -16"><span class='ocrx_word' id='word_1_649' title='bbox 1930 4142 1950 4176; x_wconf 80' lang='grc' dir='ltr'><strong>ι</strong></span> <span class='ocrx_word' id='word_1_650' title='bbox 1996 4125 2328 4181; x_wconf 89' lang='lat' dir='ltr'><strong>ceciderunt.</strong></span> <span class='ocrx_word' id='word_1_651' title='bbox 2370 4143 2390 4176; x_wconf 71' lang='grc' dir='ltr'><strong>ι</strong></span> <span class='ocrx_word' id='word_1_652' title='bbox 2435 4121 2507 4179; x_wconf 88' lang='lat' dir='ltr'><strong>Ut</strong></span> <span class='ocrx_word' id='word_1_653' title='bbox 2545 4122 2861 4192; x_wconf 89' lang='lat' dir='ltr'><strong>impleretur</strong></span> <span class='ocrx_word' id='word_1_654' title='bbox 2884 4121 3029 4192; x_wconf 90' lang='lat' dir='ltr'><strong>quod</strong></span> <span class='ocrx_word' id='word_1_655' title='bbox 3056 4119 3374 4191; x_wconf 61' lang='lat' dir='ltr'><strong>praedictum</strong></span> <span class='ocrx_word' id='word_1_656' title='bbox 3398 4126 3518 4173; x_wconf 86' lang='lat' dir='ltr'><strong>erat</strong></span> 
     </span>
    </p>
   </div>
   <div class='ocr_carea' id='block_1_88' title="bbox 1922 4210 3511 4289">
    <p class='ocr_par' dir='ltr' id='par_1_88' title="bbox 1922 4210 3511 4289">
     <span class='ocr_line' id='line_1_88' title="bbox 1922 4210 3511 4289; baseline -0.006 -16"><span class='ocrx_word' id='word_1_657' title='bbox 1922 4233 2021 4289; x_wconf 88' lang='lat' dir='ltr'><strong>per</strong></span> <span class='ocrx_word' id='word_1_658' title='bbox 2065 4217 2422 4288; x_wconf 86' lang='lat' dir='ltr'><strong>prophetam:</strong></span> <span class='ocrx_word' id='word_1_659' title='bbox 2454 4233 2474 4267; x_wconf 76' lang='grc' dir='ltr'><strong>ι</strong></span> <span class='ocrx_word' id='word_1_660' title='bbox 2520 4214 2739 4270; x_wconf 90' lang='lat' dir='ltr'><strong>Faciem</strong></span> <span class='ocrx_word' id='word_1_661' title='bbox 2785 4229 2960 4269; x_wconf 88' lang='lat' dir='ltr'><strong>meam</strong></span> <span class='ocrx_word' id='word_1_662' title='bbox 2988 4228 3094 4270; x_wconf 93' lang='lat' dir='ltr'><strong>non</strong></span> <span class='ocrx_word' id='word_1_663' title='bbox 3128 4211 3300 4267; x_wconf 88' lang='lat' dir='ltr'><strong>averti</strong></span> <span class='ocrx_word' id='word_1_664' title='bbox 3325 4210 3394 4266; x_wconf 92' lang='lat' dir='ltr'><strong>ab</strong></span> <span class='ocrx_word' id='word_1_665' title='bbox 3425 4211 3511 4265; x_wconf 89' lang='lat' dir='ltr'><strong>in-</strong></span> 
     </span>
    </p>
   </div>
   <div class='ocr_carea' id='block_1_89' title="bbox 1922 4301 3397 4380">
    <p class='ocr_par' dir='ltr' id='par_1_89' title="bbox 1922 4301 3397 4380">
     <span class='ocr_line' id='line_1_89' title="bbox 1922 4301 3397 4380; baseline -0.009 -13"><span class='ocrx_word' id='word_1_666' title='bbox 1922 4310 2291 4380; x_wconf 89' lang='lat' dir='ltr'><strong>crepantibus,</strong></span> <span class='ocrx_word' id='word_1_667' title='bbox 2323 4317 2377 4363; x_wconf 91' lang='lat' dir='ltr'><strong>et</strong></span> <span class='ocrx_word' id='word_1_668' title='bbox 2399 4307 2820 4378; x_wconf 87' lang='lat' dir='ltr'><strong>conspuentibns</strong></span> <span class='ocrx_word' id='word_1_669' title='bbox 2851 4307 2905 4361; x_wconf 93' lang='lat' dir='ltr'><strong>in</strong></span> <span class='ocrx_word' id='word_1_670' title='bbox 2934 4320 3022 4361; x_wconf 90' lang='lat' dir='ltr'><strong>me</strong></span> <span class='ocrx_word' id='word_1_671' title='bbox 3046 4304 3181 4376; x_wconf 84' lang='lat' dir='ltr'><strong>(Isa.</strong></span> <span class='ocrx_word' id='word_1_672' title='bbox 3211 4301 3345 4374; x_wconf 80' lang='lat' dir='ltr'><strong>Lvt).</strong></span> <span class='ocrx_word' id='word_1_673' title='bbox 3377 4320 3397 4353; x_wconf 75' lang='grc' dir='ltr'><strong>ι</strong></span> 
     </span>
    </p>
   </div>
   <div class='ocr_carea' id='block_1_90' title="bbox 1999 4391 3515 4470">
    <p class='ocr_par' dir='ltr' id='par_1_90' title="bbox 1999 4391 3515 4470">
     <span class='ocr_line' id='line_1_90' title="bbox 1999 4391 3515 4470; baseline -0.007 -15"><span class='ocrx_word' id='word_1_674' title='bbox 1999 4422 2018 4455; x_wconf 84' lang='grc'><strong>‹</strong></span> <span class='ocrx_word' id='word_1_675' title='bbox 2054 4400 2160 4456; x_wconf 88' lang='lat' dir='ltr'><strong>Alii</strong></span> <span class='ocrx_word' id='word_1_676' title='bbox 2187 4408 2367 4456; x_wconf 91' lang='lat' dir='ltr'><strong>autem</strong></span> <span class='ocrx_word' id='word_1_677' title='bbox 2395 4398 2601 4470; x_wconf 89' lang='lat' dir='ltr'><strong>palmas</strong></span> <span class='ocrx_word' id='word_1_678' title='bbox 2626 4399 2681 4454; x_wconf 92' lang='lat' dir='ltr'><strong>in</strong></span> <span class='ocrx_word' id='word_1_679' title='bbox 2711 4397 2905 4453; x_wconf 81' lang='lat' dir='ltr'><strong>faciem</strong></span> <span class='ocrx_word' id='word_1_680' title='bbox 2932 4397 2983 4451; x_wconf 90' lang='lat' dir='ltr'><strong>ci</strong></span> <span class='ocrx_word' id='word_1_681' title='bbox 3014 4396 3300 4458; x_wconf 88' lang='lat' dir='ltr'><strong>dederunt,</strong></span> <span class='ocrx_word' id='word_1_682' title='bbox 3331 4391 3515 4447; x_wconf 85' lang='lat' dir='ltr'><strong>dicen-</strong></span> 
     </span>
    </p>
   </div>
   <div class='ocr_carea' id='block_1_91' title="bbox 230 4474 3514 4564">
    <p class='ocr_par' dir='ltr' id='par_1_91' title="bbox 230 4474 3514 4564">
     <span class='ocr_line' id='line_1_91' title="bbox 230 4474 3514 4564; baseline -0.002 -20"><span class='ocrx_word' id='word_1_683' title='bbox 230 4490 401 4545; x_wconf 88' lang='lat' dir='ltr'><strong>etiam</strong></span> <span class='ocrx_word' id='word_1_684' title='bbox 438 4491 604 4546; x_wconf 91' lang='lat' dir='ltr'><strong>verba</strong></span> <span class='ocrx_word' id='word_1_685' title='bbox 632 4499 1089 4560; x_wconf 89' lang='lat' dir='ltr'><strong>permutaverant.</strong></span> <span class='ocrx_word' id='word_1_686' title='bbox 1136 4490 1290 4560; x_wconf 86' lang='lat' dir='ltr'><strong>Quod</strong></span> <span class='ocrx_word' id='word_1_687' title='bbox 1316 4491 1460 4546; x_wconf 91' lang='lat' dir='ltr'><strong>enim</strong></span> <span class='ocrx_word' id='word_1_688' title='bbox 1493 4491 1581 4545; x_wconf 91' lang='lat' dir='ltr'><strong>ille</strong></span> <span class='ocrx_word' id='word_1_689' title='bbox 1610 4474 1899 4547; x_wconf 82' lang='lat' dir='ltr'><strong>dixeratD</strong></span> <span class='ocrx_word' id='word_1_690' title='bbox 1930 4513 1948 4547; x_wconf 77' lang='grc' dir='ltr'><strong>ι</strong></span> <span class='ocrx_word' id='word_1_691' title='bbox 1994 4493 2464 4564; x_wconf 85' lang='lat' dir='ltr'><strong>tes:Prophetiza</strong></span> <span class='ocrx_word' id='word_1_692' title='bbox 2515 4483 2695 4559; x_wconf 83' lang='lat' dir='ltr'><strong>nobis,</strong></span> <span class='ocrx_word' id='word_1_693' title='bbox 2743 4490 2979 4555; x_wconf 89' lang='lat' dir='ltr'><strong>Christe,</strong></span> <span class='ocrx_word' id='word_1_694' title='bbox 3029 4503 3152 4559; x_wconf 81' lang='lat' dir='ltr'><strong>quis</strong></span> <span class='ocrx_word' id='word_1_695' title='bbox 3196 4495 3278 4540; x_wconf 89' lang='lat' dir='ltr'><strong>est</strong></span> <span class='ocrx_word' id='word_1_696' title='bbox 3322 4485 3414 4556; x_wconf 89' lang='lat' dir='ltr'><strong>qui</strong></span> <span class='ocrx_word' id='word_1_697' title='bbox 3461 4495 3514 4540; x_wconf 88' lang='lat' dir='ltr'><strong>te</strong></span> 
     </span>
    </p>
   </div>
   <div class='ocr_carea' id='block_1_92' title="bbox 231 4578 1821 4652">
    <p class='ocr_par' dir='ltr' id='par_1_92' title="bbox 231 4578 1821 4652">
     <span class='ocr_line' id='line_1_92' title="bbox 231 4578 1821 4652; baseline 0.002 -17"><span class='ocrx_word' id='word_1_698' title='bbox 231 4578 298 4635; x_wconf 89' lang='lat' dir='ltr'><strong>de</strong></span> <span class='ocrx_word' id='word_1_699' title='bbox 336 4579 534 4649; x_wconf 91' lang='lat' dir='ltr'><strong>templo</strong></span> <span class='ocrx_word' id='word_1_700' title='bbox 575 4580 820 4650; x_wconf 90' lang='lat' dir='ltr'><strong>corporis</strong></span> <span class='ocrx_word' id='word_1_701' title='bbox 848 4581 951 4647; x_wconf 88' lang='lat' dir='ltr'><strong>sui,</strong></span> <span class='ocrx_word' id='word_1_702' title='bbox 984 4582 1087 4637; x_wconf 90' lang='lat' dir='ltr'><strong>hoc</strong></span> <span class='ocrx_word' id='word_1_703' title='bbox 1108 4581 1194 4636; x_wconf 90' lang='lat' dir='ltr'><strong>isti</strong></span> <span class='ocrx_word' id='word_1_704' title='bbox 1237 4581 1573 4652; x_wconf 87' lang='lat' dir='ltr'><strong>interpretati</strong></span> <span class='ocrx_word' id='word_1_705' title='bbox 1603 4590 1728 4636; x_wconf 91' lang='lat' dir='ltr'><strong>sunt</strong></span> <span class='ocrx_word' id='word_1_706' title='bbox 1754 4583 1821 4638; x_wconf 92' lang='lat' dir='ltr'><strong>de</strong></span> 
     </span>
    </p>
   </div>
   <div class='ocr_carea' id='block_1_93' title="bbox 229 4652 1823 4743">
    <p class='ocr_par' dir='ltr' id='par_1_93' title="bbox 229 4652 1823 4743">
     <span class='ocr_line' id='line_1_93' title="bbox 229 4652 1823 4743; baseline 0.004 -18"><span class='ocrx_word' id='word_1_707' title='bbox 229 4671 436 4740; x_wconf 87' lang='lat' dir='ltr'><strong>templo</strong></span> <span class='ocrx_word' id='word_1_708' title='bbox 466 4652 755 4739; x_wconf 76' lang='lat' dir='ltr'><strong>materiaii,</strong></span> <span class='ocrx_word' id='word_1_709' title='bbox 783 4673 926 4743; x_wconf 92' lang='lat' dir='ltr'><strong>quod</strong></span> <span class='ocrx_word' id='word_1_710' title='bbox 955 4684 1074 4729; x_wconf 90' lang='lat' dir='ltr'><strong>erat</strong></span> <span class='ocrx_word' id='word_1_711' title='bbox 1096 4674 1149 4729; x_wconf 89' lang='lat' dir='ltr'><strong>in</strong></span> <span class='ocrx_word' id='word_1_712' title='bbox 1175 4672 1496 4731; x_wconf 88' lang='lat' dir='ltr'><strong>Jerusalem.</strong></span> <span class='ocrx_word' id='word_1_713' title='bbox 1530 4674 1635 4731; x_wconf 91' lang='lat' dir='ltr'><strong>Sed</strong></span> <span class='ocrx_word' id='word_1_714' title='bbox 1659 4676 1712 4731; x_wconf 93' lang='lat' dir='ltr'><strong>in</strong></span> <span class='ocrx_word' id='word_1_715' title='bbox 1736 4676 1823 4733; x_wconf 91' lang='lat' dir='ltr'><strong>his</strong></span> 
     </span>
    </p>
   </div>
   <div class='ocr_carea' id='block_1_94' title="bbox 229 4764 1821 4837">
    <p class='ocr_par' dir='ltr' id='par_1_94' title="bbox 229 4764 1821 4837">
     <span class='ocr_line' id='line_1_94' title="bbox 229 4764 1821 4837; baseline 0.003 -18"><span class='ocrx_word' id='word_1_716' title='bbox 229 4764 417 4821; x_wconf 91' lang='lat' dir='ltr'><strong>verbis</strong></span> <span class='ocrx_word' id='word_1_717' title='bbox 459 4767 748 4837; x_wconf 88' lang='lat' dir='ltr'><strong>quamdam</strong></span> <span class='ocrx_word' id='word_1_718' title='bbox 786 4767 1109 4823; x_wconf 89' lang='lat' dir='ltr'><strong>calumniam</strong></span> <span class='ocrx_word' id='word_1_719' title='bbox 1160 4776 1377 4824; x_wconf 89' lang='lat' dir='ltr'><strong>struunt</strong></span> <span class='ocrx_word' id='word_1_720' title='bbox 1421 4777 1607 4825; x_wconf 89' lang='lat' dir='ltr'><strong>contra</strong></span> <span class='ocrx_word' id='word_1_721' title='bbox 1639 4768 1821 4825; x_wconf 84' lang='lat' dir='ltr'><strong>Domi-</strong></span> 
     </span>
    </p>
   </div>
   <div class='ocr_carea' id='block_1_95' title="bbox 229 4858 1816 4930">
    <p class='ocr_par' dir='ltr' id='par_1_95' title="bbox 229 4858 1816 4930">
     <span class='ocr_line' id='line_1_95' title="bbox 229 4858 1816 4930; baseline 0.002 -18"><span class='ocrx_word' id='word_1_722' title='bbox 229 4872 385 4912; x_wconf 86' lang='lat' dir='ltr'><strong>num.</strong></span> <span class='ocrx_word' id='word_1_723' title='bbox 429 4858 508 4913; x_wconf 90' lang='lat' dir='ltr'><strong>llli</strong></span> <span class='ocrx_word' id='word_1_724' title='bbox 553 4859 855 4915; x_wconf 82' lang='lat' dir='ltr'><strong>dixerunt:</strong></span> <span class='ocrx_word' id='word_1_725' title='bbox 904 4879 922 4912; x_wconf 82' lang='grc' dir='ltr'><strong>ι</strong></span> <span class='ocrx_word' id='word_1_726' title='bbox 969 4858 1196 4916; x_wconf 90' lang='lat' dir='ltr'><strong>Possum</strong></span> <span class='ocrx_word' id='word_1_727' title='bbox 1242 4860 1522 4916; x_wconf 86' lang='lat' dir='ltr'><strong>destruere</strong></span> <span class='ocrx_word' id='word_1_728' title='bbox 1565 4860 1816 4930; x_wconf 87' lang='lat' dir='ltr'><strong>templum</strong></span> 
     </span>
    </p>
   </div>
   <div class='ocr_carea' id='block_1_96' title="bbox 232 4951 1810 5028">
    <p class='ocr_par' dir='ltr' id='par_1_96' title="bbox 232 4951 1810 5028">
     <span class='ocr_line' id='line_1_96' title="bbox 232 4951 1810 5028; baseline 0.002 -22"><span class='ocrx_word' id='word_1_729' title='bbox 232 4951 353 5007; x_wconf 87' lang='lat' dir='ltr'><strong>Dei.</strong></span> <span class='ocrx_word' id='word_1_730' title='bbox 402 4972 422 5005; x_wconf 75' lang='grc' dir='ltr'><strong>ι</strong></span> <span class='ocrx_word' id='word_1_731' title='bbox 453 4953 570 5024; x_wconf 89' lang='lat' dir='ltr'><strong>Ipse</strong></span> <span class='ocrx_word' id='word_1_732' title='bbox 596 4964 776 5009; x_wconf 88' lang='lat' dir='ltr'><strong>autem</strong></span> <span class='ocrx_word' id='word_1_733' title='bbox 810 4953 1022 5010; x_wconf 86' lang='lat' dir='ltr'><strong>dixerat</strong></span> <span class='ocrx_word' id='word_1_734' title='bbox 1058 4952 1239 5028; x_wconf 81' lang='lat' dir='ltr'><strong>(Joan.</strong></span> <span class='ocrx_word' id='word_1_735' title='bbox 1277 4954 1361 5027; x_wconf 86' lang='lat' dir='ltr'><strong>n):</strong></span> <span class='ocrx_word' id='word_1_736' title='bbox 1391 4974 1410 5007; x_wconf 78' lang='grc' dir='ltr'><strong>ι</strong></span> <span class='ocrx_word' id='word_1_737' title='bbox 1438 4955 1640 5012; x_wconf 89' lang='lat' dir='ltr'><strong>Solvite</strong></span> <span class='ocrx_word' id='word_1_738' title='bbox 1678 4962 1810 5010; x_wconf 88' lang='lat' dir='ltr'><strong>tem-</strong></span> 
     </span>
    </p>
   </div>
   <div class='ocr_carea' id='block_1_97' title="bbox 228 5046 1817 5117">
    <p class='ocr_par' dir='ltr' id='par_1_97' title="bbox 228 5046 1817 5117">
     <span class='ocr_line' id='line_1_97' title="bbox 228 5046 1817 5117; baseline 0.002 -19"><span class='ocrx_word' id='word_1_739' title='bbox 228 5046 378 5117; x_wconf 89' lang='lat' dir='ltr'><strong>plnm</strong></span> <span class='ocrx_word' id='word_1_740' title='bbox 396 5046 521 5112; x_wconf 87' lang='lat' dir='ltr'><strong>hoc,</strong></span> <span class='ocrx_word' id='word_1_741' title='bbox 551 5066 570 5099; x_wconf 77' lang='grc' dir='ltr'><strong>ι</strong></span> <span class='ocrx_word' id='word_1_742' title='bbox 597 5047 649 5102; x_wconf 93' lang='lat' dir='ltr'><strong>id</strong></span> <span class='ocrx_word' id='word_1_743' title='bbox 670 5055 776 5111; x_wconf 93' lang='lat' dir='ltr'><strong>est,</strong></span> <span class='ocrx_word' id='word_1_744' title='bbox 798 5061 894 5102; x_wconf 91' lang='lat' dir='ltr'><strong>vos</strong></span> <span class='ocrx_word' id='word_1_745' title='bbox 915 5047 1125 5112; x_wconf 90' lang='lat' dir='ltr'><strong>solvite,</strong></span> <span class='ocrx_word' id='word_1_746' title='bbox 1152 5062 1258 5102; x_wconf 89' lang='lat' dir='ltr'><strong>non</strong></span> <span class='ocrx_word' id='word_1_747' title='bbox 1289 5060 1390 5117; x_wconf 81' lang='lat' dir='ltr'><strong>ego</strong></span> <span class='ocrx_word' id='word_1_748' title='bbox 1416 5064 1429 5100; x_wconf 91' lang='lat'><strong>:</strong></span> <span class='ocrx_word' id='word_1_749' title='bbox 1454 5046 1546 5117; x_wconf 89' lang='lat' dir='ltr'><strong>qui</strong></span> <span class='ocrx_word' id='word_1_750' title='bbox 1572 5046 1817 5101; x_wconf 92' lang='lat' dir='ltr'><strong>illicitum</strong></span> 
     </span>
    </p>
   </div>
   <div class='ocr_carea' id='block_1_98' title="bbox 229 5136 1816 5210">
    <p class='ocr_par' dir='ltr' id='par_1_98' title="bbox 229 5136 1816 5210">
     <span class='ocr_line' id='line_1_98' title="bbox 229 5136 1816 5210; baseline 0 -17"><span class='ocrx_word' id='word_1_751' title='bbox 229 5149 336 5203; x_wconf 88' lang='lat' dir='ltr'><strong>est,</strong></span> <span class='ocrx_word' id='word_1_752' title='bbox 379 5147 438 5193; x_wconf 91' lang='lat' dir='ltr'><strong>ut</strong></span> <span class='ocrx_word' id='word_1_753' title='bbox 484 5138 887 5210; x_wconf 82' lang='lat' dir='ltr'><strong>nobismetipsis</strong></span> <span class='ocrx_word' id='word_1_754' title='bbox 937 5154 1131 5194; x_wconf 91' lang='lat' dir='ltr'><strong>manus</strong></span> <span class='ocrx_word' id='word_1_755' title='bbox 1178 5137 1493 5194; x_wconf 87' lang='lat' dir='ltr'><strong>inferamus.</strong></span> <span class='ocrx_word' id='word_1_756' title='bbox 1536 5136 1616 5192; x_wconf 90' lang='lat' dir='ltr'><strong>Illi</strong></span> <span class='ocrx_word' id='word_1_757' title='bbox 1662 5138 1816 5194; x_wconf 81' lang='lat' dir='ltr'><strong>dixe-</strong></span> 
     </span>
    </p>
   </div>
   <div class='ocr_carea' id='block_1_99' title="bbox 231 5228 1815 5301">
    <p class='ocr_par' dir='ltr' id='par_1_99' title="bbox 231 5228 1815 5301">
     <span class='ocr_line' id='line_1_99' title="bbox 231 5228 1815 5301; baseline 0.002 -16"><span class='ocrx_word' id='word_1_758' title='bbox 231 5237 398 5285; x_wconf 88' lang='lat' dir='ltr'><strong>runt:</strong></span> <span class='ocrx_word' id='word_1_759' title='bbox 440 5249 458 5281; x_wconf 85' lang='grc' dir='ltr'><strong>ι</strong></span> <span class='ocrx_word' id='word_1_760' title='bbox 491 5230 558 5285; x_wconf 86' lang='grc' dir='ltr'>Ει</span> <span class='ocrx_word' id='word_1_761' title='bbox 585 5240 707 5301; x_wconf 90' lang='lat' dir='ltr'><strong>post</strong></span> <span class='ocrx_word' id='word_1_762' title='bbox 752 5231 988 5286; x_wconf 89' lang='lat' dir='ltr'><strong>triduum</strong></span> <span class='ocrx_word' id='word_1_763' title='bbox 1037 5228 1375 5286; x_wconf 65' lang='lat' dir='ltr'><strong>reardiﬁcabo</strong></span> <span class='ocrx_word' id='word_1_764' title='bbox 1406 5228 1556 5293; x_wconf 89' lang='lat' dir='ltr'><strong>illud,</strong></span> <span class='ocrx_word' id='word_1_765' title='bbox 1597 5249 1615 5282; x_wconf 71' lang='grc' dir='ltr'><strong>ι</strong></span> <span class='ocrx_word' id='word_1_766' title='bbox 1662 5238 1721 5284; x_wconf 87' lang='grc' dir='ltr'><strong>ιιι</strong></span> <span class='ocrx_word' id='word_1_767' title='bbox 1747 5229 1815 5288; x_wconf 85' lang='lat' dir='ltr'><strong>de</strong></span> 
     </span>
    </p>
   </div>
   <div class='ocr_carea' id='block_1_100' title="bbox 121 5319 1815 5400">
    <p class='ocr_par' dir='ltr' id='par_1_100' title="bbox 121 5319 1815 5400">
     <span class='ocr_line' id='line_1_100' title="bbox 121 5319 1815 5400; baseline -0.002 -19"><span class='ocrx_word' id='word_1_768' title='bbox 121 5393 131 5400; x_wconf 90' lang='lat'><em>_</em></span> <span class='ocrx_word' id='word_1_769' title='bbox 231 5322 434 5393; x_wconf 76' lang='lat' dir='ltr'><strong>ternplo</strong></span> <span class='ocrx_word' id='word_1_770' title='bbox 454 5324 720 5379; x_wconf 88' lang='lat' dir='ltr'><strong>materiali</strong></span> <span class='ocrx_word' id='word_1_771' title='bbox 740 5323 921 5379; x_wconf 90' lang='lat' dir='ltr'><strong>dicere</strong></span> <span class='ocrx_word' id='word_1_772' title='bbox 946 5323 1254 5379; x_wconf 89' lang='lat' dir='ltr'><strong>videretur:</strong></span> <span class='ocrx_word' id='word_1_773' title='bbox 1280 5321 1575 5378; x_wconf 82' lang='lat' dir='ltr'><strong>illeautem</strong></span> <span class='ocrx_word' id='word_1_774' title='bbox 1601 5319 1815 5378; x_wconf 82' lang='lat' dir='ltr'><strong>dixerat</strong></span> 
     </span>
    </p>
   </div>
   <div class='ocr_carea' id='block_1_101' title="bbox 231 5412 1816 5486">
    <p class='ocr_par' dir='ltr' id='par_1_101' title="bbox 231 5412 1816 5486">
     <span class='ocr_line' id='line_1_101' title="bbox 231 5412 1816 5486; baseline 0 -14"><span class='ocrx_word' id='word_1_775' title='bbox 231 5416 300 5473; x_wconf 91' lang='lat' dir='ltr'><strong>de</strong></span> <span class='ocrx_word' id='word_1_776' title='bbox 327 5416 552 5485; x_wconf 88' lang='lat' dir='ltr'><strong>spiranti</strong></span> <span class='ocrx_word' id='word_1_777' title='bbox 577 5425 633 5471; x_wconf 91' lang='lat' dir='ltr'><strong>et</strong></span> <span class='ocrx_word' id='word_1_778' title='bbox 658 5416 918 5471; x_wconf 87' lang='lat' dir='ltr'><strong>animanti</strong></span> <span class='ocrx_word' id='word_1_779' title='bbox 950 5412 1210 5486; x_wconf 69' lang='lat' dir='ltr'><strong>corpore:</strong></span> <span class='ocrx_word' id='word_1_780' title='bbox 1238 5412 1260 5466; x_wconf 68' lang='grc' dir='ltr'><strong>ι</strong></span> <span class='ocrx_word' id='word_1_781' title='bbox 1289 5414 1357 5469; x_wconf 86' lang='grc' dir='ltr'>Ει</span> <span class='ocrx_word' id='word_1_782' title='bbox 1382 5415 1437 5469; x_wconf 92' lang='lat' dir='ltr'><strong>in</strong></span> <span class='ocrx_word' id='word_1_783' title='bbox 1461 5413 1638 5470; x_wconf 89' lang='lat' dir='ltr'><strong>triduo</strong></span> <span class='ocrx_word' id='word_1_784' title='bbox 1666 5415 1816 5472; x_wconf 84' lang='lat' dir='ltr'><strong>exci-</strong></span> 
     </span>
    </p>
   </div>
   <div class='ocr_carea' id='block_1_102' title="bbox 232 5508 1454 5580">
    <p class='ocr_par' dir='ltr' id='par_1_102' title="bbox 232 5508 1454 5580">
     <span class='ocr_line' id='line_1_102' title="bbox 232 5508 1454 5580; baseline -0.002 -16"><span class='ocrx_word' id='word_1_785' title='bbox 232 5510 362 5565; x_wconf 87' lang='lat' dir='ltr'><strong>tabo</strong></span> <span class='ocrx_word' id='word_1_786' title='bbox 390 5508 541 5575; x_wconf 89' lang='lat' dir='ltr'><strong>illnd,</strong></span> <span class='ocrx_word' id='word_1_787' title='bbox 570 5530 589 5562; x_wconf 70' lang='lat' dir='ltr'>D</span> <span class='ocrx_word' id='word_1_788' title='bbox 617 5510 770 5580; x_wconf 90' lang='lat' dir='ltr'><strong>quasi</strong></span> <span class='ocrx_word' id='word_1_789' title='bbox 802 5508 1160 5565; x_wconf 89' lang='lat' dir='ltr'><strong>dormientem</strong></span> <span class='ocrx_word' id='word_1_790' title='bbox 1189 5523 1218 5562; x_wconf 91' lang='lat' dir='ltr'><strong>a</strong></span> <span class='ocrx_word' id='word_1_791' title='bbox 1244 5523 1454 5563; x_wconf 80' lang='lat' dir='ltr'><strong>somno.</strong></span> 
     </span>
    </p>
   </div>
   <div class='ocr_carea' id='block_1_103' title="bbox 242 5599 1817 5672">
    <p class='ocr_par' dir='ltr' id='par_1_103' title="bbox 242 5599 1817 5672">
     <span class='ocr_line' id='line_1_103' title="bbox 242 5599 1817 5672; baseline 0.006 -22"><span class='ocrx_word' id='word_1_792' title='bbox 242 5631 249 5637; x_wconf 86' lang='lat'><strong><em>-</em></strong></span> <span class='ocrx_word' id='word_1_793' title='bbox 308 5620 327 5651; x_wconf 74' lang='grc' dir='ltr'><strong>ι</strong></span> <span class='ocrx_word' id='word_1_794' title='bbox 373 5599 441 5654; x_wconf 83' lang='lat' dir='ltr'><strong>Et</strong></span> <span class='ocrx_word' id='word_1_795' title='bbox 469 5616 694 5671; x_wconf 82' lang='lat' dir='ltr'><strong>surgens</strong></span> <span class='ocrx_word' id='word_1_796' title='bbox 727 5602 979 5672; x_wconf 91' lang='lat' dir='ltr'><strong>princeps</strong></span> <span class='ocrx_word' id='word_1_797' title='bbox 1025 5600 1385 5663; x_wconf 90' lang='lat' dir='ltr'><strong>sacerdotum,</strong></span> <span class='ocrx_word' id='word_1_798' title='bbox 1426 5601 1503 5655; x_wconf 88' lang='lat' dir='ltr'><strong>ait</strong></span> <span class='ocrx_word' id='word_1_799' title='bbox 1531 5600 1605 5656; x_wconf 89' lang='lat' dir='ltr'><strong>illi</strong></span> <span class='ocrx_word' id='word_1_800' title='bbox 1632 5620 1645 5656; x_wconf 90' lang='lat'><strong>:</strong></span> <span class='ocrx_word' id='word_1_801' title='bbox 1672 5601 1817 5660; x_wconf 79' lang='lat' dir='ltr'><strong>Nihil</strong></span> 
     </span>
    </p>
   </div>
   <div class='ocr_carea' id='block_1_104' title="bbox 238 5691 1808 5766">
    <p class='ocr_par' dir='ltr' id='par_1_104' title="bbox 238 5691 1808 5766">
     <span class='ocr_line' id='line_1_104' title="bbox 238 5691 1808 5766; baseline 0.005 -21"><span class='ocrx_word' id='word_1_802' title='bbox 238 5710 259 5745; x_wconf 78' lang='grc' dir='ltr'><strong>ι</strong></span> <span class='ocrx_word' id='word_1_803' title='bbox 300 5693 594 5762; x_wconf 88' lang='lat' dir='ltr'><strong>respondes</strong></span> <span class='ocrx_word' id='word_1_804' title='bbox 622 5695 688 5751; x_wconf 88' lang='lat' dir='ltr'><strong>ad</strong></span> <span class='ocrx_word' id='word_1_805' title='bbox 717 5709 781 5750; x_wconf 91' lang='lat' dir='ltr'><strong>ea</strong></span> <span class='ocrx_word' id='word_1_806' title='bbox 810 5709 930 5766; x_wconf 63' lang='lat' dir='ltr'><strong>quia:</strong></span> <span class='ocrx_word' id='word_1_807' title='bbox 973 5691 1066 5749; x_wconf 86' lang='lat' dir='ltr'><strong>isti</strong></span> <span class='ocrx_word' id='word_1_808' title='bbox 1108 5691 1390 5749; x_wconf 86' lang='lat' dir='ltr'><strong>adversum</strong></span> <span class='ocrx_word' id='word_1_809' title='bbox 1436 5702 1487 5750; x_wconf 89' lang='lat' dir='ltr'><strong>te</strong></span> <span class='ocrx_word' id='word_1_810' title='bbox 1510 5695 1808 5753; x_wconf 83' lang='lat' dir='ltr'><strong>testiﬁcan-</strong></span> 
     </span>
    </p>
   </div>
   <div class='ocr_carea' id='block_1_105' title="bbox 1929 4576 3509 4655">
    <p class='ocr_par' dir='ltr' id='par_1_105' title="bbox 1929 4576 3509 4655">
     <span class='ocr_line' id='line_1_105' title="bbox 1929 4576 3509 4655; baseline -0.003 -18"><span class='ocrx_word' id='word_1_811' title='bbox 1929 4604 1949 4637; x_wconf 76' lang='grc' dir='ltr'><strong>ι</strong></span> <span class='ocrx_word' id='word_1_812' title='bbox 1990 4585 2312 4655; x_wconf 88' lang='lat' dir='ltr'><strong>percussit?</strong></span> <span class='ocrx_word' id='word_1_813' title='bbox 2348 4604 2366 4636; x_wconf 79' lang='grc' dir='ltr'><strong>ι</strong></span> <span class='ocrx_word' id='word_1_814' title='bbox 2425 4581 2494 4639; x_wconf 90' lang='lat' dir='ltr'><strong>Ut</strong></span> <span class='ocrx_word' id='word_1_815' title='bbox 2548 4582 2861 4652; x_wconf 90' lang='lat' dir='ltr'><strong>impleretur</strong></span> <span class='ocrx_word' id='word_1_816' title='bbox 2904 4579 3035 4633; x_wconf 90' lang='lat' dir='ltr'><strong>illud</strong></span> <span class='ocrx_word' id='word_1_817' title='bbox 3082 4576 3509 4648; x_wconf 86' lang='lat' dir='ltr'><strong>propheticum:</strong></span> 
     </span>
    </p>
   </div>
   <div class='ocr_carea' id='block_1_106' title="bbox 1930 4672 3511 4749">
    <p class='ocr_par' dir='ltr' id='par_1_106' title="bbox 1930 4672 3511 4749">
     <span class='ocr_line' id='line_1_106' title="bbox 1930 4672 3511 4749; baseline -0.001 -19"><span class='ocrx_word' id='word_1_818' title='bbox 1930 4696 1950 4730; x_wconf 71' lang='grc' dir='ltr'><strong>ι</strong></span> <span class='ocrx_word' id='word_1_819' title='bbox 1992 4679 2123 4733; x_wconf 89' lang='lat' dir='ltr'><strong>Dedi</strong></span> <span class='ocrx_word' id='word_1_820' title='bbox 2172 4693 2338 4749; x_wconf 85' lang='lat' dir='ltr'><strong>genas</strong></span> <span class='ocrx_word' id='word_1_821' title='bbox 2382 4692 2531 4732; x_wconf 90' lang='lat' dir='ltr'><strong>meas</strong></span> <span class='ocrx_word' id='word_1_822' title='bbox 2574 4675 2920 4742; x_wconf 87' lang='lat' dir='ltr'><strong>vellentibus,</strong></span> <span class='ocrx_word' id='word_1_823' title='bbox 2965 4684 3020 4729; x_wconf 91' lang='lat' dir='ltr'><strong>et</strong></span> <span class='ocrx_word' id='word_1_824' title='bbox 3066 4672 3312 4729; x_wconf 84' lang='lat' dir='ltr'><strong>maxillas</strong></span> <span class='ocrx_word' id='word_1_825' title='bbox 3362 4687 3511 4728; x_wconf 88' lang='lat' dir='ltr'><strong>meas</strong></span> 
     </span>
    </p>
   </div>
   <div class='ocr_carea' id='block_1_107' title="bbox 1922 4766 2650 4840">
    <p class='ocr_par' dir='ltr' id='par_1_107' title="bbox 1922 4766 2650 4840">
     <span class='ocr_line' id='line_1_107' title="bbox 1922 4766 2650 4840; baseline -0.005 -17"><span class='ocrx_word' id='word_1_826' title='bbox 1922 4768 2351 4840; x_wconf 89' lang='lat' dir='ltr'><strong>percutientibus</strong></span> <span class='ocrx_word' id='word_1_827' title='bbox 2382 4766 2592 4839; x_wconf 84' lang='lat' dir='ltr'><strong>(Ibid.).</strong></span> <span class='ocrx_word' id='word_1_828' title='bbox 2630 4785 2650 4819; x_wconf 74' lang='grc' dir='ltr'><strong>ι</strong></span> 
     </span>
    </p>
   </div>
   <div class='ocr_carea' id='block_1_108' title="bbox 2005 4857 3507 4937">
    <p class='ocr_par' dir='ltr' id='par_1_108' title="bbox 2005 4857 3507 4937">
     <span class='ocr_line' id='line_1_108' title="bbox 2005 4857 3507 4937; baseline 0 -25"><span class='ocrx_word' id='word_1_829' title='bbox 2005 4880 2023 4912; x_wconf 75' lang='grc' dir='ltr'><strong>ι</strong></span> <span class='ocrx_word' id='word_1_830' title='bbox 2067 4860 2132 4914; x_wconf 83' lang='grc' dir='ltr'>Ει</span> <span class='ocrx_word' id='word_1_831' title='bbox 2170 4861 2400 4915; x_wconf 87' lang='lat' dir='ltr'><strong>accessit</strong></span> <span class='ocrx_word' id='word_1_832' title='bbox 2449 4859 2517 4914; x_wconf 93' lang='lat' dir='ltr'><strong>ad</strong></span> <span class='ocrx_word' id='word_1_833' title='bbox 2549 4874 2672 4915; x_wconf 90' lang='lat' dir='ltr'><strong>eum</strong></span> <span class='ocrx_word' id='word_1_834' title='bbox 2702 4873 2808 4915; x_wconf 89' lang='lat' dir='ltr'><strong>una</strong></span> <span class='ocrx_word' id='word_1_835' title='bbox 2848 4857 3067 4922; x_wconf 89' lang='lat' dir='ltr'><strong>ancilla,</strong></span> <span class='ocrx_word' id='word_1_836' title='bbox 3095 4858 3326 4937; x_wconf 68' lang='lat' dir='ltr'><strong>dicens:</strong></span> <span class='ocrx_word' id='word_1_837' title='bbox 3356 4857 3418 4913; x_wconf 86' lang='lat' dir='ltr'><strong>Et</strong></span> <span class='ocrx_word' id='word_1_838' title='bbox 3450 4866 3507 4912; x_wconf 88' lang='lat' dir='ltr'><strong>tu</strong></span> 
     </span>
    </p>
   </div>
   <div class='ocr_carea' id='block_1_109' title="bbox 1932 4933 3506 5018">
    <p class='ocr_par' dir='ltr' id='par_1_109' title="bbox 1932 4933 3506 5018">
     <span class='ocr_line' id='line_1_109' title="bbox 1932 4933 3506 5018; baseline -0.001 -16"><span class='ocrx_word' id='word_1_839' title='bbox 1932 4969 1950 5002; x_wconf 77' lang='grc' dir='ltr'><strong>ι</strong></span> <span class='ocrx_word' id='word_1_840' title='bbox 1997 4966 2118 5006; x_wconf 92' lang='lat' dir='ltr'><strong>cum</strong></span> <span class='ocrx_word' id='word_1_841' title='bbox 2170 4948 2295 5006; x_wconf 83' lang='lat' dir='ltr'><strong>Jesu</strong></span> <span class='ocrx_word' id='word_1_842' title='bbox 2341 4948 2562 5006; x_wconf 69' lang='lat' dir='ltr'><strong>Galilmo</strong></span> <span class='ocrx_word' id='word_1_843' title='bbox 2607 4963 2750 5004; x_wconf 85' lang='lat' dir='ltr'><strong>eras.</strong></span> <span class='ocrx_word' id='word_1_844' title='bbox 2792 4968 2810 4999; x_wconf 84' lang='grc'><strong>›</strong></span> <span class='ocrx_word' id='word_1_845' title='bbox 2844 4948 2982 5018; x_wconf 83' lang='lat' dir='ltr'><strong>Quid</strong></span> <span class='ocrx_word' id='word_1_846' title='bbox 3007 4948 3111 5003; x_wconf 87' lang='lat' dir='ltr'><strong>sibi</strong></span> <span class='ocrx_word' id='word_1_847' title='bbox 3137 4933 3254 5002; x_wconf 82' lang='lat' dir='ltr'><strong>vult</strong></span> <span class='ocrx_word' id='word_1_848' title='bbox 3278 4933 3423 5018; x_wconf 86' lang='lat' dir='ltr'><strong>quod</strong></span> <span class='ocrx_word' id='word_1_849' title='bbox 3453 4946 3506 5000; x_wconf 89' lang='lat' dir='ltr'><strong>in</strong></span> 
     </span>
    </p>
   </div>
   <div class='ocr_carea' id='block_1_110' title="bbox 1924 5038 3507 5119">
    <p class='ocr_par' dir='ltr' id='par_1_110' title="bbox 1924 5038 3507 5119">
     <span class='ocr_line' id='line_1_110' title="bbox 1924 5038 3507 5119; baseline -0.001 -22"><span class='ocrx_word' id='word_1_850' title='bbox 1924 5041 2139 5098; x_wconf 91' lang='lat' dir='ltr'><strong>Domini</strong></span> <span class='ocrx_word' id='word_1_851' title='bbox 2175 5043 2448 5114; x_wconf 84' lang='lat' dir='ltr'><strong>passione,</strong></span> <span class='ocrx_word' id='word_1_852' title='bbox 2492 5058 2599 5096; x_wconf 86' lang='lat' dir='ltr'><strong>non</strong></span> <span class='ocrx_word' id='word_1_853' title='bbox 2651 5041 2754 5106; x_wconf 89' lang='lat' dir='ltr'><strong>vir,</strong></span> <span class='ocrx_word' id='word_1_854' title='bbox 2805 5042 2900 5097; x_wconf 90' lang='lat' dir='ltr'><strong>sed</strong></span> <span class='ocrx_word' id='word_1_855' title='bbox 2944 5039 3153 5119; x_wconf 75' lang='lat' dir='ltr'><strong>femina</strong></span> <span class='ocrx_word' id='word_1_856' title='bbox 3190 5038 3409 5096; x_wconf 88' lang='lat' dir='ltr'><strong>Petrum</strong></span> <span class='ocrx_word' id='word_1_857' title='bbox 3438 5040 3507 5095; x_wconf 86' lang='lat' dir='ltr'><strong>ad</strong></span> 
     </span>
    </p>
   </div>
   <div class='ocr_carea' id='block_1_111' title="bbox 1922 5131 3508 5205">
    <p class='ocr_par' dir='ltr' id='par_1_111' title="bbox 1922 5131 3508 5205">
     <span class='ocr_line' id='line_1_111' title="bbox 1922 5131 3508 5205; baseline -0.002 -16"><span class='ocrx_word' id='word_1_858' title='bbox 1922 5133 2228 5205; x_wconf 89' lang='lat' dir='ltr'><strong>negandum</strong></span> <span class='ocrx_word' id='word_1_859' title='bbox 2276 5131 2574 5203; x_wconf 87' lang='lat' dir='ltr'><strong>compulit?</strong></span> <span class='ocrx_word' id='word_1_860' title='bbox 2628 5131 2897 5187; x_wconf 90' lang='lat' dir='ltr'><strong>Divinitus</strong></span> <span class='ocrx_word' id='word_1_861' title='bbox 2938 5131 3042 5189; x_wconf 87' lang='lat' dir='ltr'><strong>hoc</strong></span> <span class='ocrx_word' id='word_1_862' title='bbox 3085 5140 3267 5188; x_wconf 89' lang='lat' dir='ltr'><strong>actum</strong></span> <span class='ocrx_word' id='word_1_863' title='bbox 3298 5140 3403 5197; x_wconf 90' lang='lat' dir='ltr'><strong>est,</strong></span> <span class='ocrx_word' id='word_1_864' title='bbox 3439 5146 3508 5186; x_wconf 90' lang='lat' dir='ltr'><strong>ne</strong></span> 
     </span>
    </p>
   </div>
   <div class='ocr_carea' id='block_1_112' title="bbox 1919 5210 3506 5296">
    <p class='ocr_par' dir='ltr' id='par_1_112' title="bbox 1919 5210 3506 5296">
     <span class='ocr_line' id='line_1_112' title="bbox 1919 5210 3506 5296; baseline -0.002 -16"><span class='ocrx_word' id='word_1_865' title='bbox 1919 5225 2171 5281; x_wconf 87' lang='lat' dir='ltr'><strong>videlicet</strong></span> <span class='ocrx_word' id='word_1_866' title='bbox 2223 5226 2325 5281; x_wconf 89' lang='lat' dir='ltr'><strong>iste</strong></span> <span class='ocrx_word' id='word_1_867' title='bbox 2374 5241 2537 5281; x_wconf 80' lang='lat' dir='ltr'><strong>sexus</strong></span> <span class='ocrx_word' id='word_1_868' title='bbox 2585 5225 2638 5280; x_wconf 92' lang='lat' dir='ltr'><strong>in</strong></span> <span class='ocrx_word' id='word_1_869' title='bbox 2686 5224 2899 5280; x_wconf 89' lang='lat' dir='ltr'><strong>Domini</strong></span> <span class='ocrx_word' id='word_1_870' title='bbox 2950 5210 3204 5296; x_wconf 89' lang='lat' dir='ltr'><strong>passione</strong></span> <span class='ocrx_word' id='word_1_871' title='bbox 3229 5224 3506 5280; x_wconf 84' lang='lat' dir='ltr'><strong>videretur</strong></span> 
     </span>
    </p>
   </div>
   <div class='ocr_carea' id='block_1_113' title="bbox 1920 5317 3503 5388">
    <p class='ocr_par' dir='ltr' id='par_1_113' title="bbox 1920 5317 3503 5388">
     <span class='ocr_line' id='line_1_113' title="bbox 1920 5317 3503 5388; baseline -0.003 -15"><span class='ocrx_word' id='word_1_872' title='bbox 1920 5332 2041 5373; x_wconf 90' lang='lat' dir='ltr'><strong>esse</strong></span> <span class='ocrx_word' id='word_1_873' title='bbox 2068 5318 2345 5384; x_wconf 89' lang='lat' dir='ltr'><strong>immunis,</strong></span> <span class='ocrx_word' id='word_1_874' title='bbox 2383 5318 2478 5373; x_wconf 91' lang='lat' dir='ltr'><strong>sed</strong></span> <span class='ocrx_word' id='word_1_875' title='bbox 2506 5317 2585 5374; x_wconf 92' lang='lat' dir='ltr'><strong>sic</strong></span> <span class='ocrx_word' id='word_1_876' title='bbox 2623 5325 2852 5388; x_wconf 85' lang='lat' dir='ltr'><strong>uterque</strong></span> <span class='ocrx_word' id='word_1_877' title='bbox 2882 5330 3045 5373; x_wconf 82' lang='lat' dir='ltr'><strong>sexus</strong></span> <span class='ocrx_word' id='word_1_878' title='bbox 3072 5317 3347 5372; x_wconf 88' lang='lat' dir='ltr'><strong>videretur</strong></span> <span class='ocrx_word' id='word_1_879' title='bbox 3373 5329 3503 5384; x_wconf 53' lang='lat' dir='ltr'><strong>pec-</strong></span> 
     </span>
    </p>
   </div>
   <div class='ocr_carea' id='block_1_114' title="bbox 1919 5404 3504 5479">
    <p class='ocr_par' dir='ltr' id='par_1_114' title="bbox 1919 5404 3504 5479">
     <span class='ocr_line' id='line_1_114' title="bbox 1919 5404 3504 5479; baseline -0.004 -14"><span class='ocrx_word' id='word_1_880' title='bbox 1919 5423 2074 5466; x_wconf 90' lang='lat' dir='ltr'><strong>casse</strong></span> <span class='ocrx_word' id='word_1_881' title='bbox 2117 5409 2171 5464; x_wconf 91' lang='lat' dir='ltr'><strong>in</strong></span> <span class='ocrx_word' id='word_1_882' title='bbox 2207 5409 2417 5465; x_wconf 89' lang='lat' dir='ltr'><strong>Domini</strong></span> <span class='ocrx_word' id='word_1_883' title='bbox 2455 5407 2733 5479; x_wconf 83' lang='lat' dir='ltr'><strong>passione,</strong></span> <span class='ocrx_word' id='word_1_884' title='bbox 2773 5419 2825 5464; x_wconf 91' lang='lat' dir='ltr'><strong>et</strong></span> <span class='ocrx_word' id='word_1_885' title='bbox 2854 5423 3102 5479; x_wconf 84' lang='lat' dir='ltr'><strong>congrua</strong></span> <span class='ocrx_word' id='word_1_886' title='bbox 3144 5404 3504 5462; x_wconf 86' lang='lat' dir='ltr'><strong>similitudine</strong></span> 
     </span>
    </p>
   </div>
   <div class='ocr_carea' id='block_1_115' title="bbox 1920 5498 3501 5574">
    <p class='ocr_par' dir='ltr' id='par_1_115' title="bbox 1920 5498 3501 5574">
     <span class='ocr_line' id='line_1_115' title="bbox 1920 5498 3501 5574; baseline -0.005 -16"><span class='ocrx_word' id='word_1_887' title='bbox 1920 5499 2075 5558; x_wconf 90' lang='lat' dir='ltr'><strong>Sicut</strong></span> <span class='ocrx_word' id='word_1_888' title='bbox 2111 5505 2254 5557; x_wconf 89' lang='lat' dir='ltr'><strong>enim</strong></span> <span class='ocrx_word' id='word_1_889' title='bbox 2284 5502 2478 5558; x_wconf 88' lang='lat' dir='ltr'><strong>mulier</strong></span> <span class='ocrx_word' id='word_1_890' title='bbox 2526 5519 2759 5574; x_wconf 79' lang='lat' dir='ltr'><strong>primum</strong></span> <span class='ocrx_word' id='word_1_891' title='bbox 2812 5510 3088 5574; x_wconf 86' lang='lat' dir='ltr'><strong>parentem</strong></span> <span class='ocrx_word' id='word_1_892' title='bbox 3132 5499 3199 5555; x_wconf 75' lang='lat' dir='ltr'><strong>ad</strong></span> <span class='ocrx_word' id='word_1_893' title='bbox 3222 5498 3501 5568; x_wconf 86' lang='lat' dir='ltr'><strong>peccatum</strong></span> 
     </span>
    </p>
   </div>
   <div class='ocr_carea' id='block_1_116' title="bbox 1917 5588 3505 5663">
    <p class='ocr_par' dir='ltr' id='par_1_116' title="bbox 1917 5588 3505 5663">
     <span class='ocr_line' id='line_1_116' title="bbox 1917 5588 3505 5663; baseline -0.006 -9"><span class='ocrx_word' id='word_1_894' title='bbox 1917 5598 2119 5663; x_wconf 82' lang='lat' dir='ltr'><strong>allexit,</strong></span> <span class='ocrx_word' id='word_1_895' title='bbox 2150 5598 2223 5652; x_wconf 90' lang='lat' dir='ltr'><strong>ita</strong></span> <span class='ocrx_word' id='word_1_896' title='bbox 2255 5599 2418 5653; x_wconf 86' lang='lat' dir='ltr'><strong>ctiam</strong></span> <span class='ocrx_word' id='word_1_897' title='bbox 2462 5597 2657 5654; x_wconf 90' lang='lat' dir='ltr'><strong>mulier</strong></span> <span class='ocrx_word' id='word_1_898' title='bbox 2684 5598 2906 5653; x_wconf 85' lang='lat' dir='ltr'><strong>ostiaria</strong></span> <span class='ocrx_word' id='word_1_899' title='bbox 2933 5588 3155 5650; x_wconf 86' lang='lat' dir='ltr'><strong>Petrum</strong></span> <span class='ocrx_word' id='word_1_900' title='bbox 3190 5592 3256 5646; x_wconf 89' lang='lat' dir='ltr'><strong>ad</strong></span> <span class='ocrx_word' id='word_1_901' title='bbox 3296 5606 3505 5663; x_wconf 85' lang='lat' dir='ltr'><strong>negan-</strong></span> 
     </span>
    </p>
   </div>
   <div class='ocr_carea' id='block_1_117' title="bbox 1916 5694 3503 5837">
    <p class='ocr_par' dir='ltr' id='par_1_117' title="bbox 1916 5694 3503 5837">
     <span class='ocr_line' id='line_1_117' title="bbox 1916 5694 3503 5837; baseline -0.008 -82"><span class='ocrx_word' id='word_1_902' title='bbox 1916 5697 2044 5755; x_wconf 89' lang='lat' dir='ltr'><strong>dum</strong></span> <span class='ocrx_word' id='word_1_903' title='bbox 2083 5695 2453 5768; x_wconf 83' lang='lat' dir='ltr'><strong>compellebat.</strong></span> <span class='ocrx_word' id='word_1_904' title='bbox 2489 5715 2508 5749; x_wconf 83' lang='grc' dir='ltr'><strong>ι</strong></span> <span class='ocrx_word' id='word_1_905' title='bbox 2557 5694 2629 5752; x_wconf 85' lang='grc' dir='ltr'>Ει</span> <span class='ocrx_word' id='word_1_906' title='bbox 2645 5694 2848 5837; x_wconf 54' lang='lat' dir='ltr'><strong>iterum</strong></span> <span class='ocrx_word' id='word_1_907' title='bbox 2875 5696 3091 5762; x_wconf 75' lang='lat' dir='ltr'><strong>negavrt</strong></span> <span class='ocrx_word' id='word_1_908' title='bbox 3112 5702 3236 5744; x_wconf 92' lang='lat' dir='ltr'><strong>eum</strong></span> <span class='ocrx_word' id='word_1_909' title='bbox 3261 5700 3386 5743; x_wconf 89' lang='lat' dir='ltr'><strong>cum</strong></span> <span class='ocrx_word' id='word_1_910' title='bbox 3410 5700 3503 5758; x_wconf 76' lang='grc' dir='ltr'>ιιι·</span> 
     </span>
    </p>
   </div>
  </div>
