3934 6346
183 315 257 370 73
535 281 544 290 ’
1352 314 1655 372 nonnum
1699 312 1786 370 us
1826 312 2166 372 TEMPORE.

3309 330 3412 387 576

142 430 285 504 dixi)
322 430 572 488 universa
601 445 719 502 quae
741 430 974 502 Spiritus
997 439 1213 488 sanctus
1241 446 1341 503 per
1367 449 1463 490 ora
1493 434 1726 504 prophe-
1752 433 1806 492 Α
1829 431 1976 486 mino
1998 433 2300 501 suscepturi
2325 442 2467 496 sum,
2501 435 2640 489 sicut
2667 432 2922 491 Dominus
2947 436 3026 492 eis
3050 438 3177 492 dicit
3206 458 3217 492 :
3251 461 3268 493 ι
3301 443 3415 514 Ego

145 531 331 584 tarum
374 521 581 577 locutus
612 534 714 588 est,
756 534 811 579 et
856 526 1159 581 communia
1211 525 1428 582 fuerunt
1457 528 1720 587 omnium.

139 621 195 668 et
226 614 449 685 propria
479 615 832 683 singulorum.

219 723 238 756 ι
291 705 357 760 Et
384 706 735 777 interrogavit
755 723 876 764 eum
907 725 1129 780 prreses,
1155 710 1339 767 dicens
1381 731 1393 766 :
1438 712 1516 767 Tu
1538 729 1597 768 es
1628 728 1722 768 rex

143 817 161 848 ε
206 795 559 853 Iudaeorum?
608 799 748 855 Dicit
789 801 863 855 illi
902 800 1058 857 Jesns
1090 821 1102 856 :
1136 801 1216 857 Tu
1258 803 1414 859 dicis.
1450 825 1466 856 ι
1511 804 1726 860 Subau-

135 886 309 953 ditur,
342 888 467 960 quia
490 905 589 968 ego
612 907 750 947 sum.
779 890 1081 948 Notandum
1110 902 1196 949 est
1220 895 1346 964 quia
1373 895 1474 951 hoc
1503 897 1642 964 quod
1671 881 1722 950 ei

134 977 412 1045 objectum
459 979 636 1037 fuerat
679 999 710 1037 a
763 984 959 1039 scribis
995 991 1049 1038 et
1086 983 1391 1049 Pharisaeis,
1425 987 1527 1041 hoc
1556 986 1720 1041 etiam

133 1066 348 1126 Pilatus
383 1057 698 1146 interrogat,
727 1085 907 1130 tttrum
930 1076 1179 1132 videlicet
1203 1093 1260 1133 se
1297 1095 1475 1149 regem
1510 1078 1724 1135 Judteo-

134 1179 258 1216 rum
293 1181 415 1220 esse
443 1165 669 1235 diceret,
696 1168 836 1224 sicut
875 1171 1068 1226 scribae
1103 1179 1156 1226 et
1187 1170 1444 1227 Pharisaai
1477 1187 1600 1228 eum
1631 1187 1722 1228 ac-

129 1271 484 1316 cusaverunt.
541 1261 645 1317 Sed
694 1245 954 1319 Dominus
988 1264 1062 1318 ita
1102 1280 1256 1320 suum
1284 1265 1607 1335 temperavit
1635 1280 1721 1320 re-

128 1366 419 1421 sponsum,
449 1363 508 1408 ut
539 1356 819 1411 veritatem
845 1356 1069 1421 diceret,
1096 1366 1150 1414 et
1173 1366 1353 1413 tamen
1374 1371 1554 1414 sermo
1575 1355 1720 1421 illius

125 1445 419 1501 calumniae
447 1463 554 1504 non
584 1458 815 1520 pateret.

203 1557 223 1590 ‹
272 1537 496 1595 Etcum
523 1549 874 1598 accusaretur
925 1559 956 1598 a
1002 1543 1338 1616 principibus
1373 1544 1717 1600 sacerdotum

131 1647 148 1679 ι
195 1638 253 1684 et
301 1631 633 1697 senioribus,
673 1633 806 1688 nihil
851 1635 1143 1706 respondit.
1179 1657 1197 1688 ι
1244 1635 1567 1690 intuendum
1635 1641 1720 1689 est

123 1724 270 1792 quod
297 1724 559 1781 Dominus
585 1725 758 1782 Pilato
786 1728 1167 1798 interroganti,
1191 1744 1363 1800 pauca
1395 1728 1671 1799 respondit
1697 1743 1713 1780 :

1828 523 1882 579 in
1915 525 2132 579 nomine
2185 525 2359 580 Patris
2405 528 2507 581 mei
2536 529 2682 593 veni,
2730 537 2909 584 etnon
2947 531 3263 602 suscepistis
3303 551 3409 591 me.

1824 615 1976 671 Alius
2003 619 2180 674 veniet
2216 617 2269 672 in
2299 620 2516 674 nomine
2547 636 2666 686 suo,
2700 622 2840 676 hunc
2882 623 3190 691 suscipietis
3223 623 3407 694 (Joan.

1826 711 1901 782 v).
1928 730 1944 761 ι
1973 710 2115 765 Bene
2144 710 2286 784 ﬁlius
2311 711 2480 782 patris
2501 728 2712 779 eorum,
2729 714 2781 768 id
2807 725 2889 769 est
2918 715 3057 770 ﬁlius
3078 717 3295 780 diaboli,
3319 719 3412 788 qui

1825 812 1907 859 est
1941 813 2095 874 pater
2135 819 2343 867 eorum,
2369 805 2512 860 sicut
2545 805 2806 863 Dominus
2835 808 2915 862 eis
2946 810 3294 880 improperat,
3323 812 3408 867 di-

1825 910 1982 951 cens:
2012 914 2030 947 ‹
2058 896 2162 952 Vos
2187 911 2253 952 ex
2276 904 2431 968 patre
2455 897 2669 952 diabolo
2691 898 2823 953 estis
2845 900 3027 970 (Joan.
3057 903 3196 974 vni),
3224 923 3242 956 ι
3273 919 3412 974 quo-

1827 989 1973 1045 niam
1998 989 2151 1059 cujus
2176 1005 2342 1064 opera
2370 991 2492 1061 quis
2516 990 2646 1061 agit,
2674 993 2791 1063 ejus
2820 993 2961 1050 ﬁlius
2986 1005 3089 1052 est.
3113 996 3411 1064 Barabbas,

1827 1081 1872 1136 si
1904 1081 2098 1153 legitur
2141 1099 2238 1156 per
2268 1083 2376 1139 duo
2415 1101 2490 1147 rr,
2537 1083 2929 1154 interpretatur
2975 1087 3117 1155 ﬁlius
3149 1090 3408 1161 magistri,

1825 1173 1950 1242 quia
1998 1173 2153 1228 rabbi
2206 1173 2406 1230 dicitur
2453 1175 2732 1248 magister.
2773 1174 2831 1230 Si
2873 1186 3053 1233 autem
3077 1179 3288 1250 legatur
3314 1197 3412 1251 per

1824 1279 1991 1318 unum
2038 1281 2086 1331 r,
2137 1272 2192 1319 et
2242 1281 2340 1337 per
2383 1267 2489 1322 duo
2542 1267 2625 1334 bb,
2677 1269 2782 1350 erit
2829 1269 3208 1339 interpretatio
3263 1274 3410 1341 ﬁlius

1822 1356 1990 1426 patris
2037 1373 2238 1424 eorum,
2292 1359 2418 1428 quia
2469 1359 2607 1415 abba
2650 1358 2938 1420 Hebraice.
2972 1360 3164 1418 Latine
3208 1365 3412 1422 dicitur

1823 1457 1997 1518 pater.
2061 1519 2068 1528 '
3012 1515 3020 1521 .

1899 1556 1918 1588 ι
1947 1536 2149 1594 Videns
2190 1548 2370 1595 autem
2413 1539 2618 1597 Pilatus
2643 1541 2768 1610 quia
2796 1541 2928 1597 nihil
2958 1541 3275 1613 proﬁceret,
3316 1545 3413 1602 sed

1829 1646 1847 1678 ι
1881 1629 2056 1700 magis
2081 1631 2343 1686 tumultus
2380 1631 2553 1697 ﬁeret,
2592 1639 2816 1702 accepta
2857 1648 3026 1702 aqua,
3058 1649 3250 1690 manus
3282 1634 3416 1689 lavit

1828 1735 1846 1770 ι
1881 1735 2062 1774 coram
2090 1721 2314 1791 populo,
2363 1721 2550 1777 dicens
2587 1740 2600 1775 :
2641 1722 2906 1777 lnnocens
2933 1737 3033 1794 ego
3059 1739 3175 1778 sum
3219 1739 3248 1778 a
3285 1740 3413 1779 san-

121 1813 266 1880 ideo,
291 1819 417 1886 quia
449 1834 556 1874 non
587 1835 685 1875 suo
719 1821 966 1885 πωιι-ίο,
1002 1797 1099 1875 ’56,;
1144 1797 1323 1891 ρδρυιί
1365 1797 1716 1876 accusatione
1741 1797 1793 1859 Β
1829 1829 1848 1863 t
1881 1813 2042 1883 guine
2061 1811 2196 1882 justi
2225 1813 2412 1886 hujus,
2443 1827 2536 1868 vos
2562 1812 2824 1868 videritis.
2861 1833 2879 1864 ι
2911 1813 3144 1885 Legerat
3168 1815 3415 1872 fortassis

122 1924 248 1962 eum
282 1911 444 1965 morti
481 1911 848 1982 adjudicabat.
882 1911 1225 1982 Principibus
1253 1921 1435 1968 autem
1480 1913 1716 1966 interro-

119 2001 402 2070 gantibus,
434 2002 566 2057 nihil
612 2003 913 2074 respondit,
943 2021 1079 2075 quos
1105 2020 1202 2059 sua
1239 2005 1592 2075 responsione
1622 2004 1710 2059 in-

117 2091 316 2161 dignos
344 2109 464 2150 esse
479 2095 778 2167 judicabat.
813 2096 908 2152 Vel
942 2106 1092 2153 certe
1121 2097 1243 2153 ideo
1271 2114 1379 2155 non
1410 2101 1711 2170 respondit,

115 2199 185 2238 ne
213 2186 260 2240 s‘i
302 2188 654 2258 semetipsum
679 2188 840 2258 digna
875 2190 1226 2260 responsione
1255 2199 1534 2261 purgaret,
1561 2191 1715 2247 utili-

114 2283 200 2330 tas
247 2278 521 2345 passionis
564 2278 896 2345 diﬁ'erretur,
948 2289 1000 2336 et
1049 2295 1219 2352 genus
1263 2281 1562 2336 humanum
1592 2283 1713 2340 sine

106 2366 378 2435 passione
408 2383 503 2423 sua
535 2369 739 2424 salvari
771 2385 879 2425 non
910 2379 1147 2441 poterat.

193 2475 214 2507 σ
262 2456 369 2512 Per
395 2458 537 2514 diem
577 2469 758 2516 autem
797 2461 1096 2518 solemnem
1125 2473 1487 2519 consueverat
1508 2480 1712 2535 praeses

117 2567 134 2598 ι
183 2535 358 2604 unum
403 2551 679 2608 dimittere
731 2537 800 2608 ex
847 2555 1044 2611 vinctis
1093 2570 1254 2626 quem
1305 2554 1619 2612 voluissent.
1684 2575 1704 2610 ι

114 2638 438 2696 Memoriam
466 2643 612 2698 enim
642 2643 813 2700 Judaei
844 2646 1186 2702 liberat-iouis
1215 2662 1326 2702 suae
1345 2648 1414 2702 de
1445 2645 1708 2718 Egypto,

115 2729 258 2784 hanc
285 2729 560 2786 habebant
588 2735 1062 2801 consuetudinem,
1096 2745 1154 2790 ut
1177 2736 1232 2790 in
1263 2736 1351 2791 die
1376 2735 1516 2793 festo
1541 2752 1708 2792 unum

114 2821 360 2878 vinctum
391 2838 422 2878 a
447 2836 622 2880 morte
648 2825 942 2896 eriperent,
975 2827 1028 2881 in
1078 2827 1399 2882 memoriam
1441 2843 1552 2884 suae
1573 2827 1707 2884 libe-

118 2914 366 2981 rationis,
393 2915 613 2986 quando
643 2918 708 2972 de
736 2915 973 2996 Egypto
998 2916 1212 2972 liberati
1243 2926 1388 2974 sunt.

193 3022 210 3054 ι
258 3005 545 3063 Habebant
573 3016 754 3062 autem
799 3017 927 3082 tunc
956 3025 1124 3064 unum
1149 3010 1389 3065 vinctum
1410 3011 1704 3082 insignem,

125 3118 141 3149 ε
183 3099 275 3170 qui
324 3100 604 3156 dicebatur
639 3085 936 3157 Barabbas.
976 3121 994 3154 ι
1032 3102 1306 3159 Barabbas
1356 3113 1537 3160 autem
1566 3119 1704 3176 pro-

121 3199 238 3258 pter
259 3191 575 3250 seditionem
598 3202 664 3264 et,
678 3195 1024 3252 homicidium
1059 3196 1224 3269 (sicut
1247 3195 1426 3254 Lucas
1446 3199 1700 3271 testatur)

125 3282 400 3340 conclusus
430 3288 715 3342 tenebatur
745 3286 800 3342 in
831 3303 1074 3344 carcere.

205 3393 222 3423 ι
267 3370 491 3431 Sedente
535 3386 718 3433 autem
767 3378 857 3434 illo
899 3394 999 3450 pro
1043 3378 1322 3435 tribunali.
1382 3397 1400 3431 ι
1441 3378 1704 3434 Tribunal

130 3471 214 3517 est
249 3465 398 3524 sedes
417 3468 633 3538 judicis,
657 3453 799 3527 sicut
824 3470 1020 3526 solium
1047 3471 1206 3527 sedes
1238 3471 1405 3542 regis,
1438 3471 1703 3526 cathedra

125 3563 302 3610 autem
342 3557 494 3614 sedes
523 3547 788 3634 magistri.
827 3580 846 3612 ε
892 3559 1038 3616 Misit
1060 3562 1127 3616 ad
1156 3577 1279 3618 eum
1311 3577 1447 3617 uxor
1473 3559 1591 3634 ejus
1621 3562 1705 3617 di-

128 3661 146 3695 ι
191 3662 356 3702 cens:
397 3647 541 3705 Nihil
580 3650 676 3705 tibi
718 3660 774 3707 et
807 3650 957 3720 justo
987 3651 1086 3707 illi.
1124 3671 1142 3703 ι
1172 3651 1325 3706 Tunc
1352 3651 1590 3722 primum
1613 3651 1698 3705 in-

124 3738 319 3795 tellexit
343 3740 589 3799 diabolus
615 3761 714 3816 per
742 3745 1052 3818 passionem
1079 3745 1292 3801 Domini
1319 3758 1379 3800 se
1407 3753 1700 3814 potestate,

121 3843 274 3899 quam
300 3833 535 3890 habebat
561 3837 616 3891 in
642 3837 864 3904 mundo,
896 3836 1238 3910 privandum,
1263 3844 1318 3891 et
1343 3834 1548 3906 spoliis,
1580 3823 1702 3904 quae

123 3924 253 3994 apud
288 3926 492 3982 inferos
512 3937 567 3982 et
603 3944 766 4000 super
785 3944 879 3984 eos
901 3928 1150 3995 habebat,
1175 3943 1296 3986 esse
1317 3927 1655 4000 spoliandum
1683 3944 1697 3982 :

121 4025 169 4070 et
196 4018 316 4075 ideo
366 4029 613 4094 satagere
661 4031 887 4098 conatus
923 4031 1028 4090 est,
1081 4030 1142 4076 ut
1191 4021 1383 4076 saltem
1433 4037 1532 4092 per
1569 4035 1697 4092 pas-

121 4109 318 4166 sionem
343 4114 531 4169 uxoris
559 4111 716 4168 Pilati
759 4115 1046 4170 Dominum
1074 4130 1106 4170 a
1152 4124 1329 4171 morte
1370 4115 1697 4171 retraheret.

125 4221 141 4252 ι
182 4202 344 4260 Multa
391 4207 536 4261 enim
581 4221 737 4277 passa
782 4189 903 4264 sum
955 4209 1114 4264 hodie
1155 4224 1252 4280 per
1280 4208 1454 4263 visum
1473 4216 1700 4280 propter

126 4311 141 4341 ‹
184 4309 327 4349 eum.
373 4316 392 4349 ι
435 4295 740 4352 Notandum
788 4307 893 4364 est,
924 4297 1049 4372 quia
1085 4299 1376 4372 gentilibus
1422 4315 1565 4370 saepe
1605 4315 1696 4354 so-

123 4385 250 4441 mnia
301 4377 614 4444 revelantur
653 4405 684 4444 a
724 4388 856 4468 Deo,
889 4406 998 4445 non
1024 4391 1110 4462 ob.
1138 4407 1327 4447 eorum
1358 4391 1574 4460 merita,
1603 4393 1701 4449 sed

63 4511 70 4522 .
125 4486 204 4532 aut
229 4467 330 4551 pro
374 4480 700 4547 futurorum,
727 4467 810 4538 vel
854 4483 1018 4537 etiam
1060 4499 1159 4553 pro
1183 4483 1392 4539 cautela
1439 4483 1692 4552 aliorum,

124 4567 247 4626 sicut
276 4572 510 4644 legimus
549 4573 1045 4630 Nabuchodonosor
1083 4575 1523 4633 distributionem
1575 4593 1696 4634 om-

124 4662 256 4718 nium
293 4655 584 4736 regnorum
610 4674 770 4722 terra:
803 4665 998 4720 vidisse
1027 4663 1194 4738 (Dan.
1227 4668 1290 4737 ιι)
1323 4683 1336 4721 :
1371 4675 1427 4722 et
1458 4667 1538 4724 sic
1569 4667 1700 4739 legi-

125 4768 228 4827 mus
247 4743 589 4813 Pharaonem
615 4758 883 4814 somnium
915 4757 1144 4836 vidisse,
1175 4759 1320 4827 quod
1338 4757 1542 4830 Ioseph
1569 4777 1695 4816 eum

125 4847 407 4911 prudenter
432 4847 805 4914 disseruisset,
858 4847 1108 4903 dominus
1138 4849 1464 4905 constitutus
1503 4859 1590 4905 est
1637 4851 1696 4906 in

127 4944 255 4994 terra
283 4938 501 5012 {Egypti
526 4937 675 5012 (Gen.
702 4939 837 5012 xu).

188 5052 204 5084 ι
248 5017 531 5105 Principes
566 5043 746 5089 autem
788 5035 1130 5092 sacerdotum
1159 5043 1215 5090 et
1241 5037 1482 5094 seniores
1509 5037 1694 5108 populi

131 5141 144 5176 t
183 5135 571 5194 persuaserunt
619 5127 852 5198 populis,
879 5137 937 5184 ut
975 5137 1225 5199 peterent
1251 5127 1576 5195 Barabbam,
1603 5128 1696 5185 Je-

133 5234 148 5266 ι
185 5235 299 5275 sum
326 5236 454 5298 vero
481 5221 784 5293 perderent.
820 5242 840 5276 ι
867 5221 984 5278 Non
1004 5231 1089 5278 est
1110 5222 1306 5290 mirum
1325 5221 1494 5278 Judaei
1513 5224 1696 5302 quiete

127 5319 173 5362 et
193 5327 326 5382 pace
346 5323 554 5380 carent,
584 5315 674 5384 qui
705 5315 1008 5386 principem
1057 5314 1341 5370 seditionis
1388 5314 1689 5384 elegerunt,

125 5411 172 5468 et
199 5416 473 5464 auctorem
519 5407 694 5479 pacis,
727 5407 779 5464 id
807 5417 891 5463 est
925 5407 1213 5462 Dominum
1254 5406 1415 5464 morti
1454 5407 1692 5462 tradide-

123 5507 255 5555 ιιιηι.
993 5559 1012 5565 λ,
1155 5557 1158 5560 .

139 5651 148 5658 ι
189 5613 206 5646 ι
251 5594 324 5650 At
357 5595 436 5654 illi
477 5595 733 5652 dixerunt
781 5613 795 5648 :
845 5593 1168 5650 Barabbam.
1219 5613 1237 5645 ο
1280 5591 1557 5647 Barabbas
1595 5591 1688 5662 qui

123 5684 498 5761 iuterpretatur
517 5691 661 5761 ﬁlius
691 5689 952 5760 magistri,
983 5687 1062 5743 vel
1086 5688 1252 5758 patris
1278 5702 1479 5751 eorum,
1506 5695 1690 5758 typum

121 5779 428 5844 Antichristi
453 5793 619 5852 tenet,
642 5799 801 5857 quem
843 5781 1015 5840 Judazi
1043 5782 1097 5837 in
1120 5779 1226 5838 ﬁne
1247 5779 1429 5836 saeculi
1456 5793 1555 5849 pro
1586 5780 1692 5838 D0-

1819 1904 2024 1960 Pilatus
2067 1907 2328 1978 scriptum
2372 1908 2424 1961 in
2463 1905 2718 1962 Psalmo:
2763 1926 2780 1958 ι
2810 1907 3028 1963 Lavaho
3076 1910 3219 1965 inter
3258 1910 3416 1966 inno-

1818 2012 2012 2059 centes.
2030 2019 2220 2059 manus
2245 2018 2394 2059 meas
2416 2001 2590 2073 (Psal.
2617 2004 2766 2073 xxv).
2800 2023 2819 2055 ι
2853 2003 2920 2058 Et
2950 2004 3071 2058 ideo
3102 2003 3269 2059 abluit
3293 2020 3414 2060 ma-

1816 2113 1943 2166 nus,
1975 2106 2036 2153 ut
2062 2111 2254 2154 exsors
2281 2098 2527 2154 videatur
2549 2109 2670 2150 esse
2691 2111 2722 2148 a
2747 2095 2951 2151 scelere
2975 2096 3264 2152 Dominicm
3283 2111 3411 2166 pas-

1817 2189 2010 2254 sionis,
2047 2205 2111 2245 ac
2137 2189 2182 2246 si
2211 2190 2438 2246 diceret
2471 2189 2584 2260 Ego
2609 2187 2828 2262 (inquit)
2858 2187 3002 2242 volui
3030 2201 3151 2243 eum
3180 2188 3415 2244 liberare

1817 2289 1874 2336 et
1919 2281 2264 2338 innocentem
2307 2282 2612 2347 ostendere,
2653 2281 2747 2336 sed
2789 2279 2914 2349 quia
2953 2277 3263 2335 rebellionis
3307 2279 3416 2333 cri-

1816 2387 1944 2428 men
1972 2373 2106 2430 mihi
2133 2381 2323 2428 contra
2349 2371 2619 2427 Caesarem
2654 2370 2989 2440 impingitur,
3016 2384 3114 2424 vos
3142 2367 3408 2423 videritis.

1816 2461 1932 2534 Ego
1961 2462 2136 2534 legum
2163 2463 2412 2519 minister
2441 2477 2584 2529 sum,
2603 2476 2708 2516 vox
2735 2461 2849 2531 ipsa
2879 2467 3062 2516 vestra
3091 2458 3411 2530 sanguinem

1815 2553 1976 2610 fudit.

1893 2667 1910 2699 ι
1943 2647 2014 2701 Et
2039 2649 2370 2716 respondens
2392 2661 2676 2702 universus
2695 2659 2941 2716 poputus,
2969 2642 3142 2699 dixit:
3174 2639 3411 2712 Sanguis

1820 2755 1841 2789 ς
1871 2735 1988 2804 ejus
2017 2752 2178 2806 super
2201 2753 2302 2793 nos
2345 2745 2400 2792 et
2437 2752 2599 2806 super
2631 2736 2771 2792 ﬁlios
2797 2745 3034 2790 nostros.
3068 2752 3088 2785 ›
3136 2731 3262 2788 Haec
3295 2748 3410 2786 tna-

1811 2823 2030 2890 ledictio
2061 2836 2370 2895 perseverat
2395 2826 2448 2880 in
2477 2824 2678 2882 Judaeis
2709 2840 2881 2895 usque
2911 2824 3071 2880 hodie
3090 2864 3104 2888 ,
3151 2831 3206 2878 et
3238 2836 3411 2893 usque

1811 2916 1867 2972 in
1897 2918 2040 2984 diem
2062 2919 2252 2988 judicii
2281 2903 2670 2990 perseverabit.
2704 2917 2820 2972 Non
2850 2918 2995 2972 enim
3026 2913 3223 2972 sufficit
3248 2914 3328 2970 eis
3354 2921 3413 2968 ut

1810 3013 2153 3082 semetipsos,
2179 3013 2270 3082 qui
2305 3023 2432 3068 tunc
2459 3011 2720 3082 temporis
2746 3018 2924 3076 erant,
2953 3010 3294 3073 damnarent,
3316 3006 3412 3062 sed

1809 3107 1975 3162 etiam
2004 3122 2216 3164 omnem
2258 3107 2602 3179 progeniem,
2651 3121 2771 3176 quae
2813 3104 3045 3160 necdum
3089 3110 3217 3156 nata
3252 3107 3407 3165 erat,

1812 3199 1913 3254 sub
1955 3200 2056 3254 hac
2095 3199 2492 3255 maledictionis
2539 3213 2676 3254 noxa
2725 3198 3176 3268 constringerent.
3227 3193 3412 3250 Manet

1744 3327 1752 3336 .
1811 3291 1956 3352 enim
1985 3289 2204 3359 sanguis
2234 3289 2468 3353 Domini,
2493 3289 2547 3344 id
2583 3297 2668 3344 est
2693 3288 2932 3348 vindicta
2970 3286 3206 3350 Domini,
3242 3299 3408 3353 super

1809 3379 2046 3444 Iudaeos,
2079 3390 2131 3436 et
2161 3395 2325 3450 super
2353 3393 2569 3436 omnem
2597 3377 2911 3450 progeniem
2937 3391 3125 3433 eorum
3156 3389 3327 3445 usque
3349 3377 3406 3430 in

1810 3474 1974 3530 ﬁnem
2004 3473 2210 3530 saeculi.

1889 3583 1908 3615 ‹
1936 3564 2123 3620 Jesum
2151 3572 2333 3618 autem
2369 3563 2696 3634 ﬁagellatum
2726 3560 2950 3618 tradidit
2977 3560 3057 3616 eis
3100 3567 3162 3614 ut
3191 3557 3407 3613 cruciﬁ-

1817 3676 1836 3709 ‹
1865 3665 2104 3728 geretur.
2136 3675 2156 3710 ι
2196 3655 2598 3726 inconsequens
2640 3667 2760 3712 esse
2803 3653 3036 3718 videtur,
3081 3659 3141 3706 nt
3185 3649 3274 3705 ille
3311 3648 3406 3720 qui

1808 3750 2058 3820 superius
2088 3748 2374 3806 Dominum
2399 3747 2645 3804 voluerat
2687 3746 2944 3808 liberare,
2970 3742 3128 3798 modo
3153 3756 3276 3797 eum
3306 3737 3404 3794 ﬁa-

1807 3841 2112 3915 gellaverit,
2147 3850 2203 3898 et
2230 3840 2556 3912 ﬂagellatum
2587 3837 2842 3910 potestati
2878 3851 3064 3893 eorum
3095 3832 3400 3890 tradiderit.

1807 3933 1963 4002 Quod
1989 3933 2201 3990 duobus
2227 3933 2404 3989 modis
2429 3931 2748 3988 solvendum
2773 3939 2857 3986 est
2883 3947 2896 3984 :
2931 3930 3053 3984 ideo
3080 3926 3399 4000 ﬁagellasse,

1808 4034 1870 4082 ut
1897 4023 2236 4082 satisfaceret
2260 4024 2471 4096 legibus
2497 4022 2888 4088 Romanorum,
2917 4035 3147 4091 quorum
3174 4031 3402 4075 consue-

1808 4117 1939 4172 tudo
1967 4125 2114 4185 erat,
2144 4126 2206 4172 ut
2244 4115 2290 4171 is
2319 4116 2414 4186 qui
2452 4115 2613 4172 morti
2656 4121 2801 4170 esset
2838 4113 3114 4178 addictus,
3161 4111 3398 4181 primum

1808 4208 2194 4279 ﬁagellaretur,
2229 4217 2286 4263 et
2313 4206 2656 4278 postmodum
2694 4207 3055 4262 occideretur.
3105 4205 3233 4260 Sive
3277 4205 3400 4260 ideo

1806 4299 2096 4372 ﬂagellavit
2119 4313 2278 4366 eum,
2323 4308 2384 4356 ut
2416 4300 2666 4356 videlicet
2695 4299 2770 4354 illi
2807 4299 2991 4354 satiati
3027 4297 3204 4368 pinnis
3230 4297 3396 4360 illius,

1807 4400 2085 4450 cessarent
2121 4393 2264 4448 ultra
2308 4400 2539 4449 mortem
2589 4391 2708 4461 ejus
2751 4399 2969 4462 petere,
3015 4399 3076 4445 ut
3115 4387 3399 4456 crucifige—

1805 4492 1978 4542 retur.

1879 4599 1899 4630 ι
1931 4577 2223 4634 Cohortem
2261 4577 2574 4633 universam
2607 4578 3091 4644 congregaverunt.
3122 4589 3140 4622 ι
3187 4568 3395 4626 Cohors

1802 4682 1922 4730 erat
1949 4673 2089 4744 apud
2111 4671 2385 4728 Romanos
2414 4670 2618 4725 milites
2645 4667 2886 4738 triginta.
3245 4705 3248 4708 .

1881 4782 1899 4816 ι
1928 4765 1997 4820 Et
2027 4771 2291 4820 exuentes
2327 4777 2452 4818 eum
2496 4757 2836 4816 vestimentis
2853 4755 3113 4827 .pmpriis,
3147 4753 3390 4825 chlamy-

1801 4856 1924 4914 dem
1948 4855 2258 4912 coccineam
2279 4849 2754 4910 circumdederunt
2775 4849 2847 4906 ei.
2869 4868 2891 4902 ι
2915 4847 3203 4919 Opprobrii
3225 4861 3393 4905 causa

1801 4948 2031 5004 Domino
2058 4948 2396 5019 chlamydem
2430 4944 2745 5002 coccineam
2785 4941 3262 5000 circumdederunt
3289 4941 3410 5010 pro"

1802 5054 2041 5110 purpura
2068 5038 2278 5109 regali:
2310 5046 2364 5094 et
2408 5053 2508 5108 pro
2548 5050 2749 5092 corona
2792 5023 2988 5099 aurea,
3030 5048 3287 5089 coronam
3323 5033 3393 5090 de

1800 5132 1976 5202 spinis
2007 5132 2380 5202 imposuerunt
2408 5129 2573 5200 capiti
2608 5128 2772 5196 illius,
2811 5136 2867 5183 et
2902 5142 3000 5198 pro
3040 5136 3254 5196 sceptro
3287 5125 3393 5179 im-

1799 5224 2026 5296 periali,
2063 5223 2379 5278 arundinem
2406 5223 2462 5278 in
2494 5236 2658 5276 manu
2685 5220 2877 5275 dextra
2908 5218 2981 5272 illi
3007 5218 3289 5273 dederunt.
3330 5216 3392 5271 ln

1801 5317 1888 5373 his
1915 5326 2095 5372 autem
2133 5315 2384 5371 omnibus
2414 5321 2617 5370 nostra:
2647 5311 2837 5368 salutis
2864 5310 3172 5367 celebratur
3209 5323 3392 5366 sacra-

1804 5418 2068 5466 mentum.
2099 5407 2254 5477 Quod
2276 5409 2419 5464 enim
2451 5407 2712 5464 Dominus
2739 5406 2994 5464 coccinea
3023 5413 3193 5470 veste,
3222 5403 3275 5457 id
3304 5409 3391 5456 est

1802 5501 1968 5558 rubro
2012 5501 2372 5566 vestimento,
2413 5500 2674 5567 induitur,
2699 5498 3035 5571 signiﬁcatur
3079 5499 3388 5550 nostrorum"

1802 5601 2147 5664 peccatorum
2176 5593 2447 5663 susceptio
2483 5611 2496 5646 :
2534 5592 2812 5663 quoniam,
2838 5605 2963 5646 cum
3005 5587 3123 5642 sine
3163 5590 3390 5654 peccato

1801 5692 1969 5749 esset,
2012 5690 2198 5740 nostra
2240 5693 2462 5754 peccata
2504 5683 2558 5738 in
2601 5681 2888 5751 semetipso
2927 5678 3178 5744 suscepit.
3228 5673 3384 5740 Quod

1804 5786 1986 5834 autem
2017 5777 2258 5849 spineam
2289 5791 2545 5834 coronam
2583 5775 2659 5896 in.
2684 5773 2860 5843 capite
2893 5769 3134 5838 accepit,
3174 5768 3276 5821 hoc
3314 5763 3391 5819 si-
