3934 6346
469 387 583 450 375

1115 383 1471 446 HAYMONIS
1507 385 1988 444 HALBERSTAT.
2039 383 2255 442 EPISC.
2293 383 2444 444 θυι).
2484 381 2664 440 PARS
2698 381 2764 438 ll.
2793 410 2866 423 -
2895 379 3134 439 HOMlL.

3658 376 3774 442 876

475 507 855 579 gniﬁcabatur,
879 504 1021 577 quod
1044 514 1262 576 peccata
1289 513 1476 560 nostra
1500 519 1620 574 quae
1647 519 1744 574 per
1768 503 1953 572 spinas
1982 499 2064 556 in-
2089 505 2143 564 Α
2167 500 2272 556 hoc
2308 509 2413 567 est,
2445 499 2682 556 calvaria
2721 499 2911 570 ipsius,
2955 501 3148 556 eodem
3192 499 3309 558 loco
3347 501 3420 558 sit
3467 502 3772 559 tumulata.

479 599 816 669 telliguntur,
845 597 960 668 ipse
995 605 1139 653 esset
1165 597 1446 652 ablaturus
1475 612 1504 651 a
1531 597 1686 652 nobis
1710 613 1721 649 :
1757 603 1812 650 et
1841 593 2061 648 maledi-

478 699 624 745 ctum
668 689 808 759 quod
845 688 1021 759 primo
1059 687 1266 743 homini
1309 687 1511 742 dictum
1550 694 1671 742 est:
1715 704 1734 737 ι
1769 683 1937 740 Terra
1969 692 2060 738 tua

479 785 664 855 spinas
692 793 746 838 et
780 781 1007 837 tribulos
1049 781 1378 850 germinabit
1420 780 1516 835 tibi
1566 777 1730 851 (Gen.
1755 779 1885 848 ιιι),
1916 799 1933 830 ι
1967 792 2064 848 per

479 894 632 932 suam
661 877 968 947 passionem
999 874 1250 931 solveret.
1274 873 1427 941 Quod
1449 881 1628 927 autem
1660 871 1979 927 arundinem
2005 869 2061 924 in

475 969 666 1025 dextra
697 984 857 1024 manu
886 969 1116 1033 ferebat,
1153 967 1473 1038 designabat
1505 981 1564 1022 se
1593 964 1934 1036 sacrilegium
1968 961 2063 1018 Ju-

477 1049 713 1117 dteorum
761 1061 1020 1116 scribere.
1078 1059 1204 1115 Sive
1261 1060 1424 1114 etiam
1470 1059 1574 1113 hoc
1619 1057 2062 1130 signiﬁcabatur,

475 1153 620 1223 quod
658 1153 712 1208 in
740 1168 835 1208 sua
865 1151 1119 1222 passione
1148 1150 1404 1205 vaticinia
1442 1149 1830 1221 prophetarum
1877 1146 2063 1215 imple-

476 1242 692 1297 bantur.
739 1240 988 1296 Solemus
1027 1240 1170 1295 cnim
1210 1239 1418 1295 calamo
1453 1238 1773 1310 plerumque
1800 1237 2060 1293 scribere.

475 1331 545 1386 Et
567 1332 620 1386 in
651 1331 860 1387 calamo
883 1339 1150 1387 venenata
1179 1329 1432 1385 animalia
1461 1328 1681 1385 occidit.

559 1441 578 1475 ‹
607 1422 742 1490 Ave,
786 1439 882 1478 rex
921 1421 1261 1488 Iudaeorum,
1293 1441 1311 1473 ι
1356 1420 1512 1492 quasi
1558 1419 1832 1487 dicerent,
1874 1416 1968 1488 qui
2012 1426 2067 1474 te

479 1512 666 1568 dixisti
695 1527 877 1584 regem
902 1527 1022 1569 esse
1048 1510 1376 1568 Iudaeorum.

557 1624 576 1656 ι
609 1604 675 1659 Et
703 1612 1028 1675 exspuenles
1064 1604 1120 1659 in
1157 1620 1316 1670 eum,
1350 1610 1678 1674 acceperunt
1710 1600 2064 1666 arundinem,

489 1715 509 1749 ι
541 1705 594 1752 et
622 1697 998 1768 percutiebant
1027 1703 1189 1768 caput
1211 1696 1348 1768 ejus.
1381 1715 1399 1749 ι
1431 1694 1612 1750 Semel
1633 1695 1735 1749 hoc
1759 1691 1961 1748 factum
1984 1698 2067 1747 est

481 1787 711 1844 Domino
739 1787 1115 1859 corporaliter,
1152 1787 1392 1859 quotidie
1428 1786 1669 1842 haeretici
1703 1786 1806 1840 hoc
1839 1782 2063 1850 faciunt,

2161 593 2314 662 Quod
2342 594 2628 665 perspicue
2653 593 2848 649 falsum
2890 601 2994 658 est,
3027 592 3154 664 quia
3188 591 3464 659 videlicet,
3510 594 3668 650 sicut
3710 595 3779 650 li-

2163 690 2260 744 ber
2284 687 2410 743 Jesu
2441 686 2586 742 Nave
2613 685 2803 750 rcfcrt,
2827 701 2933 740 non
2955 683 3111 754 juxta
3136 684 3462 754 Jerusalem,
3494 688 3595 744 sed
3631 688 3780 742 inter

2163 780 2460 838 Hebronet
2489 779 2844 837 Cariatharbe
2891 779 3190 836 tumulatus
3243 789 3346 837 est.
3375 780 3581 838 Verior
3637 798 3774 853 ergo

2165 888 2358 929 sensus
2379 881 2486 939 est,
2513 872 2657 944 quod
2686 871 2979 927 calvariam
3008 872 3241 928 dicimus
3277 871 3454 928 locum
3499 873 3664 929 illum
3707 891 3774 930 ex

2166 963 2563 1019 consuetudine
2594 963 2817 1033 antiqua
2845 980 2858 1017 :
2905 963 3172 1034 siquidem
3198 974 3353 1020 extra
3382 980 3584 1021 omnes
3636 967 3770 1021 civi-

2168 1064 2308 1110 tates
2343 1054 2495 1109 locus
2524 1054 2836 1125 deputatur,
2868 1053 2960 1108 ubi
2991 1069 3210 1110 reorum
3251 1057 3431 1127 capita
3465 1056 3772 1112 detrunca.

2165 1144 2382 1200 bantur.
2409 1141 2467 1197 In
2496 1142 2733 1198 calvaria
2762 1157 2896 1214 ergo
2919 1142 2992 1197 ibi
3027 1142 3426 1199 truncabantur
3445 1145 3638 1215 capita
3677 1160 3770 1201 eo-

2168 1251 2314 1301 rum,
2341 1244 2397 1290 et
2425 1241 2577 1290 recte
2609 1233 2756 1288 idem
2787 1232 2940 1288 locus
2961 1231 3210 1289 calvaria
3240 1235 3688 1304 nuncupabatur,
3721 1236 3772 1292 id

2167 1333 2250 1381 est
2280 1340 2310 1379 a
2335 1324 2605 1396 capitibus
2630 1325 3030 1380 damnatorum.
3071 1323 3141 1379 Et
3166 1324 3362 1380 merito
3390 1325 3464 1381 ibi
3503 1325 3773 1382 Dominus

2167 1418 2464 1474 cruciﬁxus
2489 1427 2592 1483 est,
2622 1427 2681 1471 ut
2701 1416 2792 1472 ubi
2819 1417 2971 1486 prius
2996 1416 3350 1489 erigebantur
3392 1433 3506 1474 arae
3539 1419 3770 1486 damna-

2170 1516 2377 1572 torum,
2435 1507 2509 1564 ibi
2555 1507 2899 1580 erigerentur
2945 1506 3142 1562 vexilla
3196 1509 3468 1580 martyrii.
3506 1508 3636 1575 Vel,
3684 1509 3770 1564 ubi

2169 1599 2464 1656 abundavit
2494 1599 2770 1666 delictum,
2794 1599 3253 1670 superabundavit
3273 1601 3447 1672 gratia
3477 1600 3671 1673 (Rom.
3699 1605 3770 1675 ν).

2247 1712 2267 1745 ι
2306 1693 2374 1748 Et
2394 1693 2657 1748 dederunt
2679 1693 2726 1749 ei
2749 1691 2938 1748 bibere
2959 1693 3145 1748 vinum
3170 1708 3293 1748 cum
3322 1692 3448 1749 felle
3475 1694 3727 1749 mistum.
3748 1712 3766 1748 ι

2170 1785 2452 1857 lmpletum
2485 1793 2569 1840 est
2589 1783 2678 1838 hic
2708 1783 2850 1854 quod
2876 1798 2973 1853 per
2999 1781 3330 1854 Prophetam
3361 1784 3573 1839 dicitur
3605 1801 3619 1838 :
3657 1803 3677 1835 ι
3714 1783 3773 1838 Et

483 1879 577 1948 qui
606 1878 926 1950 spiritaliter
949 1887 1111 1949 caput
1134 1878 1251 1949 ejus
1275 1877 1605 1948 percutiunt,
1628 1876 1762 1931 etin
1789 1874 1985 1932 faciem
2009 1874 2072 1930 il-
2099 1862 2149 1923 B
2174 1876 2445 1932 dederunt
2475 1875 2530 1931 in
2559 1889 2740 1930 escam
2763 1888 2939 1929 meam
2964 1872 3058 1935 fel.
3082 1883 3137 1929 ct
3179 1876 3233 1929 in
3261 1874 3353 1930 siti
3389 1889 3516 1930 mea
3559 1885 3773 1946 potave-

482 1967 588 2022 lius
619 1977 836 2038 spuunt.
884 1988 902 2020 ι
930 1967 1105 2038 Caput
1139 1967 1284 2024 enim
1308 1965 1514 2022 Christi
1553 1966 1697 2021 Deus
1733 1975 1839 2030 est,
1869 1984 1889 2018 ι
1935 1974 2074 2020 teste

482 2059 652 2116 Paulo
681 2060 926 2133 apostolo
957 2059 1008 2131 (1
1032 2059 1155 2115 Cor.
1184 2058 1284 2133 xi).
1331 2060 1506 2130 Caput
1541 2073 1673 2131 ergo
1709 2058 1910 2114 Christi
1950 2074 2075 2129 per-

485 2151 624 2206 cutit
647 2151 893 2222 quisquis
913 2150 967 2205 in
993 2149 1086 2205 illo
1101 2149 1447 2205 Divinitatem
1471 2149 1614 2205 illius
1634 2149 1864 2221 abnegat
1885 2148 2070 2217 fuisse,

485 2241 630 2297 sicut
668 2243 864 2308 Arius,
903 2242 995 2311 qui
1033 2241 1164 2296 dicit
1203 2240 1398 2296 Filium
1440 2241 1701 2297 minorem
1732 2256 1853 2297 esse
1889 2241 2069 2297 Patre.

484 2334 545 2390 In
575 2334 767 2391 faciem
799 2335 980 2406 spuit,
1021 2333 1269 2405 quisquis
1297 2342 1620 2404 praesentem
1656 2333 1803 2388 illum
1831 2333 1884 2388 in
1911 2347 2077 2388 carne

484 2419 794 2484 venientem
833 2428 1218 2498 denegaverit,
1253 2427 1394 2482 sicut
1420 2425 1778 2492 Manichacus,
1816 2426 1908 2496 qui
1945 2424 2079 2481 dicit

485 2533 674 2575 veram
702 2518 758 2574 in
785 2517 1007 2574 Christo
1034 2533 1141 2572 non
1171 2515 1342 2573 fuisse
1368 2531 1613 2572 carnem.

566 2629 586 2663 ι
615 2610 683 2666 Ει
703 2617 988 2682 postquam
1011 2608 1299 2665 illuserunt
1336 2608 1410 2673 ei,
1441 2615 1710 2663 exuerunt
1743 2606 1896 2663 illum
1930 2605 2079 2662 chla-

495 2723 515 2756 ι
542 2704 732 2775 myde,
761 2712 822 2759 ct‘
841 2703 1129 2758 induerunt
1160 2717 1286 2757 eum
1313 2700 1650 2757 vestimentis
1677 2701 1812 2757 suis.
1842 2718 1862 2752 ι
1891 2700 2079 2767 Ωυιιιιοι

491 2795 583 2850 diu
613 2793 874 2850 Dominus
912 2792 1215 2848 illusionem
1249 2805 1441 2863 passus
1474 2799 1592 2857 est,
1633 2799 1689 2846 et
1724 2799 1882 2861 sputa
1917 2789 2082 2846 susti-

490 2887 642 2953 nuit,
688 2895 744 2944 et
789 2901 1044 2943 coronam
1091 2886 1336 2956 spineam
1382 2885 1439 2940 in
1480 2884 1660 2956 capite
1700 2882 1920 2949 habuit,
1970 2897 2079 2938 non

2173 1976 2368 2023 verunt
2398 1983 2485 2024 me
2512 1975 2666 2022 aceto
2696 1964 2869 2037 (Psal.
2899 1966 3114 2037 vam).
3145 1985 3166 2019 ι
3197 1967 3354 2035 Quod
3380 1976 3572 2034 erant,
3604 1969 3707 2024 hoc
3726 1971 3770 2024 ei

2175 2058 2463 2114 dederunt.
2496 2057 2599 2126 Ipsi
2629 2057 2776 2112 enim
2800 2065 2962 2112 erant
3003 2067 3240 2124 acetum,
3290 2058 3698 2130 degenerantrs
3742 2077 3770 2116 a

2174 2151 2301 2205 vino
2330 2149 2762 2220 patriarcharum
2803 2157 2859 2204 et
2887 2151 3294 2220 prophetarum,
3327 2161 3386 2207 et
3432 2167 3765 2223 nequaquam

2176 2242 2319 2297 aliud
2351 2242 2402 2297 ei
2431 2249 2682 2312 poterant
2707 2241 2836 2296 dare
2877 2257 3040 2311 quam
3088 2243 3231 2312 quod
3261 2250 3442 2296 erant.
3475 2243 3642 2310 Quod
3684 2259 3765 2298 a-

2177 2342 2286 2388 tem
2315 2331 2514 2387 dicitur
2543 2349 2556 2384 :
2595 2351 2613 2383 ι
2649 2331 2861 2386 Etcum
2892 2340 3180 2402 gustasset,
3205 2330 3382 2387 noluit
3405 2332 3626 2389 bibere.
3666 2352 3683 2386 ι
3712 2332 3765 2388 Et

2177 2442 2287 2482 non
2316 2425 2526 2495 accepit
2555 2443 2568 2478 ε
2597 2425 2781 2479 vinum
2819 2423 3047 2480 follitum
3092 2424 3313 2495 quidem
3363 2427 3634 2498 gustavit,
3687 2426 3767 2481 sed

2177 2538 2287 2579 non
2312 2521 2470 2587 bibit,
2508 2529 2696 2593 aperte
2721 2520 3014 2592 designans
3039 2520 3180 2591 quod
3207 2519 3523 2592 passionem
3548 2529 3608 2574 et
3629 2535 3770 2575 mor-

2180 2623 2290 2670 tem
2333 2614 2399 2668 ad
2445 2622 2657 2683 tempus
2705 2613 2964 2683 suscepit,
3016 2609 3115 2668 sed
3165 2612 3224 2668 in
3273 2621 3540 2669 aeternum
3581 2610 3773 2668 eadem

2180 2715 2356 2762 morte
2389 2704 2559 2759 teneri
2589 2702 2780 2758 noluit.
2959 2694 2964 2703 ’

2261 2816 2279 2848 ι
2316 2795 2611 2866 Postquam
2658 2802 2840 2850 autem
2862 2792 3254 2850 cruciﬁxerunt
3289 2809 3434 2860 eum,
3462 2793 3770 2849 diviserunt

2189 2907 2210 2942 ι
2239 2888 2564 2945 vestimenta
2607 2883 2744 2956 ejus,
2775 2894 2979 2942 sortem
3025 2886 3327 2942 mittentes.
3363 2906 3384 2940 ι
3439 2886 3774 2942 Vestimenta

489 2979 710 3051 propria
747 2978 1070 3035 vestimenta
1111 2977 1302 3034 habuit
1341 2977 1560 3042 induta,
1600 2976 1693 3032 sed
1729 2975 1923 3030 aliena.
1958 2974 2079 3030 Mox
2183 2982 2400 3053 quidem
2426 2980 2640 3036 Domini
2668 2979 2990 3046 diviserunt,
3017 2993 3182 3052 super
3221 2979 3468 3034 tunicam
3497 2993 3630 3034 vero
3663 2993 3775 3049 qua

493 3079 675 3127 autem
699 3079 761 3126 ut
789 3071 923 3126 hora
963 3069 1324 3141 despectionis
1367 3067 1614 3133 ιηηείίι,
1660 3065 1881 3138 Propria
1919 3066 2098 3142 vestis
2185 3075 2526 3132 inconsutilis
2549 3082 2687 3139 erat,
2711 3083 2769 3130 et
2795 3074 2958 3130 dividi
2989 3089 3094 3130 non
3125 3082 3362 3146 poterat,
3391 3084 3604 3131 sortem
3625 3075 3776 3130 mise-

492 3171 678 3219 menta
707 3161 1018 3234 resumpsit.
1042 3160 1179 3230 Quia
1205 3160 1349 3232 quod
1371 3175 1564 3230 passus
1589 3168 1692 3224 est,
1729 3168 1785 3214 et
1819 3159 1961 3230 quod
1985 3159 2083 3215 lla-
2118 3224 2160 3238 _
2187 3175 2335 3223 runt.
2363 3166 2698 3222 Vestimenta
2737 3166 2939 3221 etenim
2981 3165 3196 3221 Domini
3225 3165 3543 3238 signiﬁcant
3583 3165 3775 3222 electos

495 3248 724 3323 gellatus
766 3224 911 3322 est;
942 3224 1201 3310 nonwfuit
1221 3224 1521 3348 'prop'riura
1563 3224 1872 3348 Divinitati};
1911 3249 2080 3348 illius.
2111 3224 2162 3291 ο
2191 3259 2352 3316 illius.
2379 3258 2783 3329 Quadripartita
2805 3259 2950 3314 enim
2971 3259 3140 3315 vestis
3171 3224 3316 3348 illqu
3351 3258 3667 3316 Ecclesiam
3695 3260 3776 3316 de-

495 3347 653 3414 Quod
693 3354 873 3402 autem
915 3345 1001 3402 die
1043 3345 1201 3401 tertia
1232 3343 1565 3409 resurrexit,
1609 3341 1764 3413 quasi
1804 3341 2084 3412 proprium
2190 3351 2368 3423 signa;
2415 3364 2514 3420 per
2550 3349 3006 3421 quadripanitum
3054 3341 3256 3406 omni
3283 3349 3544 3406 divisam.
3577 3347 3777 3407 Tunica

494 3438 880 3494 vestimentum
930 3436 1254 3507 resumpsit,
1312 3449 1410 3506 per
1458 3435 1604 3506 quod
1652 3433 2081 3503 signiﬁcabatur,

2191 3450 2374 3498 autem
2427 3441 2572 3496 illius
2618 3440 2958 3498 inconsutilis
3002 3441 3235 3512 desuper
3282 3449 3465 3508 texta,
3522 3442 3779 3498 unitatem

499 3535 642 3604 quod
669 3536 688 3554 ‘
715 3534 903 3589 horam
933 3541 1165 3588 mortem
1198 3538 1317 3587 erat
1343 3537 1680 3602 gustaturus,
1706 3537 1761 3584 et
1782 3529 1978 3584 iterum
2019 3527 2089 3583 ad
2191 3536 2362 3608 ipsius
2387 3533 2645 3591 Ecclesiae
2672 3533 2940 3606 designat,
2969 3533 3096 3605 quia
3129 3533 3311 3591 omnis
3335 3533 3527 3590 unitas
3554 3535 3711 3605 regni
3734 3536 3780 3589 in

499 3636 713 3697 tempus
735 3633 954 3696 peracta
982 3623 1234 3694 passione
1269 3623 1336 3678 de
1377 3621 1628 3692 sepulcro
1658 3629 2081 3677 resurrecturus.

2193 3644 2422 3701 corpore
2451 3636 2652 3685 sanctae
2677 3628 2935 3685 Ecclesia:
2979 3629 3249 3685 consistit.
3297 3629 3427 3695 Quae
3465 3629 3661 3684 unitas
3688 3645 3781 3685 non

499 3717 726 3787 impleta
767 3722 852 3769 est
885 3714 938 3767 in
975 3728 1041 3769 eo
1079 3712 1365 3785 prophetia
1396 3726 1518 3781 quae
1539 3712 1713 3767 dicit:
1763 3731 1782 3764 ι
1815 3711 1888 3768 Ut
1925 3710 2094 3768 faciat
2193 3721 2431 3778 humano
2456 3719 2704 3781 arbitrio,
2751 3720 2846 3776 sed
2873 3718 3057 3776 divina
3097 3720 3507 3793 dispensatione
3560 3723 3784 3792 regitur,

500 3822 638 3877 opus
662 3821 839 3869 suum,
862 3804 1097 3859 alienum
1122 3813 1206 3859 est
1229 3818 1364 3872 opus
1389 3804 1546 3874 ejus:
1577 3813 1636 3860 ut
1658 3812 1916 3875 operetur
1955 3819 2093 3875 opus
2193 3829 2292 3886 per
2331 3813 2656 3869 charitatem
2697 3811 2793 3868 Dei
2837 3813 3243 3883 omnipotentis,
3289 3815 3360 3869 de
3407 3829 3522 3884 qua
3580 3813 3784 3870 Paulus

504 3913 686 3960 suum,
707 3895 1055 3967 peregrinum
1077 3903 1162 3950 est
1184 3909 1320 3964 opus
1343 3895 1463 3966 ejus
1485 3896 1553 3952 ab
1579 3910 1646 3952 eo
1666 3895 1801 3968 (Isa.
1825 3898 2038 3969 xxvm).
2068 3916 2087 3950 ι
2195 3905 2470 3976 apostolus
2493 3904 2622 3960 dicit
2650 3922 2663 3959 ε
2695 3921 2714 3956 ε
2742 3903 2933 3959 Adhuc
2968 3903 3408 3960 excellentior-em
3439 3905 3590 3961 viam
3640 3905 3785 3960 vobis

507 3989 580 4046 Ut
607 3990 750 4044 enim
773 3997 1094 4059 operaretur
1125 4003 1260 4059 opus
1284 4004 1462 4055 suum,
1491 3989 1542 4045 id
1573 4001 1658 4046 est
1677 3990 1907 4047 salutem
1930 4006 2092 4064 gene-
2196 3997 2511 4053 demonstro
2536 3995 2588 4068 (1
2631 3995 2753 4051 Cor.
2794 4000 2914 4065 xu).
2949 4015 2968 4048 ι
3021 3995 3144 4052 Ideo
3186 3995 3311 4066 jure
3357 3997 3560 4053 eadem
3608 3997 3788 4051 tunica

507 4083 587 4138 ris
615 4083 859 4148 humani,
887 4097 1022 4153 opus
1054 4081 1196 4138 illius
1217 4081 1452 4137 alienum
1485 4082 1601 4148 fuit,
1633 4084 1761 4154 quia
1785 4085 2094 4157 passionem
2196 4089 2428 4158 desuper
2449 4096 2702 4142 contexta
2723 4085 3056 4157 perhibetur.

508 4187 673 4246 quam
711 4171 953 4242 pertulit,
985 4171 1103 4244 ejus
1127 4173 1406 4228 Divinitati
1442 4173 1616 4229 aliena
1646 4173 1767 4229 fuit.
2274 4197 2293 4229 ι
2337 4177 2400 4231 Et
2425 4177 2799 4247 imposuerunt
2825 4193 2986 4248 super
3013 4186 3175 4259 caput
3201 4178 3320 4250 ejus
3361 4193 3591 4235 causam
3619 4179 3790 4251 ipsius

587 4281 606 4315 ι
665 4261 940 4318 Exeuntes
988 4269 1204 4328 autem,
1252 4263 1572 4319 invenerunt
1609 4264 1885 4320 hominem
1929 4263 2097 4338 Cyre-
2204 4283 2224 4319 ι
2261 4267 2540 4338 scriptam.
2577 4287 2597 4321 ι
2637 4267 2870 4324 Causam
2912 4268 3165 4325 videlicet
3205 4271 3396 4325 mortis
3436 4271 3602 4341 capiti
3649 4271 3792 4327 illius

514 4375 536 4410 ι
570 4373 747 4413 meum
797 4358 1014 4413 nomine
1060 4356 1360 4424 Simonem,
1400 4358 1546 4414 hunc
1575 4359 1996 4429 angariaverunt
2038 4365 2098 4413 ut
2198 4358 2740 4430 superscripserunt:
2793 4377 2813 4411 ι
2869 4357 2971 4413 Hic
3017 4368 3103 4416 est
3146 4375 3241 4417 rex
3279 4359 3614 4417 Iudaeorum.
3663 4381 3684 4416 ι
3729 4362 3798 4432 Et

513 4465 535 4500 ι
565 4448 782 4505 tolleret
828 4463 1045 4504 crucem
1074 4448 1210 4517 ejus.
1247 4469 1266 4500 ι
1315 4447 1432 4504 Νοιι
1481 4457 1565 4504 est
1604 4447 1914 4504 contrarius
1955 4447 2096 4504 Mat-
2200 4455 2539 4525 scripserunt
2561 4455 2665 4510 hoc
2691 4453 2976 4510 Hebraicis
3005 4454 3223 4519 litteris,
3249 4455 3456 4512 Graecis
3474 4467 3531 4512 et
3555 4456 3791 4522 Latinis,

399 4567 404 4572 -
509 4541 684 4598 threus
735 4541 930 4598 Joanni
999 4542 1345 4613 evangelistae
1398 4541 1515 4649 quli.
1543 4541 1764 4649 scripsit
1807 4541 2096 4646 Dominum
2122 4555 2264 4649 l)ut
2301 4545 2537 4602 Joannes
2579 4545 2910 4618 evangelista
2941 4548 3072 4602 dicit
3113 4547 3293 4615 (Joan.
3327 4549 3458 4622 xix),
3495 4550 3625 4620 quia
3665 4559 3793 4606 tunc

509 4649 728 4690 crucem
758 4634 858 4690 sibi
885 4633 1173 4705 bajulasse.
1207 4633 1303 4689 sed
1345 4631 1755 4704 intelligendum
1797 4633 1942 4703 quod
1984 4632 2098 4704 pri-
2122 4631 2174 4649 υ
2205 4639 2464 4709 temporis
2496 4639 2579 4693 hac
2611 4645 2721 4693 tres
2746 4637 2943 4709 linguae
2971 4637 3331 4710 principatum
3356 4641 3612 4695 tenebant
3649 4641 3795 4696 inter

511 4740 661 4780 mum
700 4726 889 4781 exiens
933 4726 1001 4781 de
1041 4725 1300 4796 praetorio
1339 4739 1555 4782 crucem
1601 4724 1702 4781 sibi
1749 4724 2092 4795 portaverit:

513 4817 708 4872 deinde
747 4831 898 4880 vero,
921 4815 1176 4872 obviante
1223 4815 1468 4882 Simone,
1519 4816 1939 4888 angariaverunt
1968 4830 2096 4873 eum

499 4895 576 4964 ~iit
601 4907 814 4964 tolleret
838 4921 1055 4963 crucem
1096 4907 1314 4962 Domini
1347 4923 1520 4978 usque
1563 4909 1632 4964 ad
1665 4909 1844 4965 locum
1889 4923 2000 4978 quo
2028 4907 2094 4962 ti-

513 4994 687 5072 genda
709 5007 843 5061 erat,
871 4997 1013 5066 quod
1045 5011 1074 5051 a
1118 5012 1314 5068 magno
1342 4999 1601 5070 mysterio
1640 5014 1749 5054 non
1783 5007 1959 5054 vacat.
2011 4997 2098 5054 Si-

513 5091 733 5161 quidem
763 5088 973 5153 Simon,
999 5089 1090 5159 qui
1121 5089 1514 5160 interpretatur
1557 5091 1819 5155 obediens,
1841 5090 2097 5161 gentilem

513 5177 772 5251 populum
800 5177 1062 5246 designat.
1105 5175 1258 5233 Unde
1285 5178 1423 5235 bene
1449 5178 1742 5250 Cyrena‘us
1781 5177 1946 5233 fuisse
1967 5177 2102 5234 dici-

516 5278 628 5331 tur,
655 5267 747 5337 qui
775 5268 946 5322 haeres
976 5268 1382 5338 interpretatur.
1424 5267 1560 5322 Nam
1586 5268 1651 5321 de
1691 5267 1876 5332 gentili
1907 5268 2104 5338 populo

517 5379 549 5417 a
588 5362 702 5416 Deo
728 5360 884 5417 Patre
916 5361 1053 5418 Filio
1084 5364 1480 5435 repromittitur
1506 5381 1518 5416 :
1557 5382 1576 5413 ι
1606 5363 1751 5417 Dabo
1790 5362 1885 5418 tibi
1915 5375 2105 5434 gentes

517 5454 887 5511 haereditatem
919 5463 1087 5523 tuam,
1115 5464 1171 5513 et
1209 5454 1610 5528 possessionem
1655 5461 1804 5510 tuam
1843 5455 2106 5512 terminos

521 5555 680 5601 teme
710 5546 882 5619 (Psal.
916 5550 1000 5617 ιι).
1035 5567 1055 5600 ι

599 5658 618 5690 ι
648 5639 704 5694 In
736 5639 911 5695 locum
950 5639 1043 5710 qui
1093 5639 1291 5694 dicitur
1328 5637 1629 5709 Colgotha,
1670 5638 1814 5710 quod
1861 5649 1943 5696 est
1980 5639 2105 5697 Cal-

526 5749 548 5782 ‹
580 5731 742 5786 variae
771 5732 939 5787 locus.
975 5751 996 5784 ι
1025 5731 1463 5882 Quidayocum
1489 5731 1754 5788 Calvarize
1782 5733 1984 5791 dictum
2010 5751 2107 5789 au-
2135 5751 2145 5761 ε

526 5828 737 5879 tuuiant
764 5839 794 5880 a
821 5821 1099 5882 senultura
1125 5822 1206 5882 nr'
1334 5825 1598 5882 parentis.
1636 5840 1704 5882 eo
1739 5825 1882 5882 quod
1921 5834 2102 5882 caput.

523 5828 737 5879 tumant
764 5839 794 5880 a
821 5821 1099 5893 sepultura
1125 5821 1302 5894 prinif
1332 5825 1598 5897 parentis,
1636 5840 1704 5883 eo
1739 5825 1882 5896 quod
1921 5834 2102 5899 caput,

2203 4728 2442 4800 reliquas
2469 4727 2700 4800 linguas.
2737 4725 2999 4784 chraica
3037 4727 3496 4799 propterJudaaos
3550 4729 3796 4799 glorian-

2204 4827 2287 4873 tes
2317 4819 2368 4873 in
2398 4818 2536 4889 lege,
2566 4817 2754 4873 Graeca
2778 4825 2959 4873 autem
2989 4827 3210 4889 propter
3239 4819 3514 4890 gentilium
3551 4821 3796 4890 philoso-

2203 4910 2364 4981 phos,
2411 4907 2605 4962 Latina
2651 4917 2831 4964 autem
2885 4918 3109 4980 propter
3150 4907 3460 4976 Romanos,
3507 4913 3599 4980 qui
3667 4924 3797 4968 tunc

2205 4998 2465 5069 temporis
2511 4998 2760 5054 omnibus
2799 5000 3049 5071 gentibus
3085 4999 3442 5071 imperabant.
3493 5000 3678 5056 Vclint
3709 5019 3799 5059 no-

2205 5088 2519 5157 lintJudaei,
2567 5090 2746 5146 omnis
2780 5091 2961 5162 lingua
3005 5099 3064 5147 et
3089 5093 3271 5147 omnis
3313 5092 3462 5147 natio
3501 5093 3798 5148 conﬁtetur

2207 5183 2350 5253 quod
2377 5181 2534 5237 Jesus
2562 5191 2646 5238 est
2682 5198 2779 5238 rex
2804 5181 3137 5249 Iudaeorum,
3185 5183 3292 5240 hoc
3317 5192 3421 5251 est,
3467 5187 3716 5240 omnium
3743 5187 3796 5241 in

2207 5287 2267 5330 se
2293 5275 2627 5329 credentium
2650 5282 2705 5328 et
2729 5290 2788 5331 se
2813 5273 3209 5331 conﬁtentium.

2286 5387 2303 5418 ο
2343 5365 2494 5420 Tunc
2514 5366 2762 5421 cruciﬁxi
2800 5375 3078 5422 suntcum
3121 5381 3188 5422 eo
3227 5367 3334 5422 duo
3357 5367 3623 5434 latrones,
3652 5383 3800 5424 unus

2215 5473 2235 5507 ι
2273 5470 2302 5508 a
2325 5453 2555 5520 dextris,
2583 5464 2638 5510 et
2659 5471 2798 5511 unus
2824 5471 2857 5513 a
2883 5455 3140 5513 sinistris.
3171 5475 3190 5503 ι
3221 5455 3386 5513 Juxta
3424 5457 3663 5514 litteram
3698 5459 3799 5513 ἰηι-

2209 5549 2413 5622 pletnm
2443 5559 2527 5605 est
2557 5549 2706 5614 illud,
2739 5552 2882 5621 quod
2923 5565 3021 5622 per
3046 5549 3365 5622 prophetam
3396 5550 3638 5607 dicitur:
3670 5570 3694 5604 ι
3737 5553 3800 5607 Et

2212 5657 2336 5698 cum
2386 5643 2584 5713 iniquis
2631 5644 2922 5714 deputatus
2963 5652 3048 5700 est
3085 5643 3222 5716 (Ita.
3265 5644 3407 5717 ιιιι).
3440 5663 3461 5698 ι
3500 5644 3802 5717 Allegorice

2213 5742 2393 5789 autem
2417 5736 2522 5789 duo
2543 5735 2800 5800 latrones,
2828 5735 2920 5805 qui
2945 5750 3068 5790 cum
3099 5736 3328 5793 Domino
3368 5737 3615 5793 cruciﬁxi
3645 5746 3799 5801 sunt,

2211 5830 2518 5903 signiﬁcant
2561 5831 2668 5892 duo
2702 5846 2901 5903 genera
2952 5831 3254 5903 hominum,
3297 5835 3391 5904 qui
3439 5834 3541 5890 sub
3573 5831 3802 5888 confes-
