3934 6346
117 327 270 386 377
1127 390 1135 394 .
1415 342 1718 402 HOMILMS
1761 343 1850 402 DE
1887 343 2236 430 TEMPOQE.
2285 427 2289 433 κ
3345 354 3452 413 578

117 445 339 520 sione
376 449 609 510 nominis
653 451 888 522 Christi,
936 455 1023 513 vel
1067 471 1295 530 agonem
1348 462 1634 533 martyrii,
1679 461 1762 517 vel
1789 467 1843 526 Α
1866 463 2014 518 nium
2037 464 2225 523 fuissc.
2265 465 2345 522 Ne
2368 477 2552 527 autem
2594 469 2698 528 ista
2723 468 2852 528 solis
2894 469 3194 527 ooscuritas
3227 480 3449 542 repente

116 541 439 639 arctioris
469 543 592 600 vitae
625 545 871 639 instituta
905 549 1160 607 subeunt.
1198 550 1278 607 llli
1318 552 1465 608 enim
1514 554 1607 625 qui
1649 555 1766 612 solo
1871 563 1928 612 et
1947 557 2125 614 subita
2155 559 2320 617 fuisse
2347 562 2583 629 dicatur,
2615 542 2724 620 non
2761 563 2934 622 solum
2983 580 3092 619 una
3137 541 3305 630 hora,
3349 563 3446 620 sed

116 631 378 724 intuitu
426 637 880 694 remunerationis
933 655 1096 711 super
1154 655 1215 697 se
1269 643 1397 699 talia
1444 655 1764 711 assumunt,
1866 647 2031 703 etiam
2066 651 2241 707 tribus
2283 654 2430 709 horis
2456 655 2720 724 protelata
2759 663 2862 722 est,
2891 656 2945 711 id
2967 665 3051 712 est
3074 671 3106 710 a
3130 664 3279 711 sexta
3308 655 3444 710 hora

117 721 338 780 laude
375 736 432 782 et
465 730 659 785 merito
698 731 890 788 dextro
917 733 1113 791 latroni
1141 746 1508 808 coaequantur.
1556 738 1634 794 llli
1667 755 1764 794 au-
1864 755 2036 810 usque
2063 741 2128 797 ad
2175 759 2372 800 nonam
2422 721 2631 801 horam.
2667 721 3004 803 Credendum
3032 761 3162 802 vero
3189 756 3272 803 est
3299 745 3444 816 quod

114 820 263 909 ter“
304 817 405 887 qui
430 820 671 889 qualibet
716 821 819 877 alia
856 839 1040 892 causa,
1085 826 1172 880 vel
1220 843 1446 900 agonem
1489 831 1758 902 martyrii,
1863 830 2004 887 sicut
2053 833 2131 889 sol
2160 851 2323 906 super
2352 847 2524 893 terras
2558 838 2940 894 obscuritatem
2991 854 3182 909 passus
3229 845 3330 904 est,
3369 837 3444 894 ita

117 905 230 958 vel
275 909 550 966 arctioris
577 912 702 968 vita:
748 913 989 972 instituta
1026 918 1248 984 ducunt,
1292 920 1501 976 sinistri
1529 921 1759 977 latronis
1860 919 2022 976 etiam
2047 921 2169 978 luna
2199 905 2300 980 sub
2323 928 2482 983 terris
2505 927 2687 984 radios
2727 927 2862 983 lucis
2894 905 3007 983 suae
3025 928 3307 984 abstraxit.
3339 927 3443 981 lm-

113 997 399 1088 pcrfidia
443 1002 831 1075 designantur,
858 1009 948 1080 qui
990 1011 1089 1066 sub
1136 1011 1476 1070 confessione
1520 1015 1758 1073 nominis
1857 1010 2000 1081 pleta
2029 1022 2114 1069 est
2140 1015 2226 1072 hic
2273 1018 2552 1088 prophetia
2603 1016 2768 1074 Joelis
2808 1016 3080 1073 dicentis:
3135 1037 3152 1069 ι
3189 1016 3279 1074 Sol
3307 1032 3440 1073 con-

112 1086 398 1157 Christi,
435 1094 530 1150 sed
560 1111 668 1152 non
698 1112 887 1156 amore
912 1101 1057 1159 illius
1085 1105 1337 1162 arctioris
1361 1105 1486 1162 vitae
1506 1106 1754 1164 instituta
1855 1110 2100 1158 vertetur
2151 1105 2203 1160 in
2253 1086 2532 1175 tenebras,
2580 1117 2634 1164 et
2676 1108 2801 1164 luna
2845 1107 2899 1162 in
2930 1108 3243 1179 sanguinem
3275 1105 3435 1180 (Joel.

112 1181 420 1235 subeunt.
1856 1193 1936 1235 ut,
1969 1216 1987 1235 .
2038 1198 2315 1235 ς..ιιιην;ι
2349 1207 2527 1235 ...ηοω
2575 1199 2756 1235 mnum
2803 1212 2930 1235 cum:
2988 1212 3056 1235 ηρ
3080 1199 3162 1235 ml
3201 1198 3435 1235 nun-ian-

111 1194 420 1240 ευῠευηι.

211 1293 250 1357 ε.
311 1275 712 1340 Ρνωιετευηιεε
759 1292 938 1341 autem
990 1285 1504 1359 blasphemaverunt
1545 1305 1688 1346 eum.
1724 1312 1744 1345 ι

111 1362 564 1428 Praetereuntes
601 1373 875 1442 dicuntur,
907 1378 1033 1448 quia
1059 1381 1439 1450 praeterierunt
1473 1382 1661 1450 vitam,
1694 1383 1752 1440 id

115 1466 222 1511 est
264 1457 583 1530 Christum,
632 1475 913 1524 moventes
959 1469 1138 1539 capita
1183 1487 1281 1527 sua
1332 1481 1521 1529 contra
1567 1475 1749 1530 Domi-

113 1566 332 1655 rnmi,‘
371 1553 463 1624 qui
490 1555 645 1630 prius
690 1570 974 1618 moverant
1010 1563 1228 1633 pedesa
1280 1566 1604 1624 rectitudine
1643 1568 1745 1624 viae

106 1644 401 1708 iustitiae.

209 1755 231 1788 ι
258 1737 423 1794 Alios
435 1740 612 1798 salvos
628 1742 780 1807 fecit,
799 1747 1037 1816 seipsum
1054 1764 1159 1805 non
1176 1757 1354 1822 potest
1368 1751 1576 1807 salvum
1595 1751 1741 1810 face-

1855 1193 1940 1265 u).
1967 1216 1987 1250 ι
2038 1198 2321 1256 Subtraxit
2347 1207 2530 1254 autem
2575 1199 2758 1254 radios
2803 1212 2951 1261 suos,
2988 1212 3056 1252 ne
3080 1199 3166 1251 vel
3201 1198 3439 1253 morien-

1851 1299 1963 1347 tem
1996 1292 2280 1346 Dominum
2310 1305 2468 1346 suum
2517 1289 2571 1344 in
2613 1303 2776 1344 cruce
2821 1287 3060 1342 videret:
3088 1287 3204 1342 sive
3251 1288 3434 1357 etiam,

1849 1393 1910 1440 ut
1930 1383 2098 1439 Judaei
2123 1383 2357 1439 ministri
2398 1381 2701 1453 iniquitatis
2729 1381 2932 1437 lumine
2960 1379 3101 1437 illius
3138 1397 3242 1436 non
3289 1381 3437 1436 frue-

1849 1485 2060 1533 rentur.

1922 1588 1940 1621 ι
1979 1569 2048 1625 Ει
2098 1569 2243 1625 circa
2300 1569 2491 1624 horam
2545 1581 2742 1622 nonam
2794 1565 3048 1620 clamavit
3093 1563 3253 1620 Jesus
3300 1579 3433 1620 voce

1849 1681 1870 1713 ‹
1914 1675 2142 1731 magna,
2193 1660 2425 1716 dicens:
2467 1658 2572 1726 Eli,
2622 1659 2724 1725 Eli,
2777 1659 2977 1714 lamma
3013 1658 3372 1714 sabachtani?
3407 1678 3425 1710 ι

1843 1751 1994 1810 Sicut
2023 1753 2200 1818 sitire,
2224 1760 2279 1807 et
2303 1752 2517 1817 lassari,
2547 1760 2603 1806 et
2629 1750 2868 1806 dormire
2890 1765 2996 1807 non
3040 1759 3122 1806 est
3152 1749 3429 1821 proprium

119 1847 143 1876 σ
177 1833 279 1885 re.
322 1851 340 1884 ι
368 1833 546 1892 Velint
571 1838 743 1894 nolint
774 1838 943 1897 Judtei
971 1844 1300 1901 conﬁtentur
1315 1847 1459 1917 quod
1476 1847 1740 1904 Dominus
1770 1829 1818 1890 Β
1845 1845 2175 1912 Divinitatis,
2210 1845 2302 1902 sed
2342 1844 2736 1900 humanitatis:
2779 1843 2853 1898 ita
2883 1843 3048 1898 etiam
3078 1844 3190 1898 haec
3222 1859 3320 1898 vox
3360 1858 3429 1899 ex

110 1917 313 1979 Jesus
353 1926 489 1983 alios
531 1929 710 1987 salvos
734 1931 880 1988 fecit.
915 1934 1019 1990 Sed
1049 1937 1175 2007 quia
1203 1937 1338 1994 alios
1380 1938 1510 1995 fecit
1535 1939 1734 2007 salvos,

113 2028 493 2088 consequens
532 2032 614 2078 est
638 2032 694 2078 ut
715 2027 876 2081 etiam
899 2030 1251 2099 semetipsum
1273 2032 1480 2087 salvum
1508 2032 1674 2089 faciat
1690 2035 1737 2091 si

110 2106 254 2163 vult
318 2109 423 2166 Sed
450 2113 494 2167 si
523 2114 781 2172 Dominus
805 2126 933 2174 tunc
956 2122 1214 2190 temporis
1238 2124 1290 2177 in
1319 2123 1532 2178 illorum
1562 2125 1733 2182 insul-

112 2201 358 2257 tatione
379 2204 446 2258 de
469 2220 630 2261 cruce
656 2208 1031 2276 descenderet,
1059 2213 1223 2269 etiam
1270 2213 1481 2271 illorum
1513 2217 1736 2272 insulta-

108 2291 392 2350 tionibus
415 2297 631 2360 cedens,
663 2299 920 2356 virtutem
960 2305 1233 2373 patientia:
1260 2307 1414 2361 nobis
1439 2323 1544 2362 non
1583 2324 1736 2365 mon-

114 2390 373 2439 straret.
405 2385 513 2443 Sed
541 2391 797 2446 sustinuit
823 2392 1082 2450 Dominus
1112 2397 1329 2466 probra,
1371 2409 1425 2453 et
1455 2398 1735 2457 irrisiones

113 2477 387 2546 pertulit.
414 2479 543 2537 Plus
571 2485 718 2540 enim
755 2485 911 2553 fecit,
947 2489 1037 2558 qui
1066 2490 1133 2544 de
1175 2506 1336 2546 cruce
1366 2491 1536 2547 noluit
1579 2494 1734 2551 vivus

115 2569 492 2637 descendere,
537 2575 605 2631 de
639 2578 890 2648 sepulcro
939 2582 1178 2636 surrexit
1225 2591 1490 2649 mortuus,
1521 2595 1575 2640 et
1625 2601 1731 2641 non

118 2660 495 2719 crediderunt
522 2665 594 2720 ei.
623 2666 752 2724 Plus
794 2670 937 2724 enim
968 2670 1069 2725 fuit
1111 2672 1178 2727 de
1206 2683 1382 2729 morte
1419 2689 1725 2747 resurgere,

116 2767 302 2822 quam
328 2755 394 2810 de
417 2771 581 2812 cruce
613 2758 803 2816 vivens
839 2761 1189 2818 descendere.

205 2863 227 2895 ι
269 2843 507 2916 ldipsum
533 2858 714 2905 autem
759 2860 815 2906 et
858 2851 1115 2917 latrones,
1159 2854 1253 2924 qui
1282 2855 1525 2911 cruciﬁxi
1569 2865 1726 2912 erant

125 2951 145 2984 ι
178 2950 313 2990 cum
338 2952 422 3002 eo,
473 2937 917 3011 improperabant
965 2943 1034 3000 ei.
1073 2964 1092 2998 ι
1143 2945 1258 3002 Hoc
1304 2947 1725 3018 synecdochicos

125 3025 542 3099 intelligendum
574 3040 677 3088 est.
712 3031 829 3089 Non
858 3035 1002 3090 enim
1047 3043 1278 3106 uterque
1309 3037 1447 3094 latro
1492 3039 1720 3094 Domino

125 3116 432 3186 insultavit,
461 3121 556 3178 sed
585 3123 724 3180 sicut
747 3123 922 3182 Lucas
948 3127 1256 3185 distinctius
1293 3129 1521 3202 loquens
1547 3131 1720 3187 mani-

1841 1947 1994 2008 parte
2016 1935 2370 1992 humanitatis
2392 1934 2678 2004 processit,
2707 1949 2814 1988 non
2839 1947 2904 1987 ex
2930 1943 3080 2003 parte
3098 1931 3426 1989 Divinitatis.

1837 2027 1972 2084 Nam
2031 2029 2327 2084 secundum
2372 2027 2718 2082 Divinitatem
2771 2040 3045 2096 nunquam
3107 2025 3429 2095 relinquitur

1837 2135 1870 2175 a
1899 2118 2080 2184 Patre,
2116 2119 2409 2174 secundum
2439 2132 2571 2173 vero
2596 2116 2987 2172 humanitatem
3014 2115 3082 2170 ad
3111 2123 3322 2185 tempus
3345 2115 3425 2169 vi-

1772 2207 1782 2219 '
1836 2225 1930 2266 sus
1963 2221 2048 2266 est
2093 2209 2393 2280 derelinqui
2421 2225 2452 2264 a
2489 2208 2684 2274 Patre,
2737 2207 2950 2278 quando
3000 2207 3295 2278 permissus
3343 2215 3428 2262 est

1835 2302 1989 2358 cruci
2026 2301 2187 2373 afﬁgi.
2223 2301 2285 2356 El
2311 2302 2458 2358 enim
2482 2301 2690 2356 dicitur
2717 2299 2862 2354 Deus
2881 2339 2896 2365 ,
2921 2316 2961 2366 ι,
2985 2316 3131 2354 meus
3153 2313 3172 2352 :
3204 2299 3421 2364 lamma,

1835 2405 1893 2450 ut
1929 2395 2100 2467 quid?
2133 2394 2471 2458 sabachtani,
2491 2393 2812 2464 dereliquisti
2850 2408 2952 2446 me.

1912 2507 1931 2540 ι
1977 2488 2148 2543 Eliam
2176 2496 2333 2542 vocat
2358 2487 2478 2543 iste.
2503 2504 2522 2538 ι
2570 2484 2684 2542 Hoc
2705 2500 2814 2540 non
2851 2483 3086 2550 Judteos,
3111 2485 3202 2539 sed
3227 2483 3424 2552 Roma:

1833 2594 1934 2635 nos
1959 2579 2324 2639 intelleximus
2346 2579 2551 2633 dixisse
2585 2577 2809 2642 milites,
2858 2577 2985 2646 quia
3015 2591 3123 2631 non
3153 2577 3420 2647 intellige-

1831 2671 1961 2726 bant
1982 2671 2300 2727 Hebraicam
2328 2671 2736 2742 proprietatem.
2781 2668 2886 2724 Sed
2907 2669 2953 2724 si
2975 2670 3098 2740 quis
3123 2670 3422 2726 contentio-

1829 2779 1923 2820 sus
1965 2764 2256 2829 exsﬁterit,
2300 2773 2356 2818 et
2393 2763 2595 2819 dixerit
2624 2778 2731 2818 non
2772 2777 2804 2816 a
2855 2760 3132 2824 Romanis,
3188 2763 3282 2817 sed
3325 2777 3420 2832 po-

1827 2853 1935 2908 tius
1958 2868 1988 2907 a
2012 2851 2214 2908 Iudaeis
2235 2853 2437 2908 dictum
2459 2851 2648 2918 fuisse,
2678 2867 2784 2908 non
2815 2852 3035 2907 aberrat
3055 2867 3084 2906 a
3117 2850 3259 2907 ﬁde:
3286 2867 3419 2921 quo-

1826 2945 1973 2999 niam
2015 2960 2167 2999 more
2197 2943 2354 2999 solito
2381 2941 2644 3014 quidquid
2688 2942 2895 3001 diceret
2925 2942 3203 3008 Dominus,
3233 2941 3300 2996 ad
3331 2941 3416 2996 in-

1825 3037 2047 3123 famiam
2080 3037 2495 3107 detorquebant.

1901 3150 1919 3182 ι
1955 3130 2022 3184 Ει
2071 3129 2329 3185 continuo
2378 3141 2609 3183 currens
2653 3141 2794 3182 unus
2845 3141 2913 3182 ex
2963 3125 3082 3192 eis,
3135 3134 3413 3196 acceptam

132 3207 323 3274 festat,
370 3227 476 3268 uno
520 3214 574 3269 in
625 3214 961 3286 blasphemia
1007 3190 1425 3288 perseverante,
1474 3219 1611 3275 alter
1654 3221 1722 3277 de
1749 3190 1795 3254 (ἶ
1830 3242 1851 3276 ‹
1898 3222 2173 3293 spongiam
2198 3220 2440 3291 implevit
2467 3228 2639 3284 aceto,
2685 3229 2736 3274 et
2782 3219 3036 3288 imposuit
3061 3190 3334 3282 arundini,
3360 3225 3416 3273 et

139 3313 307 3354 cruce
327 3301 621 3374 increpavit
657 3323 800 3375 eum,
827 3310 1013 3366 dicens
1040 3328 1052 3365 :
1077 3328 1097 3362 ι
1124 3308 1375 3382 Nunquid
1397 3319 1452 3367 et
1481 3320 1537 3367 tu
1565 3311 1723 3369 times

137 3389 332 3459 Deum,
358 3399 498 3466 quod
526 3400 579 3455 in
632 3402 823 3457 eadem
855 3403 1206 3460 damnatione
1233 3405 1329 3460 es?
1368 3404 1478 3460 Nos
1503 3394 1722 3474 quidem

129 3483 295 3556 digna
319 3487 478 3547 factis
524 3494 850 3565 recepimus,
883 3496 972 3550 hic
1014 3505 1195 3552 autem
1239 3497 1369 3568 quid
1400 3496 1569 3553 fecit?
1600 3517 1620 3550 ι
1655 3497 1722 3552 Ει

131 3594 421 3639 conversus
450 3586 518 3640 ad
541 3585 747 3655 Jesum,
771 3589 944 3645 dixit:
974 3609 993 3644 ι
1022 3590 1294 3647 Memento
1318 3591 1449 3658 mei,
1472 3592 1717 3658 Domine,

131 3670 257 3726 dum
287 3677 501 3732 veneris
541 3677 595 3732 in
626 3695 852 3752 regnum
883 3690 1034 3736 tuum
1063 3681 1217 3753 (Luc.
1243 3680 1424 3752 xxnt).
1469 3702 1490 3735 ι
1523 3681 1720 3738 Possu-

130 3776 250 3818 mus
282 3775 463 3821 autem
489 3768 692 3834 dicere,
716 3769 857 3840 quod
888 3771 1123 3842 primum
1147 3771 1364 3841 quidem
1388 3771 1617 3841 uterque
1641 3772 1719 3827 la-

132 3860 215 3909 tro
236 3853 522 3912 Dominum
551 3858 1038 3929 blasphemaverat,
1067 3862 1186 3927 sed,
1204 3862 1321 3916 visa
1349 3864 1718 3934 magnitudine

132 3946 427 4019 signorum,
458 3950 841 4009 obscuratione
861 3953 1110 4008 videlicet
1127 3952 1258 4010 solis
1277 3962 1332 4009 et
1355 3955 1718 4012 commotione

137 4046 312 4106 terras,
365 4051 420 4096 et
463 4043 741 4114 apertione
795 4044 1202 4115 sepulcrorum,
1245 4061 1384 4102 unus
1431 4046 1718 4103 confestim

136 4131 505 4198 pmnitentiam
533 4135 726 4205 egerit,
761 4134 900 4192 alter
922 4150 1052 4193 vero
1077 4136 1135 4191 in
1155 4135 1492 4208 blasphemia
1535 4151 1718 4208 perse-

137 4227 348 4280 verarit.

204 4334 220 4366 ι
253 4315 296 4368 Α
340 4325 493 4371 sexta
519 4326 701 4372 autem
729 4316 860 4373 hora
912 4317 1156 4374 tenebrae
1203 4317 1359 4374 factm
1387 4326 1512 4374 sunt
1554 4333 1718 4389 super

143 4424 159 4456 ι
201 4409 504 4463 universam
563 4420 796 4477 terram,
856 4426 1026 4480 usque
1077 4411 1145 4467 ad
1194 4412 1386 4467 horam
1436 4427 1657 4467 nonam.
1692 4432 1712 4465 ι

139 4495 293 4555 Sexta
334 4501 462 4556 hora
493 4502 753 4558 Dominus
791 4503 1084 4558 cruciﬁxus
1120 4512 1226 4570 est,
1275 4505 1570 4560 secundum
1604 4514 1715 4560 tres

138 4591 499 4660 evangelistas.
531 4591 664 4646 Nam
710 4594 855 4662 quod
883 4592 1098 4649 Marcus
1127 4593 1412 4651 conﬁrmat
1451 4611 1574 4651 eum
1600 4606 1712 4651 ter-

140 4683 200 4737 tia
234 4685 364 4738 hora
392 4699 512 4739 esse
546 4683 886 4752 cruciﬁxum,
930 4686 996 4740 ad
1025 4700 1184 4740 voces
1212 4683 1520 4742 Judaeorum
1545 4687 1713 4743 debe-

142 4791 250 4832 mus
289 4777 590 4846 respicere,
636 4791 867 4846 quorum
913 4777 1138 4833 vocibus
1186 4777 1342 4832 tertia
1370 4778 1502 4833 hora
1537 4779 1715 4834 cruci-

140 4867 266 4924 ﬁxus
313 4878 412 4925 est.
462 4866 606 4924 Bene
632 4877 814 4924 autem
858 4869 1118 4926 Dominus
1146 4879 1300 4925 sexta
1350 4871 1484 4926 hora
1531 4871 1711 4928 cruci-

142 4958 267 5018 ﬁxus
317 4962 511 5035 legitur
539 5007 553 5030 ,
602 4968 859 5038 quoniam
901 4968 1090 5024 eadem
1138 4967 1271 5024 hora
1319 4967 1548 5040 legimus
1598 4969 1708 5039 pri-

141 5066 274 5108 mum
322 5055 595 5112 hominem
646 5059 699 5112 in
749 5059 1000 5129 paradiso
1045 5071 1336 5130 peccasse:
1389 5068 1444 5113 et
1489 5059 1710 5131 dignum

139 5157 244 5202 erat
282 5159 336 5202 ut
363 5164 461 5218 per
495 5151 797 5220 passionem
825 5149 947 5205 Filii
976 5150 1071 5206 Dei
1099 5148 1454 5206 eadem'hora
1483 5150 1711 5206 redime-

92 5235 96 5240 ’
140 5248 292 5291 retur.
315 5237 542 5306 Quidam
569 5247 771 5305 autem,
794 5241 1067 5296 contraria
1095 5240 1310 5295 veritati
1342 5240 1515 5295 sancti
1540 5239 1710 5297 Evan-

139 5331 247 5400 gelii
297 5332 674 5404 intelligentes,
729 5334 915 5389 dicunt
949 5336 1196 5390 naturale
1239 5335 1369 5392 solis
1409 5334 1707 5404 deliquium

141 5423 434 5494 contigisse,
492 5425 636 5494 quod
679 5441 784 5480 non
841 5425 1198 5496 intelligentes
1246 5427 1496 5497 apostoli,
1544 5443 1708 5500 super

141 5512 329 5569 Dontini
369 5517 676 5584 passionem
711 5517 1046 5586 interpretati
1068 5527 1210 5572 sunt.
1254 5519 1459 5585 Quibus
1483 5503 1705 5590 respon-

141 5607 348 5662 dendum
410 5618 512 5672 est,
565 5610 706 5680 quod
757 5610 1054 5680 deliquium
1099 5612 1228 5666 solis
1274 5629 1544 5682 nunquam
1598 5616 1700 5672 nisi

141 5699 290 5765 prima
334 5699 461 5755 luna
506 5702 620 5756 ﬁeri
669 5709 864 5772 potest.
912 5699 1135 5758 Constat
1177 5713 1356 5758 autem
1407 5704 1699 5763 festivitate

139 5793 376 5862 paschali,
425 5794 645 5864 quando
673 5794 967 5852 cruciﬁxus
1001 5803 1086 5851 est
1131 5796 1421 5865 Dominus,
1469 5799 1697 5866 plenilu-

1832 3331 1851 3361 σ
1897 3311 2057 3366 dabat
2091 3311 2140 3366 ei
2191 3310 2402 3364 bibere.
2436 3330 2454 3360 ι
2510 3309 2663 3375 Quod
2695 3316 2873 3372 erant,
2917 3309 3020 3364 hoc
3059 3307 3108 3362 ei
3158 3309 3415 3378 propina-

1824 3407 1976 3471 bant,
2017 3405 2144 3475 quia
2177 3403 2292 3473 jam
2324 3419 2354 3457 a
2381 3403 2508 3458 vino
2549 3403 3033 3473 degeneraverunt,
3065 3399 3120 3454 id
3148 3409 3283 3455 esta
3313 3398 3412 3453 bo-

1824 3498 1910 3552 nis
1933 3495 2185 3567 operibus
2223 3494 2656 3565 patriarcharum
2683 3500 2740 3546 et
2778 3490 3188 3563 prophetarum.
3240 3487 3414 3557 Spon-

1823 3590 1907 3659 gia
1965 3601 2259 3643 cavernosa
2306 3583 2578 3656 signiﬁcat
2631 3597 2726 3638 cor
2769 3581 3078 3639 Iudaeorum
3127 3579 3412 3636 malitiosis

1823 3677 2102 3733 fraudibus
2129 3676 2366 3748 plenum.
2422 3674 2702 3746 Hyssopus
2748 3681 2930 3729 autem
2977 3670 3146 3728 herba
3195 3671 3414 3727 humilis

1822 3780 1878 3827 et
1932 3779 2121 3842 pectus
2180 3783 2440 3840 purgans,
2501 3765 2858 3822 humilitatem
2894 3763 3095 3819 Christi
3143 3762 3406 3834 designat.

1821 3861 2071 3933 Hyssopo
2093 3855 2568 3915 circumdederunt
2602 3855 2902 3928 spongiam,
2937 3853 3194 3925 quoniam
3231 3853 3412 3908 humi-

1820 3951 2027 4009 litatem
2071 3951 2271 4007 Christi
2323 3947 2839 4005 circumdederunt:
2887 3954 2943 4002 et
2991 3945 3413 4002 circumvenisse

1821 4053 2165 4119 putaverunt,
2207 4058 2369 4114 quam
2409 4042 2573 4098 variis
2597 4040 2877 4098 fraudibus
2916 4038 3407 4096 circumdederunt.

1819 4139 2073 4196 Calamus
2094 4147 2274 4193 autem
2308 4137 2360 4192 in
2387 4151 2496 4207 quo
2538 4136 2713 4206 posita
2742 4143 2826 4190 est
2867 4134 3113 4206 spongia,
3143 4133 3413 4205 signiﬁcat

1822 4233 2156 4303 Scripturam
2186 4247 2308 4302 quae
2338 4231 2441 4286 hoc
2474 4229 2615 4285 facto
2640 4226 2982 4298 implebatur.

1897 4344 1916 4376 ι
1945 4323 2102 4379 Iesus
2141 4331 2322 4378 autem
2366 4321 2561 4376 iterum
2587 4320 2827 4375 clamans
2853 4334 2982 4375 voce
3007 4333 3226 4389 magna.
3269 4316 3407 4372 emi-

1825 4437 1844 4470 ι
1888 4417 1960 4473 sit
1983 4417 2252 4488 spiritum.
2291 4434 2310 4466 ι
2345 4414 2551 4469 Divina:
2577 4412 2866 4484 potestatis
2910 4410 3199 4475 indicium,
3245 4407 3407 4477 spiri-

1819 4516 1933 4563 tum
1975 4507 2243 4563 emisissc.
2293 4503 2463 4560 Nemo
2489 4503 2634 4558 enim
2663 4510 2842 4572 potest
2879 4500 3129 4571 spiritum
3156 4497 3410 4553 emittere

1821 4598 1925 4654 nisi
1957 4597 2182 4653 Creator
2207 4596 2450 4652 omnium
2476 4593 2760 4663 spirituum
2818 4588 3079 4660 Spiritum
3107 4594 3288 4642 autem
3308 4601 3408 4656 pro

1786 4702 1788 4704 '
1821 4692 2001 4746 anima
2027 4691 2222 4761 posuit,
2265 4688 2392 4758 quia
2431 4686 2610 4740 anima
2649 4684 2835 4753 utique
2872 4679 3168 4752 spiritualis
3212 4690 3404 4735 natura

1819 4795 1922 4848 est,
1973 4784 2112 4838 sicut
2160 4783 2213 4836 in
2254 4779 2471 4834 Psalmo
2507 4777 2776 4848 legimus:
2837 4793 2856 4827 ι
2884 4771 3114 4852 Auferes
3156 4771 3407 4845 spiritum

1819 4891 2032 4940 eorum,
2075 4883 2130 4930 et
2156 4872 2412 4929 deﬁcient
2437 4869 2612 4942 (Psal.
2643 4867 2783 4941 cut).
2819 4887 2837 4922 ι

1895 4993 1913 5024 ι
1953 4971 2021 5026 Ει
2057 4984 2182 5024 ecce
2207 4967 2385 5022 velum
2437 4966 2617 5036 ten'tpli
2673 4964 2904 5020 scissum
2931 4971 3015 5020 est
3041 4963 3097 5018 in
3124 4961 3260 5018 duas
3283 4977 3407 5032 par-

1826 5082 1847 5116 t
1895 5072 2050 5128 tes,a
2088 5074 2299 5116 summo
2343 5072 2513 5128 usque
2550 5057 2824 5112 deorsum.
2855 5074 2875 5108 ι
2921 5053 3036 5110 Duo
3081 5061 3237 5108 erant
3287 5053 3407 5109 vela

1820 5154 2047 5225 templi,
2095 5168 2260 5208 unum
2308 5150 2536 5205 interius
2577 5157 2703 5204 ante
2725 5161 2931 5214 arcam,
2980 5155 3035 5201 et
3065 5144 3208 5201 aliud
3249 5154 3404 5200 exte-

1817 5248 1933 5303 rius
1977 5256 2104 5302 ante
2147 5245 2339 5299 altare.
2393 5242 2617 5299 Videtur
2675 5256 2806 5313 ergo
2859 5240 3020 5294 beato
3081 5237 3408 5309 Hieronymo

1815 5339 1946 5396 illud
1974 5339 2212 5395 exterius
2258 5336 2435 5392 velum
2455 5335 2694 5390 'scissum
2719 5349 2858 5398 esse,
2888 5342 2947 5387 ut
2982 5339 3232 5402 paterent
3252 5328 3408 5384 nobis

1815 5442 2155 5489 sacramenta
2181 5429 2445 5496 coelestia,
2479 5445 2599 5499 quae
2642 5427 2696 5482 in
2734 5424 2918 5482 Veteri
2952 5424 3302 5480 Testamento
3330 5430 3409 5474 te-

1813 5525 2084 5580 nebantur
2113 5522 2345 5578 occulta.
2396 5521 2462 5575 Et
2505 5537 2607 5575 non
2635 5519 2807 5574 solum
2833 5519 3012 5573 velunt
3055 5513 3243 5584 templi
3273 5512 3410 5567 scis-

1813 5633 1930 5673 sutn
1955 5625 2060 5680 est,
2099 5617 2191 5671 sed
2217 5617 2382 5670 etiam
2411 5615 2639 5668 virtutes
2677 5611 3043 5680 angelicu'um
3076 5613 3407 5677 potestatum

1810 5708 1883 5763 ibi
1914 5709 2110 5762 audita:
2131 5717 2280 5769 sunt.
2311 5707 2639 5761 dicentium:
2677 5702 3042 5758 Transeamus
3062 5697 3230 5753 abhis
3252 5696 3405 5768 locis,

1807 5799 1892 5854 vel
1928 5799 2165 5855 sedibus.
2228 5821 2244 5851 ι
2277 5799 2341 5855 lit
2378 5808 2519 5853 terra
2569 5803 2712 5851 mota
2744 5801 2852 5862 est,
2897 5801 2954 5849 et
3002 5799 3167 5863 petra:
3222 5787 3407 5846 scissa:
