3934 6346
568 304 679 365 379

1213 304 1569 362 numerus
1604 299 2088 360 HALBERSTAT.
2122 260 2334 355 arise.
2379 299 2528 355 OPP.
2571 299 2750 355 rans
2791 302 2850 355 ιι.
2880 332 2950 342 -
2987 300 3222 359 noun.

3794 304 3881 359 38!]

573 444 593 481 ι
628 435 773 484 sunt.
810 447 831 480 ι
876 425 1037 483 Juxta
1065 424 1302 480 litteram
1337 422 1632 479 commotio
1678 429 1838 476 terra:
1883 414 1938 473 et
1983 426 2163 487 petra-
2189 418 2238 473 Α
2265 420 2368 469 set.
2395 414 2646 486 Jungitur
2671 422 2849 470 autem
2884 415 3094 485 justitia
3146 430 3266 469 cum
3291 415 3542 484 potentia
3566 455 3585 480 ,
3627 425 3699 468 ut
3726 416 3881 487 imps-

568 528 692 577 rum
714 520 924 585 seissio,
966 520 1229 573 terrorem
1266 522 1645 593 creaturarum
1695 512 2006 583 significat,
2050 527 2158 567 non

569 609 958 667 sustinentium
1012 616 1245 662 mortem
1289 605 1511 661 Domini
1566 606 1671 662 sui.
1704 603 1813 661 Sed
1839 604 1882 661 si
1911 603 2161 660 altiorem

568 699 982 771 intelligentiam
1037 697 1111 752 ibi
1167 696 1510 767 requiramus
1536 738 1551 764 ,
1601 712 1699 768 per
1743 694 2163 752 commotionem

570 784 730 847 terra:
757 799 813 846 et
850 789 1167 846 scissionem
1203 798 1481 860 petrarum
1506 829 1522 848 .
1566 788 1941 861 significantur
1992 797 2163 843 terre-

570 898 758 939 norum
818 882 981 939 corda
1046 881 1327 937 hominum
1382 881 1452 937 ad
1502 881 1875 953 paenitentiam
1917 894 2161 937 commo—

566 973 759 1029 venda.

645 1084 661 1117 σ
696 1063 765 1120 Et
794 1063 964 1119 multa
1005 1079 1239 1134 corpora
1267 1073 1602 1129 sanctorum,
1633 1078 1754 1134 quae
1799 1065 2160 1130 dormierant,

567 1179 589 1212 ι
637 1166 1015 1214 surrexerunt.
1049 1178 1069 1211 ι
1105 1157 1259 1213 Sicut
1279 1158 1521 1213 Lazarus
1547 1157 1843 1213 suscitatus
1866 1167 1967 1222 est,
2005 1158 2077 1212 ita
2108 1164 2165 1212 et

563 1252 655 1308 isti
685 1252 934 1308 suscitati
980 1260 1127 1309 sunt.
1154 1260 1215 1305 ut
1260 1252 1487 1306 Domino
1520 1251 1826 1321 resurgenti
1853 1250 2163 1307 testimonia

562 1340 937 1413 perhiberent.
969 1339 1124 1396 Licet
1167 1342 1311 1396 enim
1342 1342 1568 1396 Domino
1614 1342 1884 1409 pendente
1920 1341 1974 1395 in
2002 1355 2163 1396 cruce

562 1443 915 1489 monumenta
941 1441 1127 1503 aperta
1162 1441 1306 1492 sunt,
1358 1440 1487 1487 tunc
1517 1447 1677 1487 nemo
1700 1424 1913 1487 illorum
1945 1440 2164 1487 sancto-

563 1540 685 1579 rum
735 1526 995 1589 surrexit,
1037 1538 1208 1593 usque
1250 1539 1356 1592 quo
1404 1521 1667 1576 Dominus
1711 1532 2053 1592 resurgeret,
2102 1530 2161 1577 ut

566 1614 685 1684 ipse
713 1622 859 1669 esset
884 1613 1278 1683 primogenitus
1315 1629 1383 1667 ex
1410 1613 1662 1668 mortuis.

642 1722 661 1756 ι
699 1705 975 1761 Venerunt
1005 1706 1058 1759 in
1079 1714 1321 1760 sanetam
1351 1706 1645 1761 civitatem.
1682 1724 1701 1757 ι
1745 1705 2003 1762 Sanctam
2027 1706 2158 1762 civi-

567 1806 732 1852 tatem
779 1797 1012 1868 appellat
1055 1796 1389 1863 Jerusalem,
1450 1812 1558 1853 non
1610 1798 1754 1868 quod
1806 1805 1934 1853 tunc
1969 1807 2156 1853 sancta

561 1901 729 1957 esset,
769 1892 862 1947 sed
889 1891 1013 1961 quia
1062 1890 1190 1946 olim
1217 1898 1403 1945 sancta
1451 1888 1642 1945 fuisset
1686 1897 1909 1960 propter
1950 1888 2156 1945 cultum

561 1984 723 2038 unius
752 1983 864 2043 Dei,
898 1982 1115 2038 nomine
1142 1982 1353 2037 scilicet
1380 1981 1611 2051 pristino
1632 1991 2007 2051 permanente.
2042 2001 2061 2033 ι
2090 1982 2157 2036 Et

565 2095 586 2129 ε
629 2085 997 2147 apparuerunt
1026 2077 1231 2131 multis.
1269 2094 1289 2127 ι
1317 2073 1432 2131 Non
1457 2076 1730 2143 omnibus,
1753 2076 1851 2132 sed
1885 2075 1991 2131 illis
2018 2076 2158 2145 dun:-

560 2177 714 2223 taxat
753 2170 844 2239 qui
876 2169 1020 2239 digni
1053 2168 1275 2223 fuerunt
1300 2183 1488 2224 eorum
1516 2168 1746 2225 visione.

637 2280 655 2312 ι
693 2260 954 2317 Centurio
980 2269 1182 2326 autem,
1213 2271 1270 2316 et
1313 2261 1402 2331 qui
1434 2272 1557 2316 cum
1605 2261 1723 2331 ipso
1766 2270 1943 2326 erant,
1974 2266 2157 2317 custo-

560 2371 585 2405 ι
630 2353 841 2408 dientes
891 2351 1099 2419 Jesum,
1148 2354 1265 2408 viso
1312 2362 1640 2417 terraemotu,
1699 2361 1755 2408 et
1798 2353 1885 2409 his
1912 2369 2033 2422 quae
2061 2352 2155 2408 fie-

562 2463 583 2497 ι
627 2444 777 2510 bant,
813 2445 1110 2501 timuerunt
1134 2446 1311 2510 valde,
1341 2445 1622 2500 dicentes:
1670 2444 1810 2499 Vere
1841 2444 2011 2499 Filius
2059 2442 2152 2499 Dei

550 2550 583 2589 λ(
636 2544 756 2593 erat
779 2537 904 2592 iste.
934 2555 954 2589 ι
1011 2535 1067 2591 ln
1110 2538 1213 2594 fide
1240 2537 1593 2599 centurionis,
1650 2538 1740 2607 qui
1771 2536 1987 2606 gentilis
2012 2541 2149 2597 erat,

554 2628 691 2684 fides
718 2628 960 2684 omnium
997 2630 1237 2699 gentium
1289 2629 1625 2700 designatur.
1676 2626 1942 2685 Credente
1971 2635 2151 2682 autem

560 2720 902 2784 centurione,
955 2719 1125 2776 Judaei
1158 2734 1262 2774 non
1294 2721 1467 2776 solum
1499 2736 1606 2775 non
1632 2720 2001 2782 crediderunt,
2053 2720 2150 2775 sed

555 2810 719 2865 etiam
764 2810 1104 2865 timuerunt:
1159 2812 1313 2879 quia,
1350 2810 1599 2882 gentibus
1651 2810 1927 2865 Christum
1980 2810 2152 2867 susci-

550 2901 848 2973 pientibus,
875 2900 1045 2958 Judrei
1079 2903 1132 2957 in
1150 2918 1244 2958 sua
1265 2902 1488 2972 perfidia
1522 2910 1926 2956 remanserunt.

631 3011 651 3043 ί
686 2992 854 3048 Erant
882 3002 1061 3049 autem
1112 2994 1186 3049 ibi
1226 2992 1485 3049 mulieres
1532 2992 1713 3046 multae
1743 3008 1772 3045 a
1804 2992 1977 3062 longe.
2030 3007 2152 3062 qua:

561 3104 579 3136 ι
631 3094 830 3140 secutae
860 3094 1017 3141 erant
1056 3084 1240 3140 Jesum
1271 3100 1299 3138 a
1329 3084 1549 3140 Galihea
1599 3084 1971 3138 ministrantes
2016 3084 2085 3138 ci.
2122 3103 2143 3157 ρ

553 3173 900 3231 Consuetudo
927 3185 1045 3230 erat
1091 3174 1233 3246 apud
1258 3173 1496 3241 Judaeos,
1552 3188 1652 3229 nec
1686 3173 2036 3242 reputabatur
2086 3171 2152 3226 a‘d

555 3266 800 3337 culpam,
839 3266 885 3322 si
916 3266 1172 3322 mulieres
1218 3265 1484 3338 religiosae
1529 3269 1905 3326 ministrarent
1946 3283 2149 3341 praece-

551 3359 801 3428 ptoribus
824 3359 937 3415 suis
964 3359 1031 3415 de
1057 3358 1359 3415 substantia
1383 3374 1498 3415 sua.
1524 3359 1677 3428 Quod
1703 3360 1901 3416 Paulus
1932 3371 2151 3431 aposto-

554 3453 659 3517 lus,
685 3467 754 3507 ne
783 3452 1097 3508 scandalum
1116 3454 1369 3524 gentibus
1395 3453 1619 3518 faceret,
1650 3455 1862 3521 vitavit,
1888 3456 2119 3529 dicendo
2134 3472 2149 3509 :

559 3563 577 3597 ι
618 3542 869 3616 Nunquid
908 3554 1231 3616 potestatem
1276 3564 1382 3604 non
1410 3549 1672 3605 habemus
1712 3549 2151 3606 circumducendi

554 3648 773 3690 sorores
793 3645 1009 3692 nostras
1034 3636 1087 3707 (ι
1111 3636 1236 3692 Cur.
1258 3638 1336 3710 ix)
1357 3638 1380 3692 ?
1401 3657 1421 3689 ι
1454 3638 1548 3693 lla:
1570 3654 1700 3709 ergo
1726 3638 2005 3702 mulieres,
2034 3653 2155 3707 qua:

551 3725 756 3780 viventi
789 3725 1018 3781 Domino
1040 3729 1509 3791 ministraveraut,
1549 3729 1714 3783 etiam
1739 3728 1807 3784 ad
1842 3730 2151 3799 passionem

555 3815 937 3882 procedentem
968 3818 1358 3886 sequebantur,
1394 3826 1454 3872 ut
1480 3819 1567 3873 cui
1589 3818 1793 3874 viventi
1815 3818 2144 3886 servierant,

555 3904 719 3958 etiam
748 3913 963 3960 mortuo
990 3908 1437 3976 obsequerentur.

632 4015 652 4050 ι
683 3998 831 4053 Inter
850 4010 986 4070 quas
1006 4010 1130 4056 erat
1150 4000 1317 4056 Maria
1341 4000 1674 4073 Magdalene.
1699 4022 1717 4055 ι
1755 4001 1921 4059 Maria
1943 4002 2145 4076 Magda-

555 4088 677 4148 lene
701 4093 815 4164 ipsa
845 4102 947 4158 est,
979 4094 1048 4149 de
1078 4108 1188 4164 qua
1221 4095 1479 4152 Dominus
1505 4107 1713 4166 septem
1748 4098 2013 4154 daemonia
2042 4099 2154 4170 eje-

556 4192 730 4240 cerat.
782 4185 937 4241 Dicta
983 4195 1164 4244 autem
1206 4186 1518 4259 Magdalene
1557 4203 1587 4242 a
1618 4188 1864 4262 Magdalo
1904 4190 2149 4258 castello,

561 4292 581 4326 ι
609 4283 665 4329 et
691 4275 858 4332 Maria
878 4275 1087 4333 Jacobi.
1117 4297 1138 4332 ι
1173 4277 1345 4334 Mater
1368 4279 1618 4336 videlicet
1639 4278 1825 4337 Jacobi
1849 4289 1905 4336 et
1927 4280 2148 4355 Joseph,

554 4367 649 4438 qui
672 4368 727 4425 in
762 4368 1057 4441 Evangelio
1089 4369 1289 4426 fratres
1344 4371 1556 4428 Domini
1607 4372 1964 4442 appellantur.
2023 4372 2152 4429 Hcce

554 4450 724 4516 Maria
748 4458 1087 4518 fuit-Domini
1116 4472 1429 4523 matertera.

626 4571 648 4607 ι
680 4554 816 4610 Cum
853 4568 977 4612 sero
1027 4563 1207 4611 autem
1255 4556 1458 4611 factum
1506 4564 1688 4619 esset,
1731 4555 1883 4611 venit
1924 4555 2143 4625 quidam

556 4663 577 4698 ι
623 4646 787 4703 homo
815 4646 967 4704 dives
992 4647 1061 4703 ab
1086 4647 1391 4702 Arimathia
1410 4687 1427 4714 ,
1458 4647 1675 4703 nomine
1720 4644 1939 4717 Joseph,
1967 4646 2059 4716 qui
2090 4652 2145 4702 et

557 4754 578 4789 ι
625 4738 741 4808 ipse
794 4734 1091 4810 discipulus
1129 4749 1250 4795 erat
1284 4738 1433 4795 Jesu.
1485 4738 1584 4795 ilic
1609 4738 1838 4794 accessit
1882 4740 1950 4796 ad
1995 4738 2141 4796 Pila-

558 4849 578 4883 ι
622 4838 758 4897 tum,
789 4839 845 4886 et
890 4830 1048 4903 petiit
1077 4847 1276 4902 corpus
1319 4829 1465 4887 Jesu.
1507 4851 1526 4885 ι
1577 4831 1879 4887 Arimathia
1910 4832 2024 4904 ipsa
2055 4842 2140 4889 est

553 4927 923 4995 Ramathaim,
946 4928 1143 4984 civitas
1167 4928 1418 4983 videlicet
1446 4927 1658 4983 Elcaute
1676 4938 1733 4984 et
1756 4928 1945 4984 Annae.
1978 4929 2139 4997 Dives

557 5026 738 5074 autem
764 5016 960 5090 Joseph
1006 5018 1222 5084 dicitur,
1253 5034 1361 5075 non
1405 5019 1476 5074 ob
1491 5017 1808 5089 iactantiam
1834 5020 2137 5091 scriptoris,

555 5119 617 5166 ut
663 5111 922 5166 Dominus
957 5110 1179 5166 divitem
1226 5110 1545 5182 discipulum
1588 5112 1788 5169 habere
1847 5112 2138 5178 videretur,

556 5202 653 5258 sed
681 5209 741 5256 ut
775 5203 1120 5270 ostendatur,
1149 5204 1273 5275 quia
1295 5203 1454 5260 aliter
1481 5220 1513 5259 a
1536 5203 1793 5274 przefecto
1819 5218 2014 5273 corpus
2040 5203 2143 5259 Do-

557 5294 692 5350 mini
738 5308 843 5349 non
871 5303 1083 5365 poterat
1106 5296 1426 5368 impetrare,
1471 5296 1575 5352 nisi
1601 5296 1750 5353 dives
1778 5307 1940 5351 esset.
1994 5294 2144 5350 Tunc

502 5400 507 5409 '
557 5385 701 5442 enim
733 5388 994 5457 temporis
1034 5389 1234 5444 nemini
1274 5389 1502 5455 licebat,
1538 5388 1643 5443 nisi
1672 5387 1876 5458 potenti
1908 5396 1963 5442 et
1992 5387 2146 5443 diviti

500 5490 507 5493 ·
558 5477 622 5532 ad
666 5479 947 5549 praesidem
987 5478 1211 5536 intrare.
1263 5480 1425 5536 Dives
1469 5480 1707 5546 etenim,
1738 5488 1792 5534 et
1830 5496 1936 5536 non
1971 5480 2147 5534 minus

550 5570 729 5643 justus
753 5576 968 5633 dicitur.
1005 5576 1063 5633 Si
1092 5579 1237 5634 enim
1274 5578 1424 5633 dives
1464 5591 1569 5630 non
1601 5584 1781 5641 esset,
1822 5592 2017 5645 corpus
2040 5573 2146 5627 Do-

556 5665 687 5721 mini
718 5667 1012 5741 impetrare
1034 5685 1141 5725 non
1165 5669 1447 5739 potuisset.
1498 5667 1554 5723 Si
1604 5681 1785 5723 autent
1811 5668 1987 5736 justus
2038 5681 2146 5721 non

556 5771 720 5833 esset,
770 5777 1110 5840 nequaquam
1138 5763 1330 5838 dignus
1361 5762 1638 5817 Dominica
1688 5762 1963 5835 sepultura
2011 5763 2145 5820 fuis-

2267 513 2374 561 tret
2399 520 2595 576 corpus
2618 504 2845 562 Christi.

2342 617 2361 651 ι
2394 598 2463 653 Et
2495 606 2717 670 accepto
2745 613 2975 669 corpore
2996 596 3220 664 Christi,
3254 595 3451 670 Josepb
3481 596 3747 653 involvit
3774 600 3877 657 illud

2266 690 2320 747 in
2350 691 2576 747 sindone
2600 690 2819 746 munda.
2851 710 2872 744 ι
2920 689 3001 745 Ex
3048 686 3277 761 simplici
3311 688 3616 760 sepultura
3660 688 3873 753 Domini,

2264 783 2657 841 condemnatur
2684 780 2910 836 ambitio
2940 780 3190 847 divitum,
3225 781 3317 851 qui
3345 796 3537 851 neque
3583 782 3645 834 in
3683 782 3872 835 tumuli

2265 874 2482 947 quidem
2507 883 2728 947 possunt
2755 888 2945 929 carere
2975 873 3197 955 divitiis.
3248 872 3313 928 Et
3353 888 3422 928 ex
3448 872 3570 928 hoc
3602 888 3871 942 pessumis

2265 966 2584 1036 simpliciter
2617 965 2939 1038 intelligere,
2967 965 3109 1035 quod
3139 966 3279 1021 sicut
3304 981 3512 1036 corpus
3546 964 3775 1021 Domini
3800 966 3871 1021 lia-

2267 1066 2353 1113 teo
2376 1072 2510 1129 puro
2540 1056 2839 1113 involutum
2888 1056 2988 1111 fuit
3041 1057 3093 1111 in
3126 1066 3506 1123 monumento,
3578 1058 3665 1111 ita
3696 1069 3867 1129 myste-

2263 1152 2403 1207 rium
2435 1152 2607 1207 sancti
2631 1151 2818 1206 altaris
2847 1167 2954 1206 non
2987 1150 3113 1206 licet
3160 1151 3213 1205 in
3244 1153 3441 1221 pannis
3480 1154 3560 1207 de
3595 1168 3741 1205 aure
3769 1162 3861 1207 tex-

2264 1241 2333 1297 tis
2361 1242 2642 1307 celebrari,
2668 1243 2759 1297 sed
2794 1243 2845 1297 in
2870 1242 3074 1297 munda
3101 1242 3350 1297 sindone.
3378 1242 3495 1298 Per
3528 1244 3864 1315 significatio-

2264 1350 2387 1389 nem
2412 1334 2554 1390 enim
2585 1334 2671 1389 ille
2698 1332 2878 1389 Jesum
2920 1334 2972 1388 in
3000 1334 3199 1389 munda
3226 1335 3462 1389 sindone
3498 1335 3765 1397 involvit,
3789 1338 3856 1405 qui

2263 1439 2663 1483 sacramentum
2690 1428 2830 1483 illius
2857 1443 2990 1497 pura
3024 1437 3202 1483 mente
3233 1428 3487 1499 suscipit.

2340 1537 2358 1571 ι
2410 1518 2476 1572 Et
2523 1519 2703 1589 posuit
2733 1519 2787 1574 in
2838 1529 3188 1575 monumento
3218 1537 3316 1575 suo
3346 1535 3499 1574 novo
3552 1519 3709 1589 quod
3740 1518 3853 1574 exci-

2268 1632 2286 1663 ι
2333 1612 2487 1666 derat
2511 1610 2563 1664 iu
2587 1619 2758 1681 petra.
2798 1630 2816 1661 ι
2848 1611 2991 1668 Bene
3030 1612 3084 1667 in
3119 1618 3473 1666 monumento
3508 1626 3667 1665 novo
3700 1611 3846 1665 Domi-

2262 1717 2364 1757 nus
2384 1700 2623 1772 ponitur,
2652 1708 2707 1755 et
2742 1717 2849 1756 non
2896 1701 2948 1755 in
2979 1701 3169 1766 veteri,
3197 1719 3264 1758 ne
3292 1698 3515 1758 scilicet
3564 1703 3697 1757 aliis
3718 1718 3851 1757 rema-

2187 1775 2234 1836 Β
2264 1794 2537 1859 nentibus,
2586 1792 2817 1849 Domino
2862 1777 3195 1863 resurgentia,
3245 1794 3379 1849 alios
3406 1796 3736 1849 surrexisse
3775 1795 3848 1848 tin-

2260 1900 2409 1963 gant.
2476 1892 2553 1948 De
2599 1899 2953 1949 monumento
2996 1889 3217 1954 ferunt,
3267 1890 3358 1960 qui
3407 1888 3556 1945 illud
3614 1890 3843 1951 viderunt,

2261 1984 2404 2056 quod
2433 1985 2505 2041 sit
2528 1987 2721 2041 domus
2748 1983 2999 2049 rotunda,
3030 1983 3211 2039 excisa
3237 1983 3303 2038 de
3325 1983 3665 2053 suhjaccnte
3709 1999 3842 2052 rupe:

2257 2086 2315 2135 et
2368 2086 2533 2133 tanta:
2580 2077 2907 2144 altitudinis,
2957 2085 3017 2132 ut
3064 2076 3155 2148 qui
3212 2075 3357 2130 intus
3409 2074 3614 2138 fuerit,
3670 2086 3842 2129 extenta

2257 2184 2421 2226 manu
2452 2183 2708 2224 cacumen
2754 2166 2898 2222 illius
2942 2176 3164 2240 tangere
3202 2165 3393 2238 possit.
3427 2165 3668 2221 Habens
3711 2166 3842 2221 intru-

2258 2261 2393 2317 itum
2423 2260 2492 2316 ab
2513 2258 2763 2317 orientali
2791 2266 2963 2330 parte,
2993 2260 3080 2314 cui
3108 2258 3246 2330 lapis
3276 2259 3363 2315 ille
3389 2274 3641 2332 magnus

2257 2360 2344 2408 tus
2374 2360 2477 2408 est.
2516 2351 2574 2406 ln
2616 2351 2768 2422 cujus
2792 2350 3095 2421 aquilonari
3124 2360 3278 2421 parte
3308 2367 3517 2422 corpus
3550 2353 3755 2408 Domini
3773 2347 3840 2419 ja-

2257 2444 2389 2507 euit,
2437 2444 2640 2500 habens
2676 2452 2880 2513 septem
2938 2442 3023 2499 vel
3052 2452 3176 2499 octo
3221 2445 3418 2515 pedum
3471 2444 3837 2517 longitudinem

2259 2536 2424 2591 trium
2460 2535 2761 2606 palmarqu
2788 2536 3033 2591 eminens
3063 2552 3091 2590 a
3127 2546 3323 2591 czetero
3354 2537 3697 2608 pavimento.
3738 2537 3839 2590 Erat

2258 2636 2441 2682 autem
2475 2626 2624 2681 rubri
2672 2635 2725 2682 et
2771 2627 2984 2682 candidi
3034 2626 3230 2683 coloris
3278 2625 3659 2698 hujuscemodi
3705 2627 3840 2698 lapis,

2256 2718 2399 2789 quod
2424 2734 2668 2787 personce
2699 2717 3001 2774 Salvatoris
3032 2720 3311 2791 aptissime
3346 2723 3610 2787 convenit,
3641 2722 3732 2776 cui
3759 2722 3843 2775 Ec-

2257 2809 2422 2865 clesia
2449 2810 2502 2864 in
2530 2808 2758 2866 Cantico
2790 2813 2990 2867 amoris
3013 2811 3141 2867 dicit
3165 2831 3177 2865 :
3237 2834 3255 2865 ί
3292 2813 3511 2868 Dilectus
3532 2828 3685 2867 meus
3711 2830 3848 2867 can-

2254 2900 2413 2955 dides
2456 2907 2511 2955 et
2556 2900 2888 2955 rubicundus
2917 2902 3094 2967 (Cant.
3130 2909 3203 2976 v).
3257 2925 3276 2957 ι
3308 2903 3574 2960 Candidus
3619 2904 3840 2969 scilicet,

2253 2992 2379 3061 quia
2408 3000 2691 3060 peccatum
2720 3007 2825 3047 non
2857 2990 3013 3047 fecit:
3067 2996 3419 3061 rubicundus,
3456 2997 3581 3068 quia
3623 3000 3837 3069 propri:

2259 3080 2527 3154 passionis
2555 3097 2751 3137 cruore
2790 3098 3069 3154 respersus
3103 3094 3207 3140 est.
3256 3106 3275 3138 «
3306 3086 3374 3142 Εῑ
3401 3087 3641 3145 advolvit
3668 3104 3835 3145 saxum

2266 3189 2283 3221 ι
2328 3187 2581 3241 maguum
2615 3172 2681 3227 ad
2708 3172 2906 3227 ostium
2936 3178 3296 3244 monumenti,
3324 3184 3378 3233 et
3409 3178 3569 3233 abiit.
3610 3200 3628 3232 ›
3673 3179 3832 3234 Divina

2257 3261 2594 3333 providentia
2638 3250 2818 3317 actum
2849 3272 2953 3330 est,
2990 3274 3049 3319 ut
3079 3282 3333 3339 magnum
3365 3283 3565 3323 saxum
3613 3268 3833 3325 advolve-

2258 3354 2367 3408 rint
2386 3354 2453 3407 ad
2476 3354 2673 3409 ostium
2702 3356 3054 3422 monumenti,
3080 3374 3147 3412 ne
3168 3358 3212 3413 si
3247 3361 3524 3415 modicum
3555 3361 3832 3417 advolvere-

2257 3452 2363 3509 tur,
2394 3443 2719 3500 calumniam
2769 3454 3041 3503 struerent
3079 3449 3272 3506 scriba:
3295 3460 3347 3507 et
3384 3450 3675 3519 Pharis'ei,
3717 3453 3828 3525 quod

2257 3529 2405 3591 furto
2457 3535 2745 3590 mulierum
2792 3536 2876 3593 vel
2921 3537 3307 3611 discipulorum
3347 3542 3627 3600 sublatum
3676 3545 3831 3599 fuisset

2256 3641 2457 3697 corpus
2481 3626 2633 3683 Jesu.

2334 3736 2353 3768 ι
2390 3717 2521 3773 Erat
2570 3728 2748 3775 autem
2781 3719 2852 3774 ibi
2880 3719 3047 3775 Maria
3086 3721 3421 3793 Magdalene,
3460 3742 3481 3776 ι
3512 3734 3625 3781 etc.
3652 3726 3829 3782 Sancta

2256 3807 2514 3864 mulieres
2569 3808 2659 3879 qui
2712 3809 2998 3865 Dominum
3047 3813 3251 3867 arctius
3295 3826 3644 3883 nutaverant,
3696 3818 3826 3871 etiam

2254 3899 2575 3956 morientem
2606 3918 2779 3973 usque
2806 3901 2968 3959 funus
2994 3905 3296 3961 subsecuta:
3328 3916 3478 3962 sunt.

2334 4013 2350 4045 ι
2387 3993 2570 4048 Altera
2624 4006 2802 4052 autem
2853 3996 2981 4063 die,
3034 4014 3153 4068 quae
3206 4007 3287 4052 est
3323 4008 3445 4069 post
3498 4016 3825 4071 parascevea.

2261 4106 2279 4139 ι
2329 4096 2699 4142 convenerunt
2748 4089 3023 4160 principes
3049 4091 3390 4145 sacerdotum
3417 4099 3468 4147 ct
3500 4091 3755 4149 Pharisaei
3779 4093 3829 4145 ad

2262 4197 2281 4229 ι
2323 4175 2575 4231 Pilatum.
2622 4198 2640 4230 ι
2685 4177 2865 4234 Altera
2896 4190 3075 4236 autem
3123 4182 3229 4246 die,
3268 4181 3319 4236 id
3358 4192 3459 4248 est,
3512 4185 3606 4241 die
3633 4185 3828 4241 sabbati.

2257 4269 2535 4340 Siquidem
2580 4281 2732 4327 sexta
2777 4271 2911 4328 feria
2946 4268 3205 4330 Dominus
3251 4275 3556 4334 crucifixus
3612 4290 3712 4345 est,
3735 4278 3829 4332 sab-

2255 4362 2380 4417 bato
2410 4361 2613 4433 quievit
2637 4362 2688 4416 in
2718 4362 2991 4437 sepulcro,
3033 4372 3247 4430 octavo,
3277 4366 3365 4435 qui
3397 4375 3478 4421 est
3513 4370 3741 4439 primus,
3767 4384 3828 4421 re-

2255 4455 2513 4509 surrexit.
2547 4454 2611 4509 Et
2637 4453 2863 4526 pulchro
2893 4450 3103 4517 ordine,
3137 4458 3260 4528 quia
3293 4458 3455 4513 homo
3478 4472 3645 4515 sexta
3669 4462 3747 4516 die
3771 4459 3829 4513 ia.

2255 4556 2375 4603 ctus
2401 4557 2505 4614 est,
2536 4558 2590 4603 et
2633 4548 2774 4604 Deus
2801 4550 3030 4621 septimo
3078 4551 3342 4621 requievit
3389 4550 3477 4605 die
3508 4552 3584 4607 ab
3608 4553 3828 4608 omnibus

2253 4645 2508 4717 Operibus
2544 4645 2676 4712 suis,
2731 4644 2953 4718 pulchra
2981 4647 3188 4701 ratione
3219 4646 3480 4701 Dominus
3534 4656 3691 4702 sexta
3720 4644 3823 4701 ieris

2250 4752 2420 4809 genus
2443 4736 2737 4795 humanum
2788 4754 2882 4793 sua
2915 4722 3164 4809 passione
3213 4737 3473 4806 redemit,
3537 4740 3823 4796 sabbatoin

2248 4831 2497 4902 sepulcro
2528 4832 2748 4902 quievit,
2796 4841 2988 4888 octavo
3019 4830 3106 4888 die
3136 4835 3457 4888 resurrexit.
3490 4833 3655 4902 Quod
3690 4835 3823 4889 etiam

2244 4941 2346 4998 pro
2366 4936 2551 4982 nostra
2582 4925 2755 4982 salute
2794 4935 3009 4983 constat
3039 4942 3160 4983 esse
3202 4936 3401 4982 actum.
3437 4925 3723 4998 Siquidem
3750 4941 3825 4989 ne!

2248 5033 2344 5074 sex
2369 5016 2550 5073 smculi
2582 5026 2773 5072 aetates
2799 5033 2922 5072 cum
2947 5016 3172 5074 Domino
3202 5020 3457 5088 patimur,
3491 5020 3725 5091 septima
3752 5034 3823 5071 ate

2204 5170 2211 5177 ,
2250 5119 2382 5175 tem,
2409 5125 2528 5178 qua:
2559 5124 2700 5165 nunc
2739 5118 2843 5175 est,
2880 5117 3000 5178 post
3026 5110 3235 5165 Domini
3258 5111 3555 5165 adventum
3582 5112 3634 5167 in
3666 5111 3822 5166 aniuu

2250 5220 2372 5262 cum
2415 5205 2644 5262 Domino
2676 5205 3088 5278 requiescimus,
3118 5215 3493 5277 exspectantes
3516 5207 3665 5263 diem
3694 5214 3824 5261 orta-

2252 5314 2401 5369 vumI
2425 5309 2481 5356 et
2506 5301 2956 5357 resurrectionem
2980 5299 3308 5372 generalem,
3335 5307 3415 5364 ut,
3446 5302 3688 5370 receptis
3720 5314 3825 5354 cur-

2253 5393 2496 5462 poribus,
2544 5392 2712 5447 simus
2760 5389 3095 5447 immortales
3127 5391 3181 5445 in
3225 5406 3453 5462 corpore
3494 5401 3552 5446 et
3594 5393 3823 5448 incorru-

2249 5482 2467 5553 ptibiles
2491 5481 2543 5536 in
2578 5492 2781 5537 mente.

2328 5596 2345 5628 ι
2382 5575 2649 5642 Domine,
2694 5574 2959 5631 recordati
3010 5590 3195 5630 sumus
3248 5574 3377 5643 quia
3450 5577 3710 5631 seductor
3749 5572 3824 5629 ille

2255 5691 2272 5723 ι
2308 5671 2444 5725 dixit
2471 5671 2649 5725 adhuc
2681 5671 2899 5727 vivens:
2933 5669 3064 5725 Post
3090 5680 3203 5725 tres
3235 5669 3349 5725 dies
3380 5684 3685 5743 resurgam.
3719 5691 3738 5723 ι
3770 5667 3826 5724 Et

2248 5763 2464 5821 nomine
2495 5763 2793 5819 seductoris
2822 5770 2877 5818 et
2914 5760 3070 5829 furis,
3094 5760 3222 5818 licet
3250 5754 3521 5830 nolentes,
3547 5762 3824 5819 veritatem
