3934 6346
23 262 56 314 ;Ι
1225 253 1525 310 HOMILIIE
1566 254 1576 308 1

1700 247 2039 304 ΤΕΜΡΟΒΕ.
3149 240 3253 296 582

24 379 276 442 quuntur
299 369 488 426 Judaéi.
524 369 789 426 Seductor
816 377 1101 424 autemest
1137 367 1416 429 Dominus,
1460 378 1563 418 non
1595 351 1640 424 Ᾱ
1672 359 1829 412 ﬁdem
1875 373 2041 412 sacrze
2085 356 2362 422 histoiize,
2405 353 2617 411 venisse
2642 354 2754 424 jam
2799 353 3012 424 legitur.
3049 351 3260 408 Habent

23 464 267 518 veritate
291 462 360 517 ad
384 459 697 524 falsitatem,
720 478 748 515 a
773 464 912 516 bono
937 461 1002 514 ad
1029 461 1225 514 malum
1251 477 1263 510 :
1293 459 1386 512 sed
1407 472 1566 511 econ-
1669 463 1881 519 quoque
1915 457 2025 501 tres
2070 455 2283 516 partes,
2316 446 2368 500 id
2412 454 2494 501 es!
2531 460 2696 501 unum
2715 485 2729 509 9
2760 443 2897 507 duo,
2925 453 2980 498 θι
3009 447 3121 498 "es
3142 483 3158 506 ν
3191 457 3261 497 εἰ

23 556 141 610 ario
178 555 254 609 ab
301 555 584 624 iniquitate
612 554 678 608 ad
703 553 998 624 justitiam.
1039 552 1209 606 Fures
1234 561 1412 604 autem
1440 564 1568 619 apo-
1668 543 1882 614 quibus,
1907 551 1966 594 ut
1986 539 2240 603 diximus,
2265 540 2514 593 senarius
2537 545 2766 602 constat,
2793 535 2993 605 aliquid
3017 533 3261 605 mysterii

23 649 94 703 οιί
141 622 410 710 mei-um;
446 646 570 716 quia
612 622 769 701 iide'm
797 646 1028 709 (iiii-ign,
1054 661 1216 715 quam
1268 643 1435 699 ιυάτεί
1477 659 1566 697 re-
1669 632 1722 686 in
1753 630 2154 700 dispensatione
2183 628 2374 684 salutis
2402 629 2669 682 humanae.
2697 626 2882 681 Primo
2906 625 3087 696 itaque
3117 633 3258 716 tem-

23 749 277 805 mei-unt,
326 755 356 793 a
386 713 586 794 Iudaeis
619 739 860 806 auferre,
897 748 952 795 et
988 740 1054 793 ad
1075 713 1302 808 populos
1327 737 1566 805 gentium
1668 741 1800 797 pore
1848 725 1947 779 sub
1995 724 2111 794 lege
2157 731 2396 786 naturae.
2443 720 2610 776 Veluti
2658 719 2711 774 in
2749 719 2979 790 quadam
3032 713 3262 781 unitate.

23 831 340 886 aiisducei-e
369 831 710 886 εωιιυρι-υηι,
1677 815 1844 872 sancti
1872 822 2052 884 patres
2075 814 2183 868 Deo
2209 811 2535 867 serviebant.
2569 809 2817 864 Secundo
2844 824 2972 864 vero
2999 819 3262 878 tempore,

46 921 164 975 .mi
188 929 378 976 auiam
391 920 1568 993 abeuntes,muniemmsepuicmm,signa“-
1671 907 1759 962 lex
1797 907 1977 961 addita
2004 915 2087 962 est
2113 906 2180 960 ad
2210 913 2480 967 naturam,
2509 909 2568 956 ut
2595 901 2739 971 quod
2768 900 2907 954 mala
2930 900 3265 956 consuetudo

29 1022 118 1068 tes
159 1013 402 1083 lapidem
442 1029 564 1068 cum
603 1015 931 1069 custodibus,
966 1035 986 1066 ι
1021 1013 1134 1069 Non
1165 1021 1345 1068 autem
1375 1010 1571 1066 sumen
1671 1001 1885 1056 Vitiavit
1915 1001 1971 1054 in
2002 1007 2226 1063 natura,
2257 998 2342 1052 lex
2370 995 2694 1052 rel'ormaret
2731 995 2784 1050 in
2818 995 3022 1050 littera.
3056 994 3124 1049 Et
3153 993 3266 1049 fue-

23 1105 176 1168 rribis
207 1113 264 1161 et
289 1104 584 1160 Pbarisaeis
608 1115 664 1159 ιιι
688 1106 968 1160 Dominum
992 1106 1364 1161 interﬁcerent
1385 1117 1568 1168 cruce,

1712 1097 1803 1144 unt
1831 1091 1957 1155 duo,
1992 1099 2183 1145 natura
2209 1098 2264 1144 et
2295 1088 2400 1142 lex.
2443 1087 2628 1142 Tertio
2666 1087 2848 1156 itaque
2894 1095 3137 1156 tempore
3171 1101 3265 1141 ve-

23 1194 66 1247 ed
89 1195 264 1248 etiam
289 1195 358 1248 ad
383 1195 685 1265 sepulcrum
717 1196 884 1266 ipsius
908 1197 1158 1252 custodes
1186 1197 1569 1251 adhibuerunt.

1746 1189 1754 1233 L
1778 1179 1949 1250 gratia
1975 1178 2214 1234 caelestis
2238 1193 2333 1248 per
2357 1176 2539 1233 Jesum
2566 1176 2842 1232 Christum
2861 1215 2877 1240 ,
2909 1184 2963 1231 et
2988 1187 3116 1230 sunt
3140 1177 3264 1242 tria,
3289 1228 3299 1234 .

24 1295 290 1355 tquanto
322 1286 427 1341 illis
462 1284 582 1351 fuit,
615 1289 915 1358 resurgeuti
955 1304 1148 1342 manus
1183 1295 1568 1358 opposuerunt.
1675 1282 1892 1338 mlum,
1924 1273 2010 1328 ΙΘΧ
2037 1283 2092 1328 ει
2122 1273 2312 1341 8mm-
2360 1271 2514 1326 δίθυῐ
2561 1285 2661 1325 nec
2693 1269 2778 1324 lex
2815 1277 3025 1323 natum
3068 1269 3268 1323 boum“

23 1379 80 1433 ed
108 1388 326 1448 quanto
347 1381 540 1450 majori
561 1381 836 1451 diligentia
861 1383 1110 1452 sepulcro
1142 1383 1395 1438 custodes
1420 1380 1574 1436 adhi-

1713 1367 1940 1430 estruit,
1982 1381 2082 1420 nec
2113 1366 2286 1435 gratia
2341 1364 2513 1435 legem
2554 1362 2747 1428 solvit,
2793 1361 2887 1417 sed
2931 1361 3266 1431 adimplevit,

23 1486 242 1543 uerunt,
261 1477 803 1532 tantonoscertiores
821 1476 886 1530 de
914 1451 1016 1530 ﬁde
1044 1475 1184 1529 illius
1200 1475 1570 1529 reddiderunt.
1676 1468 2035 1530 ηθιιινθηιίιιιθ
2060 1459 2301 1529 Nisum"?
2343 1456 2574 1512 τθάάίάίι
2605 1453 2897 1510 ¹¹⁰¹¹ί¹ίι³ῑίο
2942 1451 3272 1543 Natum!”

540 1566 820 1622 HOMILu
871 1567 1028 1621 va.
1089 1619 1107 1636 ⁸
1681 1566 1800 1606 men
1835 1559 1888 1604 et
1918 1549 2027 1614 lex,
2057 1549 2175 1605 sine
2212 1548 2385 1620 gratia
2428 1546 2641 1616 impleri
2673 1561 2781 1600 non
2816 1550 3127 1616 potuerunt.
3161 1541 3272 1598 Nec

392 1655 547 1693 mm
589 1654 818 1693 suum
857 1635 1162 1692 mutantia.
1685 1641 1758 1697 sic
1798 1641 2000 1695 homini
2040 1640 2271 1696 liberum
2313 1639 2596 1694 arbitrium
2637 1638 2820 1692 datum
2863 1643 2980 1702 est,
3007 1635 3092 1690 vel
3141 1635 3274 1706 legis
3317 1647 3322 1650 ·

47 1731 238 1802 (Joxa'.
268 1731 392 1802 ιιι.)
431 1751 449 1783 ι
489 1731 546 1785 ln
606 1731 695 1786 illo
727 1740 989 1801 tempore,
1025 1741 1151 1784 ante
1185 1744 1279 1783 sex
1319 1727 1435 1783 dies
1468 1726 1572 1782 Pa-
1604 1751 1649 1808 B
1676 1743 2030 1805 prmeeptum,
2063 1743 2123 1788 ut
2150 1734 2338 1804 gratim
2359 1747 2468 1787 non
2505 1732 2792 1800 indigeret,
2821 1730 2962 1786 sicut
2987 1729 3272 1800 Pelagiana

39 1825 195 1878 scine
220 1824 362 1878 venit
387 1823 542 1880 Jesus
564 1823 1009 1886 Bethaniam,ubi
1033 1821 1272 1876 Lazarus
1295 1828 1572 1874 eratmor-
1681 1829 1906 1884 hmesis
1941 1826 2190 1881 aﬂirmai,
2235 1826 2301 1880 Ei,
2344 1839 2412 1880 ne
2449 1825 2694 1880 dicerem
2739 1823 3144 1878 machinatores
3179 1837 3274 1876 ca-

36 1924 186 1981 tuus,
203 1931 365 1984 quem
385 1915 687 1980 suscitavit,
709 1934 726 1966 ι
746 1923 802 1968 et
823 1913 1048 1982 reliqua.
1072 1912 1261 1966 Sciens
1274 1920 1455 1964 autem
1475 1910 1576 1964 Do.

1720 1921 2006 1975 inmiarnm
2040 1919 2377 1990 pbantastice
2405 1918 2730 1974 suscitatum
2768 1915 2940 1971 fuisse
2978 1915 3273 1980 Lazarum,

24 2011 170 2064 unus
201 2010 544 2078 conspirasse
568 2009 636 2063 de
659 2025 719 2064 se
746 2007 1040 2062 occidendo
1063 2005 1298 2068 Judueos,
1320 2020 1423 2058 non
1441 2003 1577 2074 fugit
1681 2011 1822 2068 {acia
1858 2013 1930 2067 ibi
1959 2012 2189 2068 Domino
2217 2025 2373 2066 coena
2393 2051 2407 2076 ,
2438 2019 2493 2065 ει
2522 2010 2638 2079 ipse
2663 2023 2804 2062 unus
2839 2022 2908 2062 ex
2933 2007 3277 2062 discumben-

23 2100 363 2157 tsidianlium
410 2116 644 2165 manus,
689 2101 782 2154 sed
813 2108 993 2154 certus
1034 2097 1100 2151 de
1140 2097 1306 2166 gloria
1337 2111 1576 2150 resurre-

1718 2106 1828 2158 ibus
1872 2119 1993 2158 cum
2038 2118 2104 2159 eo
2146 2110 2308 2157 erat:
2344 2109 2403 2156 ut
2431 2101 2558 2155 dum
2589 2100 2894 2163 viventem,
2942 2097 3271 2166 loquentem,

23 2193 187 2247 tionis
206 2233 222 2257 ,
255 2193 430 2260 primo
476 2193 624 2247 venit
653 2191 966 2246 Bethaniam
996 2190 1296 2259 proximam
1325 2187 1576 2242 Hieroso-

1719 2196 2022 2266 pulantem,
2055 2210 2178 2250 cum
2220 2194 2331 2250 suis
2365 2193 2708 2249 familiariter
2744 2200 3161 2248 conversantem
3190 2189 3272 2244 vi-

23 2285 149 2339 "llis
198 2284 508 2348 εἰνὶιθιθηὶ,
550 2283 638 2337 ubi
688 2283 951 2337 Lazarum
983 2283 1340 2337 ευδοὶῑίινθηιι
1379 2297 1408 2335 a
1441 2297 1586 2336 mor-
1686 2289 1907 2351 derent,
1939 2288 2052 2341 sive
2081 2287 2362 2352 audirent,
2395 2285 2479 2342 vel
2525 2287 2603 2341 sic
2633 2285 2950 2341 suscitantis
2971 2284 3273 2355 potentiam

24 2375 78 2430 uis
111 2394 133 2429 :
183 2375 385 2430 deinde
411 2376 577 2429 etiam
605 2373 1061 2444 Hierosolymam,
1090 2373 1180 2426 ubi
1225 2373 1337 2440 ipse
1376 2381 1588 2440 patere-
1687 2387 2067 2448 agnoscerent,
2097 2388 2153 2432 et
2181 2379 2410 2448 gratiam
2451 2379 2780 2448 acciperent.
2824 2377 3047 2448 Mystice
3073 2383 3280 2440 autem,

23 2486 79 2532 ur,
102 2477 182 2522 et
214 2476 524 2538 resurgeret
552 2483 580 2520 a
610 2466 858 2520 mortuis.
891 2463 1316 2533 Hierosolymam
1345 2463 1585 2532 quidem,
1688 2485 1843 2528 coma
1895 2475 2010 2528 haec
2060 2473 2372 2539 Dominica,
2417 2473 2509 2527 ubi
2548 2472 2758 2526 Mai-[ha
2805 2470 3176 2534 ministrabat,
3227 2477 3284 2522 ει

23 2575 48 2616 u
68 2564 197 2633 ipse
236 2561 312 2615 ibi
342 2571 663 2616 moreretur.
705 2553 1021 2616 Bethaniam
1055 2577 1214 2625 vero,
1247 2569 1305 2615 ut
1351 2560 1586 2615 resusci-
1688 2564 1930 2620 Lazarus
1958 2566 2100 2619 inter
2126 2563 2264 2619 alios
2288 2563 2696 2628 discumbebat,
2725 2561 2860 2616 ﬁdes
2886 2571 2968 2616 est
3003 2559 3278 2622 Ecclesiae,

28 2655 113 2707 atio
152 2653 347 2706 Lazari
379 2663 695 2707 cunctorum
723 2654 998 2707 memoria!
1024 2653 1227 2707 arctius
1251 2652 1590 2721 imprimere-
1690 2673 1810 2728 qum
1840 2673 1938 2727 per
1961 2655 2302 2712 dilectionem
2335 2665 2612 2726 operatur,
2658 2655 2708 2708 in
2747 2669 2852 2723 qua
2885 2667 3038 2708 cmna
3072 2649 3282 2705 Martha

23 2763 96 2809 .ur,
111 2755 175 2801 et
194 2745 370 2816 magis
391 2745 668 2815 magisque
687 2744 1349 2813 confunderentur,atque
1370 2744 1589 2799 inexcu-
1691 2749 1983 2814 ministrat,
2014 2749 2194 2802 anima
2221 2763 2447 2818 quaeque
2479 2746 2650 2803 ﬁdelis
2673 2759 2890 2816 Operam
2919 2741 3148 2799 Domino
3172 2757 3284 2798 sua:

23 2838 196 2893 sabiles
228 2836 684 2892 convincerentur
712 2836 862 2905 impii
893 2837 1185 2906 principes,
1216 2836 1307 2906 qui
1338 2836 1589 2892 occidere
1691 2838 1994 2894 dilectionis
2023 2839 2304 2908 impendit.

25 2943 102 2980 non
126 2928 388 2982 timerent
426 2941 582 2991 eum,
613 2927 702 2996 qui
734 2926 998 2982 suscitare
1037 2937 1219 2996 posset
1261 2942 1292 2980 a
1335 2926 1585 2982 mortuis.
1766 2949 1786 2983 ι
1819 2931 2058 2986 Lazarus
2088 2946 2218 2986 vero
2249 2945 2390 2985 unus
2417 2936 2537 2984 erat
2576 2943 2643 2984 ex
2673 2926 3133 2984 discumbentibus
3160 2919 3283 2980 eum

29 3019 73 3072 Et
96 3037 194 3076 nec
225 3019 501 3074 beneﬁciis
527 3020 894 3074 suscitationis
925 3019 1235 3088 provocati,
1276 3035 1378 3074 nec
1405 3020 1586 3076 divina
1698 3044 1717 3077 ς
1745 3039 1830 3080 eo.
1863 3044 1880 3077 ι
1913 3023 2048 3078 Cum
2071 3023 2234 3078 etiam
2264 3023 2344 3088 hi,
2387 3023 2479 3094 qui
2522 3033 2643 3094 post
2670 3030 3019 3093 peccatorum
3051 3027 3285 3076 mortem

27 3109 316 3166 suscitantis
341 3110 540 3165 virtute
570 3111 865 3181 perterriti,
891 3110 1102 3165 animos
1124 3111 1192 3165 ab
1219 3110 1417 3180 iniusta
1443 3113 1588 3167 crede
1615 3111 1660 3173 C
1693 3117 1996 3173 resuscitati
2023 3119 2089 3172 ad
2117 3118 2384 3188 justitiam
2417 3126 2562 3185 sunt,
2594 3132 2699 3172 una
2725 3132 2851 3172 cum
2873 3116 2953 3172 eis
2979 3115 3069 3186 qui
3103 3115 3156 3170 in
3185 3127 3284 3170 sua

26 3205 364 3258 retraherent.
415 3201 524 3258 Nec
569 3203 876 3257 transitorie
922 3203 1202 3273 legendum
1254 3211 1369 3268 est,
1415 3218 1588 3274 quare
1685 3211 1894 3280 justitia
1925 3226 2300 3282 permansere,
2323 3211 2390 3266 de
2412 3211 2701 3282 praesentia
2723 3211 2967 3265 veritatis
2989 3208 3284 3274 exsultant,

26 3304 134 3349 ante
161 3309 257 3348 sex
281 3294 391 3348 dies
406 3292 625 3349 Pascha:
651 3295 889 3349 venisset
913 3291 1069 3348 Jesus
1097 3293 1436 3348 Bethaniam.
1474 3293 1586 3346 Ma-
1692 3304 2018 3373 ρωηίιεηιεε
2047 3303 2206 3360 simul
2255 3319 2376 3358 cum
2408 3304 2789 3359 innocemibus
2833 3302 3070 3357 οωιθειίε
3097 3301 3286 3372 gratia;

26 3402 118 3455 893
147 3399 276 3441 νθτο
304 3386 528 3456 dignitas
561 3387 761 3442 senarii
790 3387 1000 3441 numeri
1031 3395 1115 3441 εει
1150 3387 1202 3440 in
1235 3387 1408 3441 sacris
1440 3385 1588 3440 Scri-
1690 3395 2003 3451 muneribus
2032 3395 2268 3449 aluntur.
2296 3395 2364 3451 Et
2403 3396 2540 3450 bene
2567 3395 2756 3449 eadem
2792 3408 2950 3448 coena
2997 3395 3050 3448 in
3083 3392 3286 3448 Betha-

27 3476 203 3545 pturis,
233 3485 287 3531 et
315 3477 474 3532 multa
503 3493 664 3548 Opera
705 3477 917 3532 Domini
955 3478 1049 3532 Dei
1084 3477 1255 3533 nostri
1291 3477 1343 3531 in
1374 3476 1590 3532 senario
1691 3486 1780 3541 nia
1811 3485 2116 3540 celebratur
2141 3499 2260 3555 quae
2285 3493 2369 3540 est
2401 3484 2592 3539 civitas
2625 3484 2678 3538 in
2719 3483 2887 3539 latere
2932 3482 3132 3537 montis
3169 3479 3286 3537 Oli-

30 3583 238 3624 numero
276 3569 508 3639 perfecta
541 3587 660 3627 esse
688 3571 1146 3626 demonstrantur.
1178 3569 1312 3636 Quia
1344 3570 1592 3624 senarius
1690 3576 1797 3630 veti
1827 3617 1842 3640 ,
1890 3583 1946 3630 et
1993 3576 2383 3644 interpretatur
2438 3575 2630 3629 domus
2680 3571 3020 3629 obedientiam
3079 3573 3286 3627 Domus

33 3673 263 3714 numerus
291 3659 344 3714 in
371 3661 552 3732 seipse
579 3677 678 3732 per
711 3677 838 3717 suas
865 3662 1111 3732 proprias
1148 3670 1329 3731 partes
1358 3660 1583 3725 divisus,
1693 3681 1923 3736 namque
1945 3664 2287 3730 obedientiae,
2315 3663 2556 3720 Ecclesia
2584 3673 2684 3726 est,
2719 3677 2838 3735 quae
2864 3663 3095 3719 ﬁdeliter
3118 3661 3287 3734 jussis

35 3751 97 3804 vel
121 3753 471 3824 coniunctus,
501 3756 773 3827 perlectus
799 3771 919 3812 esse
960 3763 1189 3810 constat.
1232 3753 1405 3810 Habet
1443 3754 1589 3810 enim
1693 3757 1903 3812 Domini
1934 3757 2293 3824 obtemperat.
2327 3755 2395 3810 Et
2434 3755 2551 3825 ipsa
2586 3763 2670 3811 est
2695 3755 2892 3810 civitas
2913 3797 2928 3821 ,
2961 3770 3082 3825 qua:
3125 3747 3290 3824 super

40 3856 188 3914 partes
225 3856 334 3904 tres
363 3849 414 3903 in
441 3851 619 3920 seipso
648 3850 1043 3914 denominatos,
1075 3849 1128 3904 id
1153 3857 1236 3904 est
1263 3864 1452 3911 unum,
1480 3848 1590 3904 duo
1693 3855 1932 3902 montem
1980 3845 2366 3901 misericordiae
2412 3846 2736 3912 constituta,
2786 3860 3060 3915 nunquam
3111 3849 3289 3915 potest

42 3945 80 3989 et
99 3947 215 3995 tres.
252 3939 384 3995 Nam
409 3950 562 3996 sexta
605 3941 721 4012 ejus
761 3956 888 4012 pars
926 3956 1092 3995 unum
1120 3947 1225 4006 est,
1267 3939 1422 3994 tertia
1461 3952 1590 3993 vero
1693 3940 1951 3996 abscondi
1983 3954 1998 3994 :
2035 3939 2184 4010 ipsa,
2223 3954 2344 4011 qua:
2393 3939 2460 3994 de
2495 3940 2577 3994 sui
2622 3939 2789 3994 latere
2823 3947 3134 3995 constructa
3177 3936 3287 3992 Re-

44 4029 121 4084 duo
158 4033 399 4098 dimidia,
433 4035 614 4104 itaque
650 4042 777 4088 tres.
842 4032 1020 4088 Unum
1067 4046 1228 4096 vero,
1258 4038 1313 4085 et
1358 4030 1483 4095 duo,
1535 4036 1592 4084 et
1694 4032 2008 4101 demptoris,
2039 4031 2091 4087 id
2119 4039 2204 4086 est
2237 4045 2376 4101 aqua
2414 4031 2740 4098 ablutionis,
2769 4040 2825 4086 et
2863 4031 3125 4102 sanguine
3166 4045 3290 4085 sano

45 4131 128 4178 tres
165 4142 257 4182 sex
309 4140 431 4182 esse
461 4127 833 4182 dinoscuntur.
869 4124 978 4179 Nec
1024 4124 1168 4178 aliud
1197 4139 1264 4178 ex
1293 4121 1378 4177 his
1418 4121 1592 4177 tribus
1693 4125 2072 4190 ctiticationis,
2100 4138 2219 4194 quae
2259 4125 2326 4179 de
2359 4123 2527 4194 ipsius
2574 4124 2745 4182 latere
2774 4138 2872 4194 pro
2902 4139 2961 4180 se
3007 4123 3290 4180 morientis

46 4218 252 4281 partibus
303 4217 606 4288 conjunctis
661 4215 851 4271 conﬁci
897 4224 1103 4286 potest,
1159 4213 1260 4268 nisi
1322 4228 1418 4268 sex
1470 4221 1592 4266 tan—
1693 4217 1873 4273 exiere
1923 4217 2127 4272 imbuta
2167 4225 2270 4272 est.
2317 4215 2420 4272 Ubi
2469 4217 2632 4272 etiam
2677 4217 2851 4273 altera
2899 4233 3055 4274 soror
3094 4218 3290 4274 Lazarl

49 4313 158 4372 ῑυῐιιν
190 4322 291 4363 nec
335 4308 387 4362 in
425 4307 558 4362 alias
601 4315 783 4376 partes
821 4305 1068 4360 senarius
1118 4320 1378 4359 numerus
1425 4301 1589 4356 dividi
1698 4310 1886 4375 Maria,
1923 4325 2131 4381 magna:
2161 4309 2421 4365 indicium
2447 4310 2757 4367 dilectionis
2775 4299 3033 4380 oStendit,
3065 4311 3206 4369 sicut
3233 4312 3288 4367 in

48 4405 212 4465 potest,
247 4398 348 4453 nisi
383 4399 436 4453 in
468 4397 568 4454 has
599 4409 742 4462 tres,
774 4397 827 4452 id
856 4404 938 4451 est
969 4411 1132 4450 unum
1155 4436 1169 4460 ,
1198 4395 1338 4460 duo,
1368 4403 1425 4448 et
1457 4402 1587 4450 tres.

1368 4403 1425 4448 et
1457 4402 1587 4450 lreS-
1696 4403 2047 4474 sequentibus
2077 4411 2344 4458 monstrat
2373 4403 2685 4473 evangelica
2716 4403 2895 4460 lectio.

52 4487 148 4544 Nam
189 4493 305 4563 ipse
341 4493 594 4546 Dominus
625 4500 836 4547 creator
878 4491 1155 4552 omnium,
1203 4487 1362 4556 hujus
1407 4488 1590 4542 mundi
1617 4474 1669 4535 D
1773 4515 1792 4547 ς
1824 4497 2047 4567 Accepit
2086 4497 2277 4552 libram
2318 4499 2579 4568 unguenti
2625 4498 2780 4553 nardi
2829 4497 3006 4567 pistici
3040 4495 3286 4566 pretiosi,

53 4596 288 4640 creaturas
315 4600 407 4641 sex
445 4586 635 4642 diebus
684 4584 975 4655 perfecisse
1013 4582 1356 4636 notissimum
1387 4589 1499 4644 est.
1538 4588 1594 4635 et
1704 4607 1722 4640 ι
1750 4597 1806 4642 et
1834 4587 1990 4642 unxit
2022 4587 2185 4656 pedes
2213 4587 2362 4653 Jesu’,
2395 4596 2450 4642 et
2477 4589 2706 4644 extersit
2735 4587 2944 4657 capillis
2973 4587 3086 4642 suis
3123 4586 3289 4656 pedes

54 4685 165 4730 sexta
187 4676 275 4732 die
304 4677 572 4732 hominem
600 4676 791 4731 fecisse
825 4682 1066 4736 constat,
1096 4688 1257 4743 quem
1284 4672 1592 4743 serpentiua
1705 4699 1724 4731 ι
1753 4679 1886 4750 ejus.
1926 4699 1944 4731 ›
1983 4679 2102 4747 Quo
2143 4695 2250 4734 non
2285 4679 2460 4734 solum
2487 4693 2598 4734 suae
2625 4680 2716 4734 dat
2761 4677 3019 4733 indicium
3048 4677 3291 4733 devotio-

59 4762 200 4823 fraude
248 4767 551 4837 perditum,
596 4774 722 4821 ante
765 4781 859 4822 sex
897 4765 1010 4819 dies
1037 4763 1261 4818 Paschze
1299 4764 1445 4818 venit
1478 4765 1593 4833 ipse
1699 4772 1815 4837 nis,
1853 4771 1948 4827 sed
1990 4779 2044 4826 et
2075 4769 2304 4824 aliarum
2347 4769 2584 4825 ﬁdelium
2631 4769 2744 4824 Deo
2779 4770 3083 4824 animarum
3113 4770 3292 4841 signat

59 4855 182 4914 Filius
204 4859 324 4925 Dei,
346 4873 444 4930 per
463 4873 622 4928 quem
652 4867 871 4914 creatus
898 4865 998 4919 est,
1027 4855 1343 4909 Bethaniam
1368 4855 1435 4909 ad
1461 4855 1593 4911 libe-
1695 4865 1912 4937 pietatis
1957 4864 2298 4933 obsequium.
2343 4882 2361 4915 ι
2392 4862 2560 4918 Maria
2607 4872 2790 4918 autem
2837 4862 3049 4933 accepit
3093 4862 3289 4918 libram

62 4953 246 5008 randum
277 4971 288 5006 :
326 4961 386 5006 ut
415 4952 506 5022 qui
533 4961 683 5007 sexta
721 4952 807 5007 die
841 4961 1055 5005 creatus
1097 4957 1212 5015 est,
1259 4958 1411 5004 sexta
1457 4949 1594 5008 feria
1701 4955 1956 5027 unguenti
1988 4955 2142 5009 nardi
2169 4954 2345 5024 pistici
2368 4954 2615 5025 pretiosi.
2644 4974 2662 5006 ι
2689 4951 2830 5022 Quid
2852 4969 3086 5023 namque
3109 4953 3292 5024 perli-

59 5041 353 5104 liberaretur.
386 5047 518 5102 Nam
551 5059 704 5103 sexta
732 5048 864 5102 feria
892 5047 1166 5102 Christum
1204 5061 1324 5101 esse
1353 5061 1592 5116 passum,
1701 5047 2266 5120 bramunguenti,nisi
2283 5046 2548 5118 perfectio
2561 5045 3291 5119 justittaeexprimitur,quod

62 5143 214 5198 nemini
267 5143 504 5214 ignotum
549 5155 672 5198 esse
726 5157 864 5198 reor.
913 5141 1079 5212 Igitur
1122 5151 1176 5196 et
1218 5155 1402 5195 mense
1445 5149 1597 5196 sexto
1700 5153 2032 5213 unguentum
2059 5156 2128 5197 ex
2158 5141 2329 5196 nardo
2360 5140 2549 5211 pistica
2572 5142 2772 5196 dicitur
2800 5156 2922 5197 esse
2949 5137 3292 5196 confectum?

63 5234 368 5291 annuntiante
421 5233 744 5304 archangelo
768 5272 783 5299 ,
836 5233 985 5304 virgo
1039 5247 1195 5288 sacra
1246 5231 1599 5302 inspiratione
1699 5235 1836 5303 Quid
1860 5235 2004 5289 enim
2032 5249 2130 5304 per
2151 5241 2502 5303 unguentum,
2533 5233 2636 5287 nisi
2671 5233 2844 5288 bonus
2865 5233 3000 5288 odor
3020 5231 3290 5303 opinionis

65 5319 256 5388 Spiritus
276 5328 446 5382 sancti
476 5327 723 5382 eumdem
751 5325 1166 5396 Redemptorem
1199 5334 1444 5381 nostrum
1476 5338 1601 5379 con—
1701 5327 1961 5382 insinuat?
1975 5325 2042 5380 Et
2057 5327 2160 5380 hoc
2174 5332 2503 5396 unguentum
2519 5340 2585 5379 ex
2603 5324 2772 5380 nardo
2784 5325 3060 5394 pistica,id
3075 5331 3158 5380 est
3173 5337 3293 5378 nar-

65 5417 227 5484 cepisse
259 5421 467 5492 legitur.
500 5421 601 5488 Qui
633 5421 794 5475 etiam
822 5429 973 5474 sexta
1007 5422 1137 5475 hora
1172 5418 1412 5490 perfecta
1440 5426 1601 5473 :etate
1703 5420 1772 5475 do
1796 5419 1957 5475 ﬁdeli.
1985 5418 2118 5473 Nam
2143 5423 2320 5479 πίστις
2337 5416 2544 5482 Graece,
2560 5417 2751 5472 Latine
2767 5418 2897 5472 ﬁdes
2927 5417 3142 5471 dicitur.
3161 5414 3291 5469 Siue

66 5521 189 5581 super
233 5525 448 5586 puteum
495 5517 721 5580 sedens,
773 5515 984 5570 mulieri
1034 5514 1390 5568 Samaritana;
1432 5511 1604 5567 divini
1709 5512 1964 5567 ﬁdeeuim
1984 5511 2319 5581 Deoiilacere
2346 5507 2946 5580 impossibileestUIeb.
2975 5503 3292 5575 ωηιθοίιο-

67 5597 191 5660 lautis
235 5605 434 5663 ﬂuenta
481 5610 690 5678 aperire
735 5609 984 5679 dignatus
1032 5614 1133 5660 est.
1177 5605 1341 5660 Sexta
1390 5617 1604 5675 quoque
1708 5603 2080 5666 nafama,sine
2097 5601 2199 5655 ﬁde
2217 5601 2480 5656 catholica
2504 5599 2619 5654 ﬁeri
2647 5596 3292 5670 poteri't.0homo,unge

68 5700 189 5755 atate
223 5700 407 5758 mundi
449 5700 565 5775 ipse
604 5699 830 5760 Creator
855 5699 1182 5770 Redemptor
1225 5697 1409 5755 mundi
1451 5697 1607 5771 juxta
1705 5698 1870 5770 pedes
1891 5693 2018 5751 Jesu
2049 5694 2186 5750 bene
2211 5693 2459 5761 vivendo,
2499 5692 2776 5749 Dominica
2803 5697 3017 5748 sectare
3040 5685 3288 5761 vestigia,
