3934 6346
662 332 775 394 583

661 545 768 602 bus
803 559 961 618 eroga
983 586 998 610 ,
1022 546 1125 601 hoc
1149 554 1234 601 est
1265 545 1475 617 capillis
1504 548 1669 617 pedes
1693 546 1821 603 Jesu
1860 556 2093 618 tergere,
2128 562 2248 618 qua:

663 640 764 695 tibi
794 638 1059 710 superflua
1097 647 1244 706 sunt,
1272 640 1499 710 pedibus
1526 641 1737 696 Domini
1765 641 2072 697 necessaria
2097 649 2245 710 sunt,

666 729 719 785 id
748 740 831 787 est
858 730 1098 786 minimis
1132 732 1437 803 quibusque
1475 733 1529 787 in
1564 732 1806 788 Ecclesia
1847 732 1915 789 de
1957 733 2155 802 quibus
2192 732 2246 788 in

663 821 771 876 fine
813 821 1057 879 dicturus
1101 824 1209 878 erit
1250 825 1551 880 Dominus:
1592 824 1879 893 «Quandiu
1912 824 2118 881 fecistis
2154 825 2247 881 uni

661 930 728 971 ex
749 914 990 972 minimis
1013 917 1121 983 his,
1144 918 1276 972 mihi
1308 917 1535 974 fecistis.
1557 938 1576 972 ι
1603 920 1804 974 Domus
1827 928 2005 973 autem
2032 919 2249 990 pietatis

660 1014 744 1061 est
771 1013 935 1071 odor,
960 1007 1013 1062 id
1044 1016 1128 1062 est
1155 1007 1395 1064 Ecclesia
1414 1048 1431 1074 ,
1459 1010 1584 1065 vita:
1610 1010 1871 1080 religiosa:
1905 1010 2048 1066 fama
2083 1004 2244 1067 bona.

659 1095 795 1152 Nam
845 1097 981 1152 odor
1020 1098 1196 1153 bonus
1241 1106 1324 1154 est
1366 1098 1504 1153 bona
1533 1099 1665 1154 vita.
1708 1099 1850 1155 Audi
1886 1100 2244 1172 Apostolum:

665 1209 684 1242 ι
711 1189 913 1245 Christi
944 1191 1117 1246 bonus
1158 1192 1294 1247 odor
1332 1205 1539 1258 sumus,
1589 1192 1784 1262 inquit,
1836 1193 1892 1248 in
1938 1194 2084 1249 omni
2130 1194 2248 1251 loco

660 1280 711 1352 (ι
741 1279 861 1337 Cor.
889 1284 969 1355 ιι).
997 1303 1015 1336 ι
1046 1284 1115 1339 Ει
1135 1284 1187 1339 in
1210 1283 1433 1340 Cantico
1459 1285 1792 1342 canticorum
1816 1301 1831 1339 :
1863 1305 1882 1337 ι
1904 1283 2248 1356 Unguentum

660 1370 893 1428 effusum
926 1389 1121 1430 nomen
1156 1384 1307 1430 tuum
1336 1373 1510 1447 (Cant.
1543 1375 1605 1447 ι).
1642 1395 1660 1427 ι
1692 1384 1824 1431 item
1851 1393 1867 1432 :
1900 1395 1918 1427 ι
1945 1378 2081 1432 Dum
2107 1385 2251 1434 esset

657 1478 754 1521 rex
787 1466 843 1521 iu
868 1468 1118 1523 accubitu
1145 1483 1267 1533 suo,
1292 1468 1493 1523 nardus
1522 1484 1643 1524 mea
1671 1470 2061 1525 deditedorem
2089 1485 2246 1525 suum

660 1555 859 1627 (ibid.).
884 1577 903 1609 ι
935 1556 1033 1613 Ubi
1067 1569 1270 1629 aperte,
1297 1561 1424 1629 quid
1448 1558 1613 1615 Maria
1644 1560 1809 1616 semel
1838 1561 2046 1627 fecerit,
2073 1564 2248 1633 typice

657 1656 840 1704 autem
868 1650 995 1719 quid
1020 1651 1197 1707 omnis
1222 1651 1484 1719 Ecclesia,
1512 1654 1641 1723 quid
1671 1654 1850 1709 anima
1875 1669 2103 1725 quaeque
2125 1671 2247 1726 per-

656 1738 799 1796 fecta
830 1756 1046 1812 semper
1071 1742 1252 1807 faciat,
1283 1745 1603 1799 ostenditur.

666 1866 667 1869 η
735 1852 754 1884 σ
789 1834 934 1889 Dixit
957 1850 1087 1905 ergo
1121 1851 1262 1890 unus
1294 1851 1362 1892 ex
1392 1837 1672 1907 discipulis
1695 1839 1811 1909 ejus
1835 1838 2003 1894 Judas
2028 1837 2242 1895 Scario-
2271 1813 2317 1873 Β
2346 1836 2430 1883 εει
2451 1826 2666 1882 domum
2695 1828 2888 1884 anima!
2911 1831 3231 1896 οὒθάίθηῑίεν
3257 1831 3311 1885 in
3336 1846 3447 1901 (1³³³
3483 1831 3700 1885 δεδίῑεῑ
3723 1832 3873 1893 ίητεεὶτν

662 1943 683 1977 ι
716 1926 844 1991 this,
874 1927 966 1998 qui
996 1937 1116 1982 erat
1139 1943 1262 1982 eum
1291 1928 1588 1983 traditurus
1614 1947 1626 1982 :
1662 1930 1840 1996 Quare
1871 1930 1973 1985 hoc
2003 1944 2243 2001 unguen-

659 2032 680 2067 ι
713 2023 824 2070 tum
867 2032 972 2072 non
1010 2018 1181 2073 veniit
1227 2019 1486 2074 trecentis
1532 2019 1788 2085 denariis,
1834 2028 1891 2075 et
1933 2020 2114 2075 datum
2160 2028 2245 2076 est

658 2124 676 2159 ι
718 2108 944 2179 egenis?
972 2129 990 2160 ι
1018 2107 1111 2164 Va:
1146 2109 1311 2179 impio
1339 2111 1609 2173 tradituri,
1631 2126 1711 2165 vae
1750 2110 2103 2180 complicibus
2122 2109 2240 2179 ejus

651 2200 925 2268 nequitiae,
943 2202 1107 2255 etiam
1131 2216 1273 2256 nunc
1295 2203 1536 2257 membra
1552 2201 1755 2257 Christi
1770 2202 2236 2271 persequentibus,

651 2291 744 2361 qui
775 2290 974 2347 famam
996 2292 1237 2358 virtutis,
1265 2308 1427 2363 quam
1452 2293 1553 2363 ipsi
1579 2308 1684 2347 non
1710 2301 1988 2349 merentur
2015 2293 2238 2359 habere,

650 2382 912 2453 proximis
946 2384 1036 2453 qui
1079 2384 1307 2450 habent,
1339 2384 1580 2439 invidere
1610 2400 1715 2440 non
1744 2393 1981 2441 cessant.
2018 2385 2086 2439 Et
2114 2384 2236 2454 qui-

649 2473 771 2529 dem
815 2483 1006 2545 putare
1045 2491 1333 2547 possumus
1361 2474 1553 2532 ludam
1602 2492 1733 2532 cura
1778 2492 2075 2549 pauperum
2124 2477 2240 2531 haec

647 2562 818 2621 fuisse
843 2565 1103 2633 locutum,
1127 2568 1220 2623 sed
1247 2567 1422 2637 prodit
1454 2576 1686 2624 mentem
1714 2568 1855 2624 illius
1875 2568 2029 2624 testis
2048 2583 2235 2634 verax,

648 2655 738 2725 qui
767 2656 844 2710 ait
874 2674 886 2711 :
924 2676 943 2708 ι
973 2658 1116 2712 Dixit
1146 2666 1327 2713 autem
1364 2660 1487 2724 hoc,
1519 2675 1624 2715 non
1651 2659 1779 2731 quia
1809 2660 1875 2715 de
1903 2660 2089 2731 egenis
2115 2674 2237 2730 per-

656 2765 677 2798 r
712 2747 908 2804 tineret
936 2749 1006 2804 ad
1043 2765 1202 2814 eum,
1232 2751 1328 2804 sed
1368 2751 1494 2820 quia
1524 2749 1610 2805 fur
1644 2758 1796 2815 erat,
1820 2758 1876 2805 et
1904 2750 2110 2805 loculos
2134 2750 2234 2804 ha-

654 2857 673 2891 c
704 2840 838 2895 hens
884 2856 949 2896 ea
991 2857 1111 2911 quae
1155 2842 1542 2908 mittebantur,
1589 2846 1858 2914 portabat.
1890 2862 1908 2896 ι
1946 2841 2062 2898 Non
2104 2857 2234 2915 ergo

649 2939 777 2986 tunc
812 2931 978 2989 Judas
1020 2934 1206 3004 periit,
1240 2937 1456 3005 quando
1478 2936 1704 3006 pecunia
1735 2946 2025 3008 corruptus
2052 2937 2235 2994 Domi-

649 3033 779 3077 num
805 3023 1058 3092 prodidit,
1088 3026 1183 3081 sed
1221 3026 1333 3097 jam
1370 3028 1611 3097 perditus
1652 3028 1937 3085 Dominum
1974 3031 2235 3100 sequeba-

651 3119 759 3177 tur,
787 3113 877 3183 qui
912 3112 1115 3171 loculos
1140 3116 1344 3173 habens
1370 3117 1689 3195 dominieos,
1718 3133 1780 3174 ea
1805 3134 1927 3189 quae
1947 3120 2232 3178 mitteban-

651 3213 756 3270 tur,
798 3206 1049 3274 portabat
1086 3207 1139 3262 in
1169 3208 1529 3265 ministerium
1556 3225 1874 3281 pauperum,
1902 3227 2023 3283 qua
2062 3212 2227 3269 etiam

646 3301 849 3360 infideli
889 3315 1069 3363 mente
1108 3303 1278 3362 furari
1307 3306 1533 3363 solebat.
1561 3306 1758 3364 Videns
1803 3324 1934 3380 ergo
1969 3309 2231 3365 Dominus

645 3410 741 3451 cor
768 3396 909 3453 illius
942 3398 1253 3469 cupiditatis
1284 3398 1398 3469 jam
1425 3399 1585 3454 sorde
1615 3398 1899 3469 pollutum,
1926 3399 2229 3469 praevidens

643 3485 813 3556 pejori
852 3488 1171 3558 proditionis
1207 3489 1365 3545 sorde
1392 3490 1772 3560 polluendum,
1801 3491 2076 3548 commisit
2110 3492 2230 3563 ejus

643 3575 767 3632 fldei
799 3578 1060 3650 quidquid
1090 3580 1360 3636 habebant
1396 3581 1451 3636 in
1480 3580 1731 3647 sacculis,
1762 3597 1996 3654 eumque
2039 3583 2106 3639 de
2143 3584 2230 3640 his

644 3682 765 3737 qua:
785 3669 946 3726 vellet
972 3669 1152 3727 facere
1187 3672 1453 3741 permisit,
1481 3673 1627 3728 velut
1660 3673 1843 3729 collati
1886 3676 2108 3731 honoris
2142 3676 2230 3732 vel

644 3758 842 3816 habita:
869 3763 1130 3817 memoria
1164 3764 1409 3833 pecunia:
1450 3773 1687 3819 mentem
1728 3765 1797 3821 ab
1841 3766 2009 3835 ipsius
2046 3769 2231 3824 vendi-

645 3847 794 3905 tione
840 3860 1137 3906 revocaret.
1182 3850 1383 3908 Verum
1427 3853 1555 3924 quia
1600 3870 1803 3912 avarus
1845 3872 2059 3928 semper
2085 3867 2227 3932 eget,

644 3956 820 4013 neque
844 3958 1079 4014 unquam
1118 3944 1506 4003 beneficiorum
1542 3964 1642 4019 per
1664 3949 1822 4008 fidem
1851 3952 2096 4007 meminit
2121 3953 2227 4008 im-

645 4032 796 4102 pius,
840 4049 871 4089 a
900 4031 1046 4090 furto
1080 4035 1323 4105 pecunia:
1364 4051 1527 4108 quam
1561 4040 1834 4110 portabat,
1879 4041 2123 4113 pervenit
2159 4042 2231 4098 ad

646 4126 988 4182 traditionem
1032 4127 1274 4192 Domini.
1311 4130 1403 4200 qui
1441 4131 1727 4201 pecuniam
1766 4132 1868 4189 sibi
1907 4134 2228 4190 servandam

647 4216 1079 4274 commendabat.

722 4325 741 4359 ι
776 4307 924 4362 Dixit
941 4321 1072 4380 ergo
1093 4307 1285 4365 Jesus:
1317 4309 1454 4367 Sine
1476 4311 1644 4378 illam,
1670 4320 1729 4367 ut
1757 4312 1812 4367 in
1836 4312 1923 4369 die
1943 4312 2230 4383 sepulturae

602 4462 613 4471 π
650 4413 669 4447 ι
704 4413 838 4453 meae
870 4409 1049 4455 servet
1084 4399 1231 4455 illud.
1256 4419 1282 4465 Δι
1317 4400 1481 4469 Quasi
1515 4402 1832 4459 innocenter
1871 4404 2229 4476 interroganti

641 4488 794 4547 ludat
823 4490 1084 4547 Dominus
1109 4492 1426 4562 simpliciter
1453 4502 1507 4550 et
1535 4504 1832 4560 mansuete,
1859 4511 1966 4566 quo
1988 4496 2230 4552 ministe-

644 4583 783 4639 rium
815 4583 996 4639 Marite
1028 4585 1325 4655 pertineret
1359 4588 1644 4658 exposuit:
1675 4588 1802 4658 quia
1835 4588 1948 4658 ipse
1977 4588 2229 4645 videlicet

636 4676 973 4743 moriturus,
1008 4685 1060 4733 et
1092 4677 1162 4732 ad
1191 4677 1555 4748 Sepeliendu'm
1585 4680 1918 4736 aromatibus
1941 4690 2088 4737 esset
2127 4698 2228 4736 un—

643 4770 892 4840 gendus:
933 4770 1162 4840 ideoque
1192 4770 1408 4838 Mariae,
1446 4772 1532 4827 cui
1578 4772 1647 4828 ad
1689 4773 1997 4830 unctionem
2027 4773 2226 4833 mortui

645 4859 888 4929 corporis
911 4858 1048 4928 ejus,
1072 4862 1321 4932 quamvis
1341 4863 1569 4918 multum
1591 4864 1919 4920 desideranti
1945 4864 2230 4935 pervenire

648 4965 753 5005 non
803 4949 1028 5017 liceret,
1068 4952 1324 5007 donatum
1366 4954 1437 5009 sit
1469 4954 1645 5010 adhuc
1671 4956 1872 5011 viventi
1916 4957 2228 5026 impendere

645 5040 998 5111 obsequium,
1028 5044 1170 5113 quod
1200 5054 1322 5114 post
1369 5056 1599 5100 mortem
1626 5046 1791 5101 celeri
1834 5055 2106 5116 praeventa
2143 5062 2230 5103 re-

646 5137 987 5193 surrectione
1015 5139 1282 5208 nequiret.
1318 5137 1479 5207 Unde
1523 5137 1659 5213 bene
1700 5135 1913 5192 Marcus
1940 5136 2227 5191 Dominum

647 5228 715 5284 de
743 5227 829 5283 illa
858 5229 1058 5285 dixisse
1084 5239 1314 5286 testatur
1341 5248 1353 5283 :
1386 5248 1405 5280 ι
1434 5229 1551 5296 Quo
1574 5228 1760 5283 habuit
1786 5228 1900 5282 haec
1925 5226 2072 5295 fecit,
2098 5243 2231 5299 pra:-

645 5321 795 5376 venit
816 5337 1018 5394 ungere
1037 5338 1234 5393 corpus
1257 5336 1433 5376 meum
1455 5320 1508 5374 in
1529 5320 1855 5390 sepulturam
1872 5316 2037 5391 (Mar.
2056 5318 2186 5390 xxv).
2202 5338 2221 5372 ι

646 5410 799 5479 Quod
823 5423 908 5470 est
936 5424 1122 5485 aperte
1150 5414 1331 5469 dicere
1356 5426 1372 5466 :
1404 5410 1537 5479 Quia
1569 5428 1762 5482 corpus
1786 5427 1965 5468 meum
1983 5410 2100 5481 jam
2134 5415 2227 5469 de-

647 5503 818 5560 functi
864 5513 1086 5576 tangere
1133 5518 1241 5559 nou
1289 5502 1494 5573 potuit,
1543 5503 1715 5558 solum
1753 5503 1899 5573 quod
1937 5503 2110 5573 potuit
2154 5501 2232 5558 fe-

647 5597 763 5662 cit,
814 5596 1073 5668 praevenit
1104 5595 1287 5649 vivum
1346 5594 1521 5651 adhuc
1568 5593 1852 5651 funerandi
1909 5593 2084 5650 ofﬁcio
2131 5594 2230 5649 do-

649 5705 800 5753 nare.
1773 5754 1777 5757 .

644 5818 649 5827 η
727 5798 749 5836 ι
777 5780 1049 5852 Pauperes
1092 5780 1239 5838 enim
1283 5794 1497 5854 semper
1526 5780 1750 5839 habetis
1796 5780 2107 5850 vobiscum,
2144 5793 2237 5838 me

1296 336 1647 396 HAYMONIS
1685 336 2161 395 HALBERSTAT.
2199 333 2413 394 EPISC.
2454 335 2606 394 OPP.
2643 334 2822 393 PARS
2861 334 2920 391 11.
2957 366 3029 377 -
3057 336 3289 394 HOMIL.
3430 372 3433 373 ν
3845 344 3904 400 δυ

663 464 720 511 et
746 454 955 527 capillis
977 465 1221 527 exterge,
1246 469 1309 510 ac
1334 455 1380 510 si
1416 456 1620 512 habeas
1641 455 1910 527 superﬂua
1928 496 1943 522 ,
1990 454 2245 525 pauperi-
2271 450 2339 515 A‘
2355 469 2374 503 ε
2405 458 2585 506 autem
2618 464 2725 506 non
2764 464 2978 520 semper
3017 450 3340 507 habebitis.»
3374 451 3444 508 Et
3465 451 3581 508 hic
3610 467 3817 522 magna
3838 470 3901 511 ne

2261 4552 2309 4613 D

2352 546 2631 604 deramine
2650 546 2949 617 patientiae,
2978 545 3237 602 Dominus
3261 562 3369 603 non
3390 545 3608 604 ludam
3637 549 3811 620 arguit
3826 566 3899 605 au-

2349 638 2511 705 ritiae,
2534 644 2590 693 et
2617 652 2731 694 non,
2755 653 3051 709 pauperum
3075 637 3249 709 gratia
3272 638 3340 693 de
3367 639 3626 710 pecunia
3655 637 3794 706 loqui
3817 640 3897 696 τεά

2348 747 2418 788 ex
2452 731 2662 787 ratione
2686 731 3043 797 demonstrat,
3076 746 3182 787 non
3218 746 3340 787 esse
3374 729 3703 801 culpandus
3744 746 3823 785 eos
3844 736 3894 800 ei

2348 825 2399 881 ei
2431 825 2573 880 inter
2597 824 2841 881 homines
2864 825 3208 880 conversanti
3233 826 3300 880 de
3324 823 3704 880 facultatibus
3727 825 3822 877 suis
3840 828 3892 875 nl

2349 919 2664 981 nistrarent,
2689 932 2811 973 cum
2847 925 2956 972 tam
2990 932 3157 987 parvo
3184 926 3429 988 tempore
3460 918 3593 986 ipse
3619 915 3757 987 apud
3778 916 3889 971 Eas

2349 1008 2486 1064 siam
2538 1006 2892 1079 corporaliter
2928 1023 3218 1065 mansurus
3240 1049 3256 1075 ,
3301 1022 3591 1080 pauperes
3628 1018 3796 1061 autem
3824 1012 3890 1077 qs

2350 1100 2452 1156 bus
2488 1100 2799 1172 elemosyna
2838 1099 2958 1156 fieri
3004 1110 3230 1170 posset,
3282 1101 3336 1156 in
3381 1115 3451 1156 ea
3503 1114 3735 1170 semper
3773 1114 3888 1156 esse:

2350 1192 2605 1249 habendi.

2425 1304 2445 1338 ε
2474 1286 2738 1357 Cognovit
2765 1303 2895 1361 ergo
2920 1288 3079 1344 turba
3107 1287 3277 1344 multa
3314 1304 3379 1345 ex
3415 1288 3674 1355 ludatis,
3703 1290 3806 1360 quia
3824 1291 3883 1343 illi:

2353 1397 2374 1430 ι
2402 1385 2486 1432 est
2509 1384 2565 1432 et
2589 1389 2852 1433 venerunt
2879 1394 2987 1434 non
3012 1388 3237 1451 propter
3258 1377 3445 1435 Jesum
3481 1389 3726 1443 tantum,
3757 1384 3829 1435 sed
3852 1392 3881 1433 ε

2355 1485 2373 1517 ¢
2404 1465 2665 1521 Lazarum
2708 1467 2992 1536 viderent,
3034 1485 3196 1540 quem
3240 1471 3543 1525 suscitavit
3588 1485 3621 1524 a
3654 1472 3877 1525 ntortuis:

2347 1553 2647 1612 Curiositas
2675 1557 2794 1621 hos.
2828 1567 2881 1614 et
2910 1574 3019 1614 non
3045 1560 3286 1614 Charitas
3317 1561 3477 1615 duxit
3505 1561 3581 1614 ad
3612 1559 3793 1615 Jesum.
3817 1560 3877 1615 Sed

2349 1661 2448 1701 nos
2469 1662 2626 1702 versa
2654 1647 3004 1712 vice,fratres
3025 1649 3346 1710 charissimi.
3378 1651 3422 1705 si
3450 1654 3813 1720 cognoscimus
3826 1658 3873 1704 at;

2345 1736 2504 1792 Jesus
2528 1747 2644 1803 est,
2674 1740 2762 1794 ubi
2794 1741 3127 1796 mansionem
3160 1741 3321 1805 facit,
3349 1741 3444 1796 ubi
3489 1740 3819 1801 Bethaniam.
3846 1744 3873 1794 i4

2345 1919 2625 1973 veniamus
2654 1918 2781 1975 illuc
2809 1922 3297 1991 contemplatione,
3346 1938 3458 1977 non
3510 1933 3734 1994 propter
3766 1926 3872 1979 lmi-

2346 2022 2471 2062 nem
2497 2015 2730 2073 tantum,
2752 2024 2912 2080 quem
2938 2027 2967 2064 a
3000 2020 3175 2066 morte
3202 2012 3394 2067 animm
3422 2015 3752 2069 suscitatus:
3773 2018 3873 2083 spiri-

2346 2101 2524 2155 taliter
2550 2101 2735 2157 vivere
2762 2103 3009 2166 douavit,
3042 2104 3136 2158 sed
3180 2112 3239 2157 ut
3267 2105 3469 2159 bonam
3516 2105 3745 2162 hominis
3764 2110 3871 2161 vitae

2344 2193 2604 2250 imitando
2643 2209 2741 2264 per
2769 2196 2873 2250 hoc
2907 2196 2974 2250 ad
3007 2196 3267 2251 visionem
3296 2195 3424 2252 Iesu
3474 2200 3771 2269 pertingere
3800 2216 3872 2254 me

2342 2300 2578 2341 reamur.
2610 2285 2744 2354 Quia
2780 2302 2880 2356 pro
2913 2296 3063 2341 certo
3104 2288 3455 2359 cognovimus
3501 2292 3599 2345 ubi
3643 2290 3770 2347 Iesu
3798 2300 3867 2351 est.

2339 2380 2639 2437 resurrexit
2667 2382 2811 2436 enim
2839 2388 2964 2449 post
2987 2389 3240 2446 mortem,
3267 2390 3322 2436 et
3347 2384 3605 2438 ascendit
3641 2385 3693 2438 in
3714 2385 3868 2443 malum.

2340 2469 2413 2525 ibi
2448 2470 2610 2525 habet
2652 2470 2986 2525 mansionem
3035 2481 3346 2541 perpetuam
3371 2510 3387 2535 ,
3438 2471 3564 2542 ipsa
3613 2483 3695 2528 est
3736 2473 3870 2529 civitas

2338 2574 2494 2625 vera,
2524 2559 2785 2616 Bethania
2824 2561 3030 2617 scilicet
3064 2561 3332 2628 cmlestis,
3357 2578 3523 2633 quam
3554 2564 3731 2621 nullus
3752 2564 3868 2626 vald,

2336 2655 2442 2711 nisi
2476 2655 2733 2712 obediens
2773 2657 2996 2714 intrare.

2412 2765 2432 2798 ι
2463 2746 2847 2818 Cogitaverunt
2885 2748 3159 2821 principes
3206 2754 3555 2819 sacerdotum,
3607 2764 3669 2808 ut
3705 2762 3761 2808 et
3800 2754 3872 2809 La-

2339 2855 2361 2889 ‹
2400 2852 2587 2892 zarum
2624 2837 3011 2901 interficerent,
3029 2841 3162 2910 quia
3206 2844 3365 2898 multi
3386 2851 3591 2913 prepter
3612 2842 3764 2897 illum
3805 2844 3873 2897 alr

2341 2950 2359 2983 ι
2396 2930 2548 2987 ibant
2576 2947 2641 2987 ex
2664 2930 2888 3001 ludatis,
2923 2942 2979 2989 et
3006 2935 3302 2991 credebant
3343 2937 3398 2991 in
3424 2936 3625 2992 Iesum.
3656 2956 3676 2988 ι
3701 2936 3745 2992 0
3764 2952 3868 2991 aea

2334 3037 2600 3079 caecorum
2624 3025 2883 3092 versutia,
2933 3026 3181 3083 occidere
3208 3028 3345 3085 velle
3369 3030 3708 3093 suscitatam,
3752 3028 3867 3099 quasi

2333 3131 2439 3172 non
2470 3117 2641 3187 possit
2660 3118 2924 3173 suscitare
2943 3119 3204 3185 occisum,
3232 3119 3325 3187 qui
3342 3128 3562 3189 poterat
3585 3118 3861 3175 defuturum.

2333 3207 2400 3263 Et
2428 3208 2647 3277 quidem
2690 3219 2981 3280 utrumque
3012 3225 3169 3281 posse
3215 3211 3420 3276 docuit,
3448 3219 3506 3266 et
3533 3212 3624 3281 qui
3653 3210 3861 3265 Lazarum

2329 3297 2661 3365 defunctum,
2691 3308 2746 3354 et
2787 3301 3138 3370 semetipsum
3165 3302 3448 3358 suscitavit
3469 3302 3728 3357 occisum.
3753 3301 3859 3355 Post-

2329 3405 2490 3461 quam
2525 3389 2785 3445 Dominus
2821 3392 3240 3461 quatriduanum
3288 3403 3571 3449 mortuum
3618 3392 3857 3455 suscitavit,

2329 3482 2669 3552 stupentibus
2693 3480 2914 3548 Iudaeis,
2940 3491 2995 3538 et
3038 3482 3162 3539 aliis
3200 3498 3385 3539 eorum
3420 3484 3665 3540 videndo
3697 3482 3856 3538 aedes

2328 3572 2493 3639 tibus,
2524 3571 2645 3628 aliis
2693 3573 2749 3628 in
2800 3572 3030 3629 videndo
3088 3575 3480 3644 pereuntibus:
3534 3583 3594 3632 et
3640 3584 3855 3644 postquam

2331 3663 2604 3720 discubuit
2655 3665 2712 3720 in
2748 3665 2910 3720 domo
2936 3663 3112 3739 Jesus,
3162 3665 3515 3722 recumbente
3560 3680 3759 3737 quoque
3794 3660 3853 3716 la

2330 3769 2482 3821 zaro,
2509 3755 2602 3826 qui
2651 3752 2828 3811 fuerat
2867 3770 2898 3809 a
2926 3754 3155 3810 mortuis
3184 3754 3503 3821 suscitatus,
3531 3764 3660 3825 Inst
3685 3766 3859 3822 unguen

2333 3854 2446 3903 tum
2482 3847 2711 3903 effusum
2762 3842 2928 3917 super
2977 3845 3142 3916 pedes
3168 3843 3307 3914 ejus,
3358 3844 3505 3900 unde
3536 3845 3724 3901 domus
3744 3842 3860 3896 odore

2331 3942 2596 4014 completa
2624 3950 2728 4009 est,
2774 3942 2843 3996 de
2869 3941 3066 4011 quibus
3116 3939 3172 3995 in
3218 3938 3620 4010 superioribus,
3661 3945 3859 4009 quantum

2327 4035 2603 4107 potuimus
2656 4035 3041 4100 tractavimus,
3098 4048 3242 4089 nunc
3288 4032 3589 4088 videndum
3639 4040 3737 4096 est,
3774 4024 3859 4097 quid
3918 4088 3919 4095 η

2331 4137 2458 4185 ante
2486 4127 2700 4182 Domini
2745 4127 3056 4197 passionem
3082 4134 3294 4196 gestum
3321 4139 3444 4182 esse
3484 4132 3719 4181 constat.
3767 4119 3861 4175 us:
3918 4126 3919 4131 ‘

2329 4220 2475 4276 enim
2499 4218 2830 4290 evangelista
2855 4237 2868 4273 :

2406 4332 2428 4367 ι
2453 4313 2512 4370 In
2538 4313 2835 4369 crastinum
2868 4323 3047 4368 autem
3073 4314 3233 4368 turba
3260 4310 3453 4377 multa,
3481 4326 3611 4381 quat
3658 4318 3862 4365 conrue-

2338 4424 2358 4459 ‹
2393 4414 2476 4461 rat
2502 4405 2571 4461 ad
2599 4405 2739 4460 diem
2769 4405 2984 4470 festum,
3013 4419 3138 4459 cum
3163 4403 3402 4461 audisset
3435 4402 3567 4473 quia
3597 4400 3747 4457 Jesus
3764 4393 3862 4451 rem}

2338 4520 2357 4553 ι
2394 4498 2845 4570 Hierosolymam,
2900 4505 3229 4568 acceperunt
3257 4510 3438 4551 ramos
3482 4494 3795 4566 palmarum,
3827 4493 3863 4539 α

2343 4608 2363 4643 ‹
2404 4597 2789 4661 processerunt
2833 4587 3048 4643 obviam
3086 4587 3157 4652 ei,
3189 4594 3246 4642 et
3292 4584 3607 4642 clamabant
3639 4605 3653 4637 -.
3682 4580 3861 4639 Osanna.

2342 4701 2362 4736 ι
2398 4682 2715 4738 benedictus
2744 4680 2835 4750 qui
2873 4680 3024 4735 venit
3051 4679 3103 4733 in
3148 4678 3367 4734 nomine
3410 4675 3656 4740 Domini,
3708 4686 3788 4728 rex
3816 4668 3863 4722 ls-

2341 4792 2361 4826 ι
2397 4772 2529 4828 rael.
2564 4792 2583 4825 ι
2642 4771 2797 4826 Rarui
2850 4770 3155 4841 palmarum
3184 4768 3371 4825 laudes
3396 4776 3527 4823 sunt
3555 4767 3863 4839 significante!

2333 4864 2637 4929 victoriam,
2677 4878 2782 4934 qua
2805 4870 2924 4917 erat
2971 4861 3482 4937 Doniiuusmortem
3509 4857 3782 4915 moriendo
3808 4868 3863 4907 εηο

2333 4965 2644 5027 peraturus,
2676 4963 2731 5011 et
2760 4953 3000 5024 trophaeo
3029 4953 3210 5009 crucis
3239 4951 3507 5008 diabolum
3539 4950 3732 5006 mortis
3767 4944 3864 5017 prm-
3918 4968 3919 4971 η

2335 5045 2510 5116 cipem
2573 5045 3021 5116 triumphaturus.
3074 5062 3093 5095 ι
3148 5043 3398 5109 Osanna,
3457 5041 3769 5097 benedictus
3807 5030 3865 5101 qi

2334 5138 2484 5193 venit
2517 5138 2572 5192 in
2624 5137 2843 5193 nomine
2898 5136 3137 5191 Domini.
3169 5155 3190 5188 ι
3243 5133 3550 5191 Notandum
3607 5146 3733 5188 sane
3768 5121 3867 5197 φο]
3918 5126 3919 5133 “

2332 5245 2469 5297 οειΑ,
2500 5230 2726 5286 verbum
2747 5227 3096 5293 Hebraicum,
3123 5226 3481 5298 compositum
3498 5233 3589 5280 est
3621 5239 3691 5280 ex
3714 5217 3870 5277 mohs!

2332 5321 2602 5391 corruptis
2643 5329 2699 5378 et
2744 5320 2990 5392 integro:
3029 5318 3175 5375 salua
3216 5332 3450 5389 namque
3476 5316 3599 5372 sive
3636 5309 3870 5377 soloin!“
3918 5360 3919 5392 ᾗ

2332 5376 2473 5486 apud
2732 5376 2947 5468 dicitur.
2987 5408 3065 5465 ΝΑ
3110 5425 3241 5466 vero
3284 5376 3591 5477 interiectio
3632 5406 3873 5497 depreaf

2332 5510 2426 5574 tis,
2452 5506 2722 5578 quomodo
2753 5507 2894 5574 apud
2943 5504 3167 5559 Latinos
3221 5499 3525 5570 interjectio
3553 5509 3640 5555 est
3690 5490 3873 5551 deletus
3918 5490 3919 5563 ἶ

2337 5601 2456 5665 heu,
2515 5607 2571 5653 et
2612 5595 2917 5664 interjectio
2967 5592 3311 5657 admirantis,
3345 5608 3516 5662 papae.
3576 5586 3801 5656 Denique
3836 5579 3875 5631 il

2334 5686 2568 5753 Psalmo,
2597 5687 2686 5742 ubi
2715 5685 3054 5757 septuaginta
3111 5685 3438 5753 interpretes
3484 5675 3873 5733 transtuleram:

2343 5798 2363 5834 ι
2394 5779 2438 5838 0
2474 5779 2719 5846 Domine,
2754 5778 2961 5836 salvum
2987 5792 3072 5833 me
3102 5774 3188 5833 fac
3214 5772 3387 5850 (Ρωι.
3413 5770 3633 5841 vam),
3660 5786 3679 5823 ι
3711 5767 3763 5822 in
3801 5758 3877 5816 Hc-
