3934 6346
29 315 144 374 585

1275 305 1580 367 ιιοιιιιιιε
1636 305 1726 363 DE
1766 303 2112 364 'I‘EMPORE.
2148 272 2157 291 ’

3223 309 3331 369 386

29 448 198 489 :meo
233 432 512 503 scriptum
533 439 652 487 est:
688 431 839 488 Anna
862 428 1051 486 adonai
1085 429 1291 492 osiana,
1328 426 1470 496 quod
1492 424 1661 479 inter-
1690 431 1735 487 Α
1764 429 1909 478 ctum
1950 429 2055 487 est,
2089 439 2110 473 ι
2153 418 2271 476 Noli
2301 421 2492 478 timere
2523 440 2536 477 :
2572 441 2592 475 ι
2635 421 2783 478 illum
2809 435 3060 507 agnosce,
3101 422 3192 491 qui
3220 438 3251 477 a
3282 431 3335 479 te

29 542 174 596 pres
229 536 436 580 noster
474 524 852 597 Hieronymus,
885 523 1186 594 diligentius
1236 519 1531 583 elucitlans,
1582 518 1654 571 ita

29 616 352 671 transtulit
376 633 387 669 :
412 633 430 667 ι
455 615 709 681 Obsecro,
738 610 982 679 Dtﬂnine,
999 614 1168 679 salva,
1195 613 1438 667 obsecro.
1462 629 1480 662 ι
1511 608 1654 663 Idem

29 721 305 776 namque
339 706 611 777 signillcat
648 724 678 760 ο
723 722 819 776 per
840 704 1266 774 interiectionem
1298 699 1654 765 obsecrantis,

29 799 196 869 qnod
238 800 486 860 obsecro,
514 797 755 863 Domine,
781 813 881 868 per
915 798 1087 867 ipsum
1130 796 1353 851 verbum
1400 794 1655 848 obsecra-

29 892 247 947 tionis.
304 890 528 948 Osanna
555 892 735 961 itaque
775 891 920 946 salva
961 891 1170 945 obsecro
1209 887 1499 958 signiﬁcat,
1530 900 1657 941 con-

29 994 281 1050 sumpta
317 982 499 1038 littera
523 982 610 1037 vel
637 982 828 1047 vocali,
868 997 986 1051 qua:
1024 980 1246 1035 verbum
1270 978 1440 1050 prius
1492 976 1659 1030 inter-

30 1075 259 1137 minat,
298 1090 426 1129 cum
452 1073 690 1144 perfecte
716 1075 914 1129 dicitur
936 1074 1038 1137 osi,
1061 1088 1156 1143 per
1174 1072 1431 1125 virtutem
1462 1068 1657 1123 littera:

29 1163 269 1218 vocalis
297 1163 483 1233 aleph,
538 1180 568 1218 a
615 1180 717 1234 qua
749 1165 971 1219 verbum
998 1178 1228 1234 sequens
1269 1161 1453 1229 incipit
1491 1172 1651 1222 anna,

30 1256 203 1323 quod
239 1256 462 1311 metrici
499 1257 551 1310 in
580 1256 761 1311 verbis
804 1256 1130 1311 scandendis
1177 1253 1525 1326 synalmphen
1563 1266 1657 1306 vo-

30 1359 205 1412 cant,
240 1350 495 1407 quamvis
525 1349 598 1405 illi
621 1350 876 1420 scriptam
901 1350 1137 1404 litteram
1167 1347 1490 1403 scandentes
1516 1354 1659 1399 tran-

31 1442 291 1507 siliant;
327 1444 384 1497 in
425 1443 525 1497 hoc
563 1451 744 1497 autem
773 1444 938 1498 verbo
977 1452 1201 1503 osanna,
1235 1440 1307 1493 iot
1334 1439 1509 1492 littera
1553 1450 1657 1491 nec

33 1532 258 1586 saltem
290 1532 586 1595 scribatur,
613 1531 707 1586 sed
733 1546 894 1587 sensu
939 1531 1269 1600 loquentium
1326 1526 1490 1590 salvo,
1535 1524 1658 1579 l'un-

30 1623 207 1677 ditus
243 1622 656 1676 intermittatur.
694 1641 712 1673 ι
760 1621 1080 1677 Benedictus
1116 1621 1207 1690 qui
1266 1618 1417 1673 venit
1459 1617 1513 1671 in
1560 1630 1657 1671 no-

34 1712 211 1767 mine
255 1712 492 1776 Domini,
526 1727 620 1767 rex
673 1709 862 1778 Israel,
904 1731 924 1763 ι
977 1712 1057 1767 sic
1121 1708 1494 1781 accipiendum
1546 1714 1654 1771 est,

1760 514 2031 580 laudatur,
2067 523 2123 569 et
2147 513 2255 569 noli
2305 514 2577 584 trepidare
2604 530 2725 571 cum
2778 516 3036 587 loquitur,
3069 515 3192 585 quia
3246 514 3334 570 ille

1758 605 1977 675 sanguis
1998 604 2271 671 inridetur,
2301 619 2399 674 per
2418 618 2578 674 quem
2606 613 2755 661 tuum
2778 606 3035 662 delictum
3069 605 3332 672 deleatur,

1758 706 1815 753 et
1840 698 1950 751 vita
1990 696 2307 753 redimatur.
2334 694 2501 751 Sedet
2521 711 2684 766 super
2706 696 2910 766 pullum
2936 697 3122 761 asiam,
3145 698 3198 752 in
3229 711 3337 768 quo

1757 804 1920 845 nemo
1938 790 2155 846 sederat
2186 791 2312 861 (hoc
2331 789 2477 844 enim
2504 789 2645 859 apud
2690 789 2827 845 alios
2853 791 3209 861 evangelistas
3254 791 3335 847 in-

1758 882 2029 954 venitur):
2057 881 2379 953 intelligitur
2400 880 2630 951 populus
2651 881 3018 952 gentium,qui
3044 883 3216 955 legem
3233 882 3333 940 Do-

1758 976 1891 1031 mini
1917 991 2022 1031 non
2046 983 2354 1045 acceperat.
2406 975 2580 1047 Super
2608 975 2817 1029 asinam
2848 990 2976 1029 vero
2997 977 3168 1043 sedet,
3211 978 3336 1047 quia

1757 1077 2046 1141 utrumque
2063 1068 2367 1138 jumentum
2408 1067 2633 1123 Domino
2675 1067 2963 1122 adductum
2991 1075 3093 1135 est,
3123 1069 3336 1139 plebem

1757 1173 1878 1215 eam
1930 1159 2260 1231 signiﬁcans,
2316 1174 2437 1228 qua:
2488 1158 2738 1214 veniebat
2785 1174 2852 1213 ex
2909 1159 3104 1229 populo
3152 1160 3336 1227 Israel,

1757 1260 1866 1303 non
1888 1249 2208 1304 indomitam
2248 1263 2391 1316 esse,
2436 1249 2532 1305 sed
2576 1264 2698 1320 quae
2726 1263 2967 1319 praise-ie
3003 1248 3217 1306 Domini
3246 1266 3336 1324 ag-

1759 1342 1928 1396 novit.

1834 1449 1855 1483 ‹
1890 1430 2016 1486 Haec
2068 1447 2175 1487 non
2219 1439 2588 1502 cognoverunt
2636 1431 2885 1502 discipuli
2908 1429 3034 1502 ejus
3082 1431 3335 1503 primum,

1765 1541 1785 1576 ι
1816 1524 1912 1579 sed
1952 1525 2170 1593 quando
2209 1524 2541 1594 gloriﬁcatus
2560 1534 2643 1580 est
2672 1523 2851 1581 Iesus.
2883 1544 2902 1578 ι
2935 1525 2989 1581 ld
3015 1535 3100 1581 est
3125 1525 3341 1595 quando

1758 1614 1961 1669 virtute
2001 1630 2112 1669 suae
2141 1616 2557 1670 resurrectionis
2583 1616 2838 1683 ostendit,
2892 1624 3022 1671 tunc
3070 1615 3341 1672 recordati

1760 1713 1889 1759 sunt
1922 1704 2046 1774 quia
2071 1705 2185 1759 haec
2210 1713 2335 1759 sunt
2356 1705 2559 1776 scripta
2582 1706 2651 1760 de
2673 1720 2760 1761 eo.
2792 1704 3118 1761 Recolentes
3142 1696 3353 1777 quippe

30 1811 105 1857 ut
172 1803 228 1857 in
280 1804 506 1859 nomine
562 1802 743 1860 Patris
787 1803 1159 1875 intelligatur,
1213 1800 1462 1871 quamvis
1526 1811 1654 1869 pos-
1682 1794 1732 1855 B
1758 1797 2055 1851 secundum
2079 1794 2436 1867 Scripturam,
2478 1811 2601 1868 quae
2621 1806 2745 1853 ante
2798 1798 3104 1868 passionem
3130 1799 3245 1853 sive
3284 1799 3340 1853 in

34 1894 125 1950 sit
180 1894 392 1951 habere
443 1895 891 1969 intelligentiam,
945 1896 1000 1951 in
1059 1895 1283 1951 nomine
1337 1909 1455 1949 suo.
1514 1891 1649 1960 Quia

30 1994 98 2041 et
176 1987 296 2059 ipse
338 1987 602 2043 Dominus
644 1996 773 2055 est,
820 1988 965 2043 unde
1013 1986 1138 2043 alibi
1193 1987 1459 2056 scriptum
1502 1993 1588 2040 est
1632 2001 1647 2039 :

39 2097 58 2128 ι
109 2075 273 2134 Pluit
313 2078 576 2133 Dominus
600 2094 633 2133 a
656 2079 903 2135 Domino.
934 2096 954 2130 ι
987 2077 1164 2134 Verba
1191 2076 1307 2147 ejus
1334 2076 1528 2132 melius
1556 2091 1653 2133 no-

30 2174 234 2222 strum
265 2168 507 2240 dirigant
534 2168 884 2234 intellectum,
926 2168 1017 2239 qui
1062 2169 1184 2223 ait:
1229 2187 1247 2219 ι
1307 2168 1419 2238 Ego
1447 2168 1568 2222 veni
1596 2166 1652 2222 in

32 2257 283 2313 nomine
326 2255 510 2313 Patris
550 2257 678 2323 mei,
725 2265 779 2314 et
826 2274 936 2315 non
974 2257 1287 2328 suscepistis
1336 2272 1460 2312 me:
1517 2257 1655 2312 alius

35 2348 244 2404 veniet
292 2347 348 2402 in
378 2347 594 2403 nomine
638 2363 757 2415 suo,
808 2348 952 2405 hunc
980 2348 1287 2419 suscipietis
1311 2348 1492 2418 (Joan.
1520 2346 1596 2418 v).
1628 2366 1648 2400 ι

37 2437 397 2494 Bumilitatis
430 2438 575 2494 enim
601 2438 861 2511 magister
886 2447 969 2494 est
995 2437 1263 2503 Christus,
1292 2438 1384 2507 qui
1408 2435 1655 2491 humilia-

44 2533 132 2587 vit
156 2529 538 2601 semetipsum,
568 2527 747 2586 factus
792 2529 1053 2586 obediens
1075 2543 1246 2599 usque
1281 2528 1349 2582 ad
1399 2536 1651 2592 mortem,

51 2632 295 2679 mortem
319 2630 504 2678 autem
529 2620 714 2677 crucis
738 2618 961 2691 (Philip.
985 2619 1073 2689 ιι).
1102 2618 1217 2675 Non
1243 2620 1424 2688 itaque
1453 2618 1655 2673 amittit

53 2712 439 2777 Divinitatem,
466 2711 684 2782 quando
712 2724 812 2765 nos
857 2710 1019 2765 docet
1064 2708 1443 2764 humilitatem.
1476 2708 1533 2763 In
1562 2707 1652 2762 illa

52 2802 210 2861 Patri
235 2810 319 2858 est
340 2801 588 2872 aequalis,
617 2800 672 2856 in
702 2802 805 2857 hac
833 2802 992 2856 nobis
1012 2801 1223 2856 similis.
1248 2800 1354 2856 Per
1377 2801 1481 2854 hoc
1506 2799 1651 2868 quod

56 2893 210 2950 Patri
248 2893 471 2965 aequalis
498 2903 605 2960 est,
631 2907 730 2949 nos
772 2901 833 2948 ut
879 2907 1124 2948 essemus
1150 2892 1356 2948 creavit
1378 2906 1478 2962 per
1505 2890 1650 2961 quod

56 2988 223 3044 nobis
248 2998 330 3044 est
361 2988 574 3057 similis,
605 3002 674 3044 ne
710 2986 1014 3058 periremus
1057 2987 1305 3043 redemit.
1362 2985 1473 3043 Has
1504 2987 1647 3043 enim
1691 3046 1695 3050 ,

59 3077 253 3136 laudes
305 3079 461 3135 turba
509 3080 767 3136 dicebat:
828 3097 848 3131 ι
897 3079 1136 3145 Osanna,
1183 3080 1499 3135 benedictus
1553 3080 1648 3150 qui

1753 1888 2007 1959 passione
2036 1887 2248 1943 Domini
2273 1888 2541 1959 completa
2583 1896 2730 1956 sunt,
2761 1889 2835 1945 ibi
2880 1898 2936 1945 et
2970 1892 3073 1947 hoc
3126 1889 3345 1946 invene-
3421 1896 3427 1900 '

1756 1987 1898 2042 runt,
1951 1986 2012 2033 ut
2059 1981 2354 2035 secundum
2402 1979 2616 2050 eloquia
2662 1982 3051 2051 prophetarum
3097 1980 3153 2035 in
3197 1980 3347 2037 nullo

1756 2071 1919 2127 asinae
1937 2071 2168 2126 sederet.

1831 2179 1852 2212 ο
1885 2160 2275 2219 Testimonium
2321 2177 2452 2237 ergo
2504 2165 2826 2236 perhibebat
2878 2167 3036 2222 turba
3078 2180 3199 2237 quae
3225 2173 3345 2223 erat

1762 2270 1783 2306 ι
1813 2270 1936 2310 cum
1965 2270 2032 2312 eo
2056 2258 2271 2326 quando
2318 2256 2587 2314 Lazarum
2614 2261 2828 2316 vocavit
2869 2260 2938 2316 de
2970 2269 3341 2328 monumento,

1763 2364 1782 2398 α
1818 2355 1873 2400 et
1894 2346 2178 2403 suscitavit
2197 2363 2321 2404 eum
2343 2364 2375 2404 a
2403 2350 2649 2407 mortuis.
2678 2371 2699 2405 ι
2735 2350 3031 2423 Propterea
3050 2361 3106 2408 et
3125 2353 3339 2408 obviam

1755 2438 1903 2493 venit
1928 2438 1978 2493 ei
2019 2439 2194 2504 turba,
2225 2439 2354 2511 quia
2399 2442 2688 2498 audierunt
2712 2457 2838 2499 eum
2868 2442 2973 2498 hoc
3019 2443 3235 2514 signum
3264 2441 3342 2498 fe-

1755 2531 1916 2587 cisse.
1947 2530 2206 2588 Pharisaei
2246 2547 2378 2606 ergo
2408 2533 2663 2591 dixerunt
2687 2533 2756 2590 ad
2783 2536 3143 2607 semetipsos:
3186 2556 3205 2588 ι
3246 2535 3344 2593 Vi-

1754 2621 1897 2677 detis
1951 2623 2081 2692 quia
2131 2622 2268 2677 nihil
2318 2622 2673 2694 prolicimus?
2725 2618 2867 2681 Ecce
2919 2627 3151 2682 mundus
3199 2632 3346 2683 totus

1754 2719 1876 2783 post
1897 2728 2023 2769 eum
2054 2713 2187 2768 abiit
2213 2713 2394 2786 (Joan.
2423 2714 2545 2786 xu).
2577 2735 2597 2769 ι
2630 2715 2810 2772 Turba
2840 2716 3081 2773 turbavit
3104 2718 3341 2775 turbam.

1755 2802 1894 2870 Quid
1917 2812 2099 2860 autem
2122 2805 2353 2872 invides,
2374 2821 2517 2863 caeca
2548 2809 2729 2871 turba,
2750 2809 2876 2879 quia
2895 2817 3021 2880 post
3040 2806 3168 2866 eum
3195 2810 3345 2866 vadit

1752 2895 2003 2959 mundus,
2026 2911 2128 2968 per
2145 2911 2307 2967 quem
2331 2897 2509 2954 Iactus
2528 2906 2615 2955 est
2639 2901 2873 2956 mundus
2892 2901 2917 2955 ?

1829 3008 1848 3041 ι
1874 2987 2048 3044 Erant
2073 2997 2253 3045 autem
2303 2990 2535 3061 gentiles
2586 2991 2808 3062 quidam
2834 3006 2901 3048 ex
2936 2991 3006 3049 iis
3025 2993 3118 3065 qui
3148 3009 3342 3051 ascen-

1759 3100 1779 3133 ι
1815 3084 2007 3139 derant
2032 3091 2091 3139 ut
2120 3084 2412 3140 adorarent
2450 3084 2618 3140 indie
2644 3085 2804 3141 festo.
2849 3085 2917 3141 Bi
2941 3101 3074 3158 ergo
3100 3100 3345 3144 accesse-

58 3172 219 3226 venit
245 3171 296 3225 in
342 3171 556 3227 nomine
601 3170 814 3227 Domini
860 3186 955 3227 rex
982 3171 1167 3226 Israel.
1197 3191 1215 3222 ι
1246 3172 1418 3238 Quam
1464 3185 1651 3227 vocem
1676 3150 1723 3215 (ἶ
1759 3194 1778 3227 ι
1813 3183 1938 3231 runt
1968 3176 2036 3229 ad
2063 3175 2391 3247 Philippum,
2423 3177 2515 3248 qui
2546 3186 2718 3233 erata
2759 3150 3050 3234 Bethsaida
3088 3179 3341 3248 Galilaeaa,

64 3264 272 3319 mentis
301 3264 585 3321 invidentia
624 3265 897 3336 principes
936 3263 1243 3322 Iudzeorum
1291 3265 1497 3335 perpeti
1542 3280 1651 3320 non

68 3365 346 3427 poterant,
373 3358 581 3428 quando
605 3374 789 3429 regem
820 3373 975 3413 suum
1019 3357 1294 3413 Christum
1327 3368 1475 3413 tanta
1514 3356 1652 3411 mul-

71 3446 251 3503 titudo
274 3447 552 3504 clamabat.
584 3449 692 3506 Sed
718 3450 850 3520 quid
892 3450 997 3505 fuit
1047 3450 1296 3516 Domino,
1325 3465 1506 3523 regem
1531 3464 1652 3506 esse

68 3539 282 3598 Israel?
304 3545 428 3614 quid
457 3560 710 3618 magnum
753 3546 877 3612 l'uit,
903 3561 1084 3617 regem
1116 3546 1435 3601 saaculorum
1464 3560 1648 3617 regem

73 3631 191 3688 ﬁeri
217 3633 533 3691 hominum?
569 3635 684 3692 Non
723 3637 870 3691 enim
923 3652 1019 3691 rex
1062 3635 1230 3692 Israel
1276 3634 1542 3703 Christus,
1580 3636 1650 3691 ad

75 3725 386 3795 exigendum
421 3729 703 3796 tributum,
730 3730 816 3785 vel
844 3727 990 3785 ferro
1028 3731 1324 3786 exercitum
1360 3731 1646 3798 armando,

76 3819 356 3892 hostesque
400 3821 753 3878 debellanda:
788 3825 881 3880 sed
930 3840 1025 3880 rex
1072 3823 1255 3890 Israel,
1290 3825 1380 3894 qui
1412 3832 1647 3880 mentem

80 3923 244 3984 regat,
271 3914 360 3985 qui
386 3914 438 3969 in
468 3923 732 3971 reternum
772 3914 1040 3983 consulat,
1075 3915 1167 3985 qui
1197 3915 1250 3969 in
1282 3929 1504 3985 regnum
1536 3927 1649 3969 cm-

80 4001 246 4059 lorum
274 4005 571 4073 credentes,
623 4015 923 4078 sperantes,
981 4015 1335 4077 amantesque
1363 4005 1644 4077 perducat.

83 4095 171 4150 Dei
195 4111 318 4169 ergo
347 4096 536 4162 Filius,
570 4098 793 4168 aequalis
815 4098 985 4158 Patri.
1008 4089 1245 4154 Verbum
1282 4113 1379 4168 per
1399 4098 1540 4168 quod
1568 4097 1648 4152 Ia-

84 4197 164 4242 cta
188 4196 308 4243 sunt
334 4190 535 4255 omnia,
560 4188 703 4260 quod
730 4205 824 4244 rex
850 4204 972 4245 esse
997 4189 1165 4244 voluit
1193 4188 1377 4254 Israel,
1407 4188 1671 4260 dignatio

86 4290 176 4347 est,
222 4297 321 4338 non
354 4283 658 4353 promotio:
704 4282 1072 4337 miserationis
1100 4281 1355 4336 indicium
1404 4289 1509 4346 est,
1537 4295 1645 4335 non

85 4374 345 4442 potestatis
369 4383 733 4446 augmentum.
763 4373 865 4442 Qui
899 4374 1041 4430 enim
1095 4371 1394 4444 appellatus
1432 4382 1518 4427 est
1550 4387 1645 4427 rex

87 4464 388 4531 Iudaeorum,
422 4468 475 4522 in
510 4467 664 4523 caelis
689 4453 774 4523 est
806 4468 1066 4523 DominUS
1095 4466 1429 4537 angelorum.

155 4579 173 4611 ι
204 4561 268 4615 Ει
298 4560 496 4616 invenit
519 4558 677 4617 Iesus
706 4559 947 4623 asellum,
979 4568 1034 4614 et
1060 4559 1198 4614 sedit
1241 4573 1405 4629 super
1440 4573 1585 4614 eum.
1616 4577 1636 4611 ι

89 4651 175 4708 Ilic
220 4652 448 4708 breviter
497 4653 698 4709 dictum
734 4661 836 4708 est.
876 4650 1010 4706 Nam
1070 4651 1519 4721 quemadmodum
1572 4650 1645 4706 sit

89 4743 293 4808 factum,
329 4742 465 4815 apud
519 4744 656 4800 alios
691 4742 1047 4814 evangelistas
1075 4743 1385 4813 plenissime
1422 4742 1637 4814 legitur.

88 4834 365 4890 Adhibetur
389 4845 568 4890 autem
625 4835 750 4890 huic
797 4834 942 4889 facto
984 4834 1360 4905 propheticum
1393 4834 1641 4889 testimo-

89 4927 246 4993 nium,
275 4935 329 4981 ut
350 4935 646 4997 appareret,
680 4926 823 4996 quod
854 4924 1069 4998 maligni
1099 4925 1371 4997 principes
1424 4924 1638 4981 Iudaeo-

90 5030 192 5073 rum
232 5032 348 5073 eum
395 5034 500 5073 non
557 5018 947 5090 intelligebant,
993 5017 1049 5072 in
1096 5033 1205 5088 quo
1253 5017 1618 5088 implebantur

89 5125 191 5180 qua:
217 5110 475 5183 legebant.
505 5110 713 5166 Invenit
742 5125 874 5182 ergo
909 5109 1070 5167 Iesus
1118 5109 1365 5177 asellum,
1418 5119 1474 5164 et
1500 5109 1642 5164 sedit

90 5217 237 5274 super
258 5219 371 5259 eum

155 5316 172 5349 ι
206 5294 350 5352 Sicut
369 5297 633 5367 scriptum
657 5305 780 5352 est:
805 5295 925 5352 Noli
955 5297 1169 5364 timere,
1196 5296 1305 5352 lilia
1331 5294 1483 5363 Sion,
1511 5311 1640 5353 ecce

99 5402 116 5436 ι
143 5402 233 5442 rex
261 5396 372 5442 tuus
394 5388 544 5443 venit
586 5387 705 5454 tibi,
744 5387 941 5443 sedens
975 5404 1139 5459 super
1162 5387 1366 5459 pullum
1392 5388 1577 5444 asinae.
1613 5407 1633 5440 ι

93 5472 202 5535 Haec
226 5476 325 5533 lilia
357 5476 503 5543 Sion,
538 5478 626 5534 cui
668 5478 927 5535 divinitus
974 5479 1079 5535 ista
1123 5480 1398 5547 dicuntur,
1449 5481 1504 5535 in
1533 5480 1639 5538 illis

96 5579 194 5624 erat
213 5568 410 5635 ovibus,
442 5585 562 5640 qua:
588 5584 776 5626 vocem
816 5570 1052 5640 pastoris
1088 5571 1414 5627 audiebant:
1450 5572 1504 5627 in
1551 5573 1637 5628 illa

95 5670 195 5715 erat
240 5660 587 5727 multitudine,
641 5678 760 5733 qua:
803 5661 1091 5719 Dominum
1138 5662 1446 5719 venientem
1491 5673 1639 5723 tanta

99 5750 350 5811 devotione
382 5752 654 5822 laudabat,
706 5763 855 5812 tanto
913 5755 1126 5828 agmine
1177 5755 1496 5812 deducebat.
1548 5757 1641 5815 Di-

1759 3283 1778 3317 ι
1809 3272 1864 3319 et
1898 3266 2164 3337 rogabant
2190 3281 2315 3321 eum
2347 3266 2625 3323 dicentes:
2657 3268 2904 3335 Domine,
2958 3270 3206 3326 volumus
3252 3271 3345 3328 Ie-
3446 3270 3451 3277 ’

1758 3374 1778 3407 ι
1809 3370 1928 3411 sum
1970 3356 2172 3412 videre.
2202 3354 2362 3413 Venit
2390 3356 2672 3429 Philippus
2710 3367 2766 3415 et
2793 3360 2926 3415 dicit
2944 3359 3196 3418 Andrem.
3226 3362 3338 3418 An-

1757 3466 1777 3500 ι
1814 3448 1973 3504 dreas
2003 3463 2241 3513 rursum,
2285 3458 2343 3504 et
2389 3449 2667 3520 Philippus
2710 3450 2965 3506 dicebant
2993 3451 3143 3508 Iesu.
3173 3473 3193 3506 ι
3250 3452 3343 3509 Vi-

1749 3537 1975 3594 deamus
1998 3539 2128 3609 quid
2173 3538 2435 3595 Dominus
2454 3540 2523 3594 ad
2556 3542 2659 3596 ista
2689 3540 3051 3613 responderit.
3075 3542 3218 3600 Ecce
3244 3560 3343 3601 vo-

1748 3628 1967 3686 luerunt
2007 3646 2131 3685 eum
2175 3630 2345 3686 Judaei
2389 3631 2659 3702 occidere,
2715 3633 2944 3705 gentiles
2985 3634 3188 3691 videre.
3233 3634 3343 3691 Sed

1748 3724 1913 3779 etiam
1939 3723 2016 3779 illi
2042 3739 2112 3780 ex
2134 3722 2335 3780 Iudais
2373 3732 2553 3792 erant,
2593 3726 2686 3797 qui
2738 3726 3083 3783 clamabant:
3111 3747 3131 3781 ι
3163 3728 3338 3785 Bene-

1748 3817 1929 3874 dictus
1960 3818 2054 3889 qui
2096 3819 2247 3874 venit
2293 3819 2346 3874 in
2399 3818 2618 3875 nomine
2664 3820 2899 3888 Domini,
2944 3837 3037 3878 rex
3074 3821 3261 3879 Israel.
3312 3841 3334 3875 ι

1748 3908 1908 3975 Ecce,
1939 3908 2016 3963 illi
2044 3923 2112 3964 ex
2170 3910 2603 3977 circumcisione,
2649 3911 2726 3967 illi
2754 3928 2821 3968 ex
2873 3913 3157 3984 praeputio,
3190 3914 3339 3971 velut

1747 4002 1986 4073 parietes
2006 4002 2072 4057 de
2093 4002 2308 4059 diverso
2331 4003 2630 4072 venientes,
2657 4014 2713 4061 et
2738 4005 2791 4060 in
2814 4021 2978 4061 unam
3002 4006 3159 4063 [idem
3181 4007 3338 4065 Chri-

1748 4094 1819 4150 sti
1848 4095 2003 4165 pacis
2032 4095 2219 4151 osculo
2270 4106 2676 4153 concurrentes.
2702 4096 3003 4154 Audiamus
3044 4099 3213 4165 igitur
3241 4114 3338 4156 vo-

1747 4201 1864 4242 cem
1900 4186 2093 4257 lapidis
2117 4187 2410 4260 angularis.

1823 4298 1842 4331 ι
1898 4279 2058 4336 Iesus
2106 4290 2309 4347 autem,
2362 4283 2557 4353 inquit,
2614 4284 2893 4354 respondit
2939 4285 3064 4352 eis,
3111 4286 3334 4344 dicens:

1752 4389 1772 4423 ι
1809 4367 1972 4426 Venit
2012 4370 2147 4427 hora
2201 4381 2264 4427 ut
2301 4372 2631 4429 clariﬂcetur
2658 4374 2829 4432 Filius
2873 4376 3124 4433 hominis.
3155 4396 3177 4430 ι
3235 4377 3337 4436 Hic

1746 4460 2035 4531 quisquam
2059 4461 2283 4518 forsitan
2309 4474 2461 4534 putat
2504 4465 2627 4522 ideo
2650 4481 2710 4523 se
2745 4467 2949 4523 dixisse
2975 4467 3334 4539 glorificatum

1746 4552 1873 4622 quia
1908 4553 2136 4624 gentiles
2157 4570 2283 4610 eum
2313 4556 2567 4611 volebant
2592 4558 2797 4612 videre.
2832 4556 2948 4612 Non
2988 4558 3063 4613 ita
3093 4566 3199 4624 est,
3239 4561 3335 4617 sed

1744 4644 1966 4701 videbat
2015 4646 2160 4716 ipsos
2207 4648 2432 4718 gentiles
2483 4656 2605 4719 post
2640 4649 2948 4719 passionem
2998 4658 3052 4706 et
3090 4666 3336 4709 resurre-

1744 4737 1978 4793 ctionem
2008 4753 2160 4793 suam
2190 4739 2243 4793 in
2266 4740 2516 4795 omnibus
2548 4741 2799 4812 gentibus
2821 4740 3142 4800 credituros.
3172 4744 3332 4816 Quia,

1745 4831 1888 4885 sicut
1913 4831 2047 4886 dicit
2088 4832 2412 4903 Apostolus:
2450 4853 2469 4886 ι
2528 4833 2756 4891 Caecitas
2787 4853 2854 4892 ex
2898 4848 3052 4909 parte
3083 4841 3135 4895 in
3167 4840 3333 4899 Israel

1746 4922 1886 4979 facta
1938 4932 2045 4991 est,
2091 4926 2263 4982 donec
2304 4926 2579 4999 plenitudo
2608 4930 2846 5001 gentium
2877 4932 3106 4989 intraret
3147 4934 3329 5008 (Rom.

1746 5016 1846 5090 xi).
1886 5038 1905 5070 ι
1940 5018 2020 5074 Ex
2064 5021 2348 5077 occasione
2396 5021 2558 5093 igitur
2610 5024 2837 5079 istorum
2884 5026 3183 5096 gentilium,
3236 5030 3331 5099 qui

1744 5127 1869 5167 eum
1896 5113 2078 5169 videre
2101 5115 2407 5185 cupiebant,
2432 5117 2720 5174 annuntiat
2763 5118 2999 5176 futuram
3043 5121 3333 5193 plenitudi-

1743 5222 1867 5262 nem
1889 5210 2146 5280 gentium.
2175 5209 2242 5265 Et
2265 5212 2531 5282 promittit
2559 5211 2889 5286 jamjamque
2919 5218 3110 5274 adesse
3142 5220 3330 5275 horam

1745 5299 2156 5371 gloriticationis
2178 5318 2305 5366 suae,
2332 5318 2436 5375 qua
2481 5304 2625 5362 facta
2672 5307 2725 5362 in
2757 5307 2932 5374 caelis,
2964 5308 3017 5363 in
3045 5324 3168 5364 eum
3195 5325 3327 5380 gun-

1744 5401 1827 5448 tes
1850 5391 2064 5449 fuerant
2090 5396 2395 5452 crediturae.
2428 5395 2583 5453 Unde
2610 5398 2924 5468 praedictum
2950 5408 3075 5455 est:
3105 5417 3127 5451 ε
3146 5460 3151 5467 ο
3170 5399 3328 5454 Exal-

1744 5492 1862 5541 tare
1882 5499 2044 5557 super
2071 5487 2258 5553 ccelos,
2286 5488 2444 5555 Deus,
2470 5497 2525 5544 et
2549 5505 2710 5561 super
2730 5506 2945 5546 onmem
2979 5499 3177 5545 terram
3208 5490 3324 5562 glo-

1743 5575 1821 5631 ria
1869 5583 1960 5631 tua
2009 5576 2181 5648 (Psal.
2212 5579 2344 5650 Lvt).
2375 5600 2394 5632 ι
2444 5579 2571 5636 Haec
2620 5589 2705 5637 est
2740 5582 2981 5653 gentium
3024 5578 3318 5653 plenitudo,

1745 5668 1811 5725 de
1841 5683 1947 5738 qua
1979 5668 2107 5724 dicit
2133 5668 2421 5741 Apostolus
2448 5690 2460 5725 :
2495 5691 2512 5724 ι
2548 5672 2775 5728 Caecitas
2799 5688 2865 5729 ex
2886 5680 3041 5743 parte
3070 5671 3125 5726 in
3156 5670 3323 5728 Israel

1744 5758 1884 5815 facta
1914 5768 2017 5829 est,
2052 5761 2222 5818 donec
2252 5763 2530 5841 plenitudo
2581 5765 2821 5835 gentium
2867 5763 3112 5821 intraret.
3143 5782 3162 5816 ι
3217 5761 3324 5825 Sed
