3934 6346
571 385 675 445 387

572 595 851 655 humilitas
873 592 1162 665 passionis,
1200 591 1321 647 ideo
1348 599 1567 647 secutus
1594 588 1877 660 adjunxit:

647 709 667 743 ι
704 688 898 754 Amen,
938 700 1097 747 amen
1140 685 1263 742 dico
1291 685 1465 750 vobis,
1493 682 1598 737 nisi
1634 686 1860 752 granum
1906 677 2168 736 frumenti

575 800 599 836 ι
630 780 830 837 cadens
861 779 916 835 in
942 786 1145 835 terram
1192 784 1470 832 mortuum
1517 771 1698 837 fuerit,
1749 771 1925 841 ipsum
1981 768 2160 825 solum

573 892 590 923 ε
629 878 829 929 manet.
855 868 915 925 Si
937 877 1120 924 autem
1150 875 1425 923 mortuum
1448 864 1632 931 fuerit,
1677 861 1906 918 multum
1927 860 2163 919 fructum

570 983 589 1017 ι
624 961 802 1017 all‘ert.
838 981 858 1015 ι
918 960 991 1019 Se
1046 969 1231 1017 autem
1278 959 1493 1015 dicebat
1549 958 1725 1029 ipsum
1769 970 1997 1027 granum
2042 968 2163 1009 esse

566 1051 1029 1126 mortiﬁcandum,
1081 1057 1138 1113 et
1184 1046 1651 1119 multiplicandum
1683 1064 1697 1100 :
1726 1043 2163 1100 mortiﬁcandum

566 1144 886 1200 inﬁdelitate
905 1141 1237 1207 Iudaeorum,
1270 1137 1739 1209 multiplicandutn
1786 1135 1891 1191 ﬁde
1918 1134 2163 1191 omnium

566 1235 907 1307 populorum.
952 1232 1072 1290 1am
1114 1248 1246 1291 vero
1286 1234 1585 1290 exhortans
1607 1227 1901 1302 discipulos
1923 1240 2052 1284 suos
2090 1224 2161 1283 ad

564 1329 836 1399 passionis
866 1343 979 1384 sua:
1008 1314 1330 1383 sectandum
1358 1324 1610 1397 vestigia,
1639 1322 1752 1378 ait:

643 1433 691 1472 ι·
708 1402 813 1487 Qui
850 1425 1023 1485 amat,
1063 1418 1263 1489 inquit,
1285 1416 1521 1473 animam
1549 1428 1726 1480 suam,
1754 1413 1945 1485 perdet
1969 1424 2110 1469 eam.
2133 1428 2152 1462 ›

566 1511 722 1581 Quod
745 1509 961 1568 duobus
995 1509 1172 1579 modis
1201 1507 1429 1579 intelligi
1466 1514 1676 1578 potest:
1704 1505 1809 1585 Qui
1835 1513 2003 1570 amat,
2030 1518 2157 1575 per-

565 1601 683 1669 det,
707 1600 763 1657 id
799 1609 905 1669 est,
929 1600 977 1656 si
1017 1614 1189 1673 amas,
1212 1598 1426 1670 perdes.
1480 1596 1541 1655 Si
1569 1596 1738 1651 vitam
1780 1594 1931 1667 cupis
1972 1603 2161 1650 tenere

565 1692 627 1759 in
655 1690 890 1758 Christo,
934 1690 1045 1749 noli
1094 1692 1285 1749 timere
1311 1687 1451 1744 mori
1495 1704 1593 1759 pro
1617 1686 1854 1744 Christo.
1893 1686 2026 1743 Item
2049 1685 2158 1741 alio

568 1782 760 1847 modo:
787 1801 807 1835 ι
842 1781 946 1850 Qui
972 1789 1121 1837 amat
1144 1781 1383 1836 animam
1409 1779 1789 1849 suam,perdet
1814 1792 1954 1832 eam.
1986 1794 2005 1828 ι
2037 1774 2157 1835 Noli

1198 375 1555 438 HAYMONIS
1588 375 2069 435 HALBERSTAT.
2109 370 2322 463 EPISC.
2364 373 2513 433 OPP.
2555 374 2737 433 PARS
2772 374 2839 433 ll.
2875 403 2947 419 —-
2984 375 3221 435 HOMIL.

572 501 908 562 altitudinem
960 497 1371 572 gloriﬁcationis
1426 497 1669 567 oportuit
1719 502 1779 550 ut
1826 492 2160 565 praecederet
2183 498 2234 559 Α
2261 508 2413 550 meas
2438 492 2704 558 ambulet,
2726 507 2835 547 non
2857 507 3004 557 suas,
3022 491 3164 547 sicut
3186 491 3314 549 alibi
3336 492 3620 564 scriptum
3637 502 3733 549 est
3752 513 3771 549 :
3794 494 3897 562 Qui

2265 588 2472 645 sedicit
2501 587 2556 643 in
2585 587 2801 643 Christo
2823 600 3065 650 manere,
3082 587 3242 642 debet
3260 586 3401 641 sicut
3438 586 3536 643 ille
3571 587 3899 641 ambulavit

2262 685 2318 733 et
2355 677 2470 749 ipse
2489 676 2789 732 ambulare.
2818 675 3048 731 Etiamsi
3077 675 3307 747 porrigit
3333 676 3618 731 esurienti
3653 693 3886 748 pana,

2264 767 2330 827 de
2379 765 2751 823 misericordia
2792 765 2975 822 facere
3021 766 3214 832 debet,
3258 781 3367 822 non
3409 767 3479 822 de
3519 766 3825 838 jactantia
3872 786 3885 823 :

2263 873 2371 913 non
2412 856 2557 912 aliud
2600 856 2673 913 ibi
2719 870 2989 927 quaerere,
3014 856 3119 911 nisi
3145 871 3283 926 opus
3308 857 3557 922 bonum,
3592 859 3889 918 mehe

2262 950 2482 1011 sinistra
2510 950 2639 1022 quid
2665 947 2831 1006 faciat
2851 949 3067 1016 dextra,
3095 949 3150 1006 id
3184 959 3270 1005 est
3292 957 3354 1003 ut
3384 946 3679 1005 alicnetnr
3696 950 3879 1005 inten-

2262 1042 2338 1099 tio
2366 1042 2676 1113 cupiditatis
2696 1042 2765 1098 ab
2800 1055 2963 1115 opere
2989 1040 3294 1097 charitatis.
3319 1040 3399 1096 Illi
3429 1042 3653 1097 dicitur
3683 1057 3700 1095 :
3745 1042 3877 1099 Cum

2262 1135 2354 1193 uni
2380 1151 2449 1192 ex
2485 1136 2722 1193 minimis
2743 1135 2880 1197 meis
2904 1135 3104 1201 fecisti,
3125 1134 3259 1189 mihi
3286 1134 3490 1190 fecisti.
3515 1133 3642 1190 Nec
3663 1150 3733 1190 ea
3757 1143 3873 1191 ta-

2261 1234 2374 1287 tum
2420 1242 2543 1297 qua:
2577 1226 2856 1298 pertinent
2879 1225 2947 1280 ad
2991 1224 3423 1281 misericordiam
3477 1225 3871 1297 temporalium,

2261 1318 2354 1381 sed
2372 1319 2549 1374 omnia
2570 1332 2735 1388 opera
2754 1328 2978 1395 propter
2998 1315 3271 1373 Christum
3298 1316 3532 1383 faciens,
3550 1327 3693 1373 tunc
3717 1328 3869 1372 eruat

2258 1410 2424 1476 bona,
2449 1412 2703 1483 quoniam
2727 1410 2849 1469 ﬁnis
2876 1411 3010 1485 legis
3039 1410 3287 1469 Christus
3316 1412 3387 1467 ad
3408 1410 3699 1480 jusutiam
3726 1412 3865 1466 enisi

2260 1502 2526 1561 credenti.
2580 1503 2851 1568 Credens,
2877 1503 3130 1559 minister
3169 1511 3255 1559 est
3281 1502 3492 1558 Christi
3522 1542 3538 1569 ,
3577 1517 3761 1572 usque
3804 1504 3857 1557 ad

2260 1593 2390 1651 illud
2417 1610 2552 1667 opus
2580 1610 2788 1666 magna:
2817 1595 3121 1660 charitatis,
3145 1594 3289 1665 quod
3313 1602 3402 1650 est
3427 1593 3689 1649 animam
3716 1610 3855 1648 sura

2259 1699 2460 1761 ponere
2479 1700 2578 1755 pro
2602 1684 2882 1741 fratribus.
2914 1685 3029 1742 Hoc
3074 1697 3159 1741 est
3206 1685 3355 1765 enim
3403 1693 3464 1738 et
3507 1700 3618 1755 pro
3648 1683 3851 1739 Christe

2256 1790 2462 1847 ponere
2489 1816 2505 1843 ,
2551 1776 2680 1849 quia
2711 1785 2765 1832 et
2805 1778 2910 1832 hoc
2938 1786 3161 1851 propter
3184 1791 3282 1832 sua
3324 1776 3583 1831 membra
3624 1777 3853 1831 dicturus

500 1898 503 1901 ·
568 1888 754 1930 amare
777 1872 834 1928 in
879 1873 981 1928 hac
1013 1872 1145 1939 vita,
1180 1886 1248 1941 ne
1290 1869 1488 1942 perdas
1538 1870 1592 1923 in
1632 1877 1839 1924 aeterna
1878 1868 2009 1922 vita.
2041 1865 2157 1931 lioc
2184 1867 2231 1928 B
2258 1876 2343 1924 est
2374 1886 2387 1922 :
2419 1867 2552 1923 Cum
2583 1883 2681 1938 pro
2706 1868 2827 1926 istis
2855 1867 3083 1936 fecistis,
3106 1883 3206 1942 pro
3229 1882 3319 1924 me
3360 1866 3606 1924 fecistis.
3650 1867 3727 1922 De
3771 1868 3847 1921 taﬁ

568 1973 747 2029 autem
787 1964 932 2036 quod
975 1964 1251 2035 posterius
1296 1962 1429 2028 dixi,
1486 1962 1659 2032 magis
1708 1961 1909 2018 habere
1944 1961 2159 2016 videtur

564 2055 908 2129 evangelicus
931 2070 1143 2110 sensus.
1180 2053 1438 2124 Sequitur
1466 2072 1480 2108 :
1519 2073 1537 2105 ι
1568 2054 1637 2110 Ει
1664 2055 1756 2124 qui
1778 2054 1892 2113 odit
1920 2053 2159 2108 animam

572 2166 593 2219 ς
624 2162 780 2203 suam
805 2146 860 2203 in
885 2146 992 2202 hoc
1046 2145 1270 2211 mundo,
1319 2145 1375 2200 in
1420 2145 1585 2199 vitam
1632 2153 1892 2201 aeternam
1925 2143 2161 2200 custodit

573 2256 593 2292 ο
631 2254 772 2297 eam.
805 2257 825 2290 ι
852 2237 1002 2311 ,Ετεο
1028 2237 1173 2309 quod
1205 2252 1367 2308 supra
1396 2236 1601 2292 dictum
1643 2245 1745 2304 est,
1772 2254 1791 2288 ι
1822 2236 1914 2313 qui
1934 2244 2101 2303 amat,
2132 2256 2153 2289 ι

566 2331 1006 2405 subintelligitur,
1052 2330 1108 2385 in
1158 2332 1265 2401 hoc
1310 2331 1535 2395 mundo,
1570 2330 1683 2401 ipse
1730 2330 1918 2401 utique
1946 2331 2157 2401 perdet.

565 2425 670 2493 Qui
716 2432 899 2479 autem
947 2424 1084 2491 odit,
1120 2424 1307 2494 utique
1350 2424 1405 2479 in
1461 2424 1564 2479 hoc
1614 2424 1840 2489 mundo,
1886 2423 1944 2479 in
1990 2423 2158 2478 vitam

564 2523 827 2577 aeternam
857 2513 973 2584 ipse
1003 2513 1240 2569 custodit
1266 2529 1409 2569 eam.
1440 2512 1632 2584 Magna
1679 2521 1736 2567 et
1770 2513 1908 2569 mira
1940 2521 2159 2568 senten-

565 2607 662 2673 tia,
683 2604 1137 2678 quemadmodum
1160 2604 1367 2675 homini
1388 2604 1459 2661 sit
1484 2603 1539 2658 in
1564 2602 1799 2659 animam
1827 2618 1979 2658 suam
2005 2616 2158 2657 amor

565 2707 627 2755 ut
650 2704 861 2771 pereat,
888 2696 1079 2771 odium
1113 2711 1182 2752 ne
1208 2703 1420 2767 pereat.
1464 2693 1521 2750 Si
1544 2693 1683 2749 male
1705 2693 1994 2759 amaveris,
2028 2702 2159 2749 tunc

563 2786 773 2845 odisti:
827 2785 873 2845 si
912 2786 1051 2857 bene
1107 2784 1310 2851 oderis,
1359 2791 1487 2839 tunc
1538 2783 1752 2838 amasti.
1810 2783 2018 2839 Felices
2062 2784 2157 2854 qui

562 2879 796 2936 oderunt
828 2877 1206 2944 custodiendo,
1233 2892 1302 2932 ne
1324 2876 1560 2949 perdant
1584 2875 1840 2931 amando.
1889 2874 1991 2932 llic
2033 2875 2155 2932 ani-

562 2986 666 3028 mae
708 2971 949 3038 nomine,
1009 2970 1125 3026 vita
1176 2983 1417 3041 praesens
1465 2966 1797 3039 designatur,
1856 2967 1939 3023 vel
1991 2968 2154 3023 etiam

564 3065 727 3139 hujus
755 3063 881 3120 vitae
909 3062 1222 3127 delectatio,
1254 3077 1374 3133 quae
1403 3059 1677 3133 perdenda
1703 3068 1809 3126 est,
1838 3068 1897 3115 ut
1925 3059 2157 3116 feliciter

563 3158 808 3237 invenias
832 3155 1166 3214 voluntatem
1197 3163 1343 3210 tuam
1390 3155 1447 3210 in
1498 3168 1665 3224 regno
1704 3153 1819 3221 Dei,
1847 3169 2009 3226 quam
2038 3152 2153 3210 for-

565 3228 692 3308 titer
713 3250 890 3307 vicisti
919 3249 974 3307 in
999 3249 1103 3329 hoc
1127 3248 1345 3304 saeculo.
1376 3245 1512 3303 Nam
1542 3245 1715 3303 sancti
1744 3253 2014 3318 martyres
2033 3245 2156 3301 odio
2184 3227 2230 3291 C

564 3343 871 3405 habuerunt
900 3343 1040 3399 hanc
1084 3350 1410 3421 praesentem
1454 3339 1622 3396 vitam
1668 3355 1767 3413 pro
1816 3338 2021 3396 Christi
2062 3353 2161 3394 no-

564 3435 731 3502 mine,
767 3438 893 3491 dum
922 3434 1096 3507 magis
1123 3433 1422 3490 voluerunt
1475 3433 1618 3493 hanc
1645 3440 1968 3503 praesentem
1992 3432 2159 3487 vitam

565 3529 814 3597 perdere,
861 3543 1026 3599 quam
1075 3525 1352 3583 Christum
1410 3539 1635 3596 negare,
1681 3524 1968 3594 implentes
2016 3523 2159 3594 quod

562 3619 807 3690 sequitur
829 3636 846 3674 :

644 3729 662 3762 ι
698 3710 755 3764 Si
786 3708 909 3783 quis
936 3707 1068 3763 mihi
1092 3706 1386 3771 ministrat,
1411 3719 1499 3759 me
1526 3713 1805 3777 sequatur.
1838 3724 1856 3757 ι
1890 3702 2029 3777 Quid
2054 3712 2159 3771 est,

578 3818 596 3852 ι
637 3813 722 3875 me
764 3808 1058 3870 sequatur,
1092 3817 1112 3851 ›
1145 3796 1253 3853 nisi
1279 3811 1366 3855 me
1390 3795 1668 3855 imitetur?
1704 3814 1721 3847 ι
1746 3794 1990 3851 Christus
2016 3796 2162 3851 enim

569 3906 669 3963 pro
697 3891 851 3945 nobis
874 3904 1068 3960 passus
1097 3898 1203 3953 est,
1243 3908 1262 3942 ι
1299 3890 1377 3942 ait
1396 3886 1674 3958 apostolus
1696 3886 1911 3953 Petrus,
1935 3907 1967 3939 4
2000 3887 2164 3945 relin-

572 3998 745 4054 quens
782 3981 938 4037 nobis
980 3980 1320 4052 exemplum,
1348 3990 1409 4035 ut
1437 3995 1729 4052 sequamur
1777 3970 2011 4052 vestigia
2048 3980 2163 4052 ejus

573 4072 624 4142 (1
658 4069 805 4129 Petr.
851 4071 935 4143 ll).
988 4091 1007 4124 ι
1056 4071 1202 4127 Ecce
1230 4072 1373 4144 quod
1402 4071 1605 4127 dictum
1633 4078 1738 4137 est,
1789 4071 1836 4127 si
1872 4071 1992 4143 quis
2030 4071 2165 4126 mihi

572 4164 865 4229 ministrat,
889 4178 977 4219 me
1003 4172 1283 4235 sequatur.
1329 4164 1445 4232 Quo
1483 4162 1694 4219 fructu?
1731 4178 1835 4234 qua
1882 4162 2164 4219 mercede?

571 4272 678 4329 quo
726 4256 987 4328 prmnnio?
1046 4274 1064 4307 ι
1098 4255 1165 4311 Ει
1195 4255 1284 4315 ubi
1335 4270 1433 4328 ego
1472 4271 1612 4323 sum,
1665 4256 1775 4311 illic
1828 4264 1881 4311 et
1920 4255 2167 4311 minister

576 4336 603 4413 «ί
624 4364 776 4406 meus
808 4349 933 4404 erit.
973 4368 991 4401 ι
1034 4347 1239 4417 Merces
1265 4358 1348 4417 est
1373 4348 1596 4415 amoris,
1628 4358 1683 4404 et
1728 4349 1908 4423 operis
1932 4350 2166 4419 pretium

571 4424 678 4516 quo
727 4443 1085 4510 ministratur,
1118 4458 1240 4501 esse
1280 4458 1403 4499 cum
1451 4441 1541 4497 illo
1576 4442 1664 4497 cui
1706 4441 1997 4499 ministrat.
2067 4440 2167 4497 Ubi

568 4536 714 4590 enim
746 4534 881 4597 bene
926 4535 1035 4590 erit
1062 4534 1179 4590 sine
1225 4533 1352 4590 illo?
1382 4541 1475 4587 aut
1519 4533 1790 4603 quomodo
1852 4532 1989 4588 male
2040 4548 2164 4588 esse

504 4663 508 4667 -
569 4627 773 4698 poterit
816 4642 938 4683 cum
990 4626 1114 4681 illo?
1140 4624 1280 4682 Audi
1328 4626 1668 4683 evidentius:
1708 4643 1725 4677 t
1763 4624 1820 4681 Si
1857 4628 1981 4697 quis
2030 4625 2163 4681 mihi

576 4739 595 4772 ι
658 4719 1082 4785 ministraverit,
1119 4718 1501 4777 honoriﬁcahit
1550 4735 1673 4777 eum
1719 4718 1880 4775 Pater
1923 4735 2095 4777 meus.
2136 4740 2155 4774 ι

572 4802 690 4876 Quo
729 4809 952 4873 honore,
980 4808 1083 4863 nisi
1112 4817 1170 4862 ut
1198 4809 1269 4865 sit
1299 4825 1422 4867 cum
1466 4809 1604 4865 Filio
1628 4808 1780 4878 ejus?
1818 4810 1972 4878 Quod
2014 4811 2160 4867 enim

573 4899 822 4969 superius
849 4899 964 4954 ait:
1011 4918 1029 4951 ι
1078 4899 1180 4955 Ubi
1203 4914 1304 4971 ego
1344 4914 1484 4965 sum,
1509 4899 1617 4956 illic
1643 4910 1697 4956 et
1733 4901 1979 4957 minister
2007 4916 2160 4959 meus

572 4991 698 5057 erit,
737 5009 756 5042 ι
790 4992 894 5048 hoc
925 4991 1243 5063 intelligitur
1279 4992 1593 5062 exposuisse
1621 5010 1745 5051 cum
1778 4994 1911 5051 dicit
1946 5014 1959 5049 :
1996 5014 2014 5046 ι
2043 4994 2153 5051 llo-

574 5084 884 5141 noriﬁcahit
922 5098 1044 5139 eum
1086 5084 1250 5141 Pater
1297 5101 1469 5143 meus.
1516 5106 1535 5139 ι
1573 5086 1857 5160 Nunquam
1900 5087 2158 5158 majorem

575 5177 835 5231 honorem
865 5177 1112 5249 accipere
1138 5178 1338 5250 poterit
1360 5178 1665 5252 adoptatus,
1695 5194 1857 5250 quam
1884 5187 1944 5233 ut
1970 5179 2042 5234 sit
2069 5181 2159 5236 ubi

576 5276 660 5323 est
701 5266 922 5345 unicus,
964 5285 1071 5347 non
1101 5269 1324 5353 aequalis
1373 5271 1548 5357 factus
1574 5270 1884 5351 Divinitati,
1913 5271 2004 5327 sed
2033 5288 2161 5328 con-

575 5359 722 5416 scius
758 5346 1065 5441 aeternitati.
1100 5346 1247 5432 Quid
1268 5365 1340 5435 sit
1362 5346 1693 5432 ministrare,
1715 5364 1800 5421 cui
1830 5366 1980 5436 operi
2015 5373 2161 5423 tanta

578 5460 789 5508 merces
810 5454 1162 5525 promittitur,
1189 5446 1641 5513 considerandum
1664 5467 1767 5514 est.
1797 5456 1853 5514 Si
1885 5458 2006 5529 quis
2026 5457 2160 5514 mihi

580 5545 872 5631 ministrat,
900 5562 988 5605 me
1023 5542 1302 5622 sequatur,
1331 5549 1435 5604 hoc
1466 5548 1691 5620 intelligi
1714 5549 1880 5605 voluit
1912 5565 1977 5604 ac
2002 5549 2050 5605 si
2079 5549 2165 5604 di-

579 5646 728 5693 ceret
754 5656 769 5693 :
803 5636 858 5694 Si
887 5636 1008 5712 quis
1033 5656 1119 5696 me
1144 5656 1251 5697 non
1282 5639 1542 5710 sequitur,
1576 5656 1683 5695 non
1710 5640 1840 5696 mihi
1872 5640 2164 5701 ministrat.

582 5725 855 5813 Ministrat
882 5744 1011 5803 ergo
1039 5729 1167 5785 Jesu
1199 5722 1435 5795 Christo,
1457 5729 1546 5800 qui
1578 5746 1682 5786 non
1711 5746 1806 5786 sua
1830 5732 2047 5801 quaerit,
2074 5732 2175 5789 sed

582 5835 701 5886 quae
724 5819 853 5879 Jesu
871 5821 1090 5877 Christi.
1109 5821 1223 5878 Hoc
1240 5831 1321 5877 est
1344 5821 1509 5890 enim,
1534 5842 1551 5874 ι
1584 5838 1670 5877 me
1692 5831 1967 5892 sequatur,
2001 5842 2020 5874 ι
2056 5824 2170 5881 vias

2263 1959 2459 2031 quippe
2505 1958 2638 2015 hora
2666 1959 2926 2017 Dominus
2950 1959 3114 2017 etiam
3140 1974 3200 2014 se
3246 1958 3573 2014 ministrum
3599 1958 3778 2014 facere
3803 1968 3850 2014 et

2262 2049 2533 2123 appellare
2562 2051 2814 2124 dignatus
2858 2058 2963 2115 est,
2991 2051 3081 2106 ubi
3109 2050 3185 2105 ait
3209 2067 3223 2103 :
3254 2047 3415 2105 Sicut
3438 2064 3557 2105 non
3586 2049 3734 2103 venit
3754 2050 3845 2103 uti-

2261 2142 2484 2197 nistrari
2513 2141 2681 2198 Filius
2723 2143 2979 2208 hominis,
3022 2143 3115 2199 sed
3146 2142 3487 2208 ministrare,
3541 2150 3600 2198 et
3627 2143 3841 2198 animam

2260 2246 2464 2303 ponere
2499 2248 2599 2303 pro
2630 2232 2814 2289 multis
2845 2233 3059 2305 (Matth.
3109 2232 3223 2304 xx).
3250 2231 3391 2306 Hinc
3415 2247 3556 2306 ergo
3580 2242 3667 2288 est
3693 2248 3841 2288 unus-

2261 2322 2489 2395 quisque
2515 2323 2764 2397 minister
2790 2304 3012 2391 Christi,
3056 2324 3200 2379 unde
3236 2304 3323 2380 est
3347 2331 3406 2379 et
3426 2304 3687 2381 minister
3700 2322 3843 2380 Chri-

2260 2422 2399 2473 Stus.
2451 2413 2543 2470 Sic
2592 2416 2996 2472 ministrantem
3046 2414 3288 2481 Christo,
3320 2415 3657 2471 honorificat
3693 2415 3845 2472 Pater

2259 2504 2378 2576 ejus
2402 2506 2609 2563 honore
2648 2506 2740 2564 illo
2767 2523 2985 2581 magno,
3013 2516 3073 2563 ut
3122 2508 3195 2564 sit
3243 2524 3368 2567 cum
3405 2509 3546 2565 Filio
3583 2508 3725 2580 ejus,
3755 2524 3845 2564 nec

2258 2615 2496 2670 unquam
2527 2599 2745 2656 deﬁciat
2775 2600 2908 2657 ﬁdes
2934 2599 3068 2671 ejus.
3101 2599 3477 2671 Communiter
3496 2618 3630 2659 vero
3651 2603 3717 2658 de
3738 2616 3846 2657 om-

2258 2694 2420 2751 nibus
2444 2695 2551 2750 ait:
2574 2695 2662 2752 (Si
2678 2694 2801 2766 quis
2827 2696 2959 2755 mihi
2986 2696 3281 2752 ministrat.
3298 2717 3317 2750 ι
3339 2695 3515 2755 Omnis
3542 2697 3688 2751 enim
3716 2696 3849 2767 qui.

2263 2802 2478 2859 cunque
2501 2788 2593 2845 hic
2630 2788 2774 2845 bene
2801 2789 2857 2845 in
2890 2787 3109 2844 Christo
3145 2789 3438 2853 ministrat,
3466 2804 3589 2843 cum
3614 2786 3853 2844 Christo

2259 2866 2565 2939 mercedem
2613 2880 2859 2951 accipiet.
2905 2879 3058 2939 Unde
3088 2883 3463 2953 unusquisque
3489 2896 3594 2951 pro
3630 2881 3845 2935 modulo

2257 2987 2357 3029 suo
2385 2974 2701 3043 ministrare
2721 2974 2884 3033 debet
2910 2973 3152 3039 Christo,
3173 2973 3317 3028 bene
3332 2973 3589 3037 vivendo,
3619 2970 3842 3028 eleemo-

2256 3082 2420 3139 synas
2439 3065 2712 3133 faciendo,
2765 3081 2958 3122 nomen
3003 3066 3418 3136 doctrinamque
3466 3064 3607 3135 ejus,
3658 3065 3838 3135 quibus

3797 381 3909 436 ﬁ

2259 3158 2519 3228 potuerit,
2545 3158 2907 3228 praedicando.
2938 3156 3043 3226 Qui
3062 3173 3193 3214 vero
3211 3164 3351 3216 bene
3376 3158 3634 3223 viventes
3660 3157 3839 3212 exhor-
3914 3202 3915 3205 η

2263 3259 2426 3317 tatur,
2472 3258 2533 3305 ut
2580 3259 2937 3321 permaneant
2992 3250 3048 3305 in
3098 3251 3235 3306 bene
3283 3249 3547 3333 vivendo,
3584 3248 3836 3304 ministrat

2259 3342 2497 3400 Christo.
2535 3342 2636 3412 Qui
2684 3358 2813 3399 vero
2863 3342 3139 3399 humiliter
3189 3328 3510 3399 admonenti
3546 3357 3612 3398 se
3653 3340 3834 3403 ohe-lit,

2259 3435 2533 3492 ministrat
2554 3433 2793 3491 Christo.
2829 3435 2895 3497 Et
2923 3436 3014 3506 qui
3038 3434 3270 3492 feliciter
3291 3436 3347 3491 in
3375 3436 3486 3499 hoc
3514 3436 3721 3492 saeculo
3748 3434 3832 3488 mi-

2261 3526 2459 3582 nistrat
2507 3523 2745 3593 Christo,
2798 3526 3032 3583 feliciter
3092 3529 3146 3582 in
3197 3526 3632 3600 futum,s:eculo
3670 3542 3834 3600 regna-

2260 3618 2482 3685 bithcum
2513 3618 2753 3675 Christo.
2778 3618 2913 3676 Cum
2944 3620 3203 3676 Dominus
3231 3620 3394 3677 Jesus
3422 3622 3766 3692 praedixisset
3791 3620 3830 3673 in

2261 3723 2429 3791 grano
2454 3708 2657 3780 sinapis
2685 3709 2994 3780 passionem
3013 3725 3193 3778 suam,
3223 3718 3280 3765 et
3305 3726 3438 3767 suos
3464 3712 3833 3767 exhortaretur

2262 3800 2565 3867 ministros,
2592 3808 2651 3854 ut
2678 3809 3038 3871 sequerentur
3068 3817 3216 3869 eum,
3259 3803 3329 3857 ad
3369 3812 3627 3861 nostram
3648 3816 3830 3858 rursum

2263 3876 2630 3947 inﬁrmitatem
2658 3906 2815 3946 suum
2846 3894 3167 3964 temperavit
3196 3892 3471 3961 aﬂ'ectum,
3512 3903 3574 3949 et
3607 3896 3689 3951 ait
3720 3913 3735 3948 :

2341 4003 2359 4034 ι
2380 3982 2531 4038 Nunc
2546 3984 2726 4039 anima
2743 3998 2862 4039 mea
2884 3986 3099 4040 turbata
3115 3996 3217 4043 est.
3230 4006 3248 4039 ι
3272 3987 3451 4054 Unde,
3465 3985 3832 4051 Dominelau,

2264 4075 2445 4129 anima
2495 4082 2587 4131 tua
2634 4077 2848 4132 turbata
2880 4078 3001 4133 est?
3023 4077 3273 4150 Nunquid
3319 4095 3428 4135 non
3458 4082 3588 4136 ideo
3626 4082 3832 4145 animam

2265 4166 2561 4239 concepisti
2577 4175 2633 4222 et
2653 4168 2924 4224 hominem
2949 4170 3271 4240 perfectum,
3295 4179 3355 4225 ut
3379 4170 3432 4226 in
3457 4184 3529 4227 eo
3553 4167 3834 4243 patereris!

2267 4259 2455 4326 Video,
2484 4259 2731 4326 Domine,
2777 4272 3016 4317 nostram
3072 4262 3442 4318 inﬁrmitatem
3491 4263 3546 4318 in
3584 4274 3645 4320 te
3691 4271 3833 4316 trans

2266 4350 2432 4418 ferre,
2464 4360 2518 4407 et
2540 4352 2594 4407 in
2624 4360 2676 4407 te
2708 4369 2926 4408 causam
2958 4355 3234 4426 suscipere
3286 4363 3554 4412 nostram.
3596 4354 3727 4412 Ideo
3749 4363 3834 4407 tur-

2267 4443 2425 4499 batus
2443 4459 2526 4510 es,
2555 4444 2682 4514 quia
2714 4443 2952 4511 voluisti,
2978 4447 3117 4501 sicut
3141 4455 3299 4501 natus
3319 4444 3492 4517 fuisti.
3522 4444 3675 4501 Nam
3707 4442 3833 4519 paulo

2270 4545 2395 4591 ante
2420 4536 2486 4591 de
2520 4551 2586 4591 eo
2617 4536 2819 4601 dictum
2846 4545 2949 4609 est,
2989 4538 3081 4593 ubi
3101 4536 3370 4603 Lazarum
3392 4537 3712 4605 suscitavit,
3746 4544 3833 4588 tur-

2269 4626 2417 4682 bavit
2457 4628 2827 4698 semetipsum.
2859 4627 2994 4683 Nam
3046 4629 3133 4686 his
3182 4629 3384 4694 verbis,
3418 4628 3489 4685 ab
3533 4628 3833 4684 inﬁrmitate

2268 4728 2453 4797 nostra
2504 4721 2682 4791 rapuit
2728 4736 2827 4776 nos
2876 4721 2941 4776 ad
2996 4721 3368 4777 infirmitatem
3414 4736 3595 4777 suam.
3634 4720 3831 4776 Voxcﬁ

2266 4809 2409 4865 enim
2454 4809 2786 4867 fortitudinis
2815 4811 3052 4879 Domini,
3082 4813 3174 4868 ubi
3223 4813 3300 4868 ait
3345 4830 3359 4866 :
3413 4811 3577 4867 Venit
3637 4813 3830 4869 berall

2266 4902 2590 4960 clariﬁcetur
2614 4903 2785 4960 Filius
2811 4905 3067 4961 hominis.
3105 4905 3219 4962 Vox
3244 4912 3337 4961 est
3372 4904 3725 4961 infirmitatis
3759 4915 3830 4957 no-

2265 5002 2414 5060 strae,
2451 4994 2581 5050 dum
2613 4995 2693 5051 ait
2739 5012 2753 5051 :
2803 5015 2822 5047 ι
2856 4995 3012 5052 Nunc
3048 4998 3231 5053 anima
3268 5012 3389 5053 mea
3420 4997 3654 5054 turbata
3678 5005 3769 5054 est.
3809 5008 3824 5043 ι

2261 5084 2306 5163 Q
2342 5084 2567 5157 Domine
2610 5084 2897 5152 mediator,
2923 5084 3067 5161 Deus
3103 5101 3267 5160 supra
3290 5102 3413 5154 nos,
3439 5087 3605 5142 homo
3640 5090 3829 5159 propter

2262 5192 2385 5243 nos,
2412 5192 2643 5249 agnoseo
2672 5176 3098 5232 misericordiam
3128 5188 3298 5234 tuam.
3326 5177 3463 5232 Nam
3484 5178 3642 5247 quod
3671 5187 3721 5255 tu
3742 5186 3828 5230 tan-

2266 5279 2373 5336 tus,
2405 5279 2510 5325 tua:
2537 5270 2821 5329 charitatis
2842 5269 3123 5355 veluntate
3151 5271 3409 5337 turbaris,
3437 5269 3647 5327 multos
3675 5272 3727 5329 in
3758 5279 3828 5321 tuo

2262 5378 2512 5439 corpore,
2542 5363 2634 5435 qui
2661 5379 2773 5420 sua:
2803 5363 3143 5423 inﬁrmitatis
3167 5365 3492 5427 necessitate
3520 5365 3827 5423 turbantur,

2264 5471 2333 5512 ne
2360 5456 2695 5526 desperando
2715 5465 2962 5525 pereant,
2991 5456 3311 5513 consolaris.
3339 5456 3479 5511 Audi
3499 5471 3668 5529 ergo,
3694 5472 3727 5512 o
3744 5451 3827 5508 uti.

2266 5549 2345 5604 les
2368 5547 2595 5611 Christi,
2627 5548 2758 5618 quid
2802 5547 2996 5606 deinde
3037 5548 3347 5622 subjungat,
3398 5562 3524 5605 cum
3914 5600 3915 5609 χ

2274 5658 2292 5692 ι
2327 5637 2480 5694 Nunc
2500 5639 2680 5696 anima
2697 5654 2818 5697 mea
2845 5641 3058 5698 turbata
3077 5651 3180 5701 est.
3218 5661 3235 5696 ι

2344 5751 2363 5784 ι
2387 5732 2453 5787 Et
2477 5733 2605 5805 quid
2624 5733 2838 5789 dicam?
2858 5752 2876 5785 ι
2896 5733 3097 5807 inquit.
3114 5755 3131 5785 ι
3162 5734 3346 5799 Pater,
3372 5732 3675 5791 salviviﬁca
3687 5745 3765 5787 me
3782 5728 3825 5782 in

2278 5843 2296 5879 ι
2334 5825 2437 5882 hac
2466 5825 2618 5881 hora.
2662 5824 2768 5881 Sed
2788 5838 3072 5899 propterea
3100 5827 3222 5883 veni
3244 5827 3311 5884 ad
3338 5827 3527 5885 horam
3562 5824 3722 5881 hanc.
3746 5820 3828 5876 Pa-
