3934 6346
57 349 179 410 589

1224 302 1229 307 ’
1300 344 1609 406 nonum:
1650 342 1740 401 ne
1777 344 2123 404 TEMPORE.

3261 344 3369 404 390

67 488 88 523 σ
129 477 222 525 ιει·
249 467 509 524 clariﬁca
533 477 684 526 tuum
716 479 926 523 nomen.
962 484 981 517 ι
1005 462 1198 520 Docuit
1224 469 1280 518 te
1304 460 1434 532 quid
1458 460 1681 532 cogites,
1712 474 1761 533 Α
1790 460 1971 522 ﬁdem.
2001 473 2121 531 qua:
2148 466 2326 514 morte
2365 457 2485 529 ejus
2523 466 2579 515 et
2605 456 3001 516 resurrectione
3030 455 3242 514 ﬁrmata
3262 468 3369 526 est,

63 562 267 619 docuit
299 560 439 633 quid
475 561 644 629 dicas,
683 575 843 632 quem
871 558 1131 624 iuvoces,‘
1153 557 1205 610 in
1232 569 1339 625 quo
1364 566 1567 624 speres,
1594 568 1687 605 cu-

57 654 155 725 jus
189 654 547 709 voluntatem
582 664 801 711 certanr
819 661 980 722 atque
1007 649 1242 705 divinam
1273 658 1377 703 tua:
1422 644 1685 701 voluntati

64 747 347 803 humana:
392 747 727 818 intirmzeque
749 759 1037 818 proponas.
1085 742 1201 798 Non
1230 742 1351 797 ideo
1381 739 1476 796 tibi
1506 739 1686 794 videa-

66 845 164 892 tur
188 851 267 893 ex
301 837 420 893 alto
443 836 703 903 diuidere,
730 838 854 909 quia
885 846 936 890 te
968 832 1082 890 vult
1114 832 1181 889 ab
1212 831 1366 887 initio
1399 830 1682 903 proﬁcere.

66 928 213 985 Nam
248 939 315 986 et
349 930 549 986 tentari
595 930 847 1001 dignatus
874 938 957 985 est
996 944 1027 983 a
1057 925 1353 995 diaboloha
1372 942 1478 998 quo
1502 922 1689 994 utique

64 1024 113 1080 si
157 1023 372 1092 nollet,
399 1041 506 1080 non
544 1033 880 1081 tentaretur:
920 1034 976 1081 et
1026 1038 1091 1078 ea
1121 1021 1399 1095 respondit
1447 1019 1682 1088 diabolo,

66 1132 195 1188 quae
236 1124 298 1171 tu
332 1117 392 1173 in
422 1117 812 1173 tentatiouibus
850 1115 1051 1173 debeas
1098 1114 1446 1187 respondere.
1494 1113 1563 1169 Et
1596 1112 1685 1169 ille

64 1200 585 1281 quidem'tentatus
605 1221 708 1277 est,
753 1210 848 1266 sed
889 1225 994 1264 non
1028 1207 1388 1280 periclitatus,
1430 1216 1487 1261 ut
1525 1207 1685 1263 doce-

67 1312 153 1357 ret
196 1312 257 1357 te
290 1303 353 1358 in
394 1304 687 1359 tentatione
735 1301 1132 1373 periclitantem
1177 1299 1431 1355 tentatori
1462 1284 1689 1368 rcspon-l'

64 1392 223 1459 dere,
260 1404 321 1467 et
358 1402 481 1467 post
507 1403 831 1449 tentatorem
855 1407 961 1446 non
993 1392 1093 1456 ire,
1125 1392 1219 1446 sed
1244 1389 1482 1461 periculo
1508 1397 1685 1444 tenta-

68 1484 243 1541 tionis
288 1466 480 1543 exire.
534 1484 688 1540 Sicut
730 1493 911 1538 autem
951 1483 1039 1537 hic
1069 1481 1198 1537 dicit
1230 1499 1243 1535 :
1277 1499 1295 1529 ι
1326 1480 1479 1535 Νυιιε
1501 1480 1680 1535 anima

70 1591 193 1630 mea
232 1580 463 1634 turbata
512 1586 615 1642 est,
647 1596 664 1627 ι
703 1576 777 1631 ita
822 1576 985 1630 etiam
1019 1574 1091 1629 ibi
1125 1573 1299 1628 dixit:
1331 1591 1349 1625 ι
1380 1571 1573 1626 Tristis
1598 1580 1683 1626 est

67 1668 259 1724 anima
296 1684 423 1724 mea
447 1683 619 1739 usque
639 1666 706 1722 ad
734 1677 963 1721 mortem
990 1663 1211 1738 (Matth.
1236 1661 1407 1736 xxvn).
1443 1683 1461 1714 ι
1497 1662 1565 1718 Ει
1584 1663 1683 1716 ite-

68 1774 193 1812 rum
227 1777 242 1814 :
277 1779 298 1812 ι
339 1758 524 1826 Pater,
556 1757 601 1814 si
651 1756 768 1814 ﬁeri
797 1767 999 1828 potest,
1055 1763 1296 1811 transeat
1345 1769 1383 1810 a
1415 1769 1501 1810 me
1541 1753 1678 1809 calix

1790 566 1890 622 per
1942 549 2056 619 ejus
2090 551 2430 620 sanguinem,
2481 551 2573 620 qui
2622 551 2677 605 in
2729 550 3050 606 remissione
3095 548 3249 606 fusus
3284 558 3373 606 est

1786 652 2155 713 peccatorum,
2188 641 2354 694 millia
2401 640 2739 696 credentium
2788 657 2820 699 a
2865 642 3143 698 dominatu
3170 640 3370 699 diaboli

1788 736 2110 802 liberantur,
2150 734 2353 791 Christi
2384 749 2610 805 corpore
2637 736 2977 806 copulantur,
3007 745 3062 791 et
3088 736 3189 791 sub
3218 744 3371 793 tanto

1788 831 1964 900 capite
1996 844 2101 885 uno
2143 828 2259 898 ejus
2302 828 2497 898 spiritu
2527 827 2703 883 ﬁdelia
2734 831 2975 886 membra
3000 831 3118 902 ejus
3146 839 3367 902 vegeta-

1787 922 2005 977 hantur.
2032 921 2146 977 Hoc
2168 922 2395 978 vocabat
2416 920 2696 991 judicium,
2721 923 2864 979 hanc
2883 925 3286 992 discretionem,
3312 933 3370 982 et

1788 1031 1819 1070 a
1840 1016 1951 1071 suis
1978 1014 2271 1086 redemptis
2299 1013 2494 1070 diaboli
2515 1014 2907 1085 expulsionem.
2934 1015 3178 1088 Denique
3201 1024 3372 1072 atten-

1787 1094 1854 1163 de
1884 1108 2014 1179 quid
2062 1108 2224 1171 dicat,
2266 1105 2421 1178 quasi
2464 1120 2833 1178 quaereremus
2859 1107 2989 1176 quid
3032 1117 3179 1164 esset
3224 1110 3370 1179 quod

1788 1199 1883 1264 ait,
1916 1217 1935 1250 ‹
1969 1196 2123 1253 Nunc
2154 1198 2417 1273 judicium
2448 1207 2534 1254 est
2554 1198 2764 1265 mundi,
2799 1216 2818 1251 ι
2856 1207 3075 1256 secutus
3097 1202 3370 1272 exposuit,

1786 1291 1864 1346 ait
1886 1292 2027 1347 enim
2059 1304 2074 1346 :

1860 1406 1879 1441 ι
1915 1385 2069 1443 Nunc
2109 1388 2360 1460 princeps
2408 1387 2567 1458 hujus
2595 1387 2780 1442 mundi
2838 1384 3086 1457 ejicietur
3125 1385 3289 1444 foras.
3342 1406 3363 1441 ι

1784 1478 2102 1535 Audivimus
2129 1481 2287 1551 quale
2314 1480 2515 1536 dixerit
2548 1495 2670 1535 esse
2690 1478 2976 1551 judicium.
2999 1476 3118 1533 Non
3143 1493 3273 1552 ergo
3302 1479 3369 1535 il-

1784 1570 1875 1627 lud
1896 1570 2039 1643 quod
2068 1572 2124 1627 in
2156 1573 2262 1627 ﬁne
2280 1581 2572 1629 venturum
2593 1578 2699 1637 est,
2729 1571 2819 1627 ubi
2846 1571 2950 1625 viVi
2977 1577 3031 1625 et
3054 1571 3252 1625 mortui
3275 1570 3367 1640 ju-

1784 1660 1997 1716 dicandi
2039 1669 2185 1729 sunt,
2245 1661 2364 1718 aliis
2414 1664 2481 1717 ad
2511 1657 2807 1726 sinistram,
2851 1660 2971 1717 aliis
2998 1662 3067 1716 ad
3085 1661 3373 1717 dexteram

1786 1755 2053 1825 separatis
2082 1774 2094 1809 ε
2128 1756 2220 1811 sed
2240 1755 2529 1828 judicium.
2559 1771 2665 1827 quo
2702 1756 2954 1826 princeps
2981 1755 3142 1826 hujus
3181 1755 3369 1811 mundi

67 1851 173 1908 iste
202 1851 255 1925 (1
268 1851 432 1924 bid.).
466 1872 485 1905 ι
520 1850 761 1907 Hominis
786 1849 1023 1920 suscepit
1054 1845 1448 1913 inﬁrmitatem,
1484 1853 1541 1899 ut
1580 1844 1680 1901 do-
1714 1839 1760 1900 Β
1787 1847 2034 1918 ejicietur
2060 1847 2225 1904 foras.
2257 1848 2537 1917 Quomodo
2566 1863 2695 1921 ergo
2740 1849 3053 1915 intus'erat,
3077 1850 3220 1920 quod
3245 1863 3369 1904 eum

68 1950 195 1997 ceat
228 1942 321 1999 sic
343 1942 724 1999 conturbatum
749 1952 806 1996 et
833 1939 1239 2005 contristatum,
1263 1937 1407 2008 quod
1431 1937 1681 2009 sequitur

71 2033 268 2091 dicere
305 2054 320 2089 :
358 2054 375 2089 ι
407 2033 792 2090 Verumtamen
812 2046 921 2087 non
947 2031 1091 2103 quod
1116 2045 1217 2104 ego
1241 2030 1385 2096 volo,
1413 2030 1508 2085 sed
1535 2028 1681 2100 quod

69 2135 124 2181 tu
148 2127 267 2193 vis,
296 2124 459 2182 Pater
484 2123 701 2197 (Ibid.).
733 2144 752 2176 ι
783 2123 874 2179 Sic
897 2118 1042 2177 enim
1068 2123 1231 2177 homo
1254 2121 1322 2176 ab
1350 2120 1601 2177 humanis
1625 2122 1680 2176 in

66 2216 263 2272 divina
293 2216 546 2289 erigitur,
585 2230 711 2271 cum
736 2213 1003 2269 voluntati
1039 2213 1290 2268 humana:
1312 2212 1564 2269 voluntas
1594 2213 1679 2269 di-

67 2307 196 2362 vina
232 2302 585 2380 proponitur.
612 2304 753 2374 Quid
796 2313 879 2360 est
910 2312 1116 2371 autem,
1152 2321 1172 2355 ι
1212 2290 1453 2360 ciarillca
1481 2319 1680 2361 nomen

66 2410 258 2465 tuum,
301 2418 320 2451 ι
356 2399 459 2454 nisi
488 2399 540 2453 in
570 2412 667 2453 sua
708 2395 962 2468 passione
991 2402 1048 2451 et
1072 2394 1510 2451 resurrectione?
1539 2384 1681 2462 Quid

70 2501 153 2553 εει
178 2504 324 2563 ergo
360 2488 527 2555 aliud,
572 2488 677 2544 nisi
701 2497 761 2543 ut
784 2485 949 2542 Pater
970 2485 1231 2541 clariﬁeet
1274 2485 1471 2542 Filium
1498 2484 1677 2553 suum,

74 2583 162 2654 qui
183 2572 467 2638 'clariticat
488 2595 686 2636 nomen
717 2595 876 2634 suum
905 2578 1071 2632 etiam
1102 2577 1157 2632 in
1180 2577 1445 2633 similibus
1472 2579 1680 2649 passio-

80 2674 236 2730 nibus
268 2666 552 2729 servorum
597 2670 860 2727 suorum?
893 2688 913 2721 ι
954 2670 1114 2725 Venit
1139 2684 1266 2741 ergo
1293 2684 1395 2724 vox
1425 2670 1491 2725 de
1518 2670 1674 2735 caelo,

85 2784 103 2817 ι
136 2766 330 2821 dicens
360 2782 373 2819 :
404 2746 470 2819 Et
499 2761 815 2826 clariﬁcavi,
856 2768 913 2816 et
942 2761 1139 2815 iterum
1169 2758 1500 2815 clariﬁcabo.
1543 2778 1563 2811 ι
1611 2760 1680 2815 Et

84 2836 377 2913 clariﬁcavi
425 2865 719 2925 antequam
759 2851 995 2907 facerem
1032 2849 1317 2916 mundum,
1371 2859 1427 2906 et
1476 2849 1675 2905 iterum’

84 2945 393 3003 clariﬁcabo
420 2951 795 3016 resurgentem
833 2958 865 2997 a
901 2941 1150 3006 mortuis,
1192 2949 1248 2994 et
1291 2940 1675 2995 ascendentem

86 3037 141 3094 in
177 3038 394 3096 ctelum.
435 3032 502 3092 Et
532 3034 689 3091 aliter
718 3031 941 3104 intelligi
987 3040 1185 3102 potest.
1216 3031 1284 3085 Et
1330 3029 1671 3098 clariﬁcavit,

88 3148 209 3189 cum
240 3135 306 3188 de
336 3131 545 3202 virgine
582 3140 744 3195 natus
768 3138 870 3194 est,
896 3141 1021 3183 cum
1046 3127 1112 3182 de
1144 3125 1284 3182 ctelo
1313 3126 1489 3182 indice
1515 3122 1672 3182 stela'

91 3241 123 3281 a
145 3227 312 3297 magis
337 3220 590 3281 adoratus
629 3232 734 3291 est,
791 3239 914 3279 cum
943 3238 975 3276 a
1000 3222 1205 3276 sanctis
1245 3230 1432 3277 sancto
1462 3219 1669 3294 Spiritu
1699 3199 1744 3264 ο

97 3300 269 3392 plenis
317 3319 524 3391 agnitus
565 3326 668 3384 est,
722 3332 845 3374 cum
920 3315 1286 3371 descendente
1346 3312 1557 3383 Spiritu
1612 3314 1671 3369 in

99 3410 275 3489 specie
303 3402 553 3465 columba:
584 3408 913 3474 declaratus,
960 3420 1083 3461 cum
1107 3419 1240 3461 voce
1268 3406 1334 3460 de
1357 3404 1497 3460 coelo
1525 3420 1674 3460 mon-

93 3512 311 3571 stratus,
334 3519 452 3559 cum
482 3502 536 3558 in
565 3510 748 3558 monte
773 3497 1213 3570 transﬁguratus,
1242 3511 1368 3554 cum
1408 3494 1669 3552 miracula

93 3594 253 3650 multa
299 3593 449 3662 fecit,
498 3610 621 3650 cum
668 3590 866 3648 multos
913 3588 1126 3646 sanavit
1160 3598 1322 3661 atque
1366 3588 1667 3656 mandavit,

93 3700 208 3741 cum
241 3684 305 3741 de
334 3685 522 3756 paucis
547 3684 777 3755 panibus
831 3690 1036 3736 tantam
1065 3679 1463 3735 multitudinem
1497 3677 1666 3751 pavit,

94 3790 207 3830 cum
232 3774 405 3831 ventis”
435 3783 490 3831 et
512 3771 766 3829 ﬂuctibus
796 3771 1103 3841 imperavit,
1128 3785 1252 3825 cum
1281 3779 1525 3825 mortuos
1549 3782 1667 3823 sus-

96 3866 289 3923 citavit.
322 3865 391 3921 Et
433 3864 629 3920 iterum
663 3863 993 3919 elarilicatus
1024 3870 1128 3927 est,
1153 3876 1277 3919 cum
1306 3865 1611 3931 resurgeret
1636 3872 1669 3912 a

96 3962 330 4027 mortuis,
366 3974 489 4016 cum
536 3972 684 4014 mors
711 3957 760 4013 ei
794 3957 933 4011 ultra
980 3968 1085 4010 non
1114 3952 1499 4022 dominabitur,
1541 3968 1668 4009 cum

98 4051 410 4107 exaltabitur
436 4065 598 4121 super
626 4046 793 4105 omlos
823 4046 964 4103 Deus
985 4088 1001 4115 ,
1045 4058 1101 4104 et
1120 4038 1283 4118 super
1306 4061 1523 4123 omnem
1550 4054 1666 4102 ter-

98 4156 199 4197 ram
224 4142 398 4215 gloria
422 4141 558 4213 ejus.

130 4250 180 4286 ἰ
221 4234 404 4289 Turba
455 4242 638 4297 autem
685 4247 805 4304 qua:
839 4240 1020 4293 stabat
1063 4239 1118 4287 et
1151 4230 1426 4298 audiebat,
1457 4231 1669 4287 dicebat

104 4344 118 4375 ι
154 4326 444 4397 tonitruum
474 4324 678 4380 iactum
714 4340 855 4380 esse.
893 4324 996 4379 Alii
1026 4334 1207 4379 autem
1249 4324 1530 4379 dicebant:
1554 4324 1668 4379 An-

105 4434 121 4467 ‹
150 4404 294 4490 gelus
314 4420 362 4473 ei
386 4417 597 4474 locutus
625 4424 728 4473 est.
757 4417 1057 4489 Respondit
1081 4416 1238 4473 Jesus
1258 4425 1313 4471 et
1334 4416 1471 4472 dixit
1501 4434 1515 4471 :
1548 4416 1664 4473 Non

105 4518 358 4582 «propter
396 4524 482 4564 me
531 4524 636 4565 vox
682 4509 798 4564 haec
845 4508 1031 4575 venit,
1067 4509 1162 4563 sed
1197 4514 1421 4579 propter
1466 4523 1580 4564 vos.
1638 4526 1657 4561 ι

101 4596 185 4655 llic
201 4602 437 4658 ostendit
462 4600 552 4657 ille
581 4616 714 4658 voce
741 4615 846 4656 non
881 4601 981 4657 sibi
1008 4601 1326 4667 indicatum,
1354 4601 1495 4672 quod
1523 4603 1666 4658 idem

1780 1938 1914 1994 dixit
1951 1939 2271 2009 ejiciendum
2324 1938 2513 1997 foras?
2569 1957 2589 1992 ι
2646 1939 2821 2007 Nunc,
2878 1939 3071 2012 inquit,
3121 1941 3373 2012 princeps

1779 2030 1963 2086 mundi
1987 2029 2236 2100 ejicietur
2258 2029 2425 2088 foras.
2456 2050 2475 2083 ι
2502 2030 2617 2087 Hoc
2637 2030 3040 2103 intelligendum
3060 2032 3203 2102 quod
3225 2030 3371 2087 nunc

1780 2120 1864 2189 ﬁt,
1895 2139 2003 2180 non
2030 2132 2239 2180 tantum
2276 2123 2419 2195 quod
2444 2132 2566 2195 post
2599 2123 2842 2179 futurum
2876 2132 3023 2180 esset
3049 2125 3101 2178 in
3131 2123 3368 2179 novissi-

1780 2231 1870 2272 mo
1891 2216 1997 2271 die.
2043 2215 2383 2271 Prtevidebat
2433 2230 2562 2286 ergo
2614 2214 2894 2280 Dominus,
2952 2214 3096 2285 quod
3157 2214 3371 2271 sciebat

1777 2315 1900 2378 post
1938 2305 2245 2378 passionem
2280 2315 2336 2362 et
2365 2305 2811 2377 gloriﬁcationem
2847 2322 3002 2362 suam
3025 2321 3123 2378 per
3151 2306 3367 2362 univer-

1779 2408 1900 2451 sum
1943 2397 2202 2451 mundum
2259 2395 2457 2451 multos
2504 2396 2729 2467 populos
2763 2397 3093 2463 credituros,
3132 2397 3188 2451 in
3227 2410 3367 2469 quo-

1780 2502 1900 2541 rum
1918 2486 2174 2542 cordibus
2194 2486 2442 2542 diabolus
2463 2487 2611 2542 intus
2635 2495 2773 2552 erat,
2800 2486 2888 2542 cui
2919 2488 3138 2557 quando
3161 2500 3231 2543 ex
3258 2485 3372 2543 ﬁde

1779 2581 2116 2646 renuntiant,
2158 2578 2410 2649 ejicietur
2451 2578 2617 2634 foras.
2656 2578 2763 2634 Sed
2788 2578 2932 2634 dicet
2954 2578 3151 2649 aliquis
3176 2597 3189 2633 :
3213 2576 3368 2634 Nun-

1778 2672 1909 2744 quid
1939 2674 2005 2729 de
2034 2673 2289 2729 cordibus
2312 2673 2748 2745 patriarcharum
2776 2668 2831 2729 et
2859 2673 3246 2743 prophetarum
3273 2687 3369 2729 ve-

1778 2762 2063 2833 terumque
2095 2765 2369 2835 iustorum
2420 2779 2528 2819 non
2558 2774 2644 2819 est
2687 2762 2891 2835 ejectus
2924 2764 3106 2820 foras?
3150 2762 3365 2820 Plane!

1776 2854 1905 2928 ergo
1931 2858 2202 2928 quomodo
2231 2858 2433 2913 dictum
2454 2868 2538 2913 est
2566 2872 2730 2923 nunc,
2764 2856 3012 2926 ejicietur
3031 2854 3214 2911 foras?
3236 2869 3371 2927 quo-

1775 2951 1934 3007 modo
1964 2961 2239 3022 putamus,
2278 2950 2383 3006 nisi
2427 2950 2555 3022 quia
2608 2958 2739 3006 tunc
2763 2950 2905 3021 quod
2954 2950 3009 3005 in
3058 2948 3367 3006 hominibus

1774 3042 2121 3117 paucissimis
2159 3042 2362 3098 factum
2389 3051 2494 3109 est,
2531 3056 2675 3098 nunc
2716 3042 2769 3097 iu
2814 3034 3000 3097 multis
3043 3038 3365 3114 magnisque

1775 3135 1988 3208 populis
2003 3135 2117 3207 jam
2144 3152 2269 3191 mox
2299 3134 2541 3191 futurum
2563 3148 2683 3191 esse
2706 3134 3023 3208 praedictum
3052 3134 3169 3191 est?
3194 3134 3366 3206 Spiri-

1778 3238 1865 3284 tus
1894 3237 2074 3284 autem
2107 3228 2344 3283 nondum
2394 3236 2512 3283 erat
2560 3230 2740 3284 datus.
2783 3226 2907 3298 quia
2931 3225 3089 3282 Jesus
3123 3227 3362 3281 nondum

1775 3308 1892 3376 erat
1921 3319 2278 3393 gloriﬁcatus,
2298 3328 2476 3390 potest
2496 3318 2730 3374 similem
2760 3319 2961 3372 nabere
2982 3312 3360 3388 quaestionem,

1773 3400 1829 3467 et
1854 3411 2087 3467 similem
2117 3411 2460 3467 solutionem.
2490 3410 2608 3466 Non
2635 3411 2781 3465 enim
2806 3410 2923 3466 sine
2946 3409 3148 3481 Spiritu
3171 3418 3362 3466 sancto

1775 3498 1956 3556 futura
1975 3501 2478 3572 praznuntiaverunt
2500 3500 2797 3570 prophetae,
2827 3509 2922 3554 aut
2947 3514 3051 3554 non
3075 3500 3237 3555 etiam
3263 3499 3361 3556 Do-

1774 3582 1979 3654 minum
2005 3597 2265 3655 infantem
2295 3598 2349 3653 in
2381 3596 2585 3669 Spiritu
2621 3605 2812 3653 sancto
2837 3592 3057 3651 Simeon
3096 3610 3282 3663 senex,
3306 3606 3363 3652 et

1771 3692 1927 3746 Anna
1963 3690 2122 3746 vidua
2171 3696 2562 3763 cognoverunt,
2613 3695 2669 3744 et
2724 3686 3041 3753 Zacharias,
3087 3695 3142 3744 et
3185 3686 3363 3744 Eliza-

1771 3774 1923 3849 beth,
1948 3781 2041 3853 qui
2067 3781 2134 3837 de
2158 3781 2250 3837 illo
2272 3781 2509 3837 nondum
2532 3789 2683 3847 nato,
2704 3780 2797 3836 sed
2814 3780 2927 3851 jam
2951 3788 3212 3867 concepto
3240 3787 3361 3835 tan-

1775 3883 1827 3929 ta
1851 3890 1951 3946 per
1981 3872 2242 3945 Spiritum
2272 3882 2523 3930 sanctum
2552 3871 2924 3946 praedixerunt
2958 3889 2971 3926 :
3001 3871 3095 3927 sed
3121 3869 3360 3942 Spiritus

1771 3967 2008 4023 nondum
2052 3975 2171 4023 erat
2215 3965 2396 4035 datus,
2438 3966 2490 4022 id
2530 3976 2613 4023 est
2647 3966 2736 4022 illa
2792 3965 3124 4022 abundantia
3173 3965 3362 4038 gratia:

1772 4057 2050 4131 spiritalis,
2093 4075 2197 4129 qua
2225 4059 2533 4132 congregati
2564 4057 2763 4132 linguis
2800 4058 3042 4114 omnium
3072 4056 3362 4130 loqueren-

1772 4156 1880 4216 tur,
1909 4166 1972 4204 ac
2003 4149 2081 4206 sic
2110 4149 2165 4203 in
2206 4149 2401 4221 linguis
2426 4150 2666 4205 omnium
2718 4150 2958 4221 gentium
3005 4146 3185 4204 futura
3223 4164 3363 4222 prte-

1770 4232 2110 4297 nuntiaretur
2132 4241 2394 4307 Ecclesia,
2422 4257 2526 4313 qua
2552 4240 2725 4313 gratia
2758 4239 2985 4312 spiritali
3022 4238 3203 4311 populi
3234 4255 3363 4296 con-

1771 4346 2147 4408 gregarentur,
2178 4352 2281 4409 qua
2314 4335 2471 4408 longe
2502 4336 2720 4406 lateque
2762 4344 2986 4408 peccata
3026 4336 3362 4393 dimitteren-

1772 4436 1881 4493 tur,
1908 4436 1962 4484 et
1990 4427 2158 4482 millia
2189 4428 2420 4484 millium
2448 4426 2556 4483 Deo
2580 4426 3080 4483 reconciliarentur.
3108 4425 3245 4492 Quid
3274 4435 3361 4481 est

1692 4560 1745 4627 ι)
1771 4533 1920 4592 ergo,
1952 4519 2027 4573 ait
2055 4519 2323 4591 quispiam
2351 4520 2481 4591 quia
2515 4518 2762 4577 diabolus
2784 4520 2850 4575 de
2869 4518 3205 4575 credentium
3234 4532 3357 4573 cor—

1772 4608 1930 4663 dibus
1954 4607 2169 4677 ejicitur
2214 4607 2393 4665 foras?
2437 4609 2551 4681 jam
2580 4611 2817 4666 ﬁdelium
2848 4610 3120 4665 neminem
3148 4610 3359 4665 tentati

97 4688 192 4759 jam
218 4693 448 4759 sciebat,
472 4684 566 4748 sed
593 4692 672 4748 eis
699 4693 895 4762 quibus
921 4689 1149 4746 indicari
1181 4693 1485 4762 oportebat.
1514 4690 1665 4749 Sicut

1777 4700 1881 4757 [mo
1910 4717 2039 4757 vero
2072 4711 2280 4758 tentare
2320 4718 2425 4757 non
2455 4710 2653 4768 cessat,
2698 4704 2795 4757 sed
2822 4701 2965 4756 aliud
2994 4710 3079 4758 est
3099 4702 3360 4759 intrinsca

102 4794 260 4839 autem
290 4783 377 4838 illa
398 4798 523 4849 vox,
551 4798 658 4839 non
677 4786 897 4854 propter
924 4798 1069 4848 eum,
1098 4784 1191 4838 sed
1214 4793 1436 4855 propter
1470 4784 1588 4841 illos
1611 4788 1665 4841 in

102 4872 376 4933 Divinitate
396 4877 538 4933 facta
554 4885 657 4943 est,
685 4878 764 4931 sic
788 4876 966 4931 anima
982 4875 1120 4947 ejus,
1145 4890 1251 4930 non
1269 4884 1494 4946 propter
1517 4891 1662 4944 eum,

103 4973 181 5027 sed
202 4979 423 5045 propter
450 4971 586 5028 alios
603 4966 884 5027 voluntate
916 4969 1130 5024 turbata
1155 4976 1257 5024 est.

166 5081 182 5115 ι
213 5064 369 5121 Nunc
391 5062 656 5135 judicium
679 5074 763 5120 est
791 5062 996 5119 mundi.
1022 5082 1042 5115 ι
1069 5060 1184 5116 Νοιι
1217 5060 1361 5116 enim
1392 5060 1459 5116 de
1486 5058 1668 5117 futuro

99 5155 283 5227 judicio
312 5159 416 5215 hoc
445 5158 647 5214 dictum
669 5171 789 5213 esse
814 5165 1089 5228 putamus,
1118 5153 1263 5224 quod
1289 5152 1344 5209 in
1379 5153 1486 5207 line
1510 5168 1666 5207 mun-

107 5248 151 5305 di
167 5250 397 5308 futurum
423 5258 509 5307 est
540 5266 555 5304 :
586 5250 675 5306 ubi
710 5250 835 5305 boni
860 5257 916 5304 et
942 5247 1068 5303 mali
1085 5246 1479 5318 separabuntur
1506 5254 1665 5300 aeter-

107 5361 165 5400 na
196 5348 473 5414 divisione,
502 5346 595 5402 sed
639 5346 711 5401 de
725 5342 931 5415 judicio
956 5342 1099 5412 quod
1125 5340 1368 5413 quotidie
1392 5339 1446 5394 in
1477 5349 1664 5395 sancta

108 5428 191 5497 Dei
208 5442 445 5502 Ecclesia
467 5430 603 5496 solet
628 5430 1114 5494 esseIPossidebat
1142 5450 1271 5505 ergo
1298 5432 1541 5489 diabolus
1568 5428 1659 5505 ge-

108 5544 194 5590 nus
214 5516 523 5600 humanum,
565 5541 619 5587 et
647 5545 769 5587 reos
812 5526 1201 5599 suppliciorum
1243 5527 1461 5581 tenebat
1490 5525 1665 5582 chiro-

112 5626 290 5700 grapho
309 5637 675 5699 peccatorum,
706 5622 1085 5680 dominabatur
1112 5620 1166 5674 in
1189 5619 1442 5676 cordibus
1474 5616 1663 5678 inlide-

110 5714 219 5772 lium
247 5719 311 5774 ad
342 5729 648 5774 creaturam
679 5714 983 5780 colendam,
1012 5711 1227 5767 deserto
1269 5709 1549 5779 Creatore,
1574 5715 1663 5771 de-

114 5823 270 5882 ceptos
340 5821 684 5884 captivosque
735 5805 1001 5863 trahebat.
1073 5802 1177 5860 Per
1233 5803 1436 5861 Christi
1481 5792 1660 5863 autem

1770 4808 1865 4849 cus
1892 4807 2138 4863 regnare,
2200 4791 2347 4847 aliud
2378 4793 2679 4849 forinsecus
2707 4808 3041 4867 oppugnare,
3085 4794 3231 4851 aliud
3273 4803 3357 4853 est

1768 4882 2068 4948 vulnerare,
2101 4884 2244 4940 aliud
2296 4886 2567 4941 occidere.
2598 4884 2704 4941 Sed
2733 4885 2778 4941 si
2830 4885 3099 4948 vulnerat.
3129 4897 3216 4946 est
3260 4889 3352 4963 qui

1770 4980 1944 5028 sanet.
1970 4974 2108 5041 Quia
2153 4976 2292 5031 sicut
2326 4972 2710 5050 ’pugnantibus
2750 4977 2949 5033 dictum
2980 4986 3063 5036 est
3108 4978 3161 5055 (1
3185 4978 3349 5037 Ῑοαη.

1770 5064 1857 5136 ιι),
1893 5085 1911 5117 ι
1939 5066 2065 5123 Haec
2088 5068 2268 5126 scribo
2289 5070 2462 5135 vobis,
2483 5078 2540 5125 ut
2563 5085 2669 5125 non
2699 5071 2952 5142 peccetis,
2975 5090 2994 5124 ι
3024 5072 3099 5127 ita
3119 5073 3213 5145 qui
3237 5073 3355 5130 vui.

1770 5167 2051 5225 nerantur,
2078 5159 2221 5230 quod
2264 5160 2508 5231 sequitur
2533 5161 2758 5216 audiunt
2783 5179 2797 5216 :
2834 5179 2852 5213 ι
2884 5161 2951 5216 Ει
2975 5162 3019 5217 si
3045 5165 3353 5234 peccaveri-

1769 5249 1860 5314 tis,
1888 5251 2210 5305 advocatum
2251 5250 2514 5307 habemus
2558 5253 2698 5322 apud
2734 5251 2951 5309 Patrem
2977 5251 3163 5311 Jesum
3196 5242 3355 5312 Chri-

1767 5347 1909 5394 stum
1932 5340 2170 5411 justum;
2192 5342 2308 5413 ipse
2332 5352 2415 5398 est
2436 5342 2747 5415 propitiatio
2768 5352 3111 5415 peCcatorum
3139 5355 3355 5403 nostro-

1769 5448 1910 5488 rum.
1946 5454 1965 5487 ι
2000 5435 2140 5504 Quid
2165 5437 2310 5491 enim
2333 5452 2553 5496 oramus
2580 5453 2705 5493 cum
2732 5437 2962 5494 dicimus
2989 5438 3205 5510 (Matth.
3234 5432 3348 5515 vi):

1772 5544 1793 5579 ι
1839 5527 2027 5583 Debita
2053 5539 2235 5585 nostra
2262 5530 2417 5588 nobis
2446 5531 2678 5600 dimitte,
2707 5552 2726 5586 ι
2763 5533 2867 5589 nisi
2906 5543 2965 5590 ut
3011 5533 3230 5590 vulnera
3256 5549 3353 5590 no-

1758 5628 1881 5677 ‘stra
1908 5622 2209 5677 sanentur?
2245 5622 2312 5679 Et
2351 5625 2479 5697 quid
2519 5624 2665 5681 aliud
2693 5604 2947 5701 petimus,
2976 5642 3096 5680 cum
3121 5625 3353 5703 dicimus

1768 5713 1956 5786 (Ibid.)
1989 5732 2003 5768 :
2043 5735 2058 5765 ι
2091 5714 2156 5769 Ει
2200 5730 2267 5771 ne
2294 5735 2391 5775 nos
2416 5718 2641 5805 inducas
2670 5720 2725 5775 in
2780 5712 3155 5789 mutationem,
3193 5739 3212 5774 ι
3247 5723 3352 5785 nisi

1768 5814 1826 5862 ut
1859 5806 1947 5861 ille
1992 5820 2081 5876 qui
2130 5806 2439 5877 insidiatur,
2486 5810 2570 5867 vel
2610 5821 2757 5868 certe
2797 5806 3165 5870 exstrinsecus
3206 5812 3353 5870 nulla
