3934 6346
582 323 684 381 ’591
713 329 717 369 ἒ

1217 316 1570 377 ΗΑΥΜΟΝΙΞ
1608 315 2090 374 HALBERSTAT.
2130 311 2344 371 EPISC.
2388 311 2540 370 OPP.
2581 309 2763 368 PARS
2801 309 2866 366 ll.
2893 338 2964 351 —
2992 309 3226 369 HOMIL.
3767 323 3852 380 591

582 447 832 512 erumpat
860 453 928 495 ex
965 445 1138 509 parte.
1168 434 1313 489 nulla
1357 448 1456 488 nos
1482 432 1673 487 fraude
1723 431 1980 501 decipiat,
2013 427 2172 483 nullis
2199 439 2252 498 Α
2282 444 2301 478 ε
2335 433 2419 481 est
2476 425 2578 480 iste
2627 422 2771 479 ﬁlius
2817 424 3089 481 hominis?
3114 445 3133 478 ι
3199 424 3517 485 Memoriter
3591 437 3853 491 tenuerunt

584 549 688 589 nos
716 534 994 588 subvertat
1040 527 1327 591 machinis,
1377 526 1592 595 quando
1640 539 1746 578 non
1804 530 1950 576 tenet
1995 521 2174 576 locum

589 625 792 689 cordis,
825 623 963 678 unde
1004 621 1109 675 ﬁde
1147 617 1351 686 ejectus
1388 625 1474 671 est
1522 613 1701 669 foras?
1739 612 1846 668 Sed
1873 632 1891 663 ι
1932 611 2036 666 nisi
2067 611 2174 665 Do-

586 713 768 768 minus
796 709 1112 766 custodierit
1157 707 1458 770 civitatem,
1512 703 1565 758 in
1604 716 1800 757 vanum
1850 699 2034 770 vigilat
2085 697 2177 768 qui

589 801 828 859 custodit
867 815 987 856 eam
1019 796 1195 870 (Paul.
1223 795 1432 865 cxxvr).
1472 815 1492 848 ι
1549 793 1728 849 Nolite
1761 807 1890 862 ergo
1933 793 2001 846 de
2024 789 2178 845 vobis

587 893 719 963 ipsis
744 904 1097 961 prmsumere,
1125 889 1172 944 si
1205 903 1311 943 non
1337 885 1500 942 vultis
1529 883 1677 940 foras
1720 881 1952 952 ejectum
1985 880 2176 935 diabo-

583 984 695 1039 lum
720 985 864 1038 intro
889 983 1083 1037 iterum
1113 995 1392 1036 revocare.
1419 977 1577 1033 Absit
1605 985 1786 1031 autem
1813 982 1873 1028 ut
1904 971 2178 1028 diabolum

586 1075 769 1132 mundi
803 1074 1105 1144 principem
1136 1073 1212 1128 ita
1270 1071 1474 1126 dictum
1512 1068 1907 1132 existimemus,
1955 1074 2017 1121 ut
2051 1079 2177 1120 eum

584 1167 722 1223 caelo
751 1175 806 1221 et
831 1174 991 1220 terra:
1010 1164 1277 1220 dominari
1299 1178 1456 1234 posse
1475 1161 1778 1216 credamus.
1807 1157 1916 1213 Sed
1947 1157 2178 1211 mundus

584 1256 886 1327 appellatur
922 1256 974 1310 in
1019 1254 1177 1310 malis
1212 1253 1542 1316 hominibus,
1601 1253 1694 1323 qui
1747 1258 1858 1306 toto
1908 1259 2177 1304 terrarum

585 1352 719 1406 orbe
750 1349 929 1405 diffusi
959 1357 1106 1414 sunt,
1150 1347 1292 1403 sicut
1320 1346 1622 1418 appellatur
1664 1345 1856 1400 domus
1899 1342 1968 1398 ab
2008 1341 2093 1396 his
2146 1355 2178 1396 a

584 1444 780 1514 quibus
811 1443 1108 1499 habitatur.
1137 1439 1446 1496 Secundum
1470 1438 1615 1508 quod
1647 1437 1895 1499 dicimus,
1921 1435 2061 1490 bona
2082 1433 2178 1488 do-

585 1551 709 1592 mus
726 1544 834 1600 est,
865 1534 951 1590 vel
977 1533 1118 1588 mala
1154 1533 1347 1587 domus
1369 1540 1473 1596 est,
1499 1546 1606 1586 non
1630 1528 1848 1600 quando
1880 1526 2176 1598 reprehen-

586 1627 765 1682 dimus
794 1625 908 1682 sive
939 1625 1224 1679 laudamus
1261 1623 1550 1679 aediﬁcium
1580 1621 1849 1694 parietum
1884 1629 2046 1690 atque
2097 1627 2176 1675 te-

584 1725 820 1783 ctorum,
850 1715 944 1772 sed
979 1715 1195 1788 quando
1231 1729 1413 1770 mores
1447 1712 1534 1768 vel
1586 1714 1850 1768 bonorum
1895 1710 2174 1766 hominum

2277 517 2420 588 quod
2436 516 2694 571 Dominus
2715 517 2928 573 dicebat
2945 517 3161 572 assidue
3180 517 3350 574 ﬁlium
3374 520 3632 577 hominis
3657 540 3716 580 se
3736 541 3845 584 esse.

2279 608 2413 664 Nam
2439 610 2538 664 hoc
2553 608 2671 664 loco
2699 625 2804 663 non
2818 609 2974 674 ait,si
2998 609 3268 666 exaltatus
3294 610 3457 668 fuerit
3482 629 3517 667 a
3555 622 3706 670 terra
3740 617 3847 675 ﬁlius

2281 699 2535 763 hominis,
2575 699 2670 754 sed
2717 701 2861 754 sicut
2904 700 3155 769 superius
3200 701 3427 768 dixerat,
3470 705 3704 773 quando
3743 724 3845 763 nun-

2281 792 2397 846 tiati
2443 799 2571 846 sunt
2616 789 2843 860 gentiles
2887 790 2961 845 illi
2994 791 3086 861 qui
3127 806 3252 847 eum
3300 793 3488 849 videre
3542 796 3841 866 cupiebant:

2283 902 2304 936 ‹
2340 882 2498 938 Venit
2526 883 2682 948 hora,
2726 891 2786 936 ut
2813 881 3145 938 clariﬁcetur
3189 883 3360 940 Filius
3384 885 3659 942 hominis.
3698 908 3715 940 ι
3756 889 3839 947 Hoc

2279 974 2463 1045 itaque
2523 973 2614 1029 isti
2665 973 2846 1028 animo
2896 975 3215 1042 retinentes,
3259 985 3314 1032 et
3367 978 3526 1047 quod
3580 995 3721 1036 nunc
3759 985 3835 1049 ait,

2286 1084 2305 1117 ι
2342 1064 2477 1122 Cum
2502 1065 2770 1120 exaltatus
2795 1065 2947 1122 fuero
2973 1082 3004 1121 a
3041 1076 3211 1134 terra,
3244 1088 3264 1121 ι
3300 1079 3544 1125 mortem
3589 1074 3757 1129 crucis
3777 1076 3834 1130 in-

2280 1156 2604 1229 telligentes,
2657 1158 2986 1228 quaesierunt
3028 1156 3232 1224 abillo,
3272 1168 3326 1214 et
3361 1161 3670 1217 dixerunt:
3705 1182 3722 1215 ι

2282 1249 2588 1303 audivimus
2621 1262 2689 1302 cx
2727 1247 2864 1319 lege,
2908 1249 3033 1320 quia
3083 1248 3331 1306 Christus
3377 1261 3577 1306 manet
3624 1253 3676 1307 in
3713 1263 3830 1309 ster-

2281 1357 2432 1396 num.
2460 1340 2740 1410 Quomodo
2769 1352 2823 1394 tu
2851 1341 3009 1408 dicis,
3029 1340 3255 1412 Oportet
3277 1344 3517 1399 exaltari
3553 1343 3738 1401 Filium
3762 1349 3827 1403 bo-

2280 1433 2479 1489 minis?
2513 1453 2531 1484 ι
2568 1433 2625 1488 Si
2668 1433 2812 1489 enim
2848 1433 3097 1490 Christus
3124 1445 3227 1500 est,
3277 1436 3568 1507 inquiunt,
3612 1441 3827 1494 manetin

2279 1533 2542 1582 aeternum
2571 1543 2584 1580 :
2610 1525 2654 1581 si
2686 1535 2868 1581 manet
2906 1526 2960 1580 in
2991 1534 3280 1596 aeternum,
3308 1531 3596 1600 quomodo
3615 1531 3823 1589 exaltabi-

2280 1625 2370 1673 tur
2414 1633 2444 1672 a
2478 1626 2642 1685 terra,
2671 1617 2724 1672 id
2765 1627 2849 1674 est
2875 1621 3147 1690 quomodo
3173 1621 3353 1678 crucis
3379 1624 3650 1693 passione
3682 1626 3824 1679 morie-

2281 1711 2402 1767 tur?
2445 1709 2560 1767 Hoc
2591 1711 2734 1766 enim
2774 1726 2896 1766 cum
2931 1711 3134 1768 dixisse
3180 1712 3590 1784 intelligehant,
3621 1716 3743 1786 quod
3770 1715 3821 1771 fa-

585 1809 672 1867 vel
704 1809 966 1864 malorum
1000 1825 1015 1862 :
1054 1808 1134 1864 sic
1163 1822 1290 1877 ergo
1333 1807 1536 1862 dictum
1581 1815 1686 1868 est,
1719 1805 1970 1876 princeps
2013 1802 2175 1874 hujus
2202 1804 2250 1865 B
2277 1819 2402 1860 cere
2428 1803 2756 1876 cogitabant.
2790 1803 2906 1859 Non
2927 1820 3057 1876 ergo
3082 1805 3163 1861 eis
3189 1805 3491 1861 verborum
3523 1806 3736 1862 istorum
3756 1807 3819 1862 ob-

585 1901 792 1967 mundi,
831 1900 1007 1966 idest,
1032 1899 1287 1972 princeps
1318 1898 1584 1954 malorum
1619 1897 1923 1963 hominum,
1955 1896 2047 1967 qui
2079 1896 2178 1950 ha-

583 1996 759 2053 bitant
780 1995 835 2050 in
858 1994 1080 2051 mundo.
1117 1993 1433 2065 Appellatur
1463 1993 1626 2048 etiam
1658 1993 1892 2048 mundus
1914 1992 1968 2048 in
2000 1990 2179 2056 bonis,

583 2089 676 2162 qui
718 2088 969 2145 similiter
996 2096 1110 2144 toto
1159 2087 1294 2143 orbe
1325 2096 1594 2141 terrarum
1655 2083 1836 2141 diffusi
1873 2093 2017 2140 sunt.
2049 2083 2180 2139 lude

586 2181 719 2239 dicit
738 2181 1048 2251 Apostolus,
1079 2199 1098 2233 ι
1133 2179 1276 2235 Deus
1305 2179 1498 2234 eratin
1528 2177 1767 2243 Christo,
1800 2177 2061 2232 mundum
2092 2189 2182 2230 re-

600 2273 899 2330 concilians
937 2273 1041 2330 sibi
1096 2271 1180 2344 (ΙΙ
1221 2272 1343 2328 Cor.
1392 2272 1443 2344 v)
1474 2287 1488 2326 :
1523 2291 1542 2324 ι
1575 2271 1629 2327 hi
1663 2280 1810 2337 sunt,
1835 2286 1903 2326 ex
1949 2285 2180 2341 quorum

583 2365 841 2422 cordibus
888 2365 1140 2438 princeps
1189 2364 1377 2421 mundi
1426 2365 1639 2435 ejicitur
1683 2363 1848 2419 foras.
1884 2362 2018 2418 Cum
2049 2375 2180 2432 ergo

585 2456 816 2513 dixisset
843 2472 857 2510 :
904 2475 923 2507 ι
960 2455 1114 2512 Nunc
1137 2457 1392 2528 princeps
1425 2456 1588 2528 hujus
1613 2456 1800 2511 mundi
1823 2454 2073 2526 ejicietur
2098 2453 2180 2510 fo«

586 2563 697 2615 ras,
738 2567 755 2600 ι
791 2547 1037 2617 adjunxit
1065 2549 1364 2605 continuo:

658 2651 680 2686 ο
710 2632 779 2688 Et
803 2649 903 2706 ego
930 2634 974 2689 si
1001 2633 1273 2689 exaltatus
1301 2633 1455 2688 fuero
1482 2648 1512 2687 a
1543 2642 1713 2699 terra,
1745 2634 1928 2690 omnia
1956 2635 2174 2690 traham

588 2742 611 2778 ι
646 2733 770 2797 post
792 2740 897 2780 me.
927 2743 946 2776 ι
976 2723 1106 2792 Quae
1129 2725 1311 2780 omnia
1337 2725 1525 2791 trahit,
1551 2726 1654 2781 nisi
1681 2741 1748 2782 ex
1777 2726 1972 2796 quibus
2001 2726 2180 2782 diabo-

588 2813 674 2871 lus
702 2812 919 2882 ejicitur
944 2813 1125 2869 foras?
1165 2813 1283 2869 Non
1315 2822 1498 2868 autem
1526 2815 1664 2869 dixit
1704 2830 1914 2880 omnes,
1945 2815 2039 2870 sed
2062 2831 2180 2870 om-

587 2908 699 2965 nia.
732 2905 848 2961 Non
874 2907 1018 2962 enim
1045 2908 1287 2963 omnium
1314 2916 1399 2962 est
1426 2907 1576 2962 ﬁdes.
1606 2906 1724 2963 Non
1756 2909 1938 2979 itaque
1967 2907 2069 2963 hoc
2109 2906 2178 2963 ad

586 2996 998 3051 universitatem
1028 2995 1306 3051 hominum
1334 2996 1537 3061 retulit,
1570 2997 1666 3052 sed
1703 2996 1770 3051 ad
1798 3007 2060 3053 creaturae
2097 2997 2179 3052 in-

590 3087 916 3158 tegritatem,
958 3085 1010 3140 id
1045 3093 1149 3152 est,
1196 3085 1445 3156 spiritum
1490 3093 1545 3140 et
1593 3087 1830 3142 animam
1855 3096 1910 3143 et
1943 3102 2172 3158 corpus:

2281 1896 2597 1952 scuritatem
2640 1895 2854 1966 aperuit
2905 1895 3083 1952 infusa
3131 1896 3422 1968 sapientia,
3463 1897 3566 1953 sed
3606 1897 3817 1954 stimulata

2280 1987 2633 2043 conscientia.

2357 2099 2377 2132 ‹
2413 2081 2560 2136 Dixit
2584 2096 2714 2152 ergo
2742 2081 2823 2138 eis
2844 2079 3041 2138 Jesus:
3069 2081 3262 2138 Adhuc
3287 2084 3572 2140 modicum
3605 2083 3756 2140 lumen
3777 2100 3813 2140 ,ι

2284 2190 2305 2224 ι
2339 2172 2493 2228 vobis
2520 2182 2623 2228 est.
2661 2192 2680 2226 ι
2726 2172 2864 2228 Hinc
2888 2183 2974 2228 est
3015 2175 3160 2244 quod
3194 2173 3528 2247 intelligitis,
3557 2176 3691 2247 quod
3712 2175 3812 2230 Chri-

2280 2272 2399 2320 stus
2447 2273 2630 2320 manet
2684 2265 2739 2320 in
2788 2274 3072 2320 aiternum.
3135 2284 3154 2317 ι
3209 2265 3352 2339 Ergo
3408 2266 3686 2323 ambulate
3724 2267 3805 2320 dum

2284 2375 2303 2409 ι
2337 2355 2514 2412 lucem
2553 2357 2786 2423 habetis,
2833 2365 2894 2412 ut
2927 2371 3036 2412 non
3089 2357 3324 2414 tenebra:
3372 2372 3474 2414 vos
3523 2357 3809 2428 comprehen-

2283 2470 2304 2505 ί
2343 2451 2494 2506 dant.
2548 2470 2567 2503 ι
2598 2449 2906 2517 Ambulate,
2954 2450 3212 2515 accedite,
3251 2459 3424 2507 totum
3468 2451 3745 2523 intelligite,
3773 2456 3811 2506 et

2279 2541 2603 2597 moriturum
2650 2541 2948 2608 Christum,
2978 2549 3034 2598 et
3074 2541 3349 2597 victurum
3387 2542 3444 2596 in
3489 2551 3743 2606 aeternum,
3773 2546 3810 2595 et

2279 2633 2599 2706 sanguinem
2621 2633 2892 2700 f'usurum,
2918 2649 3026 2705 quo
3058 2635 3312 2701 redimat,
3341 2642 3400 2690 et
3431 2649 3749 2692 ascensurum
3771 2632 3809 2686 in

2280 2726 2552 2794 sublimia,
2596 2741 2703 2797 quo
2739 2727 3017 2797 perducat.
3060 2725 3324 2782 Tenebrae
3353 2737 3527 2783 autem
3567 2740 3663 2779 non
3691 2738 3810 2778 com-

2276 2818 2638 2890 prehendant,
2680 2818 2727 2874 si
2768 2834 2835 2875 eo
2867 2819 3030 2874 modo
3058 2817 3403 2874 credideritis
3425 2815 3604 2873 Christi
3629 2816 3811 2870 aeterni-

2280 2918 2468 2977 tatem,
2494 2919 2680 2966 utnon
2712 2909 2918 2982 negetis
2946 2909 3000 2965 in
3029 2924 3096 2966 eo
3124 2909 3317 2965 mortis
3339 2908 3690 2964 humilitatem.
3713 2924 3730 2958 ι
3756 2903 3809 2960 Et

2285 3021 2306 3053 ι
2343 3019 2436 3074 qui
2465 2997 2706 3058 ambulat
2749 3003 2804 3057 in
2837 3002 3094 3068 tenebris,
3145 3001 3322 3058 nescit
3366 3017 3477 3073 quo
3505 3000 3667 3064 vadat,
3693 3017 3710 3050 ι
3738 2997 3807 3052 sed

2277 3104 2460 3169 potest
2507 3094 2781 3152 offendere
2826 3095 2881 3150 in
2922 3094 3155 3165 lapidem
3193 3093 3514 3150 offensionis
3558 3101 3608 3149 et
3645 3098 3804 3163 petram

590 3179 659 3231 ad
709 3175 837 3231 illud
888 3174 1116 3243 scilicet,
1155 3177 1299 3246 quod
1349 3175 1719 3248 intelligimus,
1766 3187 1822 3233 et
1868 3176 1997 3232 illud
2035 3175 2180 3248 quod
2207 3183 2254 3246 ς,
2285 3187 2548 3254 scandali,
2580 3202 2701 3258 qua:
2734 3185 2834 3242 fuit
2864 3186 3120 3242 Dominus
3145 3186 3304 3243 cacis
3331 3184 3556 3253 Judzgis,
3585 3185 3704 3241 sicut
3722 3197 3804 3238 cre-

589 3269 845 3336 vivimus,
881 3278 937 3325 et
973 3269 1103 3325 illud
1129 3270 1275 3342 quod
1313 3270 1553 3326 visibiles
1581 3280 1635 3325 et
1671 3271 2046 3343 corruptibiles
2087 3288 2178 3328 su-

591 3374 733 3415 mus.
762 3359 914 3428 Quod
957 3360 1102 3416 enim
1149 3360 1286 3415 dixit
1316 3378 1329 3415 :
1363 3359 1599 3430 Capillus
1626 3362 1816 3432 capitis
1861 3363 2027 3417 vestri
2068 3379 2177 3419 non

597 3449 836 3520 peribit,
888 3449 1069 3505 omnia
1121 3450 1288 3505 trahit
1344 3459 1469 3521 post
1523 3466 1600 3507 se.
1669 3451 1814 3518 Aut,
1880 3453 1925 3508 si
1995 3455 2178 3508 omnia

599 3542 701 3614 ipsi
776 3544 1021 3600 homines
1089 3545 1422 3618 intelligendi
1505 3556 1670 3613 sunt,
1717 3547 1899 3602 omnia
1967 3549 2176 3619 praede-

591 3637 791 3692 stinata
817 3638 886 3692 ad
922 3639 1149 3694 salutem
1189 3655 1478 3711 possumus
1506 3641 1709 3708 dicere,
1743 3659 1808 3698 ex
1839 3642 2036 3713 quibus
2063 3659 2181 3699 om-

594 3728 754 3781 nibus
782 3727 857 3781 ait
883 3728 1018 3782 nihil
1062 3745 1186 3785 esse
1223 3730 1548 3800 periturum,
1598 3748 1722 3787 cum
1766 3748 1928 3802 supra
1971 3734 2036 3789 de
2067 3735 2181 3791 suis

592 3817 785 3870 ovibus
813 3816 1165 3886 loqueretur:
1197 3828 1290 3875 aut
1324 3829 1495 3886 certe,
1536 3821 1716 3875 omnia
1759 3822 2035 3879 hominum
2082 3841 2178 3897 ge-

594 3921 748 3971 nera,
779 3907 893 3962 sive
919 3907 973 3962 in
1001 3908 1197 3982 linguis
1237 3911 1511 3977 omnibus,
1553 3912 1666 3967 sive
1703 3911 1758 3967 in
1789 3913 2038 3970 aetatibus
2062 3931 2181 3971 om-

596 3998 778 4063 nibus,
810 3998 923 4054 sive
962 4000 1016 4055 in
1063 4002 1319 4072 gradibus
1366 4004 1631 4060 honorum
1661 4006 1923 4074 omnium,
1971 4008 2085 4065 sive
2124 4009 2180 4064 in

599 4090 1002 4148 diversitatihus
1048 4094 1382 4164 ingeniorum
1425 4097 1695 4164 omnibus,
1739 4097 1854 4156 sive
1893 4100 1946 4156 in
1977 4102 2180 4158 artium

603 4182 876 4239 licitarum
907 4187 1172 4253 omnium,
1205 4197 1259 4243 et
1289 4188 1504 4244 utilium
1546 4191 1971 4261 professionibus
1999 4195 2178 4252 omni-

601 4275 703 4331 bus
729 4294 742 4333 :
774 4286 829 4332 et
859 4277 1119 4348 quidquid
1144 4278 1290 4335 aliud
1326 4280 1433 4336 dici
1475 4289 1671 4354 potest,
1700 4286 1995 4342 secundum
2023 4288 2180 4344 innu-

598 4369 891 4427 merabiles
923 4371 1269 4440 differentias,
1299 4376 1496 4447 quibus
1532 4378 1673 4434 inter
1698 4396 1755 4437 se
1782 4397 1881 4452 per
1909 4383 2023 4438 sola
2054 4398 2181 4454 pec-

594 4470 714 4518 cata
742 4462 988 4518 homines
1020 4463 1239 4533 distant,
1279 4467 1347 4523 ab
1376 4467 1759 4526 excelsissimis
1787 4488 1954 4544 usque
1980 4475 2046 4529 ad
2076 4475 2176 4529 hu-

598 4553 876 4621 millimos,
907 4571 938 4609 a
983 4571 1110 4628 rege
1141 4572 1311 4628 usque
1352 4559 1419 4613 ad
1466 4561 1794 4617 mendicum.
1853 4563 2117 4635 ¢_Omnia,
2151 4585 2172 4619 ι
2203 4548 2257 4611 Ῑ)

594 4645 792 4717 inquit,
841 4665 860 4698 ‹
913 4647 1125 4702 traham
1167 4658 1289 4720 post
1324 4665 1434 4716 me,
1474 4669 1494 4702 ι
1525 4660 1585 4706 ιιι
1614 4653 1718 4708 sim
1766 4662 1927 4725 caput
1958 4668 2176 4724 eorum,

593 4738 747 4793 etilli
791 4740 1031 4794 membra
1075 4755 1216 4796 mea.
1265 4760 1284 4794 ε
1337 4741 1442 4799 Sed
1474 4744 1521 4800 si
1565 4746 1854 4814 exaltatus,
1904 4767 1922 4799 ι
1974 4749 2172 4820 inquit,

598 4845 618 4879 ι
657 4827 811 4883 fuero
834 4843 863 4882 a
897 4837 1065 4895 terra,
1102 4850 1121 4883 ι
1155 4831 1259 4888 hoc
1278 4843 1382 4901 est,
1409 4849 1532 4890 cum
1559 4837 1824 4893 exaltatus
1853 4836 2027 4894 fuero.
2056 4839 2173 4897 Non

595 4919 742 4976 enim
767 4921 978 4976 dubitat
1004 4922 1243 4980 futurum
1267 4942 1390 4984 esse
1423 4929 1565 4999 quod
1590 4931 1743 4985 venit
1782 4931 2026 5003 implere.
2059 4934 2174 4990 Hoc

595 5008 832 5065 refertur
851 5012 917 5066 ad
945 5012 1074 5068 illud
1103 5017 1242 5085 quod
1263 5019 1510 5089 superius
1538 5021 1650 5074 ait:
1687 5041 1704 5072 ι
1739 5020 1796 5076 Si
1827 5032 2005 5078 autem
2033 5041 2174 5080 mor-

597 5109 750 5158 tuum
791 5100 957 5158 fuerit
995 5120 1220 5175 granum
1265 5108 1550 5176 frumenti,
1579 5112 1807 5170 multum
1834 5113 2069 5170 fructum
2098 5117 2180 5171 af-

600 5190 723 5247 fert.
758 5211 777 5246 »
835 5193 968 5250 Nam
1017 5199 1400 5257 exaltationem
1453 5217 1606 5256 suam
1655 5203 1783 5274 quid
1825 5205 1972 5263 aliud
2018 5210 2178 5276 dixit,

598 5297 760 5352 quam
803 5285 858 5340 in
892 5303 1054 5345 cruce
1079 5292 1424 5361 passionem?
1449 5291 1600 5358 Quod
1631 5303 1688 5350 et
1713 5295 1826 5366 ipse
1848 5299 2178 5371 evangelista

597 5390 706 5432 non
743 5380 938 5447 tacuit;
971 5382 1246 5452 subjunxit
1272 5385 1415 5440 enim
1450 5395 1504 5440 et
1535 5386 1646 5442 ait:

675 5483 696 5519 ε
731 5467 844 5526 Hoc
865 5481 1042 5528 autem
1085 5474 1320 5542 dicebat,
1350 5477 1661 5547 signiﬁcans
1690 5496 1795 5552 qua
1836 5493 2010 5541 morte
2034 5497 2180 5546 esset

606 5581 623 5613 ‹
657 5563 968 5622 moriturus.
999 5565 1299 5637 Respondit
1325 5568 1375 5623 ei
1403 5571 1557 5626 turba
1587 5590 1600 5626 :
1636 5572 1744 5631 Nos
1785 5578 2086 5637 audivimus
2111 5598 2179 5638 ex

606 5669 626 5701 r
665 5650 800 5722 lege,
843 5653 966 5723 quia
1006 5653 1258 5712 Christus
1299 5671 1482 5716 manet
1502 5662 1556 5718 in
1582 5673 1865 5722 aeternum.
1899 5668 2180 5737 Quomodo

608 5760 628 5795 ι
665 5750 720 5798 ιιι
757 5743 910 5811 dicis,
955 5745 1180 5817 Oportet
1228 5751 1456 5808 exaltari
1497 5754 1692 5815 Filium
1741 5760 2016 5819 hominis?
2048 5763 2180 5832 Quis

2283 3281 2537 3338 dentibus
2566 3279 2722 3351 lapis,
2748 3295 2908 3351 quem
2948 3282 3374 3352 reprohaverunt
3398 3281 3724 3343 :ediﬁmntes,
3745 3275 3800 3332 fa-
3884 3299 3885 3326 ξ

2282 3383 2403 3431 ctus
2422 3384 2508 3431 est
2535 3373 2590 3430 in
2617 3383 2778 3444 caput
2803 3372 3006 3445 anguli.
3037 3373 3174 3430 Hinc
3193 3374 3474 3445 dedignati
3505 3373 3801 3431 suntcrederc

2284 3468 2341 3524 in
2383 3467 2680 3536 Christum,
2704 3469 2829 3538 quia
2863 3483 3051 3524 eorum
3091 3468 3342 3540 impietas
3371 3467 3685 3540 contempsit
3703 3479 3803 3521 mor-

2286 3569 2460 3628 tuum,
2489 3560 2664 3616 irrisit
2691 3560 2953 3628 occisum,
2993 3569 3050 3616 et
3089 3561 3204 3633 ipse
3231 3571 3351 3616 erat
3379 3577 3535 3618 mors
3564 3555 3801 3633 granimul

2283 3651 2590 3722 tiplicandi,
2617 3659 2672 3706 et
2692 3649 2948 3707 exaltatio
2978 3650 3241 3707 trahentis
3267 3659 3390 3723 post
3421 3667 3482 3708 se
3508 3649 3690 3707 omnia.

2361 3759 2380 3793 ι
2413 3743 2550 3797 Dum
2570 3740 2745 3798 lucem
2770 3741 3005 3809 habetis,
3035 3742 3242 3798 credite
3271 3743 3328 3798 in
3353 3742 3561 3808 lucem,
3581 3753 3635 3797 ut
3658 3740 3732 3797 ﬁlii
3747 3737 3801 3792 la-

2288 3854 2307 3887 ι
2346 3835 2426 3891 cis
2453 3835 2592 3891 sitis.
2631 3855 2650 3888 ι
2680 3834 2815 3892 Cum
2841 3835 3045 3906 aliquid
3074 3835 3190 3892 veri
3212 3835 3457 3891 auditum
3487 3834 3801 3899 habetism-

2284 3930 2396 3986 dite
2419 3931 2475 3985 in
2509 3930 2820 3998 veritatem,
2844 3939 2904 3986 ut
2926 3932 3286 3989 reuascamini
3316 3933 3371 3988 in
3392 3935 3640 3990 veritate.
3678 3950 3693 3984 ι
3718 3926 3801 3982 lla

2288 4041 2308 4076 ι
2343 4021 2551 4080 locutus
2577 4031 2663 4079 est
2697 4020 2875 4091 Jesus,
2901 4031 2958 4080 et
2982 4023 3117 4080 abiit
3143 4033 3200 4081 et
3226 4025 3518 4083 abscondit
3541 4040 3600 4082 se
3623 4023 3681 4079 ab
3697 4020 3797 4077 eisi

2811 4156 3094 4216 HOMILIA
3137 4159 3324 4218 LXVI.

2696 4291 2854 4332 ΞἘΒΙΔ
2897 4292 3095 4334 TERTIA
3129 4293 3438 4336 ιιλωιλιιυι.

2371 4386 2562 4446 Passio
2609 4389 2824 4445 Domini
2872 4393 3040 4447 nostri
3082 4391 3213 4448 Iesu
3248 4389 3448 4450 Christi
3484 4395 3744 4452 “cundum

2938 4463 3203 4520 Marcum.

2353 4569 2552 4641 (Mane.
2583 4589 2693 4638 xxv,
2736 4574 2850 4647 xv).
2878 4592 2898 4626 ε
2925 4575 2982 4630 ln
3006 4574 3099 4630 illo
3127 4584 3389 4648 tempore,
3426 4586 3554 4634 erat
3581 4574 3802 4632 Paschaet

2287 4680 2306 4714 ι
2343 4664 2550 4734 Azyma
2576 4675 2698 4735 post
2725 4666 2968 4736 biduum,
3002 4687 3021 4720 ι
3065 4678 3122 4725 et
3161 4670 3390 4742 reliqua.
3421 4671 3629 4728 Pascha
3651 4678 3797 4723 autem.

2283 4756 2425 4827 quod
2443 4755 2708 4814 Hebraice
2729 4759 2924 4832 dicitur
2941 4760 3120 4830 phase,
3144 4779 3251 4818 non
3272 4781 3301 4819 a
3321 4765 3671 4835 passione,'ut
3691 4756 3801 4828 picti:

2281 4863 2386 4918 que
2410 4848 2762 4917 arbitrantur,
2778 4853 2916 4908 seda
2939 4856 3167 4911 transitu
3188 4859 3520 4925 nominatur,
3536 4854 3799 4928 οοᾳιιοάει·

2283 4940 2600 4996 terminator
2622 4944 2812 5001 videns
2827 4948 3142 5019 sanguinem
3167 4951 3221 5006 in
3237 4950 3446 5009 foribus
3471 4953 3797 5011 Israelth

2280 5033 2677 5102 pertransierit,
2711 5052 2812 5094 nec
2835 5042 3166 5108 percusserit
3189 5059 3305 5099 eos.
3334 5043 3429 5100 Vei
3458 5047 3573 5118 ipse
3597 5045 3798 5102 Dominus

2280 5124 2528 5194 praebens
2556 5129 2812 5186 auxilium
2843 5133 3040 5202 populo
3065 5150 3189 5202 suo,
3213 5136 3446 5208 desuper
3484 5135 3798 5197 ambulaverit,

2282 5216 2436 5287 cujus
2485 5231 2884 5278 sacramentum
2936 5226 3180 5282 vocabuli
3244 5230 3528 5290 sublimius
3580 5243 3799 5304 exponens

2282 5309 2611 5382 evangelista
2635 5310 2870 5371 Joannes
2898 5316 2975 5372 ait
3003 5336 3017 5372 :
3048 5335 3069 5370 ι
3095 5320 3236 5376 Ante
3251 5323 3395 5380 diem
3417 5324 3610 5383 festum
3634 5322 3800 5380 Pascha

2286 5401 2465 5457 sciens
2491 5401 2648 5460 Jesus
2676 5406 2803 5476 quia
2858 5410 3005 5465 venit
3045 5411 3178 5468 hora
3225 5416 3364 5484 ejus,
3413 5430 3472 5473 ut
3517 5425 3798 5474 transeatex

2287 5494 2392 5551 hoc
2441 5499 2641 5553 mundo
2668 5500 2734 5555 ad
2774 5499 3011 5559 Patrem.
3061 5524 3082 5558 ι
3133 5507 3236 5564 Ubi
3270 5511 3556 5570 manifeste
3598 5511 3798 5570 dedam

2288 5584 2410 5642 ideo
2455 5588 2816 5650 solemnitatis
2859 5594 3018 5665 hujus
3073 5599 3215 5656 diem
3264 5619 3364 5674 per
3413 5605 3581 5679 legem
3626 5603 3800 5676 ωιειὶεε

2289 5679 2576 5737 transitum
2622 5698 2745 5740 esse
2773 5699 3045 5756 vocatum,
3089 5693 3232 5761 quod
3259 5711 3431 5767 agnus
3454 5698 3570 5765 Dei,
3600 5696 3678 5766 qui
3705 5705 3798 5764 pec-

2289 5776 2409 5824 cata
2430 5771 2612 5829 mundi
2645 5774 2872 5844 tolleret,
2919 5779 2971 5836 in
3001 5797 3066 5839 eo
3093 5783 3160 5840 de
3198 5785 3303 5844 hoc
3341 5791 3556 5857 mundo,
3597 5788 3696 5844 sive
3717 5783 3801 5850 ίοω
