3934 6346
85 364 204 422 393

1313 371 1616 430 ΗΟΜΙΙιΙίΕ
1656 374 1742 430 DE
1781 376 2128 435 ΤΕΜΡΟΒΕ.

3267 398 3372 455 594

86 481 460 547 transiturus,
493 482 607 537 sive
636 496 733 538 nos
754 483 953 540 salubri
983 486 1215 542 transitu
1245 489 1398 558 quasi
1422 490 1487 544 de
1518 488 1686 561 zEgy-
1715 499 1763 555 A
1788 490 2025 550 Joannes
2051 508 2238 567 aperte
2266 514 2673 573 commemorat,
2718 510 2807 581 qui
2843 511 3004 567 etiam
3038 513 3141 570 hoc
3170 515 3373 572 factum

85 570 207 639 ptia
241 579 393 627 esset
438 573 702 628 servitute
748 574 1027 632 ducturus.
1061 577 1174 635 Hoc
1214 595 1345 635 sane
1373 577 1546 650 (juxta
1582 580 1688 637 Ve-

92 662 239 718 teris
267 664 601 720 Testamenti
622 666 970 740 scripturam)
1001 669 1144 726 inter
1166 670 1373 729 Pascha
1402 682 1457 729 et
1483 674 1687 747 Azyma

82 754 287 820 distat,
314 755 456 825 quod
478 753 683 813 Pascha
713 758 827 827 ipse
870 759 1017 816 solus
1042 762 1157 819 dies
1181 762 1484 835 appellatur
1503 766 1560 820 in
1580 782 1688 836 quo

80 862 265 917 agnus
301 846 649 904 occidebatur
692 850 761 905 ad
815 867 1121 923 vesperam,
1176 853 1281 910 hoc
1317 864 1423 920 est,
1470 866 1689 928 quarta-

80 935 307 991 decima
330 936 455 993 luna
477 938 637 1008 primi
662 941 885 996 mensis.
903 942 1316 1010 Quintadecima
1337 954 1517 1002 autem
1537 946 1684 1013 luna,

75 1025 313 1094 quando
362 1041 616 1099 egressus
655 1037 741 1085 est
785 1030 852 1085 de
900 1030 1138 1105 IEgypto
1162 1075 1178 1099 ,
1230 1036 1554 1093 succedebat
1602 1036 1684 1093 fe-

74 1115 310 1173 stivitas
341 1116 668 1190 Azymorum
693 1162 709 1186 ,
775 1136 895 1192 quae
949 1132 1160 1196 septem
1222 1126 1452 1195 diebus,
1502 1127 1557 1184 id
1603 1137 1688 1185 est

72 1222 259 1277 usque
290 1207 360 1264 ad
385 1209 702 1281 vigesimum
750 1213 892 1268 diem
938 1215 1181 1286 ejusdem
1226 1218 1433 1273 mensis
1481 1220 1550 1274 ad
1594 1235 1686 1275 ve-

77 1312 338 1368 speram,
384 1310 471 1356 est
498 1310 699 1358 statuta
743 1303 1079 1364 solemnitas.
1113 1308 1315 1364 Verum
1339 1312 1683 1384 evangelista:

75 1389 489 1460 indifferenter,
512 1403 569 1450 et
596 1396 738 1452 diem
760 1397 1090 1471 Azymorum
1122 1416 1222 1472 pro
1249 1402 1481 1471 Pascha,
1511 1414 1566 1461 et
1583 1421 1683 1477 pro

69 1481 277 1539 diebus
313 1483 644 1557 Azymorum
666 1488 873 1546 Pascha
903 1507 1105 1563 ponere
1129 1495 1323 1552 solent.
1368 1496 1509 1553 Dicit
1536 1499 1681 1555 enim

72 1573 303 1633 Marcus
334 1596 346 1632 :
380 1598 399 1631 ι
422 1578 555 1637 Erat
578 1590 756 1639 autem
778 1583 986 1643 Pascha
1007 1598 1063 1643 et
1084 1588 1287 1660 Azyma
1308 1598 1433 1662 post
1459 1591 1681 1647 biduum

68 1666 278 1740 (Marc.
331 1671 464 1743 xiv).
508 1692 526 1724 ι
562 1672 704 1731 Dicit
745 1675 921 1735 Lucas
959 1697 974 1735 :
1010 1700 1030 1732 ι
1076 1680 1203 1739 Dies
1241 1682 1413 1740 festus
1447 1686 1680 1758 Azymo—

70 1776 223 1829 rum,
255 1763 353 1834 qui
384 1765 583 1822 dicitur
611 1766 822 1826 Pascha
854 1770 1004 1842 (Luc.
1033 1774 1191 1846 xm).
1229 1775 1401 1832 iltem
1421 1776 1676 1845 Joannes,

1796 592 1924 640 ante
1966 600 2062 641 sex
2105 587 2219 645 dies
2259 588 2482 649 Paschae
2509 605 2760 667 testatur,
2790 602 2965 672 pridie
3000 618 3163 675 quam
3219 608 3375 664 asino

1794 672 1991 731 sedens
2011 692 2136 733 cum
2158 679 2355 750 palmis
2379 690 2434 736 et
2456 684 2612 743 laude
2641 691 2921 748 turbarum
2947 672 3376 770 Hierosolymam

1790 766 2020 822 veniret.
2060 768 2177 839 Ipsa
2204 780 2288 827 est
2326 780 2528 839 autem,
2557 792 2665 832 non
2700 780 2825 848 alia,
2851 799 2971 854 quae
2991 766 3262 856 quondam
3293 790 3376 861 (ut

1792 855 1966 912 Lucas
1992 859 2202 934 scribit)
2225 865 2522 933 peccatrix,
2572 868 2640 923 ad
2680 869 2782 927 hoc
2823 875 3046 932 veniens
3069 879 3235 948 pedes
3262 855 3374 936 Do-

1790 950 1922 1005 mini
1952 949 2204 1025 lacrymis
2248 957 2583 1025 poenitentiae.
2617 962 2834 1033 rigavit,
2863 976 2917 1022 et
2948 980 3221 1043 unguento
3249 989 3374 1029 con-

1791 1037 2043 1097 fessionis
2072 1043 2265 1100 linivit.
2309 1046 2378 1102 Et
2399 1050 2526 1120 quia
2555 1052 2784 1109 multum
2820 1037 3049 1126 dilexit:
3076 1063 3373 1122 multorum

1789 1133 2004 1189 veniam
2042 1146 2389 1205 peccatorum
2424 1156 2455 1196 a
2495 1142 2585 1214 pio
2626 1142 2810 1213 judice
2857 1153 3172 1218 promeruit.
3220 1155 3377 1214 Nunc

1788 1240 1917 1282 vero
1931 1225 2252 1297 justificata,
2270 1241 2327 1289 et
2347 1233 2628 1293 familiaris
2649 1236 2842 1296 effecta
2860 1242 3108 1312 Domino,
3125 1262 3231 1303 non
3252 1257 3375 1306 tan-

1789 1322 1901 1370 tum
1940 1318 2104 1387 pedes
2127 1319 2264 1389 ejus,
2297 1325 2523 1385 utidem
2548 1324 2784 1384 Joannes
2809 1340 3013 1397 narrat,
3043 1350 3235 1393 verum
3255 1339 3375 1410 ejus

1785 1412 1985 1483 caput(
2013 1421 2073 1467 ut
2096 1411 2379 1471 Matthaaus
2417 1417 2736 1491 Marcusque
2764 1423 3075 1497 perhibent)
3106 1426 3226 1484 oleo
3245 1444 3375 1486 san-

1783 1506 1870 1554 cto
1899 1501 2156 1571 perfudit.
2199 1505 2294 1562 Est
2327 1517 2509 1564 autem
2551 1511 2887 1570 alabastrum
2928 1532 3098 1589 genus
3131 1535 3372 1578 marmo-

1784 1588 1859 1645 ris
1887 1593 2124 1659 candidi,
2155 1596 2320 1653 variis
2344 1599 2615 1657 coloribus
2635 1588 2955 1674 intertincti,
2983 1611 3128 1679 quod
3155 1612 3221 1667 ad
3246 1629 3375 1669 vasa

1780 1685 2137 1752 unguentaria
2181 1702 2378 1744 cavare
2416 1690 2610 1757 solent,
2638 1708 2704 1750 eo
2746 1697 2889 1765 quod
2916 1699 3121 1769 optime
3161 1704 3371 1759 servari

1781 1784 1843 1825 ea
1887 1771 2199 1847 incorrupta
2233 1778 2502 1836 dicantur.
2552 1782 2808 1842 Nascitur
2851 1789 2997 1849 circa
3027 1791 3242 1850 Thebas
3273 1795 3373 1852 1E-

69 1866 199 1907 cnm
233 1855 489 1924 proximo
509 1856 620 1925 die,
649 1859 703 1915 id
738 1871 823 1917 est
847 1862 1251 1934 quintadecima
1281 1865 1409 1922 luna
1437 1884 1525 1924 res
1548 1885 1674 1940 age-
1706 1867 1754 1927 B
1780 1865 1993 1957 gratias
2034 1874 2089 1922 θῑ
2128 1869 2450 1928 Damascum
2483 1873 2653 1947 δγιτῑεε
2672 1881 2885 1936 “cleris
2906 1884 3212 1955 candidius.
3238 1902 3367 1957 ρτο·

73 1952 259 2012 retur,
292 1948 369 2003 ait
396 1967 408 2002 :
461 1970 480 2002 ι
523 1950 589 2006 Et
618 1952 721 2023 ipsi
761 1970 870 2011 non
898 1956 1230 2015 introierunt
1259 1960 1312 2015 in
1339 1964 1672 2031 praetorium,

67 2045 126 2091 ut
150 2053 270 2094 non
296 2043 821 2115 contaminarentur,
842 2049 938 2105 sed
965 2053 1433 2110 utmanducarent
1472 2058 1676 2127 pascha

72 2126 269 2198 (Joan.
300 2135 513 2208 XVIII).)
542 2137 695 2204 Quod
721 2140 843 2197 ideo
868 2142 1208 2216 fecere,quia
1234 2155 1290 2203 et
1309 2126 1532 2204 Paschae
1558 2150 1674 2206 dies

75 2220 131 2275 in
163 2225 385 2295 azymis
410 2229 641 2298 panibus
681 2241 764 2288 est
802 2233 1068 2291 celebrari
1114 2246 1442 2310 praeceptus,
1481 2250 1538 2297 et
1576 2258 1674 2300 nos

67 2314 237 2381 quasi
280 2314 490 2374 Pascha
519 2332 841 2392 perpetuum
885 2326 1168 2396 facientes,
1204 2346 1419 2402 semper
1457 2349 1526 2391 ex
1568 2336 1672 2394 hoc

63 2406 285 2461 mundo
324 2410 557 2466 transire
586 2414 950 2485 praecipimur.
998 2418 1117 2475 Uno
1164 2422 1361 2492 quippe
1401 2424 1489 2479 die
1533 2440 1673 2498 agno

65 2495 359 2555 immolato
386 2500 455 2556 ad
494 2518 798 2575 vesperam,
843 2516 1051 2579 septem
1095 2526 1163 2566 ex
1186 2514 1380 2570 ordine
1430 2516 1544 2572 dies
1587 2533 1671 2574 se-

69 2596 315 2658 quuntur
343 2591 696 2664 Azymorum,
726 2599 854 2669 quia
884 2601 1134 2659 Christus
1169 2602 1331 2661 Jesus
1363 2607 1530 2663 semel
1570 2625 1670 2680 pro

73 2678 231 2734 nobis
262 2679 316 2733 in
342 2680 679 2750 plenitudine
707 2697 1007 2758 temporum
1027 2707 1219 2762 passus
1244 2694 1299 2748 in
1331 2710 1527 2763 carne,
1571 2713 1669 2768 per

78 2773 249 2823 totum
272 2771 428 2827 nobis
469 2773 630 2855 hujus
649 2777 832 2832 saeculi
860 2787 1093 2850 tempus,
1131 2784 1277 2852 quod
1307 2793 1514 2856 septem
1536 2788 1653 2844 die-

1779 1952 2121 2013 batissimum
2150 1975 2278 2017 vero
2320 1962 2375 2018 in
2420 1964 2591 2022 India.
2646 1969 2859 2028 Nardus
2886 1990 3016 2031 vero
3057 1985 3141 2033 est
3188 1981 3370 2040 frutex

1779 2047 2098 2116 aromatica,
2146 2054 2295 2124 gravi
2346 2056 2428 2127 (ut
2470 2058 2644 2133 aiunt)
2689 2071 2745 2119 et
2788 2055 2993 2124 crassa
3020 2071 3220 2139 radice,
3273 2076 3371 2131 sed

1778 2135 1929 2193 brevi
1957 2156 2022 2195 ac
2048 2146 2206 2214 nigra
2238 2144 2545 2219 fragilique,
2584 2157 2832 2224 quamvis
2871 2159 3079 2232 pingui,
3107 2165 3187 2220 sic
3206 2135 3370 2224 redo-

1783 2227 1955 2299 lente,
1977 2243 2036 2287 ut
2076 2251 2384 2307 cypressus,
2415 2257 2607 2314 aspero
2640 2261 2852 2318 sapore,
2871 2227 3013 2308 folio
3046 2227 3216 2324 parvo
3244 2259 3371 2315 den-

1773 2334 1964 2393 soque,
1991 2325 2142 2395 cujus
2169 2332 2457 2387 cacumina
2484 2335 2540 2390 in
2564 2338 2766 2395 aristas
2788 2357 2847 2396 se
2876 2355 3140 2416 spargunt
3168 2366 3181 2402 :
3224 2349 3370 2407 ideo-

1773 2425 1880 2481 que
1921 2415 2136 2484 gemina
2174 2419 2298 2475 dote
2326 2423 2673 2493 pigmentarii
2706 2431 2864 2487 nardi
2906 2415 3087 2504 spicas
3131 2452 3196 2494 ac
3239 2438 3370 2496 folia

1773 2504 2072 2563 celebrant.
2101 2510 2172 2565 Et
2218 2513 2322 2569 hoc
2370 2526 2456 2572 est
2505 2523 2650 2591 quod
2695 2522 2908 2582 Marcus
2958 2530 3052 2597 ait,
3110 2538 3368 2606 unguenti

1778 2601 1935 2655 nardi
1993 2604 2184 2673 spicati
2237 2610 2484 2679 pretiosi.
2542 2615 2679 2682 Quia
2727 2619 2979 2678 videlicet
3034 2601 3370 2699 unguentum

1772 2687 1923 2756 illud,
1961 2695 2105 2762 quod
2134 2698 2315 2754 attulit
2342 2700 2513 2758 Maria
2543 2704 2791 2776 Domino,
2835 2728 2944 2769 non
2976 2687 3150 2773 solum
3184 2722 3251 2776 de
3280 2738 3368 2777 ra-

1776 2779 1894 2836 dice
1935 2783 2243 2842 confectum
2290 2792 2466 2854 nardi.
2514 2810 2700 2852 verum
2728 2800 2892 2857 etiam
2920 2821 3026 2876 quo
3072 2812 3367 2878 pretiosius

2882 2856 2891 2857 ,
2925 2856 3020 2876 Γ,
3072 2856 3365 2878 ,---..,.......

74 2856 173 2914 bus
211 2862 413 2934 agitur,
450 2863 505 2919 in
534 2867 742 2938 azymis
781 2870 1110 2929 sinceritatis
1148 2883 1205 2930 et
1237 2876 1485 2933 veritatis
1520 2896 1661 2950 prae-
1764 2883 1937 2971 65‘s“.
1978 2878 2498 2955 spicarum'quoque
2526 2898 2582 2943 θι
2614 2888 2867 2949 ﬁliorum
2894 2894 3014 2965 eius
3038 2899 3365 2971 θάἱθοιίοηθ,

78 2954 220 3022 cepit
251 2969 370 3012 csse
419 2957 729 3027 vivendum,
757 2964 1012 3034 omnique
1040 2980 1256 3037 semper
1288 2969 1413 3025 nisu
1435 2985 1534 3026 nos
1575 2973 1664 3028 de-
1761 2964 1946 3024 odoris
2007 2986 2072 3026 ac
2136 2973 2353 3031 virtutis
2395 2977 2541 3036 illius
2586 2991 2707 3038 erat
2762 2990 3105 3047 accmnulata
3166 2995 3364 3065 gratia.

726 3053 737 3065 .
810 3052 852 3065 ,η
991 3057 1003 3065 .
1127 3058 1138 3065 .
1290 3060 1303 3065 -
1374 3059 1393 3065 -

80 3043 280 3102 sideria
318 3058 558 3118 terrena,
586 3053 742 3121 quasi
786 3052 1007 3127 IEgypti
1039 3058 1339 3115 retinacula
1368 3059 1576 3134 fugere,
1606 3072 1663 3119 et

1776 3055 1971 3116 Ferunt
1997 3072 2178 3119 autem
2201 3067 2267 3121 de
2282 3069 2454 3125 nardo
2470 3071 2793 3148 physiologi,
2808 3080 2934 3150 quia

81 3135 231 3193 velut
263 3155 293 3195 ιι
338 3143 613 3200 mundana
665 3148 1078 3206 conversatione
1117 3161 1324 3209 secreta
1372 3155 1661 3212 solitudine
1696 3148 1815 3248 “in
1847 3157 2156 3224 unguentis,
2186 3160 2331 3215 unde
2357 3162 2553 3219 merito
2584 3167 2827 3223 unctioni
2857 3173 3055 3242 capitis
3080 3184 3136 3231 et
3167 3178 3367 3248 pedum

84 3225 188 3282 ίιει-
211 3229 459 3288 admone;
479 3235 663 3292 subire
691 3238 973 3294 νίιιιυιυηι,
1694 3222 1739 3288 C
1774 3222 1985 3301 Domini
2027 3249 2208 3304 oblata
2250 3261 2354 3307 est.
2392 3252 2532 3310 Sunt
2557 3258 2776 3326 quidem
2807 3264 2977 3320 multa
3005 3267 3124 3337 ejus
3143 3222 3363 3340 genera,

166 3334 186 3366 ι
223 3318 288 3373 Ει
313 3325 622 3391 quaerebant
649 3329 845 3383 summi
889 3330 1200 3389 sacerdotes
1226 3342 1281 3389 et
1310 3336 1504 3393 scribae
1529 3352 1670 3409 quo-

103 3421 120 3453 ι
155 3409 311 3461 modo
350 3410 529 3470 Iesum
557 3416 684 3473 dolo
727 3426 997 3486 tenerent,
1032 3431 1089 3476 et
1134 3423 1464 3481 occiderent.
1515 3427 1672 3485 Dice-

101 3512 122 3544 c
150 3494 281 3552 bant
307 3507 520 3558 autem:
551 3504 669 3563 Non
701 3508 755 3563 in
799 3509 887 3566 die
915 3508 1076 3578 festo,
1112 3527 1189 3591 ne
1234 3513 1375 3571 forte
1409 3516 1670 3574 tumultus

96 3603 115 3636 c
150 3586 301 3644 fieret
335 3591 388 3646 in
429 3597 642 3665 populo.
684 3618 703 3650 ι
753 3599 857 3667 Qui
904 3588 1203 3659 debuerant
1232 3605 1445 3663 Pascha
1491 3611 1668 3667 vicino

88 3691 277 3747 parare
302 3684 571 3756 victimas,
594 3690 834 3763 levigare
855 3696 1043 3766 templi
1065 3698 1325 3768 parietes,
1355 3703 1666 3773 pavimenta

89 3786 318 3844 verrere,
373 3794 507 3861 vasa
545 3785 829 3852 mundare,
853 3792 921 3841 et
975 3792 1269 3847 secundum
1320 3794 1482 3850 ritum
1536 3797 1669 3868 legis

90 3864 379 3935 purificari,
406 3878 469 3924 ut
495 3858 588 3928 esu
629 3876 752 3947 agni
793 3877 941 3947 digni
984 3879 1201 3947 fierent,
1245 3894 1662 3956 congregantur,

90 3952 325 4014 ineuntes
377 3962 664 4019 consilium
717 3969 987 4035 quomodo
1041 3971 1297 4028 occidant
1342 3973 1661 4042 Dominum,

91 4059 186 4101 non
219 4050 472 4116 timentes
509 4056 855 4126 seditionem,
892 4068 951 4116 ut
983 4062 1212 4133 simplex
1236 4080 1415 4123 sermo
1443 4069 1665 4126 demon-

92 4144 234 4207 strat,
263 4143 362 4199 sed
382 4155 634 4203 caventes
657 4163 727 4205 ne
746 4150 948 4208 auxilio
974 4154 1156 4225 populi
1177 4156 1245 4212 de
1271 4158 1385 4215 suis
1413 4162 1664 4220 manibus

94 4226 377 4289 tolleretur.

158 4337 175 4371 ι
204 4321 272 4378 Et
295 4338 420 4381 cum
446 4337 591 4386 esset
605 4329 884 4389 Bethania:
912 4334 966 4390 in
993 4336 1153 4394 domo
1174 4338 1411 4398 Simonis
1435 4342 1658 4415 leprosi,

99 4418 191 4466 «et
228 4418 596 4477 recumberet.
631 4439 653 4475 ι
689 4422 958 4482 Passurus
999 4443 1099 4498 pro
1144 4432 1292 4486 omni
1340 4435 1559 4505 populo,
1605 4446 1661 4493 et

96 4502 360 4563 universas
399 4511 648 4568 nationes
678 4529 778 4571 suo
809 4518 1072 4589 sanguine
1116 4522 1518 4593 redempturus,
1549 4544 1660 4585 mo-

94 4603 228 4652 ratur
283 4600 337 4655 in
370 4601 647 4671 Bethania,
677 4607 831 4663 domo
861 4610 1191 4680 obedientiw,
1220 4631 1342 4686 quae
1388 4620 1662 4689 quondam

95 4685 182 4745 fuit
206 4692 448 4754 Simonis
498 4699 717 4771 leprosi,
765 4719 873 4759 non
902 4706 1047 4775 quod
1094 4685 1338 4779 leprosos
1392 4685 1483 4770 illo
1525 4723 1661 4771 tem-

94 4792 205 4847 pore
223 4799 588 4857 permaneret,
617 4793 711 4848 sed
742 4794 886 4863 quia,
920 4804 1079 4852 antea
1109 4797 1377 4869 leprosus,
1400 4815 1589 4873 postea
1628 4822 1660 4861 a

97 4867 363 4932 Salvatore
390 4882 678 4938 mundatus
724 4892 829 4950 est,
890 4887 1108 4942 nomine
1158 4867 1416 4959 pristino-
1439 4910 1657 4964 perma-

96 4977 260 5036 nente,
297 4978 358 5026 ut
378 4972 552 5030 virtus
587 4977 829 5032 curantis
860 4989 1136 5049 appareat.
1168 4981 1304 5038 Nam
1331 4984 1385 5039 in
1412 4987 1656 5061 catalogo

96 5062 445 5129 apostolorum
471 5081 595 5122 cum
632 5068 864 5139 pristino
895 5071 1025 5129 vitio
1058 5080 1115 5128 et
1148 5072 1327 5131 cilicio
1370 5077 1658 5137 Matthaeus

96 5149 395 5216 publicanus
444 5158 777 5229 appellatur,
825 5163 916 5233 qui
967 5173 1114 5220 certe
1159 5167 1479 5237 publicanus
1520 5187 1659 5231 resse

97 5238 333 5301 desierat.
365 5246 594 5315 Quidam
622 5250 901 5309 Simonem
935 5253 1211 5325 leprosum
1236 5259 1425 5315 volunt
1460 5261 1659 5319 intelli-

96 5346 206 5400 gere
230 5346 437 5407 partem
463 5342 646 5412 populi
670 5344 763 5415 qui
795 5347 1099 5404 crediderat
1143 5350 1388 5417 Domino,
1422 5362 1478 5409 et
1502 5356 1570 5412 ab
1593 5371 1659 5414 eo

96 5436 265 5483 curata
310 5431 398 5485 sit.
458 5433 644 5490 Simon
694 5451 907 5507 quoque
954 5438 1072 5509 ipse
1128 5443 1390 5500 obediens
1438 5445 1652 5503 dicitur.

102 5513 301 5575 «Venit
341 5523 536 5581 mulier
576 5529 782 5586 habens
826 5531 1163 5592 alabastrum
1193 5543 1454 5611 unguenti
1500 5545 1656 5601 nardi

103 5622 118 5653 ι
146 5609 327 5679 spicati
367 5618 608 5687 pretiosi,
631 5629 706 5687 et,
736 5622 909 5679 fracto
942 5624 1238 5693 alabastro,
1266 5609 1456 5688 effudit
1494 5648 1658 5705 super

104 5711 300 5774 «caput
322 5705 458 5777 ejus.
496 5730 515 5762 ι
563 5710 752 5769 Mulier
794 5715 897 5770 ista
936 5715 1109 5774 Maria
1154 5728 1275 5774 erat
1323 5720 1652 5794 Magdalene,

101 5798 236 5847 soror
261 5792 475 5864 Lazari,
505 5814 665 5870 quem
697 5805 979 5862 suscitavit
1020 5807 1179 5865 Jesus
1227 5824 1256 5866 a
1303 5792 1551 5884 mortuis,
1600 5829 1660 5877 ut

518 5893 786 5958 ΡΑτιιοι.
812 5898 1094 5965 CXVIII.

1774 3338 1868 3391 sed
1892 3339 1945 3391 in
1962 3341 2216 3398 omnibus
2240 3343 2424 3401 herba:
2445 3349 2691 3416 praebent
2713 3352 2997 3423 indicium,
3013 3338 3367 3432 quodpretioj-

1773 3440 1867 3481 sus
1887 3436 1987 3484 est.
2007 3429 2230 3502 Mystice
2246 3444 2427 3489 autem
2447 3436 2661 3495 devotio
2680 3441 2797 3499 haec
2817 3443 3000 3502 Mariae
3018 3429 3248 3508 Domino
3271 3455 3365 3523 mi-

1772 3523 2076 3594 nistrantis,
2096 3528 2258 3585 fidem
2295 3545 2360 3586 ac
2385 3532 2643 3602 pietatem
2668 3538 2914 3612 designat
2945 3543 3203 3602 Ecclesiae
3235 3564 3361 3605 san-

1770 3628 1891 3686 ctae,
1918 3636 2039 3692 quae
2060 3622 2302 3694 loquitur
2321 3626 2375 3681 in
2394 3628 2607 3685 cantico
2641 3634 2865 3700 amoris,
2896 3637 3083 3695 dicens
3112 3658 3126 3694 :
3167 3658 3186 3692 ι
3224 3641 3361 3698 Dum

1771 3719 1921 3766 esset
1942 3728 2041 3768 rex
2066 3714 2122 3769 in
2158 3715 2410 3772 accubitu
2443 3734 2570 3785 suo,
2597 3724 2798 3781 nardus
2820 3740 2940 3782 mea
2963 3728 3111 3787 dedit
3136 3732 3361 3791 odorem

1770 3818 1925 3858 suum
1950 3803 2206 3879 (Canm).
2249 3828 2267 3860 ι
2291 3808 2420 3878 Quae
2450 3812 2705 3872 nimirum
2740 3820 2907 3876 verba
2928 3831 2985 3878 et
3012 3826 3178 3882 semel
3202 3826 3360 3897 juxta

1770 3892 2006 3950 litteram
2030 3896 2211 3954 Mariae
2234 3902 2483 3960 manibus
2497 3907 2805 3977 complevit,
2821 3920 2875 3967 et
2902 3916 3144 3984 quotidie
3158 3892 3220 3974 in
3236 3936 3357 3977 om-

1770 3987 1929 4043 nibus
1955 3990 2070 4046 suis
2093 3993 2353 4051 membris
2381 3996 2700 4065 spiritaliter
2726 4004 2951 4077 implere
2980 4026 3087 4067 non
3135 4013 3353 4083 desinit,

1770 4091 1890 4146 quze
1943 4087 2057 4135 toto
2104 4081 2300 4139 diffusa
2341 4087 2475 4143 orbe
2513 4090 2814 4160 gloriantur
2838 4107 2897 4153 et
2918 4100 3105 4160 dicunt
3138 4124 3150 4160 :
3186 4126 3206 4158 ι
3250 4081 3362 4166 Deo

1768 4176 1949 4223 autem
1978 4172 2206 4240 gratias,
2235 4176 2329 4246 qui
2362 4166 2577 4250 semper
2598 4184 2894 4258 triumphat
2922 4207 3022 4250 nos
3047 4194 3101 4251 in
3141 4196 3360 4259 Christo

1764 4261 2006 4330 Jesu,et
2053 4269 2275 4327 odorem
2329 4275 2535 4332 notitiae
2590 4295 2705 4338 sua:
2751 4299 2850 4354 per
2890 4302 2990 4345 nos
3042 4293 3360 4353 manifestat

1766 4352 1821 4407 in
1842 4357 1988 4411 omni
2020 4357 2155 4425 loco,
2188 4363 2316 4432 quia
2348 4363 2552 4424 Christi
2575 4352 2913 4432 bonus—odor
2932 4394 3123 4438 sumus
3158 4384 3272 4441 Deo
3298 4389 3353 4442 in

1764 4448 1907 4502 omni
1933 4448 2053 4507 loco
2072 4451 2161 4523 (ΙΙ
2173 4452 2295 4510 Cor.
2315 4457 2399 4531 ιι).
2438 4477 2457 4511 ι
2485 4458 2801 4536 Quicunque
2842 4458 3360 4539 potentiamdivinae

1768 4540 1986 4597 virtutis
2015 4543 2148 4615 ejus,
2175 4562 2296 4618 quae
2332 4549 2408 4604 illi
2454 4568 2559 4608 una
2610 4571 2733 4613 cum
2762 4559 2922 4617 Patre
2950 4574 3053 4631 est,
3076 4567 3238 4637 digna
3264 4585 3351 4626 re-

1770 4634 2010 4689 verentia
2038 4636 2356 4707 confitetur,
2382 4642 2565 4699 laudat
2603 4657 2659 4701 et
2688 4651 2961 4720 prazdicat,
2986 4634 3155 4727 caput
3174 4661 3355 4731 profe-

1768 4730 1856 4777 cto
1900 4723 2045 4781 illius
2098 4741 2369 4799 unguento
2416 4734 2690 4803 perfundit
2736 4742 2994 4810 pretioso.
3036 4723 3191 4804 Cum-
3217 4767 3351 4811 vero

1765 4823 2056 4883 assumptae
2079 4820 2334 4888 mysteria
2357 4822 2711 4883 humanitatis
2734 4844 2885 4901 aeque
2914 4834 3072 4908 digna
3098 4855 3352 4901 reveren-

1765 4904 1838 4958 tia
1859 4906 2105 4977 suscipit,
2124 4909 2177 4963 in
2204 4913 2370 4982 pedes
2392 4916 2578 4987 utique
2602 4919 2813 4977 Domini
2836 4904 3167 4998 unguentum
3190 4914 3346 4994 nardi

1760 4996 2030 5067 pisticum,
2060 5000 2113 5055 id
2139 5012 2242 5069 est,
2278 5005 2432 5063 fidele
2465 5011 2687 5066 verbum
2722 4996 3017 5090 perfundit,
3043 5026 3170 5095 quia
3197 5028 3347 5087 illam

1760 5087 1876 5157 ejus
1907 5098 2176 5158 naturam,
2218 5111 2323 5165 qua
2357 5107 2557 5156 terram
2587 5106 2921 5179 contingere,
2944 5087 3181 5186 hoc-est,
3205 5121 3351 5177 inter

1762 5179 2012 5238 homines
2039 5188 2350 5243 conversari
2382 5189 2633 5261 dignatus
2678 5206 2780 5265 est,
2821 5201 2909 5272 pia
2963 5209 3346 5276 praedicatione

1762 5275 2107 5332 commendat
2135 5294 2200 5334 ac
2225 5279 2434 5338 devotis
2456 5297 2745 5344 veneratur
2764 5292 3058 5366 obsequiis.

1838 5384 1857 5418 ί
1903 5368 2072 5425 Erant
2092 5381 2270 5429 autem
2289 5376 2507 5444 quidem
2535 5380 2753 5455 indigne
2778 5385 3013 5448 ferentes
3061 5395 3201 5452 intra
3262 5415 3345 5454 se~

1771 5477 1789 5510 α
1822 5460 2103 5532 metipsos,
2129 5472 2185 5519 et
2228 5465 2470 5525 dicentes
2503 5490 2516 5525 :
2566 5472 2638 5530 Ut
2686 5478 2817 5547 quid
2849 5482 3081 5552 perditio
3114 5487 3214 5543 ista
3246 5505 3346 5543 un-

1771 5569 1790 5603 ι
1823 5554 2003 5624 guenti
2052 5554 2191 5611 facta
2252 5560 2386 5615 est?
2434 5561 2654 5621 Poterat
2700 5570 2844 5627 enim
2883 5573 3026 5632 istud
3049 5579 3345 5636 venundari

1770 5660 1788 5694 ι
1822 5653 2153 5715 unguentum
2184 5648 2472 5721 plusquam
2524 5662 2780 5716 trecentis
2820 5662 3081 5732 denariis,
3132 5677 3187 5723 et
3225 5671 3343 5726 dari

1770 5729 2167 5806 (pauperibus.
2215 5760 2234 5793 ι
2269 5740 2482 5802 Marcus
2520 5747 2635 5805 haec
2659 5754 2927 5821 quomodo
2954 5765 3012 5811 et
3060 5729 3344 5819 Mattbaeus

1765 5828 2187 5897 synecdochicos
2215 5834 2476 5906 loquitur,
2499 5840 2760 5910 pluralem
2781 5846 3025 5904 videlicet
3060 5866 3342 5923 numerum

2868 5943 2940 6002 13
