3934 6346
563 410 668 467 595
1168 400 1521 459 llAYMONlS
1558 388 2039 455 HALBERSTAT.
2081 390 2294 447 EPISC.
2338 389 2487 448 ore.
2531 388 2708 447 mas
2746 389 2809 445 ll.
2838 418 2909 429 —
2948 386 3181 445 HOMIL.
3734 386 3849 447 .596

565 543 665 599 pro
711 523 967 595 singulari
990 535 1217 591 ponens.
1256 517 1389 573 Nam
1432 516 1665 573 Joannes
1710 512 2016 571 distinctius
2063 509 2142 565 lo—
2166 513 2219 572 Α
2247 516 2394 599 state
2438 506 2793 599 eminentium
2838 504 3042 599 posuit,
3094 512 3364 599 quantum
3420 503 3648 599 vellent
3701 503 3843 561 dare.

567 592 757 688 quens,
799 592 989 671 ludam
1041 614 1153 667 haec
1201 610 1440 667 locutum
1491 624 1611 666 esse
1634 617 1887 673 testatur,
1936 616 1991 662 et
2041 607 2145 662 hoc

2278 597 2399 665 Quod
2420 604 2602 651 autem
2618 594 2755 650 dixit
2779 607 2794 648 :
2826 612 2843 645 ι
2864 592 3012 649 Abiit
3041 593 3107 647 ad
3137 606 3377 647 summos
3402 592 3770 659 sacerdotes,
3798 604 3848 649 ut

569 685 739 782 gratia
785 704 1111 776 cupiditatis,
1157 720 1221 760 eo
1255 703 1395 775 quod
1443 704 1528 758 fur
1556 712 1717 767 esset,
1748 712 1804 756 et
1828 701 2028 757 loculos
2058 700 2147 754 ha-
2247 690 2644 761 Prollel‘cleum
2667 686 2791 782 illis?!
2832 705 2849 738 ³
2885 685 3123 782 οειεηιξίι
3148 700 3272 740 eum
3306 700 3470 782 "Ott?!
3495 686 3847 756 PrinCipibnS

568 776 720 866 hens,
769 814 833 854 ea
871 813 989 866 quae
1028 798 1382 852 mittebantur
1443 802 1701 866 portaret.
1749 792 1933 848 Potest
1968 803 2148 848 autem
2198 852 2211 859 ν
2250 782 2557 845 invitatum,
2588 795 2695 834 non
2719 777 2825 833 ulla
2870 776 3201 832 necessitate
3233 778 3631 843 constrictum,
3661 790 3843 847 sponte

569 892 791 962 intelligi
828 891 969 961 quod
999 899 1053 945 et
1082 889 1171 944 alii
1199 888 1471 960 discipuli,
1502 896 1596 943 aut
1619 886 1889 943 senserint
1910 886 2033 949 hoc,
2058 892 2151 938 aut
2250 873 2467 945 propria
2491 871 2770 927 scelerata?
2801 868 3205 962 memisiniisse
3236 868 3550 962 consiliumf

568 961 825 1049 dixerint,
848 991 940 1037 aut
966 983 1047 1037 eis
1073 982 1207 1038 Juda
1236 981 1449 1037 dicente
1484 995 1799 1052 persuasum
1851 978 1940 1044 sit,
1991 984 2151 1047 atque

2328 983 2346 1015 ί
2392 963 2492 1031 Qui
2542 962 2842 1027 audientes,
2891 961 3064 1034 gavisi
3101 968 3249 1027 sunt,
3281 969 3336 1017 et
3372 961 3765 1034 promiserunt
3800 966 3838 1017 ei

569 1077 809 1130 omnium
832 1074 1161 1130 voluntatem
1194 1073 1499 1138 Matthteus,
1531 1072 1743 1127 Marcus
1768 1071 1931 1127 etiam
1973 1069 2152 1125 verbis

2324 1053 2609 1126 pecuniam
2637 1069 2696 1110 se
2721 1053 2961 1107 daturos.
2988 1050 3056 1106 Et
3077 1052 3350 1121 quaerebat
3374 1052 3673 1122 quomodo
3712 1052 3841 1106 illum

567 1164 1532 1237 expresserim,sedJudaspropterea
1546 1162 1901 1231 dixerit,quia
1916 1160 2152 1227 furerat,
2260 1167 2276 1237 ἐ
2321 1153 2622 1237 opportune
2646 1144 2908 1237 ῑτθίίθνίῗι·
2942 1164 2960 1196 ³
3006 1142 3158 1237 Multi
3188 1144 3347 1200 Ῐιοάίθ
3376 1145 3443 1200 de
3478 1145 3732 1212 scelere:
3754 1162 3839 1216 quo

568 1260 748 1315 caeteri
776 1274 908 1315 vero
928 1268 1151 1329 propter
1178 1272 1473 1330 pauperum
1502 1272 1709 1313 curam.
1740 1254 2003 1311 Joannem
2060 1271 2156 1309 au-

2278 1235 2538 1291 )ominum
2600 1249 2663 1290 ac
2719 1234 3039 1306 magistrum
3087 1233 3366 1305 Deumque
3415 1251 3589 1291 suum
3632 1237 3839 1306 pecuni:

571 1365 679 1411 tem
703 1355 766 1409 de
781 1353 897 1409 solo
917 1326 1008 1409 illo
1022 1326 1143 1409 ideo
1170 1326 1620 1410 commemorasse
1637 1352 1887 1417 voluisse,
1912 1351 2065 1422 cujus
2087 1365 2156 1405 ex
2258 1328 2580 1422 lemma“,
2616 1327 2763 1383 “31‘”
2814 1328 3051 1383 ίηπηθηθ
3102 1326 3481 1422 θξ-ηθῖπίυω
3538 1327 3733 1384 scelus
3759 1346 3834 1422 εἷ’

569 1449 674 1504 hac
701 1447 987 1503 occasione
1016 1446 1230 1502 furandi
1277 1447 1720 1503 consuetudinem
1748 1444 1978 1501 credidit
2032 1444 2159 1499 inti-
2257 1420 2500 1486 horren"
2529 1434 2627 1475 "ec
2677 1428 2855 1474 mne"
2894 1428 3111 1475 cavem'
3146 1417 3284 1475 Nam
3311 1434 3436 1475 cum
3462 1435 3580 1491 Pro
3613 1421 3834 1474 muneﬁ’

573 1537 844 1593 mandam.
869 1536 1021 1605 Quod
1061 1552 1190 1592 vero
1241 1535 1524 1592 subditur:
1586 1554 1604 1586 ι
1636 1534 1704 1589 Et
1750 1531 2051 1590 fremebant
2103 1534 2159 1588 in
2257 1512 2360 1569 bus
2409 1512 2605 1568 falsum
2666 1521 2856 1568 “om”
2895 1513 3192 1584 quemlibe‘
3230 1513 3616 1569 ίθδίίωοηίυω
3656 1514 3833 1580 diem“

571 1642 713 1694 eam,
744 1648 762 1678 ι
797 1641 1136 1697 nequaquam
1159 1627 1226 1682 de
1246 1627 1401 1682 bonis
1425 1642 1487 1681 ac
1511 1624 1860 1698 diligentibus
1881 1624 2160 1681 Christum

2278 1605 2508 1675 profecto
2538 1605 2663 1675 quia
2693 1606 2983 1662 veritatem
3026 1620 3124 1677 pro
3151 1607 3379 1677 pecunia
3415 1618 3663 1678 negant,
3696 1609 3833 1664 Deum
3910 1636 3911 1645 ι

575 1717 830 1790 apostolis
851 1717 1051 1773 dictum
1084 1717 1431 1783 crediderim,
1456 1718 1551 1774 sed
1577 1718 1643 1773 de
1689 1717 1781 1772 illo
1827 1717 2008 1788 potius
2061 1716 2162 1773 sub

2278 1700 2493 1755 Jecunia
2515 1700 2772 1755 vendunt.
2794 1698 2913 1769 lpse
2933 1701 3075 1755 enim
3098 1700 3234 1756 dixit
3261 1718 3275 1756 :
3315 1721 3333 1753 ι
3365 1700 3478 1773 Ego
3504 1716 3641 1756 sum
3663 1701 3831 1755 veritas

577 1820 800 1865 numero
826 1808 1042 1881 plurali,
1068 1808 1159 1878 qui
1184 1823 1283 1864 nec
1311 1807 1541 1863 Domino
1574 1816 1627 1862 et
1651 1806 1929 1879 discipulis
1952 1804 2068 1877 ejus
2095 1805 2159 1861 fi-

2278 1790 2604 1863 :Joanauv).
2645 1812 2663 1844 ι
2714 1792 2847 1847 Cum
2902 1794 3215 1849 societatem
3262 1793 3640 1851 fraternitatis
3683 1796 3829 1865 aliqua

575 1900 766 1957 deliter
814 1879 1127 1965 adhaesisse,
1177 1915 1349 1972 neque
1403 1915 1698 1972 pauperum
1749 1915 1934 1954 curam
1957 1898 2161 1954 habere

2278 1882 2550 1938 iiscordiae
2578 1891 2733 1953 peste
2780 1885 3198 1953 commaculant,
3246 1884 3544 1941 Dominum
3600 1886 3828 1958 produnt,

572 1994 831 2068 probatus
854 2002 955 2051 est.

648 2109 666 2141 ι
696 2088 854 2145 Iesus
888 2096 1069 2144 autem
1096 2088 1231 2143 dixit
1263 2107 1273 2141 :
1309 2087 1488 2143 Sinite
1511 2103 1652 2144 eam.
1685 2087 1823 2156 Quid
1850 2086 1926 2142 illi
1948 2085 2163 2142 molesti

550 2197 596 2232 Ἰ
629 2181 810 2237 estis?
857 2180 1063 2235 Bonum
1103 2195 1239 2251 epus
1278 2189 1500 2251 operata
1551 2188 1637 2236 est
1672 2180 1728 2235 ill
1775 2195 1881 2236 me.
1941 2178 2166 2249 Semper

580 2294 598 2326 ι
626 2273 770 2328 enim
807 2287 1069 2344 pauperes
1112 2272 1381 2327 habebitis
1426 2272 1724 2340 vobiscum,
1754 2281 1951 2328 etcum
1983 2271 2166 2326 volue-

584 2385 602 2416 ε
648 2366 789 2429 ritis,
842 2364 1067 2435 potestis
1120 2362 1227 2418 illis
1284 2361 1640 2418 benefacere:
1693 2379 1780 2419 me
1826 2371 2006 2418 autem
2056 2376 2164 2416 non

579 2476 598 2509 ι
635 2471 849 2526 semper
875 2455 1167 2511 habebitis.
1210 2476 1228 2507 ι
1262 2454 1380 2510 Alia
1412 2456 1499 2511 hic
1521 2456 1695 2511 oritur
1722 2454 1967 2525 quaestio,
1997 2466 2168 2524 quare

574 2547 733 2606 Jesus
790 2556 913 2619 post
954 2548 1407 2604 resurrectionem
1466 2548 1665 2605 dixerit
1714 2547 1783 2603 ad
1838 2546 2164 2617 discipulos:

584 2663 601 2696 ‹
632 2642 771 2700 Ecce
803 2659 902 2715 ego
930 2644 1207 2699 vobiscum
1242 2660 1359 2699 sum
1390 2645 1641 2700 omnibus
1666 2645 1876 2711 diebus,
1906 2659 2077 2713 usque
2098 2641 2170 2698 ad

576 2734 1097 2791 consummationem
1158 2734 1338 2789 saeculi
1369 2734 1583 2805 (Matth.
1620 2736 1832 2807 xxvm),
1875 2756 1893 2785 ι
1950 2743 2006 2789 et
2028 2748 2170 2789 nunc

577 2824 816 2895 loquitur
848 2843 860 2878 :
889 2843 908 2875 ι
945 2824 1027 2879 Me
1053 2833 1232 2879 autem
1263 2840 1367 2880 non
1397 2840 1612 2895 semper
1661 2826 1950 2881 habebitis.
1991 2845 2010 2876 ι
2062 2823 2170 2881 Sed

580 2916 710 2970 illibi
754 2917 965 2971 videtur
1010 2917 1076 2971 de
1132 2916 1419 2985 praesentia
1466 2916 1734 2988 corporali
1793 2918 1844 2971 in
1894 2918 1995 2972 hoc
2051 2917 2170 2972 loco

582 3008 783 3072 dicere,
827 3008 952 3077 quia
998 3022 1339 3078 nequaquam
1393 3025 1514 3064 cum
1573 3008 1652 3064 eis
1714 3009 1785 3063 ita
1838 3008 2047 3064 futurus
2099 3009 2171 3064 sit

579 3104 702 3169 post
745 3098 1213 3162 resurrectionem,
1246 3101 1515 3169 quomodo
1561 3100 1783 3154 nuncin
1840 3101 1985 3155 omni
2041 3115 2172 3155 con-

581 3188 726 3244 victu
782 3198 836 3244 et
882 3187 1264 3244 familiaritate.
1294 3187 1459 3259 Cujus
1518 3192 1595 3245 rei
1626 3190 1914 3261 Apostolus
1938 3205 2165 3259 memor,

2264 1974 2391 2045 quia
2422 1975 2565 2029 Deus
2601 1975 2842 2031 Charitas
2870 1983 2974 2031 est.
3007 1975 3108 2044 Qui
3144 1991 3274 2049 ergo
3298 1977 3559 2034 veritatis
3593 1987 3652 2033 et
3677 1980 3828 2035 chari-

2265 2066 2395 2122 tatis
2417 2065 2540 2135 jura
2571 2076 2851 2137 spernunt,
2876 2069 3046 2123 Deum
3097 2069 3307 2139 utique,
3337 2069 3433 2141 qui
3481 2077 3577 2125 est
3627 2069 3829 2125 Charitas

2264 2168 2319 2215 et
2342 2159 2569 2227 veritas,
2606 2161 2859 2230 produnt,
2908 2162 3144 2218 maxime
3196 2177 3318 2218 cum
3368 2177 3477 2218 non
3535 2161 3824 2218 infirmitate

2266 2254 2353 2309 vel
2382 2254 2689 2326 ignorantia
2718 2264 2979 2326 peccant,
3033 2255 3129 2311 sed
3183 2255 3239 2310 in
3292 2255 3662 2311 similitudine
3708 2252 3819 2310 Iuda

2268 2355 2518 2418 quierunt
2541 2348 3020 2418 opportunitatem,
3039 2346 3272 2418 qualiter
3289 2348 3512 2403 arbitris
3538 2346 3822 2404 absentibus
3910 2336 3911 2351 ¹

2270 2437 2555 2493 mendacio
2582 2438 2890 2505 veritatem,
2926 2439 3183 2493 virtutem
3212 2438 3443 2493 crimine
3478 2447 3710 2493 mutent.

2348 2550 2365 2581 ε
2412 2530 2478 2584 Ει
2502 2530 2681 2601 primo
2710 2529 2799 2586 die
2834 2529 3160 2602 Azymorum
3191 2529 3410 2601 quando
3433 2530 3633 2601 pascha
3664 2527 3824 2583 immo-

2277 2640 2295 2672 ι
2342 2620 2552 2687 labant,
2581 2622 2769 2677 dicunt
2796 2622 2845 2678 ei
2878 2620 3126 2692 discipuli
3158 2638 3170 2674 :
3198 2619 3318 2689 Quo
3352 2619 3436 2675 vis
3473 2634 3657 2675 eamus
3681 2627 3736 2673 et
3757 2630 3826 2685 pa-

2278 2730 2296 2763 ι
2342 2728 2525 2778 remus
2549 2713 2645 2767 tibi
2668 2711 2954 2768 comedere
2976 2713 3217 2784 pascha?
3246 2731 3263 2762 ι
3285 2710 3520 2768 Primum
3544 2710 3681 2765 diem
3705 2707 3828 2778 Λη-
3910 2740 3911 2771 ι

2277 2818 2486 2858 morum
2544 2804 3070 2874 quartumdecimuni
3127 2804 3291 2885 primi
3348 2801 3531 2858 mensis
3574 2798 3825 2871 appellati

2276 2897 2489 2965 quando
2516 2896 2788 2952 fermento
2833 2895 3045 2966 abjecto
3080 2896 3386 2962 immolare,
3425 2896 3480 2951 id
3519 2902 3597 2950 est
3640 2905 3828 2963 agnum
3910 2918 3911 2951 ι

2274 2988 2545 3057 occidere,
2567 2987 2814 3044 solebant
2833 2989 2898 3044 ad
2921 3003 3220 3060 vesperam.
3247 2989 3403 3057 Quod
3424 3002 3691 3060 exponens
3707 2984 3825 3055 Apo

2276 3077 2463 3143 stolus,
2488 3078 2565 3132 ait
2598 3093 2611 3132 :
2646 3098 2664 3129 t
2698 3078 2909 3133 Etenim
2942 3080 3140 3148 pascha
3168 3087 3418 3135 nostrum
3446 3077 3743 3133 immolatus
3759 3082 3825 3129 est
3910 3136 3911 3161 ᾗ

2275 3170 2527 3226 Christus
2576 3171 2627 3243 (Ι
2662 3162 2784 3225 Cor.
2812 3170 2888 3242 v).
2927 3191 2944 3222 ι
3000 3171 3101 3238 Qui
3152 3171 3279 3227 licet
3321 3170 3410 3225 die
3438 3168 3704 3240 sequenti,
3741 3166 3824 3220 hoc
3910 3194 3911 3243 η

581 3280 696 3335 ait:
751 3299 769 3332 ι
799 3280 863 3335 Et
890 3280 935 3335 si
988 3280 1297 3336 noverimus
1337 3279 1520 3337 Jesum
1561 3281 1837 3338 Christum
1868 3284 2166 3339 secundum

2278 3273 2375 3330 est,
2419 3265 2822 3335 quintadecima
2867 3264 2938 3319 sit
2989 3264 3115 3320 luna
3163 3263 3478 3330 crucifixus,
3532 3264 3634 3318 hac
3679 3270 3821 3315 tamen

585 3382 804 3424 carnem
835 3410 850 3433 ,
899 3368 993 3425 sed
1044 3384 1189 3424 nunc
1233 3368 1350 3439 jam
1408 3385 1515 3426 non
1571 3370 1820 3427 novimus
1881 3387 2003 3428 eum
2047 3372 2066 3445 (
2103 3371 2166 3425 ΙΙ

581 3459 702 3516 Cor.
734 3462 811 3533 v).
846 3481 864 3513 ι

655 3574 674 3605 ε
729 3553 882 3625 Quod
933 3555 1124 3610 habuit
1183 3556 1299 3612 haec
1330 3598 1343 3623 ,
1400 3557 1527 3613 fecit
1586 3575 1598 3611 :
1654 3559 1914 3628 praevenit
1966 3574 2170 3630 ungere

587 3668 604 3698 ι
635 3661 832 3717 corpus
907 3662 1088 3704 meum
1138 3650 1192 3704 in
1249 3650 1601 3721 sepulturam.
1647 3672 1664 3703 ι
1717 3650 1870 3719 Quod
1900 3638 2172 3724 vos-plna-

587 3740 658 3794 tis
702 3739 1063 3808 perditionem
1110 3742 1389 3812 unguenti,
1431 3740 1664 3797 ofﬁcium
1711 3743 2000 3816 sepulturae
2065 3753 2167 3800 est.

586 3833 696 3889 Nec
723 3834 946 3901 mirum,
968 3836 1014 3889 si
1041 3836 1173 3890 mihi
1228 3837 1427 3891 bonum
1485 3836 1705 3892 odorem
1760 3853 1871 3894 suae
1918 3837 2037 3894 fidei
2079 3839 2172 3895 de-

590 3925 774 3992 derit,
827 3941 950 3981 cnm
994 3942 1093 4000 ego
1137 3942 1238 3998 pro
1284 3944 1346 3983 ea
1421 3928 1638 3986 fusurus
1703 3931 1803 3986 sim
1854 3932 2172 4002 sanguinem

587 4033 787 4075 meum.

662 4129 681 4161 ι
710 4109 897 4176 ,Αιηθη
925 4111 1047 4167 dico
1072 4111 1243 4176 vobis,
1269 4111 1575 4184 ubicunque
1604 4113 1951 4182 praedicatum
2009 4112 2173 4169 fuerit

592 4220 610 4253 ‹
657 4201 800 4258 istud
824 4200 1173 4273 Evangelium
1200 4202 1251 4256 in
1283 4203 1535 4258 universo
1561 4203 1779 4269 mundo,
1802 4202 2020 4273 etquod
2044 4202 2173 4259 fecit

592 4309 612 4344 ι
660 4293 794 4359 haec,
832 4293 1145 4349 narrabitur
1190 4294 1241 4347 in
1301 4296 1616 4349 memoriam
1666 4294 1798 4365 ejus.
1857 4316 1875 4349 ι
1938 4295 2172 4351 Attende

586 4386 832 4445 notitiam
862 4386 1184 4451 futurorum,
1211 4386 1353 4458 quod
1379 4402 1637 4457 passurus
1660 4396 1780 4459 post
1804 4389 1916 4444 dies
1946 4403 2169 4459 paucos,

588 4479 725 4534 sciat
750 4480 1095 4551 Evangelium
1127 4495 1285 4536 suum
1312 4490 1423 4535 toto
1457 4483 1589 4537 orbe
1623 4482 2021 4537 celebrandum.
2065 4481 2173 4539 No-

591 4573 807 4628 tandum
852 4582 1051 4638 autem,
1081 4573 1241 4644 quia,
1263 4573 1402 4627 sicut
1424 4572 1589 4629 Maria
1610 4573 1835 4643 gloriam
1869 4575 2060 4647 adepta
2090 4586 2176 4633 est

2273 3369 2428 3416 nocte
2453 3375 2559 3431 qua
2588 3375 2759 3429 agnus
2808 3359 3211 3424 immolabatur,
3244 3367 3299 3413 et
3339 3358 3527 3414 carnis
3563 3352 3824 3425 sanguinis-

2271 3466 2377 3521 que
2405 3451 2520 3506 suis
2543 3450 2823 3521 discipulis
2844 3450 3066 3506 tradidit
3108 3449 3367 3521 mysteria
3414 3442 3758 3507 celebranda,
3784 3449 3824 3494 et

2272 3559 2303 3599 a
2334 3543 2535 3600 Iudaeis
2566 3553 2748 3600 tentus
2774 3560 2838 3601 ac
2868 3543 3088 3617 ligatus,
3113 3544 3285 3615 ipsius
3322 3535 3820 3604 immolationis,b0c
3910 3550 3911 3565 π

2273 3644 2380 3703 est,
2408 3637 2677 3707 passionis
2705 3652 2815 3692 suae
2842 3636 3076 3693 sacravit
3102 3635 3410 3690 exordium.

2352 3747 2370 3780 ε
2419 3728 2486 3782 Et
2515 3729 2684 3783 mittit
2713 3728 2848 3784 duos
2873 3742 2940 3782 ex
2973 3726 3250 3799 discipulis
3277 3726 3393 3781 suis
3431 3733 3487 3780 et
3529 3722 3667 3779 dicit
3712 3720 3774 3775 eis
3811 3736 3818 3769 :

2280 3841 2297 3871 ι
2341 3819 2419 3874 lte
2451 3819 2505 3874 in
2536 3819 2839 3885 civitatem,
2871 3828 2926 3875 et
2951 3827 3204 3875 occurret
3231 3816 3383 3872 vobis
3411 3816 3576 3871 homo
3624 3813 3824 3884 lagena!“

2281 3931 2300 3964 ι
2347 3924 2500 3982 aquae
2527 3909 2795 3980 bajulans.
2825 3931 2844 3963 ι
2877 3911 3141 3966 Indicium
3171 3910 3390 3981 quidem
3436 3908 3682 3980 praasciie
3722 3899 3824 3958 divi-

2276 4004 2464 4059 nitatis
2494 4013 2598 4071 est,
2623 4005 2767 4076 quod
2794 4020 2917 4061 cum
2943 4004 3221 4075 discipulis
3248 4002 3476 4073 loquens
3496 4044 3511 4070 ,
3538 4000 3686 4072 quod
3730 3991 3822 4051 alibi

2278 4095 2520 4150 futurum
2546 4096 2634 4164 sit,
2660 4097 2829 4152 novit.
2857 4096 3089 4153 Pulchre
3119 4105 3297 4151 autem
3339 4093 3623 4168 paraturis
3665 4089 3821 4163 pascha

2278 4189 2579 4259 discipulis,
2611 4191 2860 4261 lagenam
2892 4191 3076 4257 homo,
3104 4191 3217 4247 sive
3249 4188 3422 4261 (juxta
3445 4189 3618 4245 alium
3637 4198 3825 4255 evange-

2277 4282 2479 4355 listam)
2505 4285 2820 4356 amphoram
2846 4299 2998 4354 aqua:
3029 4283 3272 4354 bajulans
3296 4283 3561 4349 occurrit,
3584 4291 3648 4337 ut
3679 4288 3823 4334 οσιειιο

2278 4375 2439 4429 datur
2469 4376 2629 4447 hujus
2653 4374 2905 4447 paschale
2936 4375 3253 4448 mysterium
3276 4389 3375 4447 pro
3423 4373 3697 4431 oblatione
3731 4382 3822 4439 μετ’

2278 4464 2417 4522 feeta
2440 4468 2620 4523 mundi
2656 4467 2819 4524 totius
2860 4482 2980 4524 esse
3018 4466 3423 4523 celebrandum.
3471 4465 3631 4536 Aqua
3668 4460 3822 4533 quippc

2280 4551 2554 4617 lavacrum
2598 4563 2811 4635 gratiae,
2859 4562 3048 4635 lagena
3091 4561 3441 4633 fragilitatem
3490 4573 3680 4616 eorum
3720 4551 3824 4610 desi-

591 4672 704 4720 toto
734 4663 887 4726 orbe,
929 4628 1250 4735 quocunque
1298 4665 1536 4720 Ecclesia
1584 4675 1769 4721 sancta
1826 4628 2015 4723 diﬂ'usra
2064 4680 2171 4737 est,
2204 4628 2258 4690 Β
2280 4668 2690 4726 εηεινρθνίιιιοε
2710 4656 2898 4712 eadem
2925 4641 3236 4728 θηιιειίαιία
3260 4653 3463 4709 mundo
3484 4645 3821 4709 minismnd"

589 4759 656 4813 de
679 4758 939 4827 obsequio
973 4761 1115 4828 quod
1144 4757 1372 4812 Domino
1401 4759 1502 4828 pia:
1553 4758 1852 4815 devotionis
1876 4761 2122 4817 exhibuit
2154 4778 2170 4818 :

590 4849 685 4913 ita,
708 4863 739 4903 e
770 4848 1063 4914 contrario,
1102 4848 1190 4902 ille
1220 4849 1312 4918 qui
1340 4850 1600 4920 obsequio
1630 4849 1745 4919 ejus
1772 4852 2059 4909 detrahere
2090 4864 2173 4910 tc-

590 4939 823 4994 meraria
862 4939 1042 5009 lingua
1074 4954 1178 4994 non
1211 4940 1407 5006 timuit,
1435 4942 1678 5011 perfidiae
1704 4953 1826 4999 uola
1855 4945 2011 5017 longe
2032 4946 2170 5001 late-

592 5043 697 5098 que
747 5028 1069 5093 infamatus,
1096 5037 1151 5082 et
1182 5028 1294 5086 Deo
1331 5031 1491 5086 simul
1523 5043 1686 5104 atque
1715 5035 2024 5090 hominibus
2060 5052 2171 5091 me-

572 5120 700 5174 trito
724 5118 897 5174 factus
924 5128 1010 5174 est
1045 5134 1260 5176 exosus.
1302 5122 1408 5177 Sed
1456 5125 1713 5182 Dominus
1768 5128 1966 5181 bonum
2014 5127 2170 5183 laude

593 5210 753 5280 digna
774 5223 1145 5277 remunerans,
1161 5210 1369 5268 futuras
1390 5214 1540 5286 impii
1563 5214 1920 5270 contumelias
1946 5217 2170 5274 tacendo

591 5299 872 5369 praeteriit.

669 5410 686 5441 ι
735 5389 799 5444 Ει
828 5390 995 5447 Judas
1024 5392 1285 5450 Scariotis
1329 5409 1470 5449 unus
1510 5408 1578 5448 ex
1612 5394 1921 5461 duodecim,
1947 5396 2077 5452 abiit
2104 5399 2170 5454 ad

598 5500 615 5529 ‹
662 5497 899 5538 summos
932 5485 1266 5547 sacerdotes.
1296 5494 1355 5539 ut
1380 5485 1635 5553 proderet
1665 5501 1785 5542 cum
1816 5488 1935 5543 illis.
1977 5510 1994 5541 ι
2030 5489 2170 5561 infe-

592 5574 662 5629 lix
692 5575 878 5641 Judas,
912 5579 1051 5648 quod
1080 5596 1143 5632 ex
1174 5578 1433 5634 eﬂusionc
1461 5581 1720 5648 unguenti
1752 5597 1810 5636 se
1834 5579 2028 5638 fecisse
2055 5600 2171 5640 cre-

594 5664 775 5730 debat,
808 5668 924 5722 vult
969 5669 1211 5738 magistri
1268 5668 1444 5737 pretio
1483 5683 1857 5739 compensare.
1884 5671 1993 5727 Nec
2024 5685 2171 5729 certe

586 5757 698 5828 jam
725 5760 963 5828 postulat
992 5775 1283 5821 summam,
1308 5769 1365 5813 ut
1396 5760 1582 5816 saltem
1625 5761 1840 5817 lucrosa
1893 5766 2173 5820 videretur

592 5838 845 5915 proditio,
869 5849 962 5902 sed
989 5849 1142 5915 quasi
1173 5847 1277 5903 vile
1311 5850 1527 5906 tradens
1551 5854 1903 5921 mancipium,
1931 5855 1982 5907 in
2014 5865 2164 5925 pote-

2279 4746 2435 4802 Unde
2466 4749 2619 4803 aiunt
2648 4767 2659 4801 :
2700 4768 2715 4800 ι
2752 4747 3024 4805 Habemus
3052 4757 3231 4804 autem
3269 4749 3593 4804 thesaurum
3620 4747 3764 4801 istum
3786 4738 3823 4792 in

2279 4840 2422 4895 vasis
2473 4839 2725 4897 fictilibus
2774 4840 2861 4914 (II
2891 4841 3013 4897 Cor.
3057 4840 3154 4913 iv).
3194 4862 3212 4892 ι
3253 4840 3458 4895 Parant
3501 4853 3635 4911 ergo
3664 4832 3822 4908 pascit!

2279 4930 2551 5001 discipuli,
2586 4932 2674 4986 ubi
2704 4947 2842 5003 aqua
2870 4932 3098 4988 infertur
3117 4931 3332 5004 lagena,
3355 4939 3415 4986 ut
3437 4930 3633 4987 adesse
3656 4936 3823 4995 tempus

2279 5021 2572 5089 insinuent,
2598 5039 2707 5094 quo
2732 5024 3028 5081 cultoribus
3074 5026 3219 5080 veris
3268 5023 3484 5095 pascha:
3538 5024 3740 5096 typicus
3778 5014 3823 5069 de

2239 5113 2465 5167 -limine
2516 5128 2581 5168 ac
2627 5115 2870 5185 postibus
2924 5132 3089 5173 cruor
3130 5116 3414 5183 offeratur,
3442 5125 3494 5172 et
3535 5117 3604 5172 ad
3632 5107 3822 5170 tollenda

2280 5203 2466 5258 mundi
2494 5205 2720 5260 crimina
2747 5207 2946 5263 viviﬁci
2976 5208 3137 5266 fontis
3162 5209 3429 5282 baptisma
3478 5207 3821 5280 compleret!"-

2355 5316 2373 5348 σ
2425 5296 2725 5369 Sequimini
2757 5316 2879 5356 eum
2898 5343 2913 5368 ,
2940 5311 2991 5358 et
3024 5318 3349 5374 quocunque
3380 5302 3669 5364 introierit,
3698 5296 3826 5353 dicite

2286 5409 2302 5441 ε
2343 5389 2562 5446 domino
2592 5391 2804 5459 domus,
2820 5395 2945 5463 quia
2968 5395 3225 5467 magister
3246 5392 3413 5452 dicit:
3443 5393 3546 5452 Ubi
3571 5404 3655 5451 est
3684 5391 3826 5449 diver-

2287 5502 2305 5535 ‹
2338 5484 2563 5553 sorium,
2609 5485 2697 5539 ubi
2747 5495 2830 5543 est
2886 5487 3106 5543 refectio
3150 5504 3289 5559 mea,
3331 5489 3424 5545 ubi
3482 5490 3680 5561 pascha
3730 5496 3825 5541 eum

2287 5597 2301 5629 ι
2340 5577 2620 5649 discipulis
2665 5578 2799 5635 meis
2841 5580 3194 5637 manducem?
3230 5604 3247 5634 ι
3285 5581 3547 5638 Consulte
3572 5581 3682 5637 sive
3704 5587 3826 5646 aquai

2282 5668 2464 5737 hajuli,
2482 5685 2574 5724 seu
2599 5670 2800 5726 domini
2836 5671 3026 5730 domus
3044 5683 3171 5729 sunt
3192 5672 3558 5744 printer-missa
3578 5664 3824 5725 vocabula.

2281 5768 2340 5813 ut
2371 5761 2623 5817 omnibus
2653 5778 2837 5819 verum
2870 5765 3067 5835 pascha
3102 5765 3380 5819 celebrare
3406 5762 3722 5821 volentibus.
3747 5756 3826 5810 δοι-

2281 5862 2384 5918 est,
2415 5852 2614 5908 Christi
2646 5857 3002 5913 sacramentis
3029 5857 3192 5911 inlhui
3212 5897 3227 5923 ,
3253 5871 3485 5927 euntque
3512 5871 3621 5910 suae
3660 5846 3825 5907 mentis
