3934 6346
109 468 226 525 59⁸7

1371 430 1673 531 nouthE
1712 472 1800 529 DE
1835 472 2181 531 TEMPORE.

3282 488 3388 544 598

115 583 367 654 hospitio
402 558 1079 659 suscipere‘quairentibus
1128 587 1355 645 facultas
1399 588 1577 645 danda
1616 588 1700 644 -si-
1725 595 1776 653 Α
1804 602 1903 657 pro
1924 585 2017 643 illo
2038 596 2096 642 et
2133 587 2354 651 caduca,
2411 589 2519 645 imo
2548 592 2711 647 etiam
2756 592 3045 649 criminosa
3087 593 3309 667 diligere
3335 609 3389 654 et

112 682 348 742 gnctur.

197 788 215 814 ι
270 766 338 822 Et
369 766 487 836 ipse
507 768 661 825 vobis
680 768 1071 826 demonstrabit
1091 770 1428 826 caenaculum
1447 767 1704 841 grandem

115 874 136 906 ι
184 864 455 924 stratum,
480 868 537 914 et
580 860 653 915 ibi
700 869 886 931 parate
935 862 1108 917 nobis.
1144 881 1163 914 ι
1194 861 1543 918 Cmnaculum
1593 875 1706 915 ma-

111 963 296 1018 guum
326 949 410 1006 lex
438 950 733 1020 spiritualis
779 962 881 1019 est,
920 968 1041 1022 quae
1085 953 1153 1008 de
1198 953 1463 1024 angustiis
1515 951 1706 1008 litterae

109 1042 437 1112 egrediens,
470 1045 526 1099 in
553 1045 767 1101 sublimi
802 1046 922 1101 loco
952 1047 1142 1116 recipit
1169 1046 1523 1102 Salvatorem.
1570 1042 1706 1103 Nam

108 1134 208 1203 qui
243 1136 431 1192 adhuc
449 1136 783 1193 occidentem
808 1137 1043 1193 litteram
1068 1139 1380 1203 servaverit,
1408 1136 1534 1207 quid
1563 1135 1706 1191 aliud

109 1239 390 1295 magnum
436 1241 596 1295 quam
655 1242 819 1298 pecus
871 1228 1229 1286 intellexerit?
1292 1228 1398 1288 lste
1451 1227 1707 1283 nimirum

109 1317 315 1375 minus
357 1319 559 1388 pascha
605 1318 758 1386 facit,
804 1321 931 1391 quia
980 1320 1318 1391 maiestatem
1372 1321 1595 1391 spiritus
1654 1321 1705 1375 in

111 1410 317 1466 verbis
345 1410 441 1466 Dei
486 1412 942 1482 comprehendere
988 1415 1213 1470 necdum
1247 1413 1451 1470 didicit.
1496 1412 1566 1468 At
1612 1413 1705 1482 qui

115 1515 291 1571 aqua:
316 1500 577 1570 bajulum,
604 1503 707 1558 hoc
734 1511 835 1569 est,
868 1504 1054 1575 gratiae
1073 1519 1377 1574 praeconem
1409 1504 1460 1558 in
1488 1504 1706 1559 domum

114 1591 307 1650 fuerit
350 1592 607 1650 Ecclesia:
634 1603 974 1659 consecutus,
1002 1596 1089 1650 hic
1115 1611 1210 1666 per
1253 1594 1529 1651 Christum
1582 1594 1705 1648 illu-

110 1691 394 1741 strantem
420 1699 582 1755 super
607 1684 800 1741 faciem
830 1685 1023 1741 littera:
1052 1685 1481 1751 transcendendo
1517 1685 1572 1742 in
1596 1685 1708 1742 alto

109 1779 326 1832 mentis
375 1765 595 1834 solario‘
626 1778 846 1835 Christo
903 1778 1250 1836 refectionem
1299 1787 1459 1849 parat
1512 1798 1526 1834 :
1580 1778 1708 1849 quia

106 1879 327 1926 cuncta
356 1870 440 1926 vel
468 1871 683 1941 pascha:
712 1880 1075 1935 sacramenta,
1104 1870 1186 1926 vel
1213 1879 1410 1929 cetera
1438 1870 1575 1942 legis
1615 1870 1706 1927 de-

107 1970 298 2027 creta,
330 1961 447 2031 ejus
470 1976 592 2019 esse
620 1971 962 2019 sacramenta
988 1962 1285 2033 cognoscit.

189 2076 209 2107 ‹
262 2055 504 2129 Vespere
537 2068 715 2115 autem
747 2058 909 2126 facto,
939 2061 1085 2116 venit
1113 2077 1235 2117 cum
1284 2060 1587 2117 duodecim.
1635 2058 1705 2115 Et

112 2168 131 2201 σ
181 2150 660 2207 discumbentibus
681 2153 762 2208 eis
784 2162 839 2208 et
862 2154 1345 2220 manducantihus,
1369 2154 1445 2208 ait
1486 2152 1644 2209 Jesus
1688 2170 1701 2207 :

112 2260 131 2293 σ
183 2242 374 2298 Amen
406 2243 529 2299 dico
557 2243 729 2309 vobis,
763 2245 890 2313 quia
918 2261 1060 2300 unus
1086 2260 1153 2299 ex
1182 2244 1335 2299 vobis
1380 2259 1467 2299 me
1510 2245 1704 2310 tradet,

108 2350 130 2383 ι
182 2333 291 2403 qui
349 2335 639 2389 manducat
685 2349 918 2389 mecum.
968 2356 986 2387 ι
1030 2335 1134 2402 Qui
1193 2336 1261 2390 de
1308 2336 1558 2406 passione
1608 2351 1706 2390 sua

100 2423 472 2492 praedixerat,
496 2433 551 2479 et
600 2426 671 2480 de
711 2427 987 2496 proditore
1038 2427 1305 2497 praedicit,
1349 2428 1484 2482 dans
1530 2427 1706 2482 locum

103 2515 477 2583 paenitentiae,
509 2525 567 2570 ut
613 2532 736 2571 cum
780 2517 1135 2575 intellexisset
1182 2519 1311 2575 sciri
1355 2520 1707 2589 cogitationes

107 2620 270 2670 suas,
296 2613 351 2660 et
383 2607 593 2661 occulta
640 2609 886 2675 consilia,
919 2612 1209 2680 paeniteret
1247 2627 1371 2667 eum
1405 2611 1532 2667 facti
1574 2612 1657 2666 sui
1688 2629 1702 2664 :

110 2703 167 2749 et
187 2704 379 2750 tamen
408 2711 514 2751 non
545 2698 797 2771 designat
817 2703 1147 2770 specialiter,
1178 2719 1244 2758 ne
1289 2704 1575 2761 manifeste
1614 2721 1706 2761 co-

113 2796 371 2859 argutus,
404 2789 768 2859 impudentior
795 2792 967 2847 fieret.
1009 2793 1173 2849 Mittit
1192 2795 1398 2850 crimen
1428 2797 1483 2851 in
1515 2811 1704 2850 nume-

114 2894 268 2945 rum,
291 2888 350 2933 ut
376 2888 501 2950 agat
530 2882 781 2937 conscius
806 2883 1202 2953 paenitentiam.

194 2990 214 3023 σ
268 2972 341 3025 At
362 2972 436 3026 illi
476 2982 759 3043 coeperunt
793 2976 1128 3042 contristari,
1152 2984 1208 3030 et
1232 2975 1413 3031 dicere
1437 2976 1487 3031 ei
1523 2977 1704 3047 singu-

125 3079 143 3112 ι
192 3062 345 3117 latim
375 3081 387 3116 :
419 3061 836 3137 Nunquidego?
863 3084 886 3137 ι
916 3066 984 3120 Ει
1005 3076 1153 3121 certe
1169 3076 1433 3123 noverant
1455 3067 1702 3123 undecim

123 3154 372 3226 discipuli
392 3157 517 3226 quia
552 3155 629 3210 nil
673 3156 779 3212 tale
814 3167 1001 3214 contra
1042 3159 1327 3215 Dominum
1377 3160 1701 3232 cogitarent.

126 3247 224 3301 sed
262 3247 379 3316 plus
429 3249 654 3304 credunt
702 3251 959 3321 magistro
988 3267 1151 3322 quam
1178 3252 1280 3308 sibi
1307 3269 1320 3306 :
1347 3261 1403 3307 et
1450 3252 1704 3308 timentes

1806 691 1998 732 curare
2035 679 2389 733 convincitur.
2425 699 2441 731 ι
2480 681 2707 737 .Bonum
2743 695 2862 740 erat
2891 685 2964 751 ei,
3013 686 3059 741 si
3088 702 3197 744 non
3245 700 3391 746 esset

1811 786 1828 816 ι
1868 776 2027 822 natus
2050 768 2211 824 homo
2230 768 2338 824 ille.
2369 790 2387 821 ›
2414 769 2530 825 Non
2554 772 2673 827 ideo
2695 776 2966 842 putandus
2986 785 3069 832 est
3083 778 3391 839 antefuisse

1805 872 1967 926 quam
1999 867 2334 924 nasceretur,
2369 862 2494 928 quia
2537 861 2669 916 nulli
2706 865 2877 931 possit
2911 881 3034 923 esse
3079 867 3241 936 bene,
3282 870 3385 927 nisi

1805 948 1856 1002 ei
1881 950 1975 1019 qui
2005 949 2185 1005 fuerit.
2213 949 2324 1007 Sed
2349 951 2667 1021 simpliciter
2688 954 2888 1009 dictum
2932 967 3034 1023 est,
3062 959 3230 1015 multo
3276 977 3389 1018 me-

1803 1036 1908 1094 lius
1930 1053 2052 1094 esse
2080 1054 2186 1095 non
2209 1040 2525 1106 subsistere,
2555 1057 2715 1113 quam
2745 1043 2885 1099 male
2924 1047 3243 1105 subsistere.

1880 1148 1897 1179 ι
1939 1128 2007 1184 Ει
2031 1132 2475 1188 manducantibus
2515 1131 2638 1199 illis,
2662 1135 2870 1203 accepit
2902 1134 3058 1193 Jesus
3082 1154 3298 1210 panem,
3330 1151 3386 1197 et

1812 1242 1830 1275 ι
1870 1224 2162 1291 benedixit,
2204 1242 2267 1281 ac
2306 1226 2486 1298 fregit,
2528 1237 2582 1283 et
2610 1228 2758 1284 dedit
2781 1229 2882 1297 eis,
2916 1239 2972 1287 et
2997 1233 3073 1289 ait
3105 1251 3117 1287 :
3152 1232 3381 1301 Sumite,

1813 1332 1830 1364 ‹
1870 1313 1972 1369 hoc
2020 1324 2104 1371 est
2140 1330 2335 1388 corpus
2375 1333 2571 1375 meum.
2629 1340 2648 1371 ι
2694 1319 2887 1377 Finitis
2923 1321 3144 1381 Pascha
3186 1329 3389 1385 veteris

1807 1405 2101 1473 solemniis,
2171 1424 2291 1478 quae
2338 1411 2391 1466 in
2444 1415 2959 1479 commemoratione
3020 1418 3256 1489 antiquae
3320 1422 3390 1476 de

1807 1494 2042 1568 Egypto
2070 1497 2406 1557 liberationis
2434 1502 2617 1573 populi
2667 1504 2760 1558 Dei
2786 1505 3037 1574 agebant,
3068 1509 3284 1565 transiit
3320 1511 3388 1566 ad

1807 1604 2029 1657 novum,
2055 1592 2274 1662 quodin
2303 1609 2413 1650 suae
2457 1597 2838 1667 redemptionis
2876 1601 3192 1657 memoriam
3217 1602 3390 1663 cccle—

1807 1679 1940 1735 siam
1957 1679 2299 1752 frequentare
2322 1684 2556 1750 volebat,
2583 1694 2640 1740 ut
2660 1686 2909 1745 videlicet
2936 1705 3034 1759 pro
3061 1704 3227 1746 carne
3242 1693 3388 1763 agni,

1810 1773 1891 1825 sui
1918 1775 2162 1844 corporis
2187 1774 2573 1846 sanguinisque
2594 1786 2994 1834 sacramentum
3017 1780 3388 1849 substitueret,

1808 1860 2089 1935 ipsumque
2106 1881 2225 1923 sese
2248 1883 2369 1923 esse
2391 1876 2736 1937 monstraret,
2752 1872 2837 1927 cui
2858 1892 2875 1923 ι
2900 1869 3105 1942 juravit
3131 1875 3390 1934 Dominus
3465 1896 3473 1903 ’

1732 1991 1781 2052 Β
1809 1960 1864 2008 et
1904 1970 2010 2010 non
2032 1960 2315 2027 paenitebit
2342 1976 2465 2016 eum
2495 1980 2509 2015 :
2544 1961 2625 2017 Tu
2657 1977 2719 2019 es
2747 1966 2999 2023 sacerdos
3027 1966 3083 2021 in
3126 1976 3391 2027 aeternum

1807 2049 2100 2104 secundum
2117 2051 2361 2107 ordinem
2381 2053 2733 2112 Melchisedec
2755 2054 2928 2127 (Psal.
2956 2059 3089 2130 cu).
3119 2080 3139 2115 ι
3170 2059 3394 2132 Frangit

1809 2147 1991 2195 autem
2039 2142 2153 2213 ipse
2217 2160 2411 2215 panem
2462 2160 2621 2217 quem
2681 2148 2956 2219 discipulis
3016 2153 3278 2225 porrigit,
3331 2163 3385 2209 ut

1803 2235 2054 2290 ostendat
2109 2238 2354 2307 corporis
2393 2239 2475 2294 sui
2519 2239 2861 2307 fractionem,
2886 2258 2992 2298 non
3038 2245 3242 2314 absque
3292 2262 3389 2302 sua

1805 2332 1994 2393 sponte
2011 2342 2076 2380 ac
2095 2330 2474 2396 procuratione
2495 2340 2801 2399 venturam,
2825 2335 2921 2389 sed
2936 2335 3076 2390 sicut
3107 2336 3233 2413 alibi
3260 2338 3393 2394 dicit

1805 2425 2126 2486 potestatem
2189 2436 2247 2476 se
2298 2422 2496 2480 habere
2545 2425 2776 2494 ponendi
2821 2427 3061 2483 animam
3110 2443 3285 2495 suam,
3340 2438 3395 2485 et

1806 2520 2125 2579 potestatem
2158 2529 2217 2570 se
2238 2516 2436 2573 habere
2463 2518 2661 2574 iterum
2678 2520 2924 2574 sumendi
2964 2536 3084 2577 eam
3108 2520 3292 2593 (Joan.
3309 2523 3390 2595 Χ).

1807 2601 1976 2670 Quem
1992 2606 2235 2663 videlicet
2256 2623 2449 2679 panem
2466 2611 2598 2666 certi
2616 2627 2828 2681 quoque
2850 2614 3025 2683 gratia
3041 2616 3391 2681 sacramenti,

1806 2696 2119 2766 priusquam
2163 2698 2456 2771 frangeret,
2488 2702 2764 2758 benedixit
2805 2705 2968 2774 :quia
2997 2716 3247 2762 naturam
3290 2709 3391 2764 hu~

1808 2800 2050 2853 manam,
2088 2803 2250 2857 quam
2286 2806 2546 2860 passurus
2587 2795 2895 2862 assumpsit,
2957 2796 3071 2865 ipse
3113 2813 3218 2852 una
3270 2814 3391 2853 cum

1805 2872 1967 2929 Patre
1991 2886 2045 2932 et
2082 2876 2286 2947 Spiritu
2308 2889 2497 2935 sancto
2525 2882 2697 2951 gratia
2729 2882 2922 2938 divina:
2952 2885 3164 2941 virtutis
3201 2886 3390 2956 imple-

1804 2968 1900 3023 vit.
1924 2966 2204 3023 Benedixit
2222 2983 2415 3038 panem
2445 2986 2509 3024 ac
2530 2968 2715 3042 fregit,
2737 2973 2862 3041 quia
2884 2974 3158 3032 hominem
3187 2992 3395 3033 assum-

1804 3068 1952 3131 ptum
1983 3060 2056 3115 ita
2083 3060 2240 3115 morti
2296 3061 2529 3117 subdere
2552 3061 2807 3132 dignatus
2857 3074 2960 3131 est,
3020 3075 3079 3122 ut
3100 3068 3149 3123 ei
3200 3069 3393 3124 divinae

1806 3152 2231 3211 immortalitatis
2252 3154 2521 3211 veraciter
2543 3154 2720 3211 inesse
2742 3158 3035 3226 potentiam
3057 3159 3393 3216 demonstra-

1808 3256 1911 3312 ret,
1940 3246 2169 3317 ideoque
2220 3245 2454 3302 velocius
2486 3262 2629 3311 eum
2660 3262 2689 3301 a
2735 3257 2908 3305 morte
2961 3251 3391 3308 resuscitandum

135 3333 475 3405 fragilitatem
502 3356 677 3408 suam,
721 3343 906 3399 tristes
952 3344 1289 3415 interrogant
1337 3346 1404 3399 de
1458 3355 1701 3414 peccato,
1733 3353 1778 3415 ο
1809 3350 1929 3391 esse
1965 3336 2201 3391 ἀοοθΐθῑο

140 3431 294 3500 cujus
314 3438 688 3493 conscientiam
708 3453 816 3494 non
842 3439 1133 3494 habebant.

213 3540 235 3572 ι
276 3522 372 3590 Qui
400 3525 475 3580 ait
500 3526 645 3583 illis?
683 3528 833 3584 Unus
875 3545 942 3584 ex
989 3529 1305 3596 duodecim,
1351 3530 1443 3600 qui
1490 3529 1707 3601 intingit

138 3632 157 3665 ι
206 3630 415 3671 mecum
438 3632 657 3674 manum
685 3621 742 3675 in
774 3620 973 3676 catino.
1026 3641 1044 3673 ι
1088 3620 1292 3677 0mira
1352 3622 1561 3677 Domini
1612 3636 1707 3691 pa-

133 3705 345 3761 tientia!
371 3709 521 3779 prius
542 3710 754 3766 dixerat
777 3729 791 3765 :
819 3710 970 3768 Unus
988 3726 1055 3766 ex
1079 3713 1232 3769 vobis
1253 3726 1341 3768 me
1366 3712 1559 3778 tradet,
1584 3725 1707 3782 per-

130 3814 342 3861 severat
397 3807 623 3862 traditur
673 3806 729 3862 in
784 3807 949 3874 malo,
1002 3806 1341 3863 manifestius
1394 3808 1603 3880 arguit,
1652 3815 1707 3863 et

136 3905 312 3953 tamen
358 3915 552 3955 nomen
598 3902 818 3971 proprie
856 3917 961 3956 non
992 3901 1237 3973 designat
1275 3899 1460 3967 ludas,
1493 3901 1706 3957 caeteris

80 4047 84 4050 ἠ
130 3990 486 4057 contristatis,
506 4001 563 4047 et
584 3992 985 4049 retrahentibus
1010 4009 1249 4060 manum,
1287 4002 1343 4050 et
1382 3994 1707 4049 interdicen-

132 4080 270 4136 tibus
301 4083 449 4137 cibos
475 4083 556 4137 ori
587 4099 707 4149 suo,
750 4085 1056 4139 temeritate
1098 4094 1153 4139 et
1202 4085 1551 4155 impudentia,
1600 4101 1704 4155 qua

130 4173 435 4239 proditurus
462 4181 597 4240 erat,
633 4174 798 4228 etiam
828 4189 1046 4229 manum
1077 4191 1203 4230 cum
1245 4177 1506 4249 magistro
1542 4178 1708 4231 mittit

130 4262 179 4316 in
215 4265 482 4332 catinum,
517 4276 577 4321 ut
624 4267 848 4322 audacia
871 4267 1067 4323 bonam
1096 4270 1484 4325 conscientiam
1512 4271 1706 4326 menti-

134 4363 300 4410 retur.

196 4466 214 4499 ι
257 4447 329 4502 Ει
359 4446 501 4503 ﬁlius
534 4448 753 4518 quidem
791 4449 1027 4505 hominis
1070 4450 1238 4517 vadit,
1278 4451 1418 4506 sicut
1444 4451 1705 4521 scriptum

136 4557 150 4587 ‹
192 4547 275 4594 est
301 4540 367 4594 de
391 4539 499 4595 illo.
531 4538 624 4596 Vae
649 4549 828 4597 autem
856 4542 1059 4596 homini
1110 4543 1187 4597 illi
1227 4557 1326 4613 per
1366 4556 1525 4613 quem
1567 4543 1709 4598 titius

135 4648 150 4677 ο
171 4632 423 4689 “hominis
452 4635 713 4691 tradetur.
749 4655 767 4687 ι
793 4634 903 4691 Nec
930 4636 1102 4706 primo
1137 4651 1240 4692 nec
1263 4637 1497 4692 secundo
1525 4649 1708 4691 corre-

1884 3447 1901 3478 ι
1930 3426 1997 3481 Ει
2045 3436 2266 3496 accepto
2312 3427 2499 3491 calice,
2533 3429 2738 3499 gratias
2773 3444 2961 3501 agens,
3011 3433 3157 3488 dedit
3187 3434 3285 3490 eis.
3328 3436 3395 3489 Et

1813 3538 1832 3571 ι
1866 3519 2123 3575 biberunt
2142 3534 2208 3574 ex
2238 3518 2330 3573 illo
2357 3533 2568 3575 omnes.
2593 3540 2611 3572 ι
2630 3518 2764 3575 Cum
2787 3533 3244 3593 appropinquaret
3269 3540 3392 3596 pas-

1807 3610 1966 3674 sioni,
2002 3611 2164 3666 etiam
2194 3617 2417 3681 accepto
2439 3625 2576 3680 pane
2609 3610 2811 3682 gratias
2847 3611 3021 3682 egisse
3057 3613 3390 3684 perhibetur.

1807 3699 2021 3755 Gratias
2065 3700 2249 3770 itaque
2284 3702 2416 3772 agit,
2452 3701 2545 3771 qui
2585 3700 2793 3773 flagella
2855 3702 3044 3758 alienae
3090 3704 3393 3776 iniquitatis

1808 3794 2052 3863 suscipit.
2101 3793 2169 3848 Et
2219 3794 2312 3864 qui
2340 3793 2474 3849 nihil
2505 3795 2723 3866 dignum
2755 3797 3102 3865 percussione
3125 3798 3387 3864 exhibuit,

1807 3886 2082 3942 humiliter
2125 3884 2178 3941 in
2208 3886 2456 3957 passione
2487 3886 2805 3944 benedicit:
2860 3897 2918 3943 ut
2964 3888 3092 3943 hinc
3141 3888 3390 3946 videlicet

1807 3978 2057 4036 ostendat
2110 3977 2239 4049 quid
2269 3978 2635 4048 unusquisque
2673 3980 2725 4034 in
2753 3979 2963 4052 flagello
3002 3980 3171 4052 culpae
3210 3980 3391 4037 facere

1808 4071 2021 4135 debeat,
2074 4070 2120 4125 si
2160 4070 2274 4139 ipse
2320 4070 2695 4139 aequanimiter
2742 4070 2951 4143 ﬂagella
2993 4073 3162 4143 culpae
3212 4083 3392 4143 portat

1808 4161 2014 4217 alienae.
2059 4160 2128 4217 Ut
2157 4161 2286 4216 hinc
2314 4162 2479 4217 etiam
2509 4165 2777 4229 ostendat,
2814 4166 2944 4235 quid
2972 4166 3021 4221 in
3048 4170 3391 4237 correptione

1807 4251 1972 4308 faciat
1994 4253 2261 4319 subditus,
2294 4254 2340 4309 si
2368 4253 2423 4309 in
2448 4253 2658 4325 ﬂagello
2710 4258 2940 4327 positus,
2974 4256 3122 4313 Patri
3186 4260 3389 4330 gratias

1808 4344 1916 4413 agit
1938 4344 2178 4415 aequalis.

1882 4460 1900 4491 ι
1933 4439 2000 4494 Ει
2023 4440 2099 4494 ait
2128 4439 2272 4496 illis:
2308 4439 2405 4495 Hic
2442 4449 2527 4496 est
2572 4441 2794 4512 sanguis
2818 4457 2974 4498 meus
3014 4441 3148 4497 Novi
3197 4442 3389 4496 Testa-

1814 4552 1831 4583 ι
1864 4532 2049 4595 menti,
2092 4532 2183 4602 qui
2238 4548 2335 4602 pro
2392 4532 2576 4588 multis
2633 4530 2955 4587 eﬂ'undetur.
2988 4552 3006 4584 ν
3052 4531 3187 4598 Quia
3238 4534 3391 4600 panis

1810 4643 2006 4698 corpus
2057 4626 2361 4689 confirmat,
2393 4625 2576 4679 vinum
2616 4640 2744 4679 vero
2773 4625 3089 4695 sanguinem
3134 4631 3390 4693 operatur

132 4730 244 4791 plus
271 4766 288 4792 ,
333 4741 365 4780 a
407 4726 714 4797 proditione
764 4728 990 4783 retrahit
1044 4730 1256 4799 pedem,
1307 4729 1400 4784 sed
1448 4729 1703 4800 patientia
1734 4712 1784 4770 Ι)
1812 4724 1864 4777 in
1891 4737 2075 4788 carne,
2098 4722 2185 4776 hic
2207 4720 2274 4775 ad
2289 4733 2483 4788 corpus
2505 4718 2706 4773 Christi
2724 4718 2970 4788 mystice,
2996 4716 3124 4772 illud
3156 4717 3388 4772 refertur

133 4811 337 4870 Domini
363 4818 534 4871 nutrit
556 4818 940 4889 impudentiam
963 4833 1137 4885 suam,
1170 4826 1221 4873 et
1255 4820 1582 4874 thesaurizat
1603 4818 1707 4875 sibi

135 4904 265 4963 iram
303 4909 356 4963 in
403 4910 488 4965 die
535 4911 648 4967 irae.
694 4910 917 4966 Poenam
964 4913 1229 4981 praedicit,
1259 4921 1318 4966 ut
1344 4928 1506 4982 quem
1535 4912 1707 4983 pudor

134 5011 230 5056 non
258 5002 490 5069 vicerat,
548 5005 827 5077 corrigant
864 5005 1177 5061 denuntiata
1206 5006 1487 5077 supplicia.
1523 5006 1629 5063 Sed
1651 5015 1707 5062 et

135 5087 288 5149 hodie
314 5101 369 5149 et
389 5111 604 5167 quoque
633 5097 687 5151 in
712 5098 1117 5168 sempiternum,
1149 5113 1227 5151 va:
1254 5096 1327 5151 illi
1356 5098 1560 5153 homini
1615 5098 1707 5167 qui

137 5180 198 5236 ad
216 5197 459 5240 mensam
490 5186 702 5241 Domini
725 5188 991 5258 malignus
1018 5188 1246 5254 accedit,
1271 5187 1359 5256 qui
1392 5188 1704 5257 praecordiis

139 5276 311 5349 aliquo
336 5280 540 5335 scelere
562 5280 800 5350 pollutis,
838 5282 1220 5352 mysteriorum
1247 5280 1446 5336 Christi
1477 5278 1703 5335 oblatio-

138 5369 287 5426 nibus
333 5372 693 5427 sacrosanctis
731 5373 1060 5443 participare
1110 5388 1216 5427 non
1270 5370 1482 5426 metuit.
1517 5371 1584 5425 Et
1616 5370 1703 5426 ille

138 5462 272 5516 enim
300 5463 351 5517 in
388 5464 688 5534 exemplum
712 5461 862 5518 Iuda:
887 5463 1081 5519 Filium
1113 5462 1347 5521 hominis
1378 5464 1559 5530 tradit,
1595 5480 1700 5519 non

138 5556 345 5618 quidem
398 5556 595 5612 Judasis
638 5557 1032 5627 peccatoribus,
1065 5558 1158 5613 sed
1192 5566 1369 5612 tamen
1396 5558 1700 5628 peccatori-

140 5645 231 5703 bus
256 5651 532 5717 membris,
562 5651 809 5706 videlicet
836 5650 967 5716 suis,
995 5649 1190 5721 quibus
1223 5651 1350 5705 illud
1412 5653 1704 5707 inmstima-

140 5734 237 5792 bile
260 5746 317 5795 et
338 5739 641 5796 inviolabile
671 5741 881 5795 Domini
904 5741 1149 5809 corporis
1182 5756 1244 5795 ac
1294 5741 1573 5811 sanguinis
1615 5757 1705 5795 sa-

141 5839 466 5887 cramentum
496 5840 759 5888 temerare
788 5832 1080 5901 praesumit.
1133 5831 1226 5885 ille
1255 5833 1539 5887 Dominum
1580 5848 1705 5887 ven-

146 5917 232 5987 dit,
263 5922 375 5993 qni,
406 5923 520 5994 ejus
550 5924 741 5980 timore
776 5933 936 5993 atque
968 5940 1149 5979 amore
1194 5922 1460 5994 neglecto,
1492 5931 1703 5979 terrena

1811 4816 1883 4871 ad
1907 4814 2243 4885 sanguinem.
2278 4811 2477 4867 Verum
2508 4813 2633 4881 quia
2660 4819 2715 4865 et
2748 4825 2846 4865 nos
2884 4812 2937 4865 in
2968 4810 3207 4876 Christo,
3239 4819 3292 4866 et
3332 4812 3386 4866 in

1809 4905 1965 4961 nobis
2023 4904 2297 4960 Christum
2340 4918 2561 4959 manere
2607 4911 2839 4973 oportet,
2886 4903 3067 4959 vinum
3124 4904 3383 4959 Dominici

1810 4996 2088 5068 sanguinis
2125 5011 2264 5068 aqua
2304 4995 2592 5059 miscetur;
2641 5001 2928 5050 attestante
2971 4996 3114 5052 enim
3156 4994 3383 5061 Joanne,

1810 5104 1962 5159 aquas
1986 5088 2165 5158 populi
2221 5096 2365 5143 sunt.
2415 5088 2482 5142 Et
2526 5102 2702 5157 neque
2741 5101 2934 5156 aquam
2986 5087 3175 5152 solam,
3214 5102 3389 5158 neque

1813 5181 1988 5236 solum
2000 5180 2208 5247 vinum,
2225 5181 2362 5235 sicut
2385 5195 2612 5251 gannum
2638 5170 2894 5234 frumenti
2909 5179 3080 5234 solum
3099 5180 3215 5235 sine
3232 5196 3387 5251 aqua:

1814 5275 2136 5330 admistione
2174 5282 2228 5328 et
2254 5272 2592 5329 confectione
2619 5272 2672 5327 in
2720 5288 2914 5341 panem
2959 5273 3212 5343 cuiquam
3263 5273 3389 5328 licet

1812 5365 2006 5422 oﬂ‘erre
2048 5381 2158 5420 :ne
2206 5364 2327 5420 talis
2371 5364 2616 5421 videlicet
2665 5363 2904 5429 oblatio,
2946 5365 3102 5433 quasi
3151 5372 3312 5432 caput
3358 5379 3389 5417 a

1812 5459 2069 5516 membris
2102 5457 2488 5513 secernendum
2526 5471 2646 5512 esse
2676 5453 2960 5527 signiticet,
3012 5466 3067 5511 et
3107 5456 3191 5510 vel
3236 5455 3389 5510 Chri-

1809 5562 1950 5611 stum
1976 5552 2094 5607 sine
2131 5560 2328 5605 nostra:
2350 5548 2736 5619 redemptionis
2761 5562 2944 5602 amore
2972 5547 3083 5616 pati
3122 5544 3382 5614 potuisse,

1804 5646 1885 5700 vel
1901 5660 1999 5699 nos
2014 5644 2132 5698 sine
2157 5643 2299 5697 illius
2313 5643 2561 5712 passione
2576 5640 2771 5695 salvari
2788 5655 2850 5695 ac
2865 5638 3011 5692 Patri
3026 5634 3205 5692 offerri
3228 5649 3384 5705 posse

1805 5736 2097 5806 contingat.
2159 5735 2313 5802 Quod
2372 5745 2549 5788 autem
2601 5732 2729 5787 dicit
2764 5748 2776 5781 :
2813 5749 2830 5780 ε
2886 5728 2983 5783 Hic
3035 5736 3116 5783 est
3168 5728 3385 5798 sanguis

1806 5846 1955 5886 meus
2004 5829 2135 5884 Novi
2185 5828 2532 5892 Testamenti,
2569 5849 2584 5876 ι
2623 5826 2690 5879 ad
2720 5822 3117 5881 distinctionem
3172 5821 3390 5889 respicit

1807 5922 2015 5978 Veteris
2041 5920 2391 5986 Testamenti,
2421 5920 2560 5990 quod
2592 5921 2864 5973 hircorum
2904 5924 2956 5970 ct
2976 5914 3268 5971 vitulorum
3310 5924 3394 5969 est
