3934 6346
534 381 640 441 599
1141 383 1496 440 HAYMONIS
1537 380 2022 439 HALBERSTAT.
2065 377 2277 436 EPISC.
2341 375 2494 434 OPP.
2529 376 2710 435 PARS
2746 376 2812 433 ll.
2849 409 2920 418 —
2953 376 3186 436 HOMIL.
3726 383 3842 438 £00

533 501 799 574 sanguine
843 498 1141 556 dedicatum
1160 538 1176 563 ,
1212 497 1424 552 dicente
1451 496 1592 550 inter
1617 493 2008 566 aspergendum
2047 491 2117 546 le-
2142 505 2196 564 Α
2220 490 2462 546 dicamus
2492 507 2505 543 :
2545 510 2562 541 ‹
2598 489 2716 545 Nox
2743 489 3040 560 praecessit,
3065 490 3182 546 dies
3209 498 3389 546 autem
3413 493 3843 566 appropinqua.

532 595 790 666 gislatore
813 609 828 648 :
855 592 954 648 llic
977 590 1193 662 sanguis
1220 588 1552 645 Testamenti
1573 628 1590 653 ,
1636 587 1780 657 quod
1837 584 2112 640 mandavit
2215 584 2292 639 vit
2313 583 2486 654 (Rom.
2517 583 2692 655 xm)»
2726 583 2863 650 Quia
2885 584 3147 654 scriptum
3173 594 3258 641 est
3285 604 3297 639 :
3335 606 3353 637 ε
3377 586 3707 643 Percutiam
3737 607 3836 662 pa-

533 689 603 744 ad
618 704 714 745 vos
726 689 885 742 Deus.
913 683 1142 739 Necesse
1167 692 1251 737 est
1273 683 1418 737 enim
1447 680 1777 751 exemplaria
1790 678 2113 749 quidemeo-
2221 694 2239 726 ι
2285 684 2509 740 storem,
2532 683 2585 730 et
2609 675 2988 746 dispergentur
3004 689 3153 732 oves.
3195 697 3211 726 ι
3249 676 3364 734 Hoc
3385 678 3510 734 aliis
3529 680 3590 734 in
3623 680 3837 737 Zacha-

533 795 652 834 rum
681 779 767 834 his
811 775 1082 839 mundari,
1137 776 1251 845 ipsa
1279 783 1461 828 autem
1501 772 1745 828 coelestia
1800 770 2111 826 melioribus
2218 767 2296 822 ria
2324 767 2590 838 propheta
2611 765 2795 822 verbis
2825 767 3088 836 scriptum
3114 777 3202 824 est
3231 786 3244 822 :
3269 777 3341 835 et,
3381 770 3486 824 nisi
3527 770 3725 836 fallor,
3766 787 3831 826 ex

530 869 722 925 hostiis
750 881 912 938 quam
943 867 1082 933 istis,
1105 866 1258 936 juxta
1281 864 1422 935 quod
1460 863 1746 934 Apostolus
1794 876 1892 931 per
1939 869 2109 915 totam
2213 875 2445 930 persona
2464 859 2740 929 propheta:
2762 860 2830 913 ad
2851 859 3022 914 Deum
3049 860 3248 916 dicitur
3277 880 3290 915 :
3329 883 3346 913 ι
3375 862 3622 919 Percute
3645 874 3832 934 pasto-

449 943 453 948 ’
531 959 598 1012 ad
642 956 896 1012 Hebraeos
938 954 1257 1026 Epistolam,
1301 954 1443 1009 inter
1480 953 1652 1024 legem
1678 951 2018 1022 distinguens
2056 959 2113 1005 et
2213 968 2348 1019 rem,
2409 962 2466 1009 et
2525 953 2904 1024 dispergentur
2940 968 3109 1021 oves,
3141 975 3160 1008 ι
3214 957 3556 1028 sexagesimo
3604 974 3828 1029 quoque

528 1050 900 1120 Evangelium,
923 1049 1286 1120 pulcherrima
1311 1047 1647 1118 expositione
1678 1054 1731 1100 et
1753 1045 1993 1116 plenaria
2024 1061 2112 1099 ra-
2213 1057 2405 1102 octavo
2450 1045 2684 1116 psalmo,
2724 1046 2816 1115 qui
2848 1053 2996 1100 totus
3045 1061 3076 1100 a
3122 1045 3355 1102 Domino
3393 1050 3651 1110 canitur,
3705 1049 3824 1103 huic

526 1139 676 1196 tione
692 1140 1046 1196 demonstrat.
2211 1141 2395 1196 sensui
2417 1147 2746 1211 congruente
2778 1157 2791 1192 :
2829 1158 2847 1190 ι
2879 1138 3146 1206 Quoniam
3185 1154 3344 1210 quem
3374 1149 3428 1194 tu
3458 1141 3817 1210 percussisti,

599 1250 619 1284 ι
665 1231 838 1287 Amen
868 1246 1027 1287 amen
1053 1231 1175 1287 dico
1203 1231 1378 1296 vobis,
1409 1231 1536 1301 quia
1559 1229 1671 1299 jam
1699 1245 1805 1284 non
1831 1230 2012 1285 bibam
2033 1230 2110 1286 ‘de
2212 1232 2313 1302 ipsi
2342 1231 2612 1302 persecuti
2642 1237 2787 1286 sunt.
2820 1251 2839 1282 ι
2868 1229 3178 1286 Percutitur
3204 1239 3383 1286 autem
3404 1242 3602 1303 pastor
3623 1233 3818 1296 bonus,

529 1343 549 1377 ι
595 1323 868 1396 genimine
891 1325 1018 1381 vitis
1041 1339 1214 1395 usque
1239 1325 1294 1379 in
1327 1324 1469 1379 diem
1502 1323 1650 1378 illum
1668 1364 1683 1388 ,
1711 1338 1837 1378 cum
1871 1321 1998 1377 illud
2025 1323 2108 1377 bi-
2212 1331 2272 1377 ut
2292 1331 2458 1393 ponat
2477 1323 2716 1377 animam
2752 1338 2904 1378 suam
2941 1337 3042 1392 pro
3069 1322 3262 1379 ovibus
3303 1323 3436 1390 suis,
3460 1333 3519 1379 et
3539 1325 3613 1380 de
3638 1325 3820 1380 multis

530 1435 548 1468 ι
594 1417 719 1472 bam
732 1431 932 1472 novum
959 1417 1014 1471 in
1032 1431 1196 1486 regno
1225 1415 1341 1470 Dei.
1382 1436 1399 1468 ι
1434 1416 1610 1470 Vitem
1629 1416 1745 1470 sive
1775 1417 1989 1470 vineam
2006 1414 2110 1468 Do-

522 1509 654 1564 mini
677 1507 1000 1579 appellatam
1025 1523 1146 1563 esse
1176 1506 1519 1578 Synagogam
1540 1515 1597 1561 et
1621 1507 1800 1561 omnis
1828 1505 2110 1576 Scriptura

524 1599 779 1670 sparsim,
810 1599 1052 1669 apertius
1075 1608 1253 1653 tamen
1276 1607 1510 1652 testatur
1530 1597 1697 1654 Isaias
1720 1599 1773 1652 in
1796 1599 2012 1654 cantico
2042 1599 2110 1653 de

520 1689 612 1745 illa
654 1697 917 1745 cantato:
956 1707 975 1740 ί
1011 1687 1217 1755 Vinea,
1250 1689 1535 1760 inquiens,
1584 1689 1798 1745 Domini
1845 1688 2106 1755 Sabaoth,

519 1781 713 1836 domus
742 1780 910 1836 Israel
946 1790 1029 1837 est
1065 1780 1199 1853 (Isa.
1234 1780 1308 1853 v).
1346 1800 1364 1834 ›
1405 1782 1482 1837 De
1513 1798 1617 1852 qua
1652 1783 1908 1838 nimirum
1947 1785 2102 1838 vinea

519 1871 781 1929 Dominus
807 1873 978 1929 multo
1011 1881 1252 1943 tempore
1289 1872 1524 1930 fructum
1562 1875 1827 1941 habebat,
1856 1874 2105 1944 quamvis
2135 1869 2182 1929 Β

516 1962 761 2032 pluribus
791 1965 956 2020 ramis
985 1965 1040 2019 in
1067 1965 1484 2020 amaritudinem
1506 1965 1633 2020 vitis
1660 1967 1850 2021 aliena:
1876 1981 2105 2020 conver-

515 2057 867 2126 sis.,Quidam
895 2067 1075 2113 tamen
1097 2100 1112 2124 ,
1151 2067 1208 2112 et
1253 2059 1298 2113 si
1331 2058 1514 2113 nmltis
1543 2058 1610 2113 de
1643 2058 1733 2113 illa
1766 2058 1920 2128 plebe
1951 2075 2106 2113 exor-

514 2151 830 2216 bitantibus,
863 2166 895 2205 a
923 2160 1072 2207 recto
1098 2150 1223 2206 fidei
1245 2151 1438 2206 itinere
1468 2165 1575 2206 non
1604 2149 1855 2216 defuere;
1888 2151 2102 2222 plurimi

518 2251 630 2298 toto
659 2243 794 2314 legis
819 2250 1060 2312 tempore
1083 2241 1254 2308 fuere,
1283 2257 1512 2312 quorum
1556 2242 1661 2313 piis
1688 2242 2106 2314 cogitationibus

515 2334 849 2403 summisque
912 2334 1197 2389 virtutibus
1263 2334 1627 2389 delectaretur
1675 2333 1838 2390 Deus.
1900 2321 2100 2389 verum

513 2439 671 2494 passo
708 2425 761 2479 in
806 2439 971 2479 carne
1003 2425 1252 2490 Domino,
1299 2441 1362 2480 ac
1404 2434 1716 2498 resurgente
1771 2442 1799 2480 a
1848 2426 2095 2488 mortuis,

514 2524 727 2585 tempus
775 2514 906 2581 fuit,
940 2523 1000 2570 ut
1040 2515 1129 2570 illa
1163 2515 1354 2586 legalis
1395 2531 1459 2571 ac
1505 2515 1746 2587 ﬁguralis
1792 2515 2100 2570 observatio

467 2677 474 2684 _
510 2612 785 2668 cessaret,
823 2614 985 2674 atque
1013 2620 1077 2660 ea
1097 2620 1220 2674 quae
1250 2606 1548 2661 secundum
1578 2606 1813 2660 litteram
1835 2606 2098 2676 gereban-

512 2702 625 2760 tur,
647 2694 704 2748 in
727 2694 1062 2764 spiritualem
1087 2695 1344 2750 translata
1371 2711 1613 2761 sensum,
1641 2696 1834 2750 melius
1866 2696 1916 2749 in
1949 2695 2097 2749 Novo

515 2784 880 2850 Testamento,
907 2787 1130 2855 juvante
1155 2787 1325 2841 sancti
1359 2786 1594 2856 Spiritus
1615 2787 1813 2857 gratia,
1846 2796 2100 2841 teneren-

522 2886 628 2931 tur.
661 2877 838 2933 lturus
865 2893 995 2950 ergo
1022 2879 1090 2933 ad
1127 2879 1436 2948 passionem
1467 2878 1749 2943 Dominus,
1785 2879 1860 2932 ait
1886 2897 1898 2932 :
1931 2899 1948 2928 ‹
1977 2877 2097 2932 Jam

511 2984 620 3024 non
651 2969 832 3024 bibam
872 2970 939 3025 de
965 2970 1238 3039 genimine
1288 2970 1413 3025 vitis
1437 2985 1610 3039 usque
1644 2970 1711 3024 ad
1748 2969 1890 3024 diem
1920 2968 2093 3034 illum,

508 3077 634 3116 cum
658 3061 790 3116 illud
821 3061 1003 3117 bibam
1037 3077 1236 3117 novum
1261 3062 1313 3115 in
1342 3076 1510 3132 regno
1538 3061 1653 3117 Dei.
1685 3081 1704 3114 ›
1733 3061 1811 3116 Ac
1837 3062 1881 3116 si
1910 3070 2096 3132 aperte

414 3176 416 3178 τ
508 3152 694 3207 dicat:
724 3152 841 3208 Non
884 3153 1024 3206 ultra
1055 3152 1364 3208 carnalibus
1407 3151 1704 3224 Synagogae
1750 3153 2092 3208 caeremoniis

2213 1414 2472 1485 gregibus
2505 1427 2754 1468 errorum
2785 1413 2878 1466 fiat
2899 1428 3038 1468 unus
3063 1427 3196 1484 grex
3229 1421 3286 1469 et
3319 1429 3459 1468 unus
3497 1425 3720 1484 pastor.

2288 1525 2306 1558 ι
2351 1504 2546 1561 Petrus
2577 1514 2756 1560 autem
2795 1506 2872 1560 ait
2911 1505 2959 1560 ei
2996 1523 3008 1558 :
3047 1504 3116 1559 Et
3145 1505 3192 1561 si
3225 1520 3415 1561 omnes
3457 1505 3811 1562 scandalizati

2217 1615 2234 1648 ι
2279 1596 2499 1662 fuerint,
2543 1597 2637 1652 sed
2679 1611 2784 1652 non
2821 1611 2940 1667 ego.
2978 1614 2996 1648 ι
3031 1594 3148 1651 Non
3190 1605 3274 1652 est
3315 1596 3605 1652 temeritas
3641 1613 3810 1668 neque

2210 1687 2588 1753 mendacium,
2619 1687 2713 1743 sed
2740 1687 2875 1742 fides
2913 1686 3140 1757 apostoli
3180 1687 3327 1743 Petri
3365 1697 3470 1755 est,
3524 1699 3580 1744 et
3622 1690 3812 1745 ardens

2213 1777 2439 1836 affectus
2477 1795 2605 1852 erga
2633 1779 2922 1836 Dominum
2948 1779 3306 1836 Salvatorem.

2287 1891 2307 1924 «
2343 1873 2410 1928 Et
2442 1874 2518 1928 ait
2539 1873 2613 1928 illi
2641 1873 2802 1929 Jesus
2840 1892 2853 1927 :
2885 1874 3058 1930 Amen
3090 1873 3212 1930 dico
3249 1874 3370 1939 tibi,
3397 1874 3530 1944 quia
3568 1883 3627 1929 tu
3658 1875 3807 1930 hodie

2219 1983 2237 2016 ι
2289 1965 2343 2018 in
2366 1973 2524 2020 nocte
2555 1964 2678 2029 hac,
2717 1964 3032 2033 priusquam
3062 1964 3142 2019 bis
3173 1964 3346 2036 gallus
3364 1980 3560 2023 vocem
3582 1966 3800 2031 dederit,

2214 2075 2234 2108 ‹
2276 2066 2360 2112 ter
2396 2072 2483 2112 me
2522 2073 2582 2112 es
2620 2066 2930 2128 negaturus.
2970 2076 2990 2109 ι
3029 2057 3096 2111 Ει
3141 2057 3336 2114 Petrus
3359 2059 3428 2114 de
3454 2061 3656 2114 ardore
3686 2061 3793 2114 ﬁdei

2206 2146 2574 2216 promittebat,
2606 2156 2661 2201 et
2683 2146 2934 2201 Salvator
2961 2147 3120 2216 quasi
3162 2148 3304 2204 Deus
3333 2147 3521 2204 futura
3557 2162 3788 2205 noverat.

2204 2235 2273 2290 Et
2303 2245 2430 2290 nota
2471 2236 2597 2305 quia
2625 2235 2820 2292 Petrus
2843 2236 2898 2290 in
2921 2245 3080 2292 nocte
3127 2247 3324 2308 negat,
3355 2247 3413 2293 et
3436 2247 3602 2310 negat
3625 2241 3780 2293 tertio.

2203 2325 2496 2396 Postquam
2539 2334 2722 2381 autem
2768 2325 2941 2398 gallus
2989 2327 3217 2393 cecinit,
3258 2335 3316 2383 et
3357 2327 3786 2384 decrescentibus

2206 2417 2442 2472 tenebris
2482 2416 2659 2471 vicina
2705 2416 2796 2470 lux
2854 2416 3100 2471 nuntiata
3145 2424 3270 2484 est,
3315 2433 3613 2474 conversus
3662 2417 3790 2473 flevit

2203 2523 2388 2561 amare
2413 2547 2427 2573 ,
2462 2507 2764 2578 negationis
2806 2509 2996 2563 sordes
3022 2506 3277 2580 lacrymis
3325 2507 3534 2564 lavans.
3573 2509 3691 2565 Non
3718 2522 3790 2563 est

2211 2613 2342 2655 sane
2372 2600 2742 2656 arhitrandum
2770 2615 2890 2657 esse
2946 2602 3277 2657 contrarium
3327 2604 3470 2673 quod
3500 2603 3683 2658 Marco
3711 2605 3788 2659 di-

2201 2699 2398 2746 cente:
2437 2708 2456 2742 ι
2489 2690 2810 2761 Priusquam
2857 2691 3030 2763 gallus
3065 2692 3148 2748 bis
3193 2708 3382 2748 vocem
3425 2695 3658 2758 dederit,
3709 2706 3791 2751 ter

2203 2798 2288 2837 me
2309 2798 2368 2838 es
2392 2793 2704 2853 negaturus,
2761 2804 2779 2834 ι
2806 2784 2988 2839 caeteri
3009 2784 3360 2852 evangelista:
3377 2786 3675 2855 simpliciter
3693 2786 3787 2838 di-

2203 2884 2396 2932 xerunt
2422 2893 2433 2928 :
2463 2894 2481 2926 ι
2509 2875 2831 2946 Priusquam
2851 2875 3025 2946 gallus
3045 2884 3250 2941 cantet,
3284 2886 3372 2932 ter
3395 2892 3476 2932 me
3496 2877 3739 2947 negabis.
3755 2897 3774 2928 ι

2201 2968 2336 3022 Tota
2364 2966 2510 3022 enim
2535 2967 2679 3022 Petri
2709 2969 2940 3040 negatio,
2969 2968 3111 3023 trina
3143 2971 3364 3041 negatio
3386 2979 3487 3026 est.
3513 2971 3571 3025 ln
3593 2970 3778 3025 eadem

2202 3073 2436 3128 namque
2480 3060 2784 3128 permansit
2837 3061 3126 3132 negatione
3178 3062 3369 3128 animi,
3412 3063 3784 3134 propositoque

2203 3149 2492 3214 mendacii,
2535 3149 2706 3204 donec
2744 3151 3224 3221 admonitus-quid
3257 3153 3305 3207 ei
3347 3154 3664 3222 praedictum
3698 3154 3778 3213 sit.

509 3245 839 3312 delectabor,
866 3247 919 3300 in
941 3246 1136 3316 quibus
1161 3246 1324 3301 etiam
1351 3247 1454 3301 ista
1484 3246 1754 3317 paschalis
1779 3246 1916 3318 Agni
1941 3262 2096 3301 sacra
2123 3233 2167 3295 C
2203 3256 2389 3297 amaro
2425 3240 2556 3296 ﬂetu
2600 3251 2655 3297 et
2682 3241 2859 3298 cordis
2895 3244 3079 3299 dolore
3119 3253 3424 3300 sanaretur.
3461 3246 3587 3301 Haec
3615 3256 3781 3301 autem

510 3341 686 3396 locum
726 3351 952 3398 tenuere
980 3341 1234 3412 primum.
1275 3341 1469 3396 Aderit
1513 3341 1658 3397 enim
1706 3350 1917 3411 tempus
1961 3355 2098 3394 mea:

511 3435 959 3499 resurrectionis,
1001 3434 1176 3490 aderit
1214 3433 1331 3489 dies
1369 3433 1476 3498 ille,
1517 3449 1640 3489 cum
1678 3433 1793 3502 ipse
1835 3433 1890 3486 in
1932 3447 2098 3501 regno

509 3522 600 3578 Dei
640 3525 872 3594 positus,
907 3525 958 3578 id
988 3534 1071 3580 est
1096 3524 1264 3595 gloria
1312 3525 1437 3578 vita;
1474 3522 1793 3577 immortalis
1835 3520 2094 3576 sublima-

509 3621 613 3680 tus,
639 3615 704 3670 de
725 3615 896 3670 salute
924 3614 1166 3684 ejusdem
1193 3614 1372 3684 populi
1404 3614 1550 3669 fonte
1579 3613 1766 3684 gratiae
1791 3611 2095 3682 spiritualis

509 3706 780 3773 generati,
809 3720 948 3761 novo
969 3705 1247 3760 vobiscum
1277 3703 1474 3773 gaudio
1507 3702 1822 3772 perfundar.

592 3816 609 3846 ι
642 3796 727 3861 Et,
752 3796 956 3866 hymno
977 3796 1142 3860 dicto,
1156 3796 1407 3848 exierunt
1425 3795 1480 3848 in
1501 3802 1738 3849 montem
1762 3791 2056 3848 Olivarum.
2073 3815 2089 3847 p

511 3890 628 3946 Hoc
658 3897 742 3944 est
769 3890 912 3958 quod
939 3889 995 3944 in
1017 3888 1232 3943 Psalmo
1264 3887 1508 3959 legimus.
1553 3907 1572 3938 ί
1614 3888 1783 3943 Edent
1809 3903 2093 3959 pauperes,

515 3990 570 4036 et
603 3981 1010 4045 saturabuntur,
1035 3988 1090 4034 et
1117 3978 1412 4034 laudabunt
1439 3977 1744 4043 Dominum,
1783 3980 1875 4050 qui
1915 3981 2092 4049 requi-

511 4081 638 4128 runt
657 4086 782 4128 eum
803 4071 976 4142 (Psal.
1009 4070 1147 4140 XXI).
1184 4091 1202 4123 ›
1234 4070 1418 4125 Potest
1441 4071 1605 4126 etiam
1637 4071 1868 4141 hymnus
1896 4071 1984 4127 ille
2013 4072 2096 4126 in-

511 4164 694 4236 telligi,
751 4178 910 4234 quem
958 4162 1218 4218 Dominus
1274 4161 1566 4217 secundum
1615 4160 1877 4216 Joannem
1942 4160 2092 4216 Patri

515 4257 718 4329 gratias
759 4270 922 4327 agens
968 4253 1310 4318 decantabat,
1343 4253 1397 4308 in
1436 4268 1543 4323 quo
1572 4262 1627 4308 et
1668 4270 1766 4324 pro
1801 4255 2009 4324 seipse,
2040 4263 2094 4310 et

512 4364 611 4421 pro
635 4348 914 4420 discipulis
931 4389 946 4415 ,
971 4357 1025 4405 et
1044 4363 1143 4419 pro
1173 4347 1252 4403 eis
1269 4347 1358 4417 qui
1382 4361 1481 4418 per
1518 4347 1741 4402 verbum
1766 4362 1954 4402 eorum
1976 4363 2093 4402 ere.

510 4441 674 4496 dituri
708 4449 899 4506 erant,
939 4447 992 4495 et
1026 4438 1248 4494 elevatis
1287 4453 1500 4492 sursum
1545 4437 1713 4492 oculis
1746 4438 2088 4507 precabatur.

2204 3339 2316 3384 tota
2335 3370 2350 3395 ,
2375 3330 2429 3384 id
2455 3341 2540 3386 est
2578 3333 2720 3387 trina
2748 3335 2994 3404 negatio,
3020 3335 3064 3390 si
3093 3344 3216 3405 post
3243 3336 3483 3406 primum
3507 3337 3632 3408 galli
3667 3353 3781 3392 can-

2203 3423 2636 3494 tuminciperet,
2689 3424 2883 3480 falsum
2930 3426 3133 3482 dixisse
3180 3427 3498 3484 viderentur
3537 3439 3666 3494 tres,
3698 3430 3779 3498 qui

2201 3513 2496 3580 dixerunt,
2539 3515 2681 3585 quod
2709 3525 2999 3587 antequam
3037 3517 3210 3589 gallus
3237 3529 3520 3585 cantaret,
3554 3529 3638 3576 ter
3664 3536 3777 3576 eum

2198 3605 2394 3663 Petrus
2448 3616 2593 3663 esset
2631 3618 2947 3680 negaturus.
3000 3610 3230 3677 Rursus,
3275 3613 3322 3667 si
3373 3623 3542 3668 totam
3595 3615 3781 3668 trinam

2200 3699 2540 3769 negationem
2572 3708 2697 3754 ante
2730 3701 3030 3771 peregisset
3078 3717 3242 3773 quam
3271 3703 3444 3773 gallus
3467 3716 3686 3759 cantare
3711 3705 3784 3758 in-

2197 3789 2421 3860 ciperet,
2444 3789 2713 3861 superfluo
2733 3791 2935 3848 dixisse
2961 3792 3176 3850 Marcus
3205 3795 3700 3865 deprehenderetur
3720 3795 3780 3850 de

2196 3895 2427 3950 persona
2455 3881 2667 3936 Domini
2697 3900 2709 3936 :
2750 3900 2769 3932 ε
2805 3883 2976 3939 Amen
3001 3883 3123 3940 dico
3147 3885 3263 3951 tibi,
3307 3885 3438 3954 quia
3464 3899 3522 3940 tu
3555 3886 3611 3940 in
3634 3893 3784 3940 nocte

2198 3973 2298 4027 hac
2317 4013 2331 4038 ,
2357 3973 2675 4042 priusquam
2703 3973 2875 4045 gallus
2904 3975 2987 4030 bis
3017 3991 3206 4032 vocem
3229 3976 3471 4044 dederit,
3504 3986 3589 4032 ter
3617 3993 3701 4032 me
3722 3992 3777 4031 es

2195 4073 2512 4134 negaturus.
2549 4085 2566 4116 ι
2603 4064 2710 4119 Sed
2735 4066 2862 4135 quia
2882 4074 3006 4122 ante
3021 4067 3255 4137 primum
3285 4067 3650 4137 gallicantum
3674 4076 3778 4121 tota

2193 4157 2363 4228 possit
2415 4157 2664 4229 intelligi,
2710 4158 3077 4214 attenderunt.
3126 4160 3385 4227 Quamvis
3427 4161 3576 4216 enim
3613 4160 3784 4215 verbis

2193 4256 2320 4304 ante
2365 4249 2605 4318 primum
2653 4257 2867 4320 capta,
2916 4259 3044 4305 ante
3093 4253 3393 4306 secundum
3437 4260 3621 4306 autem
3665 4250 3784 4320 galli

2192 4348 2413 4396 cantum
2436 4351 2656 4410 peracta
2687 4340 2757 4396 sit
2784 4348 2895 4396 tota
2917 4339 3008 4395 illa
3045 4341 3186 4396 trina
3218 4342 3468 4412 negatio,
3503 4353 3679 4397 tamen
3706 4341 3781 4395 af.

2193 4431 2426 4489 fectione
2453 4433 2619 4488 animi
2646 4443 2701 4488 et
2725 4433 2920 4488 timore
2945 4432 3092 4488 Petri
3123 4435 3358 4505 primum
3390 4442 3504 4490 tota
3529 4443 3781 4504 concepta

509 4531 575 4586 Et
611 4530 838 4601 pulchre
879 4529 1168 4600 discipulos
1217 4528 1573 4584 sacramentis
1618 4530 1698 4583 sui
1727 4530 1980 4599 corporis
2027 4546 2090 4585 ac
2123 4598 2150 4601 _
2191 4532 2292 4578 est.
2341 4523 2451 4579 Nec
2498 4523 2726 4579 interest
2762 4524 2980 4593 quantis
3025 4533 3293 4581 moratura
3342 4525 3416 4582 sit
3456 4525 3777 4586 intervalliS.

508 4598 786 4691 sanguinis
819 4598 1086 4683 imbutos,
1114 4627 1169 4672 et
1198 4619 1398 4689 hymno
1425 4617 1527 4687 pia:
1556 4598 1959 4674 intercessionis
1983 4618 2086 4672 Pa-
2122 4598 2167 4656 ί)
2193 4617 2507 4686 priusquam
2551 4617 2694 4672 trina
2740 4633 2872 4672 voce
2916 4619 3196 4673 enuntiata
3237 4620 3326 4684 sit,
3377 4634 3503 4674 cum
3533 4635 3633 4674 cor
3670 4618 3776 4686 ejus

505 4714 574 4767 tri
603 4714 925 4775 cumulatos,
949 4711 1004 4766 in
1030 4717 1268 4765 montem
1295 4708 1475 4764 educit
1497 4707 1792 4774 Olivarum,
1823 4717 1882 4762 ut
1913 4709 2090 4781 typicc

512 4803 857 4874 designetur,
908 4819 1006 4860 nos
1057 4820 1154 4874 per
1201 4805 1566 4872 acceptionem
1626 4814 2088 4860 sacramentorum

514 4909 737 4949 suorum
763 4934 778 4960 ,
821 4909 1024 4965 perque
1057 4909 1215 4964 opem
1263 4910 1374 4949 sua:
1418 4895 1856 4961 intercessionis,
1896 4898 1962 4951 ad
2007 4897 2086 4950 al~

508 4987 647 5040 tiora
685 4985 948 5039 virtutum
1001 4985 1173 5052 dona,
1225 4985 1552 5042 charismata
1609 4988 1780 5042 sancti
1833 4988 2086 5058 Spiritus,

510 5076 706 5146 quibus
766 5075 819 5131 in
879 5077 1039 5132 corde
1109 5091 1506 5150 perungamur,
1565 5078 1927 5134 conscendere
1993 5079 2087 5132 de-

506 5171 655 5228 bere.

586 5283 604 5315 ι
634 5264 703 5319 Et
730 5264 805 5320 ait
832 5264 938 5322 illis
957 5265 1112 5322 Jesus
1135 5285 1148 5320 ε
1173 5264 1372 5323 Omnes
1398 5265 1892 5322 scandalizabimini
1925 5266 1977 5319 in
2002 5282 2088 5322 me

510 5373 530 5407 ι
580 5356 633 5410 in
663 5355 764 5412 ista
788 5365 963 5414 nocte.
1006 5379 1024 5410 ι
1055 5359 1304 5415 Ρηεᾱὶεἰι
1326 5375 1445 5428 quae
1467 5358 1678 5428 passuri
1699 5366 1855 5422 sunt,
1882 5368 1938 5411 ut
1966 5374 2087 5412 cum

505 5447 648 5516 passi
688 5446 914 5516 fuerint,
957 5466 1064 5507 non
1109 5451 1397 5520 desperent
1438 5449 1686 5513 salutem,
1725 5449 1817 5503 sed
1866 5457 2088 5519 agentes

506 5539 877 5609 pmnitentiam
910 5543 1229 5599 liberentur.
1271 5543 1340 5597 Et
1361 5543 1637 5613 signanter
1662 5542 1885 5608 addidit,
1912 5544 1966 5598 in
1991 5558 2087 5598 no-

504 5639 590 5687 cte
636 5620 739 5690 ista
786 5636 1307 5699 scandalizabimini,
1352 5635 1478 5704 quia
1537 5636 1806 5704 quomodo
1862 5636 1955 5705 qui
2009 5637 2086 5690 iu-

505 5725 811 5795 ebriantur,
845 5742 1003 5787 nocte
1047 5732 1402 5797 inebriantur,
1448 5732 1525 5786 sic
1560 5740 1615 5786 et
1643 5732 1734 5802 qui
1773 5732 2083 5788 scandalum

507 5819 804 5885 patiuntur,
835 5823 886 5877 in
911 5823 1150 5878 tenebris
1173 5833 1226 5878 et
1258 5825 1310 5879 in
1339 5834 1496 5880 nocte
1518 5826 1802 5880 sustinent.
1831 5825 1936 5881 Nos
1961 5842 2086 5881 vero

2191 4709 2354 4764 etiam
2395 4720 2522 4765 ante
2565 4711 2798 4778 primum
2854 4711 2978 4782 galli
3025 4721 3246 4767 cantum
3307 4719 3418 4767 tota
3463 4713 3778 4783 possideret.

2195 4813 2322 4859 tunc
2342 4818 2536 4873 magna
2577 4803 2784 4858 scilicet
2808 4803 3098 4860 formidine
3126 4804 3383 4868 inhabita,
3411 4815 3472 4859 ut
3492 4814 3678 4875 posset
3701 4819 3779 4857 se-

2195 4895 2300 4950 mel
2325 4910 2430 4950 non
2456 4895 2628 4950 solum
2660 4895 2972 4960 Dominum,
3005 4896 3098 4950 sed
3127 4896 3320 4950 iterum
3350 4905 3407 4948 et
3437 4896 3605 4950 tertio
3626 4896 3778 4949 inter-

2195 4998 2412 5060 rogatus
2446 5004 2667 5060 negare,
2694 4999 2753 5043 ut
2783 4990 2982 5044 rectius
3013 4988 3431 5060 diligentiusque
3457 4988 3777 5044 attendenti-

2191 5087 2311 5148 bus,
2335 5084 2605 5155 quomodo
2633 5083 2748 5153 jam
2779 5084 3083 5138 mmchatus
3110 5091 3195 5137 est
3221 5081 3510 5137 mulierem
3549 5083 3603 5136 in
3626 5081 3774 5136 corde

2191 5195 2304 5241 suo,
2333 5179 2424 5247 qui
2457 5193 2578 5234 eam
2605 5178 2802 5234 viderit
2838 5178 2906 5233 ad
2940 5175 3431 5246 concupiscendum
3459 5175 3772 5246 (Manlia).

2195 5271 2284 5326 Sic
2306 5270 2500 5326 Petrus
2538 5271 2968 5340 quandocunque
3009 5269 3193 5326 verbis
3221 5269 3458 5324 ediceret
3510 5267 3772 5328 timorem,

2195 5379 2354 5433 quem
2383 5364 2734 5418 vehementer
2764 5364 2946 5418 animo
2992 5368 3351 5432 conceperat,
3397 5370 3457 5414 ut
3483 5360 3776 5429 perdurare

2198 5463 2382 5522 posset
2426 5469 2595 5524 usque
2632 5454 2700 5509 ad
2737 5454 2954 5508 tertiam
2997 5453 3214 5509 Domini
3257 5451 3625 5523 negationem,
3676 5462 3773 5505 tota

2201 5546 2341 5600 trina
2363 5546 2579 5616 negatio
2599 5545 2648 5600 ei
2678 5545 2905 5614 tempori
2936 5544 3239 5616 deputanda
3277 5553 3378 5603 est.
3419 5544 3640 5613 quando
3661 5559 3772 5596 eum

2200 5639 2355 5694 trime
2376 5639 2676 5711 negationis
2698 5639 2970 5697 sutliciens
2998 5641 3160 5697 timor
3188 5641 3402 5696 invasit.

2209 5770 2212 5773 .
2273 5754 2289 5782 ι
2327 5732 2391 5787 Et
2421 5733 2644 5789 veniunt
2662 5733 2715 5788 in
2737 5735 2995 5805 praedium
3029 5735 3113 5790 cui
3142 5749 3337 5790 nomen
3365 5733 3769 5788 Gethsemaniu

2201 5824 2528 5882 Monstratur
2559 5843 2727 5897 usque
2771 5828 2928 5883 hodie
2964 5829 3114 5884 locus
3154 5825 3528 5892 Gethsemani,
3575 5826 3630 5880 in
3673 5842 3772 5894 quo
