3934 6346
176 440 278 495 401

1419 457 1717 514 HOMILIE
1757 458 1844 515 DE
1884 459 2229 522 TEMPORE.

3332 489 3440 575 to:

177 564 440 622 Dominus
459 569 652 636 oravit,
678 573 744 628 ad
767 575 973 632 radices
990 579 1189 634 montis
1209 580 1405 636 Oliveti
1433 591 1580 650 tunc,
1604 598 1751 638 nunc
1776 587 1833 647 Α
1856 601 2071 643 crucem
2095 590 2348 660 praedico.
2364 593 2480 650 Mea
2500 607 2582 652 est
2603 600 2872 667 voluntas,
2896 620 3056 674 quam
3083 623 3235 665 suam
3261 612 3433 670 dixit:

175 657 410 714 ecclesia
439 659 668 731 desuper
681 663 956 720 aediﬁcata.
982 666 1375 738 Interpretatur
1388 680 1567 727 autem
1593 671 1762 729 Ceth-

174 749 386 803 semani
410 749 558 804 vallis
581 753 874 822 pinguium,
908 756 1022 811 sive
1053 758 1444 829 pinguedinum.
1477 761 1612 829 Quia
1635 779 1764 818 vero

172 855 286 895 non
315 840 488 896 solum
513 841 654 897 dicta
686 844 770 898 vel
799 861 962 915 opera
993 845 1326 917 Salvatoris,
1372 867 1560 908 verum
1600 855 1762 910 etiam

173 931 294 987 loca
332 933 418 988 vel
458 942 717 1006 tempora,
757 938 810 991 in
850 939 1046 1008 quibus
1087 952 1345 1012 operatur
1397 939 1452 1000 et
1498 944 1758 1015 loquitur,

172 1023 442 1094 mysticis,
465 1033 525 1078 ut
548 1040 687 1097 saepe
711 1027 913 1083 dictum
936 1039 1041 1098 est,
1062 1042 1188 1087 sunt
1208 1033 1367 1103 plena
1395 1034 1602 1104 ﬁguris,
1639 1053 1760 1092 cum

171 1115 230 1168 in
270 1124 454 1172 monte
480 1126 599 1172 orat
630 1119 909 1190 Dominus,
937 1125 1092 1194 quasi
1141 1126 1303 1182 tacite
1349 1141 1450 1183 nos
1503 1131 1760 1186 admonet

168 1206 425 1264 sublimia
446 1217 653 1264 tantum
681 1213 886 1269 orando
908 1214 1128 1286 inquiri,
1148 1226 1203 1273 et
1225 1233 1323 1288 pro
1335 1221 1644 1276 caelestibus
1669 1223 1762 1279 bo-

167 1295 260 1348 nis
282 1296 571 1366 supplicari
590 1299 804 1356 debere.
831 1302 898 1356 Et
922 1320 1044 1359 cum
1087 1307 1141 1360 in
1170 1307 1308 1364 valle
1329 1318 1469 1377 orat,
1492 1320 1548 1367 et
1576 1311 1678 1368 hoc
1704 1315 1758 1368 in

163 1388 313 1442 valle
326 1389 623 1461 pinguium,
655 1393 766 1449 sive
787 1396 1128 1465 pinguedinis
1143 1401 1330 1470 ipsius,
1349 1418 1500 1473 aeque
1524 1405 1763 1460 insinuat

163 1481 331 1536 nobis
360 1482 720 1540 humilitatem
760 1487 814 1541 in
851 1489 1208 1558 orationibus,
1235 1503 1290 1549 et
1317 1495 1368 1548 in
1395 1505 1611 1551 aeternae
1643 1498 1761 1568 pin-

160 1571 460 1641 guedinem
479 1573 781 1633 dilectionis
809 1595 929 1634 esse
950 1583 1294 1639 servandam.
1312 1578 1496 1656 Neque
1513 1587 1763 1646 videlicet

157 1675 333 1718 orans
383 1662 671 1721 Dominum
709 1666 921 1735 jactare
967 1688 1061 1726 sua
1108 1676 1298 1730 merita
1349 1677 1401 1730 in
1452 1680 1759 1750 exemplum

157 1747 426 1810 ΡΙ)θήεωὶ
474 1759 840 1826 superbientis
885 1763 1112 1830 audeat,
1165 1767 1296 1836 quin
1352 1771 1529 1838 potius
1571 1747 1758 1827 humili

155 1856 302 1897 voce
347 1860 412 1900 ac
459 1856 638 1902 mente
689 1850 1024 1919 proclamet:
1063 1871 1081 1904 ‹
1110 1855 1287 1924 Deus,
1334 1860 1600 1930 propitius
1640 1871 1760 1918 esto

1865 677 1990 746 quia
2039 688 2100 734 ut
2146 681 2308 739 homo
2357 690 2596 758 suscepit
2646 693 2922 751 tristitiam
2970 713 3166 768 meam,
3196 711 3258 757 ut
3287 705 3450 763 homo

1864 770 2075 827 locutus
2097 782 2196 838 est,
2230 785 2285 831 et
2315 777 2434 833 ideo
2460 796 2472 832 :
2509 799 2528 831 ι
2564 781 2680 837 Non
2713 785 2854 843 sicut
2885 804 2986 861 ego
3015 792 3139 848 volo
3158 835 3172 859 ,
3196 795 3291 852 sed
3311 797 3454 854 sicut

1865 871 1922 916 tu
1953 863 2051 918 vis.
2081 883 2099 914 ι
2130 864 2242 921 Mea
2271 877 2356 924 est
2377 870 2618 940 tristitia,
2639 889 2802 945 quam
2825 895 2947 936 meo
2972 885 3209 956 suscepit
3234 885 3447 944 affectu.

1863 951 2005 1025 Ergo
2045 971 2145 1025 pro
2178 973 2266 1014 me
2302 960 2494 1028 doluit,
2539 964 2631 1034 qui
2675 982 2774 1037 pro
2819 985 2880 1026 se
2923 973 3060 1028 nihil
3086 951 3278 1033 habuit
3307 981 3451 1050 quod

1863 1043 2070 1100 doleret
2099 1064 2112 1100 :
2146 1056 2202 1102 et
2220 1059 2559 1120 sequestrata
2583 1055 2940 1117 delectatione
2959 1063 3270 1125 Divinitatis
3293 1043 3452 1128 aeter-

1863 1147 1963 1198 nae,
1991 1135 2148 1192 taedio
2186 1153 2320 1194 meae
2363 1140 2691 1202 inﬁrmitatis
2731 1148 2978 1208 afﬁcitur.
3011 1172 3030 1206 ‹
3061 1156 3255 1215 Tristis
3288 1170 3392 1227 est,
3425 1180 3445 1213 ι

1861 1223 2067 1294 inquit,
2101 1248 2120 1277 ‹
2171 1229 2351 1286 anima
2399 1247 2570 1303 usque
2611 1239 2676 1293 ad
2725 1248 2976 1299 mortem.
3017 1265 3036 1298 ι
3071 1246 3187 1304 Non
3229 1260 3451 1324 propter

1862 1327 2090 1374 mortem
2125 1322 2295 1378 tristis
2321 1335 2406 1381 est
2428 1327 2690 1388 Dominus
2711 1375 2726 1399 ,
2757 1336 2884 1404 quia
2914 1352 3037 1394 eum
3065 1343 3306 1401 conditio
3327 1322 3452 1401 cor-

1861 1409 2062 1478 poralis
2112 1411 2372 1480 affectus,
2414 1434 2520 1474 non
2563 1421 2795 1480 formido
2822 1428 3013 1484 mortis
3038 1429 3280 1488 offendit.
3311 1435 3448 1492 Nam

1861 1501 1986 1568 quia
2033 1517 2228 1573 corpus
2274 1511 2547 1579 suscepit,
2594 1517 2772 1572 omnia
2807 1517 2993 1575 debuit
3034 1537 3154 1592 quae
3199 1529 3448 1597 corporis

1861 1601 2006 1658 sunt,
2036 1603 2094 1648 ut
2116 1597 2379 1666 esuriret,
2417 1603 2618 1672 sitiret,
2649 1618 2959 1680 angeretur,
3004 1617 3448 1686 contristaretur,

1863 1682 2126 1742 Divinitas
2156 1697 2335 1746 autem
2374 1699 2702 1753 commutari
2731 1716 2832 1771 per
2858 1703 2957 1760 hos
2986 1707 3162 1762 nescit
3198 1682 3443 1766 allectus.

1939 1794 1956 1825 ε
2002 1774 2276 1835 Sustinete
2307 1782 2424 1848 hic,
2467 1794 2524 1842 et
2549 1788 2788 1859 vigilate.
2819 1792 2886 1848 Et
2928 1809 3050 1850 cum
3091 1799 3448 1866 processisset

1867 1885 1883 1915 ι
1919 1867 2216 1937 paululum,
2249 1875 2480 1942 procidit
2508 1893 2670 1949 super
2696 1890 2918 1940 terram.
2947 1905 2967 1938 ι
2995 1887 3131 1955 Quia
3150 1893 3444 1963 praecepit:

154 1935 301 1989 mihi
321 1941 592 2006 peccatori
623 1940 773 2012 (Luc.
808 1947 986 2017 xvm).
1012 1967 1030 1997 ›
1057 1946 1135 2002 Ne
1160 1950 1369 2005 aridum
1410 1967 1441 2006 a
1465 1953 1755 2011 dilectione
1785 1946 1831 2006 Β
1868 1973 1885 2007 ι
1920 1935 2198 2016 Sustinete
2219 1935 2309 2019 hic
2331 1973 2387 2020 et
2410 1935 2661 2038 vigilate,
2695 1993 2714 2024 ι
2748 1990 2857 2031 non
2885 1991 2917 2032 a
2937 1935 3130 2035 somno
3151 1935 3410 2051 Iprohibet
3429 2025 3443 2049 ,

149 2026 398 2094 proximi
435 2044 529 2085 cor
571 2040 811 2102 gestans,
842 2037 909 2090 ad
939 2038 1256 2108 placandam
1300 2043 1401 2099 sibi
1447 2045 1753 2104 Conditoris

137 2118 394 2188 gratiam
421 2122 744 2192 genuﬂectat
763 2144 775 2181 :
796 2127 951 2197 juxta
973 2145 1121 2196 eum,
1142 2134 1234 2202 qui
1265 2144 1481 2190 centum
1504 2138 1755 2195 denarios

148 2208 342 2276 fratri,
367 2226 502 2281 quos
544 2214 649 2269 sibi
677 2217 939 2284 debebat,
970 2219 1245 2280 dimittere
1289 2226 1478 2283 nolens
1501 2268 1516 2293 ,
1565 2230 1752 2287 decem

147 2299 332 2353 millia
362 2303 564 2359 talenta
606 2306 708 2361 sibi
741 2324 772 2362 a
804 2309 1031 2367 Domino
1071 2311 1271 2369 frustra
1309 2319 1636 2386 precabatur
1667 2337 1755 2376 re-

146 2389 306 2444 mitti
332 2390 548 2462 (Matth.
575 2395 730 2468 xvm)
755 2416 767 2452 :
793 2415 859 2454 ne
875 2398 1118 2468 jejunum
1149 2405 1217 2459 ab
1244 2421 1429 2462 amore
1450 2407 1756 2467 Conditoris

142 2491 356 2548 pectus
399 2483 625 2554 habens,
671 2493 988 2561 temporalia
1037 2495 1289 2565 quaelibet
1331 2499 1512 2568 potius
1550 2500 1604 2556 in
1633 2517 1754 2557 ora-

145 2571 331 2638 tione,
363 2589 526 2643 quam
553 2579 670 2648 ejus
707 2581 970 2638 visionem
1001 2587 1274 2654 requirat,
1313 2594 1752 2650 annumerandus

148 2662 215 2716 in
248 2663 348 2727 eis,
378 2663 446 2719 de
475 2667 672 2735 quibus
698 2671 774 2725 ait
797 2673 910 2740 ipse
936 2691 948 2726 :
988 2693 1007 2725 ι
1036 2674 1171 2742 Quia
1204 2689 1526 2747 ret-cperunt
1546 2698 1755 2739 merce-

151 2752 286 2807 dem
309 2767 460 2808 suam
486 2754 697 2827 (Matth.
731 2762 829 2831 vi).
854 2782 874 2814 ι
911 2761 1023 2818 Imo
1051 2766 1248 2837 quippe
1287 2769 1673 2840 cogitationem
1698 2774 1751 2828 in

150 2843 323 2898 rebus
347 2847 578 2901 terrenis
605 2864 829 2919 ponere,
859 2853 986 2922 quid
1007 2864 1093 2910 est
1113 2856 1278 2923 aliud,
1310 2875 1472 2929 quam
1501 2865 1750 2932 quaedam

154 2933 387 2989 ariditas
411 2937 644 2992 mentis?
666 2938 764 3006 Qui
798 2952 977 2998 autem
1010 2947 1286 3004 intellectu
1311 2951 1615 3010 cmlestium
1635 2957 1749 3026 jam

153 3041 261 3096 per
285 3037 472 3083 sancta
513 3031 777 3088 desideria
821 3035 875 3089 in
903 3041 1150 3107 supernis
1175 3042 1625 3103 delectationibus
1662 3049 1748 3104 in-

160 3119 295 3174 time
321 3131 634 3190 pascuntur,
668 3127 822 3194 quasi
844 3126 1064 3200 largiori
1087 3131 1345 3190 alimento
1363 3135 1742 3207 pinguescunt.

163 3208 278 3265 Hac
315 3213 460 3266 enim
483 3213 812 3285 pinguedine
849 3219 1082 3289 saginari
1126 3222 1414 3281 Psalmista
1451 3231 1744 3301 concupie-

170 3309 287 3366 rat,
329 3317 446 3358 cum
490 3305 744 3362 dicebat:
781 3326 799 3359 ‹
830 3309 982 3366 Sicut
1015 3314 1173 3386 adipe
1212 3325 1267 3370 et
1295 3293 1746 3389 pinguedine-re-
1774 3293 1822 3358 ο

173 3391 382 3460 pleatur
408 3397 580 3452 anima
616 3415 736 3455 mea
763 3399 936 3473 (Psal.
981 3405 1133 3476 an).
1169 3426 1187 3458 ›
1221 3407 1492 3474 Quantum
1525 3425 1653 3466 vero
1677 3412 1744 3467 ad

172 3485 338 3555 ipsam
385 3487 670 3547 Dominica:
713 3495 981 3562 passionis
1006 3498 1462 3568 dispensationem
1487 3502 1743 3572 pertinet,

167 3589 291 3648 apte
316 3583 638 3653 appropians
663 3587 824 3641 morti
864 3588 1124 3645 Dominus
1156 3591 1209 3645 in
1236 3591 1372 3646 valle
1400 3592 1746 3662 pinguedinis

161 3672 357 3737 oravit,
387 3673 512 3742 quia
552 3690 652 3746 per
675 3677 874 3732 vallem
900 3679 1252 3748 humilitatis,
1280 3692 1336 3738 et
1360 3684 1743 3754 pinguedinem

161 3764 444 3823 charitatis
469 3783 569 3838 pro
593 3773 747 3826 nobis
764 3781 992 3829 mortem
1019 3777 1202 3831 subiit.
1224 3797 1244 3830 ‹
1264 3777 1578 3836 Humiliavit
1601 3782 1744 3836 enim

157 3856 532 3928 semetipsum,
561 3858 735 3916 factus
753 3861 1014 3919 obediens
1032 3865 1180 3920 Patri
1205 3883 1374 3936 usque
1405 3869 1470 3923 ad
1492 3877 1742 3938 mortem,

160 3956 391 4004 mortem
422 3960 601 4008 autem
628 3955 806 4010 crucis
831 3953 1087 4028 (Philipp.
1112 3960 1196 4031 ιι).
1229 3980 1247 4013 ι
1272 3961 1338 4016 Et
1360 3962 1622 4041 majorem
1645 3964 1745 4019 hac

157 4039 507 4098 dilectionem
534 4060 694 4100 nemo
724 4047 907 4116 habet,
929 4065 1091 4121 quam
1118 4062 1176 4107 ut
1207 4053 1443 4108 animam
1470 4039 1620 4109 suam
1653 4071 1748 4126 po-

158 4139 256 4187 nat
271 4133 397 4203 quis
424 4149 524 4204 pro
551 4137 737 4193 amicis
767 4139 880 4196 suis
902 4139 1084 4211 (Joan.
1117 4144 1228 4215 xv).

235 4245 254 4278 ι
284 4226 355 4281 Ει
377 4230 604 4286 assumit
643 4230 864 4289 Petrum
900 4244 955 4290 et
993 4235 1252 4293 Jacobum
1288 4249 1344 4295 et
1369 4239 1631 4296 Joannem
1663 4257 1749 4298 se-

161 4335 182 4369 c
214 4333 360 4384 cum,
383 4329 438 4374 et
465 4323 631 4392 coepit
655 4337 854 4392 pavere
874 4335 930 4380 et
954 4327 1168 4384 taedere.
1194 4329 1263 4385 Et
1285 4331 1360 4386 ait
1387 4332 1526 4386 illis:
1555 4332 1748 4389 Tristis

161 4427 180 4459 ι
214 4419 298 4464 est
325 4411 505 4466 anima
531 4427 650 4468 mea
675 4428 846 4484 usque
873 4417 938 4471 ad
967 4427 1216 4474 mortem.
1241 4440 1259 4472 ι
1279 4420 1458 4476 Timet
1475 4422 1741 4490 Christus,

156 4517 283 4556 cum
324 4502 516 4560 Petrus
544 4520 651 4561 non
696 4508 900 4564 timeat.
939 4508 1187 4568 Christus
1217 4514 1398 4580 timet,
1428 4515 1621 4574 Petrus
1669 4519 1745 4573 di-

157 4593 272 4646 cit:
317 4593 565 4651 Animam
603 4612 779 4653 meam
825 4614 968 4670 pono
1012 4617 1110 4672 pro
1155 4612 1226 4659 te.
1275 4602 1525 4662 Christus
1577 4607 1743 4664 dicit:

156 4685 351 4740 Anima
412 4702 532 4743 mea
588 4690 856 4745 turbatur.
906 4692 1209 4764 Utrumque
1265 4711 1452 4752 verum
1507 4708 1632 4766 est,
1690 4689 1824 4755 etD

155 4777 376 4847 plenum
431 4792 720 4853 utrumque
784 4786 992 4841 ratione
1035 4805 1048 4841 :
1101 4789 1242 4858 quod
1295 4799 1350 4846 et
1385 4791 1475 4847 ille
1521 4794 1612 4863 qui
1663 4804 1746 4850 est

153 4869 400 4936 inferior,
434 4889 542 4928 non
593 4875 748 4931 timet
784 4895 796 4930 :
840 4886 897 4933 et
942 4877 1049 4944 ille,
1081 4879 1174 4948 qui
1215 4889 1302 4936 est
1341 4885 1609 4954 superior,
1654 4899 1744 4953 ge-

153 4962 223 5015 rit
271 4962 514 5020 timentis
559 4965 832 5022 allectum.
880 4967 971 5023 lllc
1017 4969 1160 5024 enim
1203 4973 1359 5040 quasi
1401 4974 1584 5042 homo,
1632 4977 1739 5031 vim

154 5045 354 5113 mortis
394 5060 605 5130 ignorat
645 5081 658 5116 :
702 5063 804 5119 iste
845 5074 1024 5120 autem
1070 5067 1222 5137 quasi
1248 5067 1392 5126 Deus
1427 5071 1481 5126 in
1513 5089 1738 5144 corpore

153 5153 518 5221 constitutus,
568 5155 914 5226 fragilitatem
945 5160 1128 5214 carnis
1157 5162 1416 5231 exponit,
1454 5174 1512 5219 ut
1546 5182 1734 5224 eorum

153 5241 247 5312 qui
273 5253 671 5302 sacramentum
699 5245 950 5317 abjurant
980 5249 1387 5318 incarnationis,
1421 5256 1736 5315 excludere-

152 5341 243 5388 tur
289 5334 556 5405 impietas.
601 5337 843 5410 Denique
876 5351 931 5397 et
971 5343 1086 5398 haec
1115 5343 1288 5410 dixit,
1329 5355 1380 5401 et
1413 5346 1736 5409 Manicharus

154 5439 262 5478 non
284 5426 530 5493 credidit,
553 5427 871 5486 Valentinus
896 5433 1132 5503 negavit,
1159 5433 1392 5492 Marcion
1419 5439 1734 5508 phantasma

147 5507 432 5583 judicavit.
469 5520 548 5576 Eo
571 5531 751 5578 autem
781 5540 951 5592 usque
977 5526 1249 5583 hominem
1271 5569 1287 5595 ,
1322 5544 1481 5598 quem
1511 5534 1562 5588 in
1597 5539 1736 5592 veri-

157 5614 266 5661 tate
295 5612 537 5678 corporis
565 5613 992 5682 demonstrabat,
1019 5619 1268 5686 aequabat
1290 5619 1484 5678 aﬁ‘ectu
1509 5634 1567 5680 ut
1590 5627 1736 5683 dice-

155 5706 275 5752 ret:
316 5720 333 5750 ‹
376 5699 483 5756 Sed
520 5713 698 5762 tamen
743 5723 850 5763 non
880 5707 1019 5763 sicut
1057 5725 1157 5780 ego
1185 5711 1309 5768 volo
1332 5755 1346 5780 ,
1380 5717 1474 5773 sed
1512 5720 1652 5776 sicut
1681 5731 1737 5778 tu

158 5790 259 5845 Vis.
295 5811 314 5844 ι
349 5792 597 5866 Suscepit
619 5813 750 5870 ergo
777 5800 1108 5857 voluntatem
1139 5819 1335 5872 meam,
1361 5813 1598 5884 suscepit
1639 5817 1738 5872 tri-

158 5885 362 5944 stitiam
407 5904 603 5951 meam.
639 5892 982 5955 Conﬂdenter
1024 5899 1244 5958 nomino
1271 5902 1580 5978 tristitiam,
1610 5916 1738 5986 quia

1859 2048 2012 2118 cujus
2045 2059 2254 2122 tempus
2291 2071 2398 2111 non
2421 2067 2540 2113 erat
2567 2061 2882 2122 imminente
2908 2067 3223 2128 discrimine
3246 2113 3262 2140 ,
3292 2074 3386 2129 sed
3414 2091 3445 2130 a

1858 2151 2050 2193 somno
2079 2140 2411 2202 inﬁdelitatis
2441 2156 2494 2202 ct
2519 2155 2764 2223 corporis
2785 2165 2841 2212 et
2861 2161 3078 2217 mentis.
3103 2162 3240 2220 Dato
3263 2174 3444 2222 autem

1856 2229 1936 2285 eis
1978 2242 2279 2303 praecepto,
2326 2247 2388 2292 ut
2415 2243 2747 2304 sustinerent
2791 2250 3181 2326 vigilarentque
3220 2272 3442 2325 secum,

1856 2320 2130 2389 paululum
2161 2328 2447 2394 procidens
2475 2335 2588 2388 ruit
2621 2337 2677 2391 in
2705 2320 2899 2396 faciem
2928 2320 3115 2412 suam,
3145 2355 3201 2402 et
3229 2320 3446 2404 humili;

1859 2419 2023 2468 tatem
2046 2418 2242 2473 mentis
2276 2419 2462 2478 habitu
2489 2429 2672 2483 carnis
2695 2433 2948 2489 ostendit.

1933 2522 1951 2554 ε
1988 2504 2054 2559 Et
2083 2509 2274 2566 orabat
2314 2522 2392 2580 ut,
2449 2517 2496 2570 si
2543 2517 2662 2575 ﬁeri
2713 2534 2927 2592 posset,
2968 2530 3224 2587 transiret
3271 2535 3337 2590 ab
3377 2550 3444 2590 eo

1863 2614 1879 2646 ε
1917 2597 2048 2652 hora
2075 2641 2089 2665 ,
2118 2608 2173 2655 et
2203 2603 2340 2659 dixit
2378 2624 2391 2660 :
2421 2608 2574 2666 Abba
2601 2612 2785 2684 Pater,
2815 2621 2998 2676 omnia
3030 2623 3125 2678 tibi
3165 2627 3438 2694 possibilia

1861 2708 1878 2738 ι
1920 2699 2066 2756 sunt,
2107 2695 2344 2751 transfer
2371 2700 2594 2758 calicem
2617 2705 2761 2762 hunc
2783 2725 2814 2763 a
2841 2726 2946 2766 me.
2986 2732 3005 2766 ι
3037 2714 3175 2781 Quid
3212 2727 3332 2773 erat
3353 2719 3442 2774 illa

1855 2793 1978 2843 vox,
2011 2780 2116 2836 nisi
2143 2797 2310 2841 sonus
2348 2788 2681 2851 inﬁrmitatis
2707 2801 2948 2856 nostrae?
2975 2780 3126 2859 Multi
3159 2807 3335 2865 adhuc
3360 2811 3442 2865 in-

1854 2867 1996 2924 ﬁrmi
2044 2876 2441 2935 contristantur
2468 2881 2650 2941 futura
2687 2899 2901 2959 morte,
2945 2896 3043 2951 sed
3083 2898 3317 2956 habeant
3356 2919 3444 2958 re-

1853 2972 1999 3019 ctum
2046 2982 2159 3036 cor,
2213 2973 2382 3029 vitent
2424 2988 2655 3036 mortem
2685 2994 2947 3054 quantum
2978 3001 3224 3060 possunt,
3258 2995 3352 3050 sed
3392 2997 3437 3052 si

1850 3073 1956 3112 non
1977 3072 2223 3130 possunt,
2257 3067 2439 3123 dicant
2461 3075 2605 3141 quod
2628 3075 2744 3146 ipse
2771 3078 3049 3148 Dominus,
3079 3100 3186 3141 non
3217 3096 3441 3156 propter

1851 3164 1932 3214 se,
1963 3155 2058 3208 sed
2092 3164 2314 3226 propter
2337 3175 2437 3216 nos
2464 3163 2615 3219 dixit.
2649 3165 2786 3233 Quid
2826 3172 2971 3226 enim
3001 3174 3171 3239 dixit,
3201 3155 3233 3227 «ί
3253 3155 3438 3243 Pater,

1851 3242 1894 3296 si
1921 3244 2037 3299 ﬁeri
2063 3257 2259 3316 potest,
2287 3260 2527 3309 transeat
2559 3273 2589 3310 a
2618 3273 2702 3312 me
2724 3261 2865 3315 calix
2889 3263 3031 3319 iste?
3061 3285 3081 3317 ›
3112 3267 3252 3322 Ecce
3278 3242 3441 3323 habet

1851 3334 2183 3394 voluntatem
2236 3342 2527 3400 humanam
2573 3347 2853 3417 Christus,
2899 3355 3022 3409 vide
3070 3357 3185 3426 jam
3231 3367 3438 3414 rectum

1848 3440 1939 3481 cor
1960 3445 1972 3481 :
1996 3447 2013 3480 ι
2036 3428 2142 3485 Sed
2172 3447 2278 3487 non
2298 3437 2443 3503 quod
2463 3453 2564 3508 ego
2588 3441 2726 3508 volo,
2752 3444 2848 3499 sed
2870 3447 3012 3514 quod
3037 3457 3112 3502 tu.
3139 3467 3159 3501 ι
3177 3448 3292 3505 Νοη
3314 3453 3438 3506 veni

1851 3517 2059 3586 facere,
2103 3523 2298 3593 inquit,
2334 3545 2353 3577 ‹
2381 3528 2714 3588 voluntatem
2758 3550 2958 3604 meam,
2991 3539 3085 3595 sed
3112 3540 3440 3598 voluntatem

1848 3608 2067 3682 ejusqui
2089 3628 2175 3667 me
2199 3615 2347 3672 misit
2367 3617 2550 3689 (Joan.
2575 3621 2672 3695 vr).
2698 3643 2717 3676 ι
2739 3624 2906 3682 Suam
2926 3628 3266 3711 voluntatem
3281 3633 3438 3700 dixit,

1847 3716 2011 3770 quam
2040 3707 2412 3776 temporaliter
2464 3716 2695 3784 sumpsit
2727 3731 2796 3771 ex
2825 3718 3033 3791 virgine
3064 3741 3076 3776 :
3108 3707 3440 3780 voluntatem

1849 3808 1978 3849 vero
2017 3794 2167 3864 ejus,
2219 3800 2313 3868 qui
2357 3815 2484 3857 eum
2528 3805 2692 3872 misit,
2737 3823 2859 3864 eam
2900 3812 3148 3870 videlicet
3193 3815 3438 3887 signans,

1849 3903 2011 3957 quam
2040 3890 2472 3963 intemporaliter
2489 3908 2727 3958 aeternus
2758 3903 2944 3960 habuit
2965 3921 3089 3963 cum
3109 3909 3270 3966 Patre
3290 3925 3440 3967 com-

1849 3994 2084 4037 munem.
2127 3983 2262 4040 Orat
2303 3991 2535 4047 transire
2598 3994 2857 4064 calicem,
2921 4009 2981 4055 ut
3021 4004 3269 4059 ostendat
3311 4019 3440 4063 vere

1849 4074 1977 4144 quia
1999 4085 2058 4131 et
2081 4077 2244 4135 homo
2273 4091 2391 4136 erat
2418 4101 2431 4136 :
2466 4083 2820 4146 reminiscens
2843 4100 3023 4148 autem
3051 4104 3274 4167 pr0pter
3295 4103 3439 4168 quod

1851 4166 2050 4238 missus
2072 4179 2174 4238 est,
2207 4175 2418 4242 perﬁcit
2449 4177 2904 4250 dispensationem
2935 4188 3001 4243 ad
3035 4166 3198 4259 quam
3237 4191 3435 4249 missus

1851 4267 1956 4324 est,
1988 4267 2044 4346 et
2072 4262 2271 4319 clamat
2301 4285 2314 4320 :
2351 4285 2370 4318 ‹
2409 4266 2518 4325 Sed
2544 4286 2653 4327 non
2674 4276 2819 4344 quod
2857 4292 2956 4350 ego
2996 4280 3117 4336 volo
3137 4323 3152 4347 ,
3177 4283 3272 4337 sed
3296 4284 3438 4340 uuod

1854 4358 1931 4406 tu.
1971 4371 1990 4405 ι
2021 4341 2079 4409 Si
2108 4359 2339 4414 moritur
2365 4377 2512 4420 mors
2551 4381 2638 4421 me
2670 4383 2778 4423 non
2821 4371 3106 4438 moriente,
3140 4375 3434 4431 secundum

1849 4458 2069 4500 carnem
2096 4447 2382 4517 videlicet,
2431 4465 2694 4526 transeat,
2735 4461 2835 4528 ait,
2876 4462 3035 4518 calix.
3064 4463 3265 4519 Verum
3309 4467 3434 4535 quia

1852 4549 1958 4588 non
2002 4535 2159 4592 aliter
2189 4539 2294 4595 hoc
2330 4542 2450 4611 ﬁet,
2482 4547 2558 4601 ait
2593 4565 2606 4601 :
2635 4568 2654 4600 ‹
2683 4549 2798 4605 Non
2841 4552 2982 4620 quod
3010 4567 3110 4622 ego
3153 4553 3294 4620 volo,
3333 4557 3429 4610 sed

1852 4629 1996 4697 quod
2032 4637 2106 4685 tu.
2153 4652 2171 4683 ›
2203 4632 2356 4701 Quod
2403 4647 2583 4694 autem
2631 4640 2848 4696 Patrem
2896 4643 3186 4710 invocans,
3235 4646 3435 4717 duplici

1853 4720 2072 4776 nomine
2102 4722 2254 4788 dicit,
2283 4726 2436 4782 Abba
2466 4727 2646 4798 Pater,
2675 4731 2958 4803 utriusque
2995 4736 3209 4806 populi,
3253 4747 3308 4794 et
3333 4737 3431 4811 Ju-

1851 4808 2086 4864 daeornm
2129 4813 2337 4870 scilicet
2381 4817 2530 4873 illum
2567 4827 2622 4875 et
2666 4822 2944 4893 gentilium
2989 4827 3157 4883 Deum
3203 4809 3340 4886 esse
3370 4848 3436 4888 ac

1852 4896 2187 4956 Salvatorem
2225 4907 2476 4963 ostendit.
2521 4909 2666 4966 Idem
2709 4927 2943 4985 namque
2987 4918 3144 4986 abba,
3191 4921 3337 4990 quod
3381 4933 3433 4979 et

1849 4997 2004 5057 pater
2027 4990 2316 5062 signiﬁcat,
2349 4998 2443 5052 sed
2477 4998 2613 5055 abba
2642 5000 2950 5075 Hebraeum,
2994 5019 3150 5080 pater
3177 5013 3427 5070 Graecum

1846 5272 2073 5334 utraque
2119 5267 2294 5340 lingua
2338 5287 2463 5328 eum
2505 5277 2713 5344 primus
2763 5281 2877 5352 ipse
2920 5286 3154 5344 invocat.
3198 5289 3316 5360 Ipse
3344 5301 3428 5347 est

1843 5355 1987 5408 enim
2011 5356 2182 5412 bonus
2202 5369 2408 5430 pastor,
2438 5365 2530 5434 qui
2552 5368 2788 5425 animam
2821 5389 2972 5431 suam
3003 5379 3093 5433 dat
3113 5396 3212 5450 pro
3232 5381 3422 5438 ovibus

1845 5446 1976 5512 suis,
2011 5465 2174 5504 unum
2203 5452 2268 5506 de
2298 5453 2506 5512 duobus
2531 5461 2783 5532 gregibus
2810 5467 2950 5522 ovile
2978 5446 3191 5538 perﬁcit
3231 5471 3418 5543 (loan.

1848 5544 1924 5611 χ).
1948 5541 2070 5598 Ideo
2096 5546 2380 5618 utriusque
2403 5565 2535 5608 voce
2571 5557 2752 5628 gregis
2781 5561 3038 5616 auxilium
3065 5541 3249 5620 Patris
3272 5562 3425 5636 ﬂagi-

1846 5641 1960 5699 tat,
1996 5645 2054 5690 ut
2103 5653 2202 5694 nos
2230 5648 2460 5712 utroque
2505 5649 2752 5719 exemplo
2789 5652 2931 5709 illius
2973 5654 3286 5722 informati,
3333 5656 3423 5716 ubi

1846 5728 2072 5784 adversa
2106 5731 2386 5790 imminere
2411 5741 2774 5808 senserimus,
2819 5762 2918 5801 nos
2956 5747 3173 5802 Patrem
3221 5750 3387 5806 Deum
3409 5794 3422 5818 ,

1846 5817 2055 5874 Hebraei
2095 5822 2243 5878 Abba
2277 5827 2607 5899 invocantes,
2641 5849 2744 5889 una
2779 5835 2902 5894 ﬁdei
2928 5849 2982 5894 et
3017 5840 3299 5898 charitatis
3329 5845 3427 5903 de:

1843 5914 2060 5972 votione
2089 5920 2402 5990 praesidium
2432 5924 2654 5985 caeleste
2690 5944 3017 6004 quaeramus.
3053 5935 3206 5998 Unde
3234 5936 3425 6010 doctor
