3934 6346
483 459 487 463 _
543 375 644 430 405

541 600 668 641 suos
716 585 986 639 auditores
1012 582 1323 650 alloquitur
1367 600 1378 635 :

540 675 840 744 adoptionis
883 673 1141 737 ﬁliorum,
1180 673 1234 728 in
1274 688 1382 743 quo
1421 674 1717 730 clamamus
1755 673 1901 729 Abba
1953 673 2116 728 Pater

542 766 716 836 (Rom.
748 765 885 835 VIII).
933 785 951 816 ι
985 766 1132 820 Abba
1160 766 1415 821 nimirum
1447 767 1559 832 illi,
1590 769 1680 836 qui
1722 768 1787 822 de
1824 766 2114 822 Israelitico

538 859 732 929 populo
759 877 771 913 :
796 873 895 913 nos
926 856 1106 923 Pater,
1134 859 1226 928 qui
1257 860 1323 914 de
1353 860 1606 931 gentibus
1634 861 1699 914 ad
1733 860 1889 915 ﬁdem
1912 859 2110 916 Christi

536 972 793 1011 venimus.

609 1070 628 1102 ι
656 1052 724 1106 Et
748 1051 916 1117 venit,
942 1057 997 1106 et
1018 1051 1223 1109 invenit
1241 1067 1334 1108 eos
1357 1051 1705 1107 dormientes.
1732 1049 1796 1104 Et
1820 1051 1893 1104 ait
1920 1048 2107 1105 Petro:

540 1163 555 1192 ι
582 1142 788 1207 Simon,
804 1143 1044 1198 dormis?
1062 1141 1175 1197 Non
1191 1142 1411 1214 potuisti
1434 1156 1538 1195 una
1558 1141 1690 1195 hora
1712 1139 1973 1211 vigilare?
1995 1139 2113 1193 pllle

531 1236 621 1305 qui
660 1250 821 1305 supra
851 1234 1104 1290 dixerat:
1142 1256 1157 1285 ι
1201 1235 1265 1289 Ει
1299 1234 1341 1288 si
1369 1247 1558 1287 omnes
1602 1229 1946 1286 scandalizati
1992 1230 2110 1284 fue-

531 1329 668 1388 rint,
700 1342 803 1398 ego
845 1342 1122 1396 nunquam
1162 1325 1595 1390 scandalizabor,
1642 1342 1660 1374 ›
1697 1337 1840 1377 nunc
1879 1322 2112 1377 tristitia:

534 1418 905 1489 magnitudine
934 1431 1180 1473 somnum
1208 1414 1425 1470 vincere
1449 1429 1553 1468 non
1584 1420 1778 1484 potest.

608 1530 624 1559 ι
663 1508 892 1579 Vigilate
937 1516 992 1562 et
1037 1515 1219 1571 orate,
1253 1515 1312 1560 ut
1372 1520 1477 1560 non
1512 1505 1728 1559 intretis
1764 1504 1818 1557 in
1860 1501 2111 1558 tentatio-

538 1623 553 1653 ι
587 1617 730 1656 nem.
765 1619 784 1653 ›
820 1598 1153 1671 lmpossibile
1170 1607 1254 1653 est
1280 1598 1571 1651 humanam
1598 1596 1833 1649 animam
1856 1608 1963 1647 non
1994 1600 2110 1647 ten.

534 1697 657 1751 tari.
701 1695 852 1753 Unde
876 1704 930 1750 et
967 1696 1022 1750 in
1054 1695 1300 1750 oratione
1326 1693 1605 1747 Dominica
1632 1692 1861 1746 dicimus
1890 1688 2105 1761 (Matth.

534 1793 608 1862 vt)
640 1810 653 1845 :
688 1808 709 1843 ι
744 1790 822 1846 Ne
843 1806 942 1847 nos
971 1790 1193 1845 inducas
1216 1789 1269 1843 in
1302 1790 1681 1850 tentationem,
1726 1808 1743 1839 ι
1779 1803 1940 1859 quam
1967 1786 2108 1841 ferre

1144 375 1231 429 HA
1247 373 1497 431 YMONIS
1536 374 2008 431 llALBERSTAT.
2056 374 2266 430 EPISC.
2323 374 2473 431 OPP.
2515 376 2694 435 PARS
2733 379 2791 434 11.
2832 411 2902 422 -
2939 378 3171 435 HOMIL.

538 491 792 562 egregius
844 489 1070 544 formam
1115 488 1337 543 docendi
1383 503 1411 541 a
1464 489 1691 543 Domino
1730 504 1944 545 sumens
1970 532 1983 553 ,
2038 490 2109 543 ita
2139 494 2187 553 Α

2221 969 2239 1000 ι
2275 948 2511 1021 Surgite,
2542 965 2746 1006 eamus.
2775 951 2914 1007 Ecce
2939 953 3028 1023 qui
3065 968 3150 1007 me
3190 954 3397 1021 tradet,
3429 971 3615 1027 prope
3656 969 3753 1013 est.
3782 981 3797 1013 ι

2215 1039 2329 1095 Νοη
2384 1056 2481 1097 vos
2516 1041 2754 1097 inveniat
2806 1042 2963 1113 quasi
3012 1044 3266 1099 timentes
3308 1052 3361 1098 et
3408 1055 3798 1115 retractantes,

2214 1134 2356 1188 ultro
2385 1149 2670 1205 pergamus
2700 1136 2765 1189 ad
2796 1142 3048 1201 mortem,
3073 1143 3131 1191 ut
3160 1135 3577 1223 conﬁdentiam,
3600 1151 3659 1193 et
3686 1156 3798 1212 gau-

2213 1225 2358 1279 dium
2382 1226 2592 1295 passuri
2622 1226 2855 1281 videant.

2288 1338 2306 1370 ‹
2342 1320 2573 1374 Dederat
2621 1328 2797 1374 autem
2846 1320 3074 1375 traditor
3125 1321 3206 1376 eis
3258 1321 3508 1389 signum,
3573 1323 3789 1380 dicens:

2218 1427 2235 1459 ε
2274 1409 2659 1481 Quemcunque
2683 1414 2956 1468 osculatus
2982 1412 3151 1479 fuero,
3187 1414 3300 1485 ipse
3322 1424 3425 1481 est,
3464 1425 3666 1471 tenete
3686 1434 3789 1473 eum

2217 1520 2234 1552 ι
2272 1510 2327 1556 et
2353 1503 2531 1556 ducite
2566 1511 2738 1558 caute.
2775 1503 2841 1558 Et
2870 1519 2990 1558 eum
3017 1505 3286 1571 venisset,
3314 1506 3499 1560 statim
3540 1506 3789 1565 accedens

2216 1614 2232 1643 ι
2268 1594 2333 1648 ad
2365 1610 2509 1660 eum,
2536 1596 2610 1650 ait
2637 1614 2649 1651 :
2682 1596 2873 1651 Rabbi.
2904 1596 2972 1651 Et
2990 1598 3267 1653 osculatus
3291 1609 3372 1655 est
3404 1616 3559 1655 eum.
3588 1622 3607 1654 ι
3630 1602 3787 1672 impu-

2210 1687 2342 1741 dens
2387 1688 2605 1758 quidem
2656 1698 2711 1743 et
2759 1690 3021 1745 scelerata
3074 1692 3425 1759 conﬁdentia,
3478 1696 3784 1766 magistrum

2214 1781 2498 1847 invocare,
2544 1791 2597 1837 et
2644 1783 2885 1839 osculum
2924 1785 3166 1857 ingerere
3200 1788 3249 1841 ei
3300 1803 3459 1857 quem
3506 1792 3779 1846 tradebat:

534 1898 639 1937 nou
679 1897 992 1953 possumus,
1025 1883 1375 1938 tentationem
1416 1882 1631 1953 penitus
1662 1882 1978 1947 refutantes,
2010 1880 2105 1935 sed
2136 1858 2183 1918 Β
2215 1884 2390 1931 tamen
2415 1877 2589 1933 adhuc
2612 1877 2811 1948 aliquid
2841 1879 3001 1934 habet
3024 1882 3360 1936 verecundia:
3382 1882 3658 1954 discipuli,
3680 1903 3778 1940 cum

534 1976 675 2030 vires
705 1974 1002 2030 sustinendi
1052 1975 1104 2028 in
1145 1974 1533 2028 tentationibus
1561 1972 1933 2043 deprecantes.
1966 1970 2108 2043 Ergo

530 2076 583 2121 et
615 2068 1099 2138 impraesentiarum
1135 2082 1239 2121 non
1287 2067 1399 2120 ait:
1437 2084 1454 2116 ‹
1486 2065 1758 2136 Vigilitate
1801 2074 1856 2119 et
1899 2072 2049 2117 orate
2083 2083 2099 2114 θ

531 2173 598 2212 ne
623 2159 927 2224 tentemiui,
954 2160 1046 2215 sed
1080 2178 1099 2210 ‹
1129 2174 1196 2213 ne
1222 2159 1433 2214 intretis
1458 2159 1510 2213 in
1548 2159 1923 2221 tentationem,
1958 2178 1975 2208 ι
2002 2156 2104 2211 hoc

529 2258 633 2313 est,
663 2262 731 2302 ne
764 2250 989 2304 tentatio
1017 2264 1113 2305 vos
1141 2256 1356 2319 superet
1385 2248 1569 2302 ultima
1609 2259 1664 2302 et
1693 2248 1832 2302 intra
1865 2264 1988 2302 suos
2016 2262 2106 2302 ca-

529 2356 621 2395 sus
651 2336 1028 2395 teneat.Verbi
1051 2341 1242 2411 gratia,
1269 2348 1493 2412 martyr,
1526 2340 1617 2410 qui
1645 2354 1740 2409 pro
1768 2338 2103 2393 (onfessione

531 2432 743 2486 Domini
789 2430 1102 2501 sanguinem
1144 2430 1309 2497 fudit,
1356 2439 1590 2486 tentatus
1631 2430 1846 2499 quidem
1872 2438 1971 2499 est,
2011 2430 2104 2485 sed

530 2524 841 2580 tentationis
868 2524 1075 2579 retibus
1104 2540 1207 2578 non
1242 2525 1451 2594 ligatus.
1486 2523 1584 2588 Qui
1622 2532 1802 2576 autem
1841 2533 2017 2593 negat,
2048 2522 2100 2575 in

528 2616 711 2687 plagas
734 2615 1046 2671 tentationis
1082 2616 1326 2670 incurrit.
1361 2635 1379 2665 ε
1415 2614 1648 2685 Spiritus
1675 2614 1888 2683 quidem
1922 2629 2104 2683 prom-

532 2726 550 2757 ι
593 2717 716 2776 ptus
739 2747 753 2770 ,
798 2721 926 2761 caro
952 2715 1129 2760 autem
1161 2705 1393 2760 inﬁrma.
1430 2726 1446 2758 ι
1479 2704 1590 2760 lloc
1615 2707 1898 2761 adversum
1933 2713 2099 2760 teme-

531 2798 701 2851 rarios
733 2797 936 2853 dictum
963 2806 1063 2865 est,
1088 2800 1214 2868 quia
1250 2798 1508 2868 quidquid
1538 2797 1887 2861 crediderint,
1912 2802 2103 2865 putant

527 2902 585 2943 se
611 2902 771 2957 posse
796 2889 1071 2958 consequi.
1106 2888 1290 2958 Itaque
1309 2898 1567 2958 quantum
1597 2888 1662 2941 de
1691 2888 1883 2942 ardore
1907 2889 2101 2943 mentis

524 2980 877 3046 conﬁdimus,
908 2989 1115 3035 tantum
1157 2980 1223 3035 de
1250 2979 1431 3034 carnis
1475 2978 1762 3051 fragilitate
1796 2978 2096 3035 timeamus.

527 3073 633 3127 Sed
680 3081 859 3126 tamen
902 3070 1059 3140 juxta
1106 3068 1449 3140 Apostolum,
1494 3070 1685 3140 spiritu
1717 3070 1896 3124 carnis
1936 3084 2099 3139 opera

524 3165 941 3220 mortificantur.
989 3164 1142 3218 Facit
1181 3165 1268 3219 hic
1295 3164 1444 3220 locus
1484 3166 1767 3220 adversum
1802 3163 2096 3233 Eutycbia-

524 3272 645 3321 nos,
680 3256 771 3326 qui
797 3256 980 3310 dicunt
1012 3266 1172 3310 unam
1202 3257 1254 3311 in
1282 3256 1573 3312 Mediatore
1604 3256 1695 3311 Dei
1735 3265 1789 3311 et
1825 3256 2099 3311 hominum

521 3350 749 3405 Domino
790 3359 847 3403 et
882 3349 1164 3406 Salvatore
1209 3360 1393 3406 nostro
1426 3351 1791 3421 operationem
1839 3358 1894 3404 et
1938 3364 2100 3404 unam

523 3443 688 3498 fuisse
733 3444 1081 3499 voluntatem.
1117 3442 1250 3497 Cum
1281 3444 1428 3498 enim
1464 3443 1593 3497 dicit
1622 3461 1631 3495 :
1665 3460 1682 3492 ι
1719 3441 1952 3511 Spiritus
1975 3440 2100 3510 qui-

523 3536 645 3588 dem
675 3543 954 3606 promptus
977 3544 1079 3600 est,
1116 3548 1244 3590 caro
1270 3549 1397 3588 vero
1427 3530 1671 3596 infirma,
1704 3551 1722 3584 ι
1754 3532 1887 3584 duas
1915 3529 2101 3583 volun-

522 3633 661 3680 tates
694 3626 930 3680 ostendit
961 3644 974 3679 :
1006 3627 1295 3680 humanam
1318 3624 1585 3686 videlicet,
1616 3636 1736 3691 quae
1766 3629 1850 3676 est
1869 3623 2050 3675 carnis
2084 3639 2095 3673 :

517 3726 574 3769 et
606 3716 870 3781 divinam,
915 3731 1034 3786 qua:
1063 3724 1144 3770 est
1178 3716 1419 3769 Deitatis.
1463 3715 1564 3770 Ubi
1611 3716 1843 3768 humana
1883 3714 2097 3781 quidem

520 3817 743 3877 propter
793 3807 1162 3861 inﬁrmitatem
1205 3806 1425 3870 carnis,
1480 3815 1690 3859 recusat
1754 3805 2096 3874 passionem,

520 3900 702 3954 divina
746 3908 925 3954 autem
963 3899 1081 3969 ejus
1128 3908 1212 3954 est
1247 3900 1681 3970 promptissima:
1712 3898 1964 3968 quoniam
1991 3897 2100 3953 for-

525 3990 730 4045 midare
757 3990 974 4060 quidem
1012 3992 1064 4046 in
1093 3991 1343 4062 passione
1382 3992 1628 4045 humanm
1661 3990 1965 4061 fragilitatis
1991 4002 2095 4059 est,

520 4087 797 4156 suscipere
841 4096 1020 4142 autem
1074 4085 1523 4155 dispensationem
1566 4085 1851 4155 passionis,
1904 4086 2096 4140 divinae

521 4178 812 4233 voluntatis
834 4187 996 4249 atque
1021 4178 1235 4232 virtutis
1261 4186 1362 4232 est.

596 4289 614 4321 ι
650 4271 715 4324 Ει
744 4272 939 4327 iterum
972 4271 1134 4336 abiit,
1181 4278 1234 4324 et
1274 4270 1480 4333 oravit,
1507 4270 1754 4324 eumdem
1786 4284 2092 4324 sermonem

524 4382 543 4413 c
571 4363 774 4418 dicens.
822 4384 840 4415 ι
876 4361 1033 4418 Solus
1069 4372 1190 4417 orat
1216 4377 1315 4432 pro
1355 4362 1641 4427 omnibus,
1671 4362 1809 4416 sicut
1850 4368 1903 4416 et
1948 4362 2094 4415 solus

518 4456 722 4525 patitur
749 4470 846 4524 pro
877 4455 1162 4510 universis.
1199 4453 1547 4521 Languebam
1591 4461 1767 4507 autem
1811 4460 1865 4506 et
1910 4452 2093 4521 oppri-

517 4550 800 4605 mebantur
826 4548 1188 4618 apostolorum
1219 4547 1381 4611 oculi,
1410 4546 1697 4616 negatione
1726 4545 1917 4600 vicina.

589 4662 609 4693 ε
647 4642 715 4696 Et
741 4643 889 4697 venit
923 4643 1102 4708 tertio,
1129 4649 1185 4697 et
1212 4642 1285 4696 ait
1322 4642 1462 4696 illis:
1499 4642 1735 4696 Dortnite
1758 4640 1901 4708 jam,
1928 4649 1975 4695 et
2008 4657 2090 4695 rc-

522 4750 543 4784 σ
578 4734 861 4803 quiescite.
887 4732 1112 4788 Sufﬁcit.
1139 4730 1298 4787 Venit
1325 4734 1479 4798 hora,
1504 4746 1629 4787 ecce
1654 4731 1821 4786 Filius
1853 4732 2090 4787 hominis

519 4843 537 4874 ι
579 4824 820 4878 tradetur
868 4825 923 4877 in
962 4839 1150 4879 manus
1195 4832 1556 4894 peccatorum.
1596 4846 1612 4875 ι
1642 4823 1773 4877 Cum
1826 4823 2085 4878 dixisset:

518 4932 538 4965 ι
572 4912 942 4983 Dormitejam
965 4923 1019 4968 et
1044 4914 1379 4983 requiescite,
1411 4925 1499 4969 tet
1525 4914 1869 4985 atljttltgcret:
1892 4935 1908 4966 ‹
1936 4913 2090 4970 Sufﬁ-

514 5007 609 5072 cit,
641 5024 660 5057 ι
695 5022 758 5061 ac
780 5007 970 5061 deinde
1001 5007 1220 5063 inferret
1245 5024 1256 5061 :
1281 5026 1298 5059 ‹
1330 5007 1487 5063 Venit
1512 5010 1665 5072 hora,
1694 5024 1822 5061 ecce
1847 5009 2090 5061 tradetur

511 5099 683 5154 Filius
711 5099 970 5166 hominis,
1019 5120 1036 5153 υ
1072 5102 1256 5171 utique
1293 5102 1605 5173 intelligitur
1638 5110 1757 5169 post
1792 5099 1919 5152 illud
1951 5098 2090 5167 quod

513 5195 595 5250 eis
620 5194 822 5248 dictum
852 5201 939 5248 est
966 5211 978 5247 :
1013 5214 1030 5245 ‹
1068 5193 1305 5250 Dormite
1337 5204 1392 5249 et
1432 5192 1750 5261 requiescite
1775 5232 1790 5256 ,
1831 5210 1847 5241 ι
1880 5190 2091 5245 siluisse

514 5289 797 5344 Dominum
840 5288 1201 5359 aliquantum,
1233 5297 1291 5344 ut
1333 5289 1433 5342 hoc
1474 5286 1625 5341 fieret
1654 5287 1796 5356 quod
1820 5284 2091 5355 praemise-

516 5390 622 5445 rat,
654 5388 710 5435 et
736 5390 864 5436 tunc
895 5381 1136 5435 intulisse
1184 5400 1195 5433 :
1230 5399 1247 5430 ε
1287 5380 1425 5434 Ecce
1452 5377 1901 5448 appropinquabit
1935 5377 2086 5439 hora,

512 5474 628 5528 sive
674 5475 821 5530 venit
843 5475 1008 5541 hora;
1045 5496 1061 5527 ι
1099 5476 1220 5530 ideo
1249 5481 1373 5545 post
1397 5470 1480 5525 illa
1514 5469 1672 5525 verba
1703 5470 1933 5539 positum
1962 5480 2044 5524 est
2072 5490 2082 5523 :

519 5587 536 5620 ι
567 5566 810 5636 Suﬁicit,
842 5591 861 5623 ι
912 5570 966 5625 id
1009 5578 1124 5635 est,
1152 5570 1278 5639 quia
1320 5567 1685 5636 requievistis,
1716 5565 1827 5634 jam
1869 5564 2080 5620 suflicit.

513 5661 616 5717 Sed
665 5663 790 5733 quia
836 5668 1257 5717 commemorata
1308 5660 1422 5730 ipsa
1468 5674 1570 5713 non
1619 5666 1700 5713 est
1748 5646 2086 5726 interpositio

515 5754 710 5809 silentii
736 5755 970 5820 Domini,
997 5764 1277 5825 propterea
1306 5759 1545 5807 coarctat
1575 5748 1927 5813 intellectum,
1954 5748 2082 5802 utin

512 5848 614 5905 illis
641 5847 818 5902 verbis
841 5845 942 5899 alia
971 5845 1339 5915 pronuntiatio
1368 5828 1692 5917 requiratur.

2209 1983 2313 2022 nou
2368 1984 2489 2022 eum
2547 1969 2721 2037 palam
2771 1969 2991 2025 tradidit
3038 1974 3514 2040 persecutoribus,
3575 1977 3669 2031 sed
3705 1994 3779 2046 per

2208 2058 2416 2130 signmn
2464 2058 2653 2113 osculi.
2698 2057 2936 2130 Suscipit
2990 2071 3168 2116 autem
3226 2063 3486 2119 Dominus
3554 2068 3781 2121 osculum

2207 2151 2502 2215 traditoris,
2533 2166 2638 2204 non
2670 2167 2776 2221 quo
2800 2152 3053 2208 simulare
3083 2169 3181 2209 nos
3202 2153 3416 2221 doceat,
3450 2158 3548 2210 sed
3584 2175 3648 2213 ne
3669 2176 3768 2229 pro

2205 2241 2462 2296 ditionem
2493 2242 2675 2311 fugere
2713 2242 2975 2309 videatur,
3011 2246 3171 2301 simul
3216 2256 3271 2302 et
3308 2248 3439 2305 illud
3488 2249 3663 2305 David
3688 2252 3763 2305 im-

2203 2333 2381 2406 plens:
2418 2356 2434 2385 ι
2467 2335 2600 2391 Cum
2635 2336 2718 2391 his
2742 2336 2831 2409 qui
2858 2340 3088 2393 oderunt
3119 2355 3331 2409 pacem,
3363 2356 3512 2395 eram
3542 2344 3767 2413 pacificus

2204 2425 2376 2497 (Psal.
2409 2427 2577 2501 crux).
2618 2449 2634 2480 υ
3456 2428 3465 2435 ’

2279 2540 2295 2569 ι
2344 2519 2493 2577 Unus
2532 2522 2749 2592 quidem
2792 2523 2856 2579 de
2886 2524 3368 2581 circumstantibus
3405 2526 3639 2582 educens
3667 2529 3764 2598 gla-

2208 2629 2228 2661 ί
2276 2611 2441 2675 diutn,
2471 2614 2738 2683 percussit
2771 2630 2985 2669 servum
3016 2616 3210 2670 summi
3246 2617 3561 2683 sacerdotis,
3591 2627 3642 2671 et
3665 2635 3767 2671 am-

2210 2722 2228 2753 ι
2269 2704 2478 2773 putavit
2511 2704 2580 2759 illi
2607 2705 2921 2760 auriculam.
2960 2727 2976 2757 ι
3009 2706 3203 2761 Petrus
3230 2707 3335 2762 hoc
3368 2707 3505 2771 fecit,
3534 2720 3587 2762 ut
3608 2707 3763 2763 Joan-

2204 2807 2299 2847 nes
2348 2792 2674 2863 evangelista
2708 2793 2984 2862 declarat,
3038 2797 3226 2851 eodem
3282 2796 3518 2852 nimirum
3568 2799 3751 2853 mentis

2204 2898 2386 2938 amore
2405 2926 2417 2940 .
2446 2900 2552 2954 quo
2578 2893 2735 2940 antea
2765 2884 2931 2940 multa
2960 2884 3180 2941 fecerat.
3216 2885 3433 2943 Sciebat
3463 2887 3593 2942 enim
3631 2903 3758 2957 quo-

2202 2977 2361 3032 modo
2399 2974 2629 3033 Phinecs
2658 2979 2927 3048 puniendo
2970 2978 3264 3060 sacrilegos
3302 2979 3599 3035 mercedem
3622 2978 3762 3049 justi-

2204 3070 2290 3123 tia:
2330 3079 2385 3124 et
2424 3069 2707 3125 sacerdotii
2751 3066 3003 3140 perennis
3048 3071 3333 3142 acceperit.
3384 3071 3559 3127 Lucas
3604 3081 3760 3125 autem

2206 3166 2375 3230 addit,
2409 3166 2530 3236 quia
2570 3165 2827 3221 Dominus
2858 3175 3082 3236 tangens
3110 3164 3406 3220 auriculam
3438 3166 3600 3231 servi,
3629 3180 3764 3219 sana-

2156 3261 2175 3282 ‘
2207 3260 2344 3314 verit
2379 3275 2501 3315 eum
2545 3276 2560 3316 :
2604 3258 2853 3329 Nunquid
2890 3274 3020 3329 ergo
3049 3258 3265 3330 pietatis
3303 3274 3414 3313 sua:
3451 3258 3763 3313 obliviscitur

2208 3353 2495 3417 Dominus,
2528 3351 2616 3422 qui
2648 3359 2701 3406 et
2735 3351 2918 3406 hostes
2949 3367 3075 3406 suos
3101 3365 3207 3405 non
3237 3350 3444 3420 patitur
3471 3346 3762 3403 vulnerari?

2205 3449 2281 3503 llli
2307 3448 2454 3519 justo
2495 3465 2639 3504 mors
2686 3447 2939 3515 infertur,
2981 3450 3093 3519 ipse
3121 3455 3529 3518 persecutorum
3562 3447 3760 3502 vulnera

2204 3549 2380 3604 sanat,
2408 3540 2631 3611 mystice
2663 3539 2863 3595 docens
2896 3540 3058 3595 etiam
3084 3555 3208 3603 eos,
3235 3538 3328 3609 qui
3361 3539 3415 3593 in
3457 3554 3568 3594 suae
3600 3536 3762 3592 mortis

2204 3633 2557 3687 consensione
2589 3632 2779 3688 vulnus
2809 3632 3000 3688 anima:
3025 3641 3429 3705 contraxerant,
3467 3633 3513 3687 si
3543 3629 3758 3685 fructum

2204 3726 2535 3795 poenitentia:
2558 3726 2773 3797 dignum
2805 3724 3053 3791 fecerint,
3086 3725 3312 3780 salutem
3349 3725 3548 3779 mereri

2280 3841 2295 3869 ι
2346 3819 2410 3873 Ει
2447 3818 2772 3888 respondens
2798 3815 2974 3883 Jesus,
3007 3818 3081 3872 ait
3108 3817 3211 3872 illis
3247 3835 3260 3871 :
3291 3815 3571 3886 Tanquam
3604 3815 3668 3869 ad
3699 3813 3759 3865 la-

2208 3931 2223 3960 c
2268 3919 2473 3965 tronem
2500 3909 2688 3965 existis
2712 3926 2834 3966 cum
2858 3909 3046 3982 gladiis
3080 3920 3133 3965 et
3164 3908 3393 3964 fustibus
3422 3908 3759 3978 comprehcn-

2208 4023 2224 4051 ε
2272 4003 2396 4057 dere
2447 4003 2568 4057 me?
2598 4000 2847 4071 Quotidie
2884 4017 3033 4057 eram
3063 4003 3201 4072 apud
3241 4016 3334 4055 vos
3372 3999 3424 4054 in
3457 3999 3659 4071 templo
3681 3998 3759 4051 do-

2208 4115 2224 4146 ι
2267 4111 2426 4161 cens,
2456 4105 2510 4150 et
2551 4111 2656 4150 non
2694 4110 2777 4149 me
2821 4094 3085 4149 tenuistis.
3128 4114 3145 4145 ι
3177 4091 3409 4146 Stultum
3440 4100 3546 4156 est,
3588 4089 3758 4161 inquit,

2200 4202 2321 4241 eum
2350 4202 2474 4240 cum
2504 4185 2693 4252 gladiis
2726 4192 2781 4238 et
2828 4184 3058 4238 fustibus
3101 4196 3377 4254 quaerere,
3414 4182 3505 4250 qui
3545 4179 3684 4233 ultro
3712 4191 3758 4230 se

2201 4279 2417 4334 tradidit
2446 4278 2641 4332 vestris
2686 4276 2934 4333 manibus
2962 4296 2975 4334 :
3004 4284 3058 4331 et
3087 4276 3138 4330 in
3182 4283 3339 4330 nocte
3366 4274 3521 4344 quasi
3552 4272 3758 4327 latitan«

2196 4380 2325 4436 tem,
2356 4380 2408 4425 et
2448 4381 2653 4426 vestros
2681 4369 2865 4425 oculos
2906 4369 3261 4425 declinantem
3308 4382 3405 4438 per
3447 4366 3757 4437 proditorem

2196 4464 2543 4534 investigare,
2570 4463 2661 4533 qui
2684 4461 2923 4534 quotidie
2956 4462 3007 4515 in
3038 4459 3234 4530 templo
3273 4457 3485 4513 doceat.
3524 4457 3630 4511 Sed
3660 4454 3760 4509 ideo

2120 4586 2170 4644 D
2196 4554 2479 4610 adversum
2508 4571 2592 4609 me
2616 4554 2666 4609 in
2694 4553 2931 4609 tenebris
2952 4550 3370 4624 congregantini,
3390 4549 3517 4620 quia
3543 4554 3759 4620 potestas

2198 4654 2373 4701 vestra
2406 4648 2458 4700 in
2495 4647 2728 4701 tenebris
2752 4654 2853 4700 est.

2269 4755 2287 4785 ‹
2325 4734 2475 4789 Tunc
2515 4734 2758 4804 discipuli
2807 4734 2945 4805 ejus,
2990 4733 3354 4803 relinquentes
3400 4745 3562 4793 eum,
3592 4738 3758 4784 omnes

2170 4846 2215 4904 ⁸ι
2257 4825 2526 4896 fugerunt.
2560 4846 2577 4876 ι
2606 4824 2858 4896 lmpletur
2906 4839 3084 4879 sermo
3131 4821 3373 4884 Domini,
3408 4836 3516 4890 quo
3544 4819 3753 4875 dixerat.

2193 4916 2333 4985 quod
2362 4930 2550 4969 omnes
2578 4914 2814 4986 discipuli
2847 4914 3343 4968 scandalizarentur
3371 4913 3423 4966 in
3458 4909 3549 4965 illo
3580 4911 3629 4964 in
3660 4910 3752 4977 ipsa

2195 5016 2370 5062 nocte.
2403 5004 2535 5060 Nam
2585 5013 2636 5059 et
2682 5006 2724 5060 si
2777 5007 2927 5060 turba
2974 5004 3320 5074 permittente
3359 5006 3425 5057 ad
3458 5003 3753 5073 petitionem

2197 5101 2405 5155 Domini
2444 5099 2707 5169 fugerunt,
2739 5109 2797 5154 ιιι
2821 5097 3053 5152 Joannes
3077 5094 3286 5160 scribit,
3309 5110 3563 5164 pavorem
3596 5104 3752 5147 tamen

2195 5208 2257 5245 ac
2286 5191 2621 5246 timiditatem
2653 5206 2761 5244 sua:
2784 5188 2977 5243 mentis
3006 5185 3382 5248 ostendebant,
3408 5200 3517 5254 quo
3542 5185 3608 5238 ad
3635 5183 3753 5251 fuga

2195 5285 2499 5357 prtesidium
2532 5282 2885 5353 promptiores
2906 5323 2919 5346 ,
2950 5297 3109 5352 quam
3154 5279 3220 5333 ad
3251 5278 3503 5333 ﬁduciam
3535 5271 3751 5347 patiendi

2194 5378 2533 5431 exstiterant.

2272 5487 2288 5517 ‹
2326 5467 2652 5521 Adolescens
2676 5474 2854 5520 autem
2883 5462 3096 5534 quidam
3121 5461 3451 5532 sequebatur
3477 5473 3599 5512 eum
3630 5454 3751 5510 ami-

2199 5580 2215 5609 ‹
2264 5568 2383 5613 ctus
2434 5557 2659 5612 sindone
2698 5571 2857 5625 super
2893 5555 3063 5619 nudo,
3095 5560 3149 5607 et
3190 5559 3479 5607 tenuerunt
3517 5564 3659 5603 eum.
3693 5549 3748 5597 At

2198 5670 2216 5702 ε
2264 5650 2599 5720 ἱιιρ,ιιύ]ρρῑει
2633 5649 2877 5712 sindone,
2901 5647 3073 5701 nudus
3105 5643 3337 5715 profugit
3367 5643 3435 5696 ab
3457 5642 3558 5721 eis.
3598 5635 3751 5704 tQuia

2192 5747 2296 5805 ait,
2332 5742 2559 5797 amictus
2608 5739 2830 5795 sindone
2873 5754 3032 5807 super
3071 5735 3238 5801 nudo,
3293 5732 3613 5789 subauditur
3644 5740 3751 5782 eor-

2193 5853 2339 5907 pore,
2379 5836 2429 5889 id
2465 5843 2546 5889 est
2576 5848 2799 5902 corpore
2830 5846 2989 5901 super
3018 5830 3189 5893 nudo,
3229 5831 3318 5899 qui
3357 5841 3463 5881 non
3504 5818 3644 5877 aliud
3673 5818 3748 5872 in-

3719 392 3813 445 504

2294 510 2309 539 ι
2342 490 2574 562 Surgite,
2601 508 2804 547 eanms.
2837 494 2973 548 Ecce
2998 496 3086 563 qui
3117 511 3202 549 me
3229 499 3422 563 tradet,
3454 516 3639 570 prope
3664 517 3764 558 est.
3794 528 3809 560 ι

1444 602 1460 632 ε
1511 583 1813 653 Accepistis
1860 583 2111 652 spiritum
2218 582 2505 651 Postquam
2538 584 2698 637 tertio
2718 592 3060 650 oraverat,et
3081 587 3446 655 apostolorum
3481 602 3807 661 sequentem

2218 675 2463 729 timorem
2503 677 2818 745 pmnitentia
2864 679 3247 749 impetraverat
3288 684 3717 755 corrigendum,
3744 706 3811 746 se.

2217 783 2380 822 curus
2428 769 2493 823 de
2536 771 2785 839 passione
2835 787 2929 826 sua
2987 773 3159 843 pergit
3210 776 3278 829 ad
3317 789 3807 845 persecutores,et

2217 858 2358 913 ultro
2392 874 2450 914 se
2480 860 2911 916 interficiendum
2942 863 3167 933 prtebet,
3202 864 3444 935 dixitque
3471 858 3802 937 discipulis:
