3934 6346
89 420 201 477 ‘05

1320 418 1623 477 HOMILLE
1666 420 1751 476 DE
1791 418 2136 476 TEMPORE.

3255 426 3356 479 406

84 536 439 602 dumentum,
489 551 648 606 quam
693 535 860 591 solam
913 533 1151 590 habebat
1197 533 1495 591 sindonem.
1543 534 1675 601 Quis
1702 537 1754 597 Α
1780 535 1930 603 Quod
1965 538 2111 593 enim
2142 538 2315 603 timet,
2346 551 2551 599 natura:
2580 552 2662 598 est
2693 560 2707 600 :
2737 541 2877 613 quod
2905 543 3166 613 sequitur,
3197 541 3355 594 devo-

83 639 271 685 autem
319 628 481 687 fuerit
520 628 622 687 iste
662 629 995 697 adolescens,
1027 629 1351 702 evangelista
1383 646 1487 687 non
1519 630 1669 687 dicit.

82 717 349 788 Quisquis
376 734 504 775 vero
529 717 708 787 fuerit,
738 719 997 791 majorem
1020 720 1073 774 in
1120 736 1179 775 se
1203 736 1363 791 quam
1389 721 1440 776 in
1463 722 1673 777 caneris

82 825 328 865 amorem
380 809 592 866 Domini
621 810 980 882 permansisse
1010 810 1361 881 comprobat:
1403 811 1527 882 quia
1566 810 1672 867 illis

76 900 189 972 jam
221 898 572 974 fugientibus,
609 902 721 975 ipse
749 903 919 960 donec
953 902 1021 958 ab
1052 904 1293 960 hostibus
1314 904 1670 974 comprehen-

81 995 327 1060 deretur,
361 993 578 1050 vinculo
622 994 904 1051 charitatis
932 1004 1215 1061 attractus,
1258 1010 1379 1052 eum
1415 995 1668 1067 prosequi

78 1100 185 1139 non
213 1085 420 1150 omisit,
457 1086 703 1157 quamvis
737 1086 966 1142 necdum
994 1087 1185 1143 babu‘it
1211 1086 1504 1159 perfectam
1541 1088 1670 1143 eba-

76 1178 325 1246 ritatem,
358 1178 449 1250 qui
480 1194 510 1233 a
539 1179 797 1235 comitatu
834 1178 1128 1237 Salvatoris
1156 1179 1238 1237 vel
1271 1189 1449 1237 tentus
1485 1181 1669 1251 profu-

76 1286 203 1341 gere
236 1272 434 1342 potuit.
466 1271 602 1341 Quia
637 1272 776 1328 sicut
801 1271 1036 1343 perfeCta
1065 1274 1306 1330 cbaritas
1330 1273 1474 1330 foras
1501 1273 1667 1330 mittit

78 1370 367 1428 tutiorem,
415 1361 485 1416 ita
519 1364 682 1417 timor
724 1371 956 1419 mentem
985 1365 1259 1433 obsidens,
1295 1365 1663 1438 imperfectam

75 1460 259 1531 arguit
294 1459 634 1516 cbaritatem.
668 1459 775 1517 Sed
810 1461 1103 1517 notandum
1130 1462 1400 1528 solertius,
1432 1462 1572 1534 quod
1600 1463 1665 1520 de

77 1552 177 1607 hoc
227 1550 579 1607 adolescente
626 1552 868 1608 scribens
911 1553 1269 1624 evangelista,
1299 1570 1403 1609 non
1436 1554 1543 1622 ait,
1571 1555 1663 1626 qui

77 1644 211 1715 fugit
237 1660 272 1699 a
300 1645 558 1700 comitatu
585 1645 795 1701 Domini
819 1688 833 1712 ,
862 1645 944 1702 vel
974 1662 1005 1701 a
1035 1647 1307 1717 sequendo
1352 1647 1661 1717 Dominum,

75 1734 170 1790 sed
200 1733 427 1804 rejecta,
472 1736 665 1808 inquit,
707 1737 961 1805 sindone,
992 1737 1162 1794 nudus
1202 1737 1439 1811 profugit
1465 1741 1533 1796 ab
1561 1741 1658 1796 eis.

52 1822 237 1895 'Fugit
267 1827 412 1882 enim
443 1830 511 1884 ab
557 1826 822 1895 hostibus,
853 1845 1081 1900 quorum
1128 1832 1469 1903 praesentiam
1509 1833 1657 1890 dete-

1778 628 2128 700 tioniszquod
2161 639 2338 702 negat,
2370 634 2703 703 obreptionis
2727 653 2739 689 :
2765 635 2907 706 quod
2929 632 3174 705 pmnitct,
3208 630 3351 686 ﬁdei.

1772 722 1964 791 Aliter,
1989 722 2131 796 quod
2161 725 2225 779 ad
2262 726 2566 797 passionem
2598 737 2811 783 euntem
2842 727 3127 782 Dominum
3159 738 3353 795 seque-

1772 820 1930 876 batur
1956 837 1987 875 a
2037 821 2190 893 longe
2219 821 2439 889 Petrus,
2475 822 2813 894 signiﬁcabat
2857 822 3152 879 Ecclesiam
3201 836 3355 877 secu-

1773 919 1948 966 turam
1974 913 2210 983 quidem,
2233 914 2334 969 hoc
2358 923 2457 978 est,
2484 914 2819 969 imitaturum
2842 915 3065 986 vestigia
3089 911 3355 985 passionis

1773 1003 2018 1072 Domini,
2047 1006 2139 1061 sed
2176 1005 2330 1079 longe
2357 1005 2685 1062 differenter.
2725 1006 2963 1062 Ecclesia
2993 1007 3135 1061 enim
3169 1022 3266 1077 pro
3298 1021 3355 1061 se

1771 1095 1990 1165 patitur,
2018 1104 2069 1150 at
2096 1096 2185 1151 ille
2212 1114 2309 1168 pro
2337 1096 2599 1153 Ecclesia.
2640 1118 2657 1149 (
2697 1098 2761 1152 Et
2790 1099 3009 1154 sedebat
3036 1115 3155 1153 cum
3195 1097 3355 1153 mini-

1775 1207 1792 1238 ι
1831 1188 1979 1254 stris,
2007 1197 2062 1243 ct
2082 1188 2433 1246 calefaciebat
2464 1206 2520 1246 se
2546 1190 2613 1246 ad
2646 1190 2847 1262 ignem.
2880 1210 2897 1241 ›
2926 1190 3021 1245 Est
3048 1191 3353 1247 dilectionis

1767 1278 1937 1350 ignis,
1969 1287 2052 1335 est
2080 1281 2388 1351 cupiditatis
2421 1301 2433 1335 :
2462 1281 2529 1337 de
2549 1282 2651 1337 hoc
2678 1281 2875 1337 dicitur
2908 1301 2919 1335 :
2960 1301 2977 1333 ‹
3020 1281 3200 1352 Ignem
3229 1282 3351 1338 veni

1768 1370 1982 1425 mittere
2008 1370 2062 1425 in
2091 1380 2292 1427 terram
2313 1414 2327 1438 ,
2354 1383 2408 1428 et
2434 1374 2563 1444 quid
2599 1372 2739 1440 volo,
2770 1372 2869 1429 nisi
2898 1382 2954 1427 ut
2980 1374 3165 1427 ardeat
3195 1372 3347 1445 (Luc.

1767 1459 1903 1530 xu)?
1932 1480 1949 1511 ι
1979 1461 2053 1517 De
2080 1461 2170 1516 illo
2204 1461 2346 1534 (Ose.
2379 1462 2477 1537 vn)
2506 1483 2516 1516 :
2546 1460 2745 1519 Omnes
2785 1462 3177 1519 adulteratores
3203 1462 3351 1519 velut

1766 1550 2008 1607 clibanus
2035 1552 2198 1608 corda
2228 1570 2444 1619 eorum;
2474 1554 2575 1610 iste
2594 1595 2607 1621 ,
2654 1570 2815 1624 super
2843 1554 3126 1610 credentes
3156 1554 3351 1621 incae-

1766 1646 1959 1700 naculo
2003 1645 2131 1702 Sion
2178 1648 2539 1713 descendens,
2588 1647 2754 1702 variis
2802 1646 2998 1718 linguis
3042 1661 3135 1701 eos
3179 1646 3347 1701 Deum

1763 1737 1984 1793 laudare
2011 1740 2218 1795 docuit:
2240 1740 2327 1795 ille
2356 1740 2408 1795 in
2438 1740 2576 1795 atrio
2602 1736 2819 1812 Caiphae
2846 1741 3097 1796 instinctu
3128 1736 3348 1810 maligni

1764 1829 1990 1899 spiritus
2014 1846 2292 1899 accensus,
2325 1832 2391 1886 ad
2428 1831 2730 1902 negandum
2760 1848 2823 1887 ac
2864 1831 3346 1902 blasphemandum

76 1916 330 1974 stabatur
354 1929 410 1975 et
438 1917 598 1975 facta.
628 1919 743 1977 Non
779 1922 924 1977 enim
957 1921 1093 1995 fugit
1134 1939 1165 1977 a
1208 1924 1436 1982 Domino
1471 1924 1657 1981 Salva-
1691 1918 1739 1979 B
1764 1922 2047 1979 Dominum
2074 1926 2265 1981 noxias
2289 1926 2618 1997 perﬁdorum
2645 1925 2858 1997 linguas
2887 1926 3154 1979 armabat.
3193 1923 3345 1992 Quod

76 2018 226 2077 tore,
262 2026 294 2065 a
324 2008 583 2084 magistro
624 2028 744 2078 suo,
775 2011 929 2083 cujus
963 2030 1201 2070 amorem
1243 2016 1406 2072 etiam
1440 2032 1668 2088 corpore
1767 2016 1910 2071 enim
1952 2017 2094 2074 intus
2140 2018 2191 2072 in
2240 2019 2398 2073 domo
2439 2018 2697 2090 principis
2732 2018 3071 2073 sacerdotum
3114 2017 3349 2089 synodus

75 2101 276 2158 absens
310 2103 473 2159 ﬁxum
519 2105 569 2159 in
612 2107 775 2161 corde
800 2107 1055 2163 servavit.
1085 2106 1270 2181 Neque
1298 2110 1494 2182 aliquis
1525 2122 1668 2169 vetat
1766 2108 1999 2179 maligna
2027 2111 2264 2181 gerebat,
2298 2112 2400 2165 hoc
2424 2109 2565 2181 ignis
2586 2110 2637 2164 in
2661 2109 2800 2165 atrio
2822 2108 2953 2165 foris
2980 2108 3121 2163 inter
3144 2106 3345 2179 frigora

72 2192 301 2265 intelligi
321 2193 582 2251 Joannem
607 2198 752 2253 hunc
779 2197 943 2256 fuisse
965 2200 1382 2270 adolescentem,
1410 2203 1663 2260 dilectum

67 2302 178 2357 prae
207 2290 423 2344 caeteris
469 2290 724 2363 magistro
755 2293 1097 2362 discipulum.
1132 2294 1265 2351 Nam
1306 2305 1360 2350 et
1407 2297 1554 2351 illum
1597 2313 1663 2353 eo

69 2385 322 2450 tempore
344 2379 510 2435 fuisse
533 2380 945 2448 adolescentem,
962 2382 1119 2455 longa
1142 2394 1262 2454 post
1284 2386 1398 2441 hzec
1424 2386 1474 2440 in
1497 2402 1662 2441 carne

63 2469 176 2523 vita
210 2468 332 2537 ejus
362 2469 560 2527 indicio
587 2479 686 2525 est.
716 2470 896 2527 Potuit
932 2473 1076 2528 enim
1106 2473 1222 2529 ﬁeri
1244 2516 1258 2538 ,
1292 2485 1350 2529 ut
1374 2475 1438 2530 ad
1470 2475 1660 2532 boram

70 2559 373 2613 tenentium
421 2559 669 2615 manibus
708 2561 958 2632 elapsus,
995 2578 1117 2617 mox
1169 2573 1444 2635 resumpto
1501 2565 1658 2621 indu-

72 2659 252 2707 mento
283 2652 506 2707 redierit
536 2670 551 2709 :
578 2660 633 2708 et
654 2655 753 2709 sub
784 2655 943 2711 dubia
975 2655 1095 2712 luce
1134 2656 1309 2712 noctis
1340 2674 1462 2714 sese
1494 2658 1661 2715 turbis

74 2743 382 2799 ducentium
409 2740 624 2809 Jesum,
652 2746 807 2816 quasi
842 2763 978 2802 unus
1015 2747 1080 2801 de
1110 2748 1240 2816 ipsis
1283 2747 1655 2816 immiscuerit,

75 2836 240 2892 donec
266 2835 333 2890 ad
360 2834 556 2890 atrium
600 2836 891 2908 pontificis,
921 2836 1007 2893 cui
1047 2846 1206 2892 notus
1239 2847 1377 2904 erat,
1411 2840 1658 2909 perveni-

76 2936 173 2994 ret,
198 2928 357 2999 juxta
391 2928 534 2998 quod
568 2927 619 2983 in
645 2945 742 2985 suo
772 2929 1063 3001 Evangelio
1103 2930 1216 3002 ipse
1245 2942 1651 2988 commemorat.

77 3018 224 3074 Sicut
272 3029 452 3074 autem
505 3019 717 3084 Petrus,
748 3020 838 3091 qui
887 3020 1097 3092 culpam
1138 3020 1443 3092 negationis
1485 3023 1656 3092 poeni-

79 3110 251 3165 tentia:
265 3110 518 3183 lacrymis
541 3110 729 3177 abluit,
749 3120 803 3165 et
818 3109 1153 3167 confessione
1173 3111 1432 3167 Dominici
1455 3112 1656 3167 amoris

79 3196 311 3254 funditus
357 3199 707 3270 exstirpavit,
743 3199 1211 3271 recuperationem
1256 3216 1443 3256 eorum
1475 3210 1655 3256 osten-

1765 2200 1941 2255 noctis
1965 2199 2316 2256 materialiter
2358 2216 2617 2257 accensus
2659 2200 2832 2272 typice
2877 2199 3343 2269 praemonstrabat.

1765 2287 2085 2360 Quicunque
2132 2304 2261 2361 ergo
2307 2290 2439 2344 vitio
2474 2289 2739 2344 obnoxius
2786 2297 2961 2358 potest
3003 2288 3184 2344 dicere
3222 2303 3345 2342 cum

1763 2379 2026 2450 propheta
2054 2377 2310 2433 Domino:
2336 2401 2351 2430 ι
2373 2379 2507 2447 Quia
2540 2381 2714 2435 factus
2739 2380 2879 2435 sicut
2903 2388 3023 2435 uter
3050 2379 3103 2433 in
3127 2379 3343 2449 pruina,

1756 2470 2174 2541 justiﬁcationes
2203 2483 2321 2528 tuas
2356 2489 2460 2529 non
2493 2490 2610 2528 sum
2654 2472 2849 2528 oblitus
2876 2472 3046 2546 (Paul.
3075 2470 3285 2543 cxvut).
3320 2491 3339 2524 ι

1762 2565 1817 2619 In
1845 2565 2255 2635 quibuscunquc
2299 2575 2475 2621 autem
2518 2564 2787 2620 ﬂammam
2816 2564 3096 2620 charitatis
3131 2563 3344 2619 turbida

1762 2655 2017 2710 vitiorum
2071 2654 2292 2711 ﬂumina
2357 2658 2624 2722 obruunt,
2682 2672 2712 2710 a
2763 2655 2991 2712 Domino
3054 2655 3279 2710 audiunt
3326 2669 3342 2707 :

1767 2766 1783 2796 ι
1825 2745 2091 2814 Quoniam
2134 2746 2427 2801 abundavit
2466 2748 2742 2817 iniquitas,
2773 2745 3085 2820 refrigescet
3108 2746 3347 2801 cbaritas

1759 2836 2051 2892 multorum
2096 2835 2309 2907 (Matth.
2346 2837 2513 2909 xxiv).
2556 2859 2572 2889 ι
2608 2836 2726 2906 Quo
2770 2836 2969 2908 frigore
3016 2846 3234 2906 torpens
3278 2834 3346 2890 ad

1758 2930 1949 2985 horam
1981 2929 2251 2999 apostolus
2278 2930 2501 2999 Petrus,
2545 2931 2698 3002 quasi
2745 2931 2931 3003 prunis
2974 2931 3343 2986 ministrorum

1758 3020 1976 3089 Caiphae
2004 3019 2237 3075 caleﬁeri
2281 3020 2551 3091 cupiebat,
2578 3020 2701 3092 quia
2742 3019 3051 3091 temporalis
3077 3017 3343 3075 commodi

1758 3112 2009 3169 solatium
2046 3112 2374 3186 perﬁdorum
2424 3113 2680 3170 societate
2724 3114 3020 3184 quaerebat.
3075 3111 3182 3167 Sed
3236 3128 3342 3167 non

1758 3220 1943 3270 mora,
1990 3213 2265 3273 respectus
2311 3220 2341 3259 a
2387 3205 2641 3267 Domino,
2676 3220 2798 3259 cum
2845 3205 3021 3275 ignem
3052 3218 3340 3274 pravorum

82 3290 190 3356 dit,
212 3293 301 3360 qui
329 3292 382 3347 in
428 3294 688 3367 martyrio
726 3290 979 3348 labuntur
1007 3310 1019 3345 :
1051 3293 1124 3348 ita
1154 3294 1336 3349 caeteri
1370 3293 1648 3364 discipuli,
1678 3281 1725 3344 C
1754 3308 2004 3363 corpore,
2051 3303 2180 3347 tunc
2222 3293 2590 3348 inﬁdelitatem
2637 3294 2800 3349 corde
2850 3294 3096 3363 reliquit,
3130 3310 3194 3349 ac
3224 3304 3345 3363 post

88 3379 176 3447 qui
215 3380 278 3435 ad
322 3383 598 3438 articulum
633 3383 1133 3455 comprehensionis
1178 3383 1431 3456 fugiendo
1461 3399 1651 3454 perve-

88 3478 293 3537 nerant,
321 3473 576 3529 cautelam
615 3474 849 3546 fugiendi
880 3474 1077 3530 docent
1103 3490 1228 3541 eos,
1253 3475 1343 3546 qui
1385 3489 1443 3530 se
1477 3474 1653 3530 minus

86 3558 300 3616 idoneos
329 3563 395 3618 ad
435 3562 706 3621 toleranda
756 3565 1016 3636 supplicia
1052 3565 1311 3630 sentiunt,
1346 3566 1541 3636 quibus
1571 3574 1652 3621 tu-

85 3652 183 3709 tius
221 3663 302 3711 est
348 3657 542 3724 multo,
572 3659 821 3731 praesidia
858 3657 1188 3713 latebrarum
1221 3669 1406 3730 petere
1429 3702 1442 3725 ,
1490 3675 1651 3731 quam

85 3759 136 3798 se
175 3745 469 3804 discrimini
517 3751 872 3805 certaminum
906 3766 1197 3823 exponere.
1233 3750 1308 3806 Ita
1356 3752 1519 3807 etiam
1552 3753 1653 3808 iste

86 3834 405 3903 adolescens,
450 3840 540 3910 qui
586 3840 784 3912 rejecta
834 3840 1059 3895 sindone
1104 3841 1276 3896 nudus
1317 3839 1552 3913 profugit
1586 3842 1653 3897 ab

88 3926 250 4000 impiis
271 3972 287 3997 ,
325 3930 538 3987 illorum
579 3941 633 3988 et
659 3947 794 4004 opus
825 3931 1071 4005 designat
1099 3942 1151 3987 et
1182 3935 1443 4000 animum,
1471 3935 1561 4005 qui
1597 3943 1655 3989 ut

88 4023 375 4080 securiores
419 4026 486 4081 ab
518 4025 823 4080 incursibus
850 4025 1083 4080 hostium
1113 4024 1266 4091 ﬁant,
1306 4025 1564 4096 quidquid
1596 4025 1650 4080 in

90 4110 176 4169 hoc
218 4116 419 4172 mundo
465 4117 741 4188 possidere
772 4117 1044 4183 videntur,
1088 4117 1383 4189 abjiciunt,
1416 4135 1480 4174 ac
1523 4118 1652 4175 nudi

92 4206 248 4274 potius
291 4207 518 4264 Domino
562 4208 840 4274 famulari,
890 4225 1049 4281 quam
1100 4209 1422 4266 adhaerendo
1467 4211 1653 4267 mundi

92 4299 257 4365 rebus,
295 4301 572 4357 materiam
608 4301 879 4367 tentandi,
927 4310 1089 4372 atque
1132 4318 1160 4355 a
1211 4301 1321 4357 Deo
1367 4304 1654 4360 revocandi

95 4389 400 4449 adversariis
444 4394 571 4449 dare
603 4393 937 4459 didicerunt,
981 4391 1135 4463 juxta
1179 4393 1482 4464 exemplum
1513 4393 1653 4448 beati

94 4480 269 4557 Ioseph
290 4484 439 4557 (Gen.
464 4487 673 4558 χχχιχ),
699 4487 813 4559 qui,
840 4487 1027 4542 relicto
1049 4488 1101 4540 in
1133 4487 1379 4541 manibus
1402 4486 1657 4542 adulterae

96 4575 253 4643 pallio,
293 4577 439 4633 foras
459 4578 727 4645 exsilivit,
757 4578 963 4633 malens
993 4578 1103 4634 Deo
1151 4578 1343 4647 nudus,
1378 4594 1540 4650 quam
1576 4579 1655 4633 in-

96 4664 231 4727 dutus
256 4671 642 4743 cupiditatibus
673 4670 885 4736 mundi,
921 4670 1197 4751 meretrici
1219 4658 1441 4726 servire.

158 4779 173 4811 ι
197 4762 260 4819 Ει
283 4762 621 4819 adduxerunt
642 4760 826 4819 Jesum
850 4764 914 4817 ad
941 4777 1207 4816 summum
1244 4763 1598 4818 sacerdotem.
1632 4785 1649 4816 ι

98 4854 357 4915 Summum
422 4862 754 4917 sacerdotem
812 4859 1072 4930 Caipliam
1140 4858 1445 4930 signiﬁcat;
1519 4860 1656 4915 sicut

96 4948 309 5011 Joannes
339 4955 667 5027 evangelista
692 4952 900 5018 scribit,
924 4961 1042 5007 erat
1068 4951 1307 5023 pontifex
1333 4953 1458 5007 anni
1490 4952 1654 5018 illius,

97 5043 150 5100 de
171 5063 272 5119 quo
300 5057 659 5105 consentanea
692 5056 920 5102 testatur
953 5044 1237 5115 Iosephus,
1271 5045 1412 5116 quod
1443 5045 1656 5116 pontiﬁ-

98 5148 249 5196 catum
278 5141 379 5197 sibi
406 5142 607 5213 absquc
629 5140 820 5195 merito
840 5139 1117 5213 dignitatis
1140 5139 1333 5193 emerit
1363 5154 1389 5191 a
1414 5137 1656 5209 principe

97 5227 335 5290 Romano.
366 5232 482 5291 Non
511 5243 594 5290 est
613 5234 832 5301 mirum,
862 5230 906 5287 si
938 5231 1155 5303 iniquus
1178 5227 1440 5300 pontifex,
1474 5228 1655 5299 inique

93 5320 297 5390 judicat.
646 5371 661 5383 ,

159 5438 173 5468 ι
214 5421 405 5477 Petrus
446 5428 624 5476 autem
663 5436 693 5475 a
732 5419 887 5491 longe
930 5426 1146 5474 secutus
1185 5425 1266 5471 est
1313 5431 1436 5471 eum
1486 5430 1656 5485 usque

101 5522 116 5554 ε
148 5506 280 5565 intro
307 5510 360 5567 in
393 5511 587 5568 atrium
608 5511 803 5566 summi
838 5508 1164 5565 sacerdotis:
1192 5527 1207 5558 ι
1236 5506 1426 5561 Merito
1448 5504 1653 5576 alonge

96 5603 419 5671 sequebatur,
434 5620 595 5676 quem
620 5603 896 5675 proximus
910 5610 1026 5656 erat
1049 5610 1358 5672 negaturus.
1379 5598 1651 5668 Nusquam

97 5692 217 5748 enim
241 5710 439 5767 negare
466 5703 668 5766 posset,
692 5696 736 5750 si
759 5691 975 5749 Christo
1004 5690 1281 5763 proximus
1319 5690 1652 5745 adluesisset.

96 5775 272 5843 Verum
307 5790 358 5843 in
390 5788 492 5844 hoc
539 5788 771 5843 maxima
813 5784 970 5841 nobis
996 5793 1078 5839 est
1107 5783 1463 5837 admiratione
1489 5796 1655 5835 vene-

100 5881 294 5946 randus,
320 5881 462 5952 quod
488 5877 669 5937 Iesum
697 5896 801 5936 non
828 5878 1061 5950 reliquit,
1088 5877 1249 5933 etiam
1274 5892 1394 5930 cum
1420 5875 1653 5931 timeret.

1757 3384 2209 3438 resurrectionem
2257 3383 2465 3437 Domini
2513 3392 2701 3439 sancto
2731 3384 2852 3453 igne
2880 3394 3185 3447 recreatus,
3217 3383 3342 3437 fun-

1755 3474 1898 3527 ditus
1947 3488 2228 3528 excessum
2281 3472 2435 3527 trime
2483 3472 2799 3543 negationis,
2848 3475 2985 3527 trina
3041 3473 3343 3528 dilectionis

1756 3563 2093 3620 confessione
2143 3564 2407 3635 purgavit.
2464 3563 2615 3618 Tunc
2662 3564 2892 3630 etenim,
2944 3564 3207 3635 completa
3251 3563 3341 3618 illa

1756 3654 2090 3710 memorabili
2121 3655 2347 3724 piscium
2376 3664 2617 3727 captura,
2650 3670 2769 3710 cum
2817 3657 3022 3712 veniret
3066 3656 3132 3711 ad
3163 3656 3344 3712 Domi-

1757 3762 1883 3802 num
1905 3788 1918 3811 ,
1948 3747 2078 3801 vidit
2130 3762 2253 3801 cum
2299 3746 2573 3817 discipulis
2623 3748 2735 3803 suis
2769 3763 2970 3819 prunas
3015 3747 3220 3820 positas
3242 3790 3257 3814 ,
3289 3756 3343 3804 et

1755 3839 1957 3910 piscem
1995 3839 2390 3910 superpositum
2436 3848 2489 3893 et
2538 3855 2734 3910 panem
2790 3858 2801 3897 :
2854 3856 3086 3912 moxque
3119 3839 3340 3909 videns,

1756 3930 1839 3985 sui
1866 3930 2045 3986 cordis
2072 3945 2269 3985 arcana
2298 3929 2485 4000 prunis
2511 3929 2864 3985 inflammavit
2888 3932 3109 3987 amoris.

1834 4046 1852 4079 ι
1894 4024 1961 4081 Ει
1990 4026 2207 4097 quidam
2234 4036 2514 4097 surgentes
2534 4069 2547 4092 ,
2586 4027 2776 4083 falsum
2812 4029 3179 4084 testimonium
3204 4025 3342 4085 fere-

1764 4138 1785 4173 ι
1829 4119 1959 4176 bant
1986 4120 2246 4176 adversus
2270 4134 2418 4185 eum,
2456 4120 2695 4175 dicentes
2722 4139 2733 4173 :
2766 4120 3028 4189 Quoniam
3061 4136 3159 4175 nos
3189 4120 3341 4175 audi-

1763 4231 1783 4265 ‹
1826 4211 2003 4267 vimus
2023 4226 2145 4267 eum
2168 4212 2438 4267 dicentem
2466 4231 2477 4265 ε
2503 4210 2617 4283 Ego
2640 4211 2929 4267 dissolvam
2960 4212 3215 4283 templum
3241 4210 3342 4269 hoc

1765 4326 1781 4358 ι
1829 4304 2216 4371 manufactum,
2249 4319 2303 4360 et
2342 4314 2465 4376 post
2496 4305 2734 4360 triduum
2781 4304 2923 4359 aliud
2963 4321 3067 4360 non
3097 4305 3345 4361 manufa-

1764 4419 1781 4450 ι
1825 4408 1991 4463 ctum,
2024 4398 2322 4453 :ediﬁcabo.
2365 4419 2382 4449 ι
2418 4398 2697 4467 Quomodo
2740 4397 2860 4453 falsi
2909 4406 3075 4453 testes
3105 4407 3265 4462 sunt,
3296 4397 3339 4452 si

1759 4507 1819 4546 ea
1864 4492 2046 4547 dicunt
2075 4507 2193 4562 quae
2220 4491 2508 4549 Dominum
2534 4491 2735 4545 dixisse
2755 4488 3022 4560 legimus?
3046 4487 3152 4543 Sed
3175 4487 3340 4544 falsus

1763 4580 1915 4635 testis
1952 4590 2056 4647 est,
2083 4580 2173 4651 qui
2204 4596 2311 4635 non
2362 4579 2551 4636 eodem
2582 4595 2745 4635 sensu
2776 4579 2914 4633 dicta
2962 4577 3209 4648 intelligit
3235 4593 3342 4647 quo

1685 4652 1737 4713 D
1762 4672 2031 4728 dicuntur.
2064 4673 2320 4727 Dominus
2361 4660 2504 4727 enim
2533 4673 2745 4727 dixerat
2769 4671 2834 4725 de
2861 4668 3058 4741 templo
3096 4671 3340 4740 corporis

1761 4765 1875 4827 sui,
1909 4764 2001 4819 sed
2045 4765 2098 4818 in
2143 4764 2272 4834 ipsis
2300 4764 2482 4819 verbis
2520 4761 3013 4828 calumniabantur,
3058 4771 3112 4818 et
3155 4766 3343 4834 paucis

1762 4857 1957 4912 additis
1983 4857 2063 4909 vel
2088 4858 2329 4922 mutatis,
2360 4856 2512 4926 quasi
2535 4857 2732 4927 justam
2764 4855 3091 4911 calumniam
3113 4855 3336 4913 faciunt.

1763 4947 2008 5002 Salvator
2056 4947 2198 5002 enim
2247 4948 2495 5002 dixerat:
2528 4967 2545 4999 ‹
2590 4945 2792 5002 Solvite
2837 4947 3091 5018 templum
3140 4949 3277 5016 hoc,
3318 4970 3335 5002 ι

1762 5039 1848 5094 isti
1883 5046 2218 5093 commutant
2258 5047 2312 5093 et
2343 5039 2532 5093 aiunt:
2572 5057 2588 5089 ι
2621 5037 2733 5109 Ego
2768 5037 3060 5093 dissolvam
3086 5038 3340 5111 templum

1760 5134 1862 5188 hoc
1908 5133 2289 5187 manufaetum.
2334 5153 2351 5183 ι
2381 5132 2508 5194 Vos,
2552 5131 2744 5200 inquit,
2783 5130 2993 5196 solvite,
3039 5147 3144 5187 non
3189 5147 3289 5204 ego
3324 5149 3336 5188 :

1760 5224 1884 5295 quia
1928 5224 2169 5279 illicitum
2215 5232 2299 5279 est
2337 5231 2398 5278 ut
2426 5238 2523 5277 nos
2556 5222 2654 5292 ipsi
2685 5221 2837 5275 nobis
2865 5220 3159 5277 inferamus
3194 5238 3339 5277 mor-

1761 5323 1887 5369 tem.
1923 5315 2124 5370 Deinde
2148 5313 2222 5368 illi
2245 5322 2499 5369 vertunt:
2531 5331 2548 5364 ι
2581 5312 2645 5367 Et
2667 5328 2763 5383 per
2794 5312 3031 5367 triduum
3062 5312 3206 5368 aliud
3236 5328 3341 5368 non

1759 5408 2127 5465 manufactum
2173 5408 2471 5475 aedificabo,
2503 5428 2521 5461 ›
2558 5417 2616 5463 ut
2657 5406 2873 5478 proprie
2915 5407 2979 5462 de
3015 5407 3211 5478 templo
3250 5406 3341 5461 Ju-

1762 5501 1917 5556 daico
1938 5501 2136 5556 dixisse
2159 5499 2422 5556 videatur.
2450 5500 2707 5555 Dominus
2730 5508 2929 5564 autem,
2956 5508 3014 5553 ut
3035 5498 3341 5554 ostenderet

1762 5594 1961 5649 animal
1992 5594 2167 5648 vivum
2194 5602 2245 5647 et
2273 5593 2484 5664 spirans
2507 5591 2785 5665 templum,
2820 5592 3028 5646 dixerat
3054 5608 3065 5642 :
3099 5609 3116 5640 ι
3154 5575 3218 5642 Et
3242 5603 3341 5659 ego

1764 5688 1816 5740 in
1845 5686 2025 5740 triduo
2052 5684 2323 5741 suscitabo
2350 5684 2499 5740 illud.
2531 5705 2550 5737 ›
2581 5683 2739 5739 Aliud
2771 5691 2853 5737 est
2881 5680 3164 5744 aediﬁcare,
3196 5676 3339 5732 aliud
3428 5732 3429 5735 η

1764 5781 2043 5835 suscitare.

1843 5892 1859 5925 ‹
1895 5871 1960 5927 Et
1998 5885 2292 5943 exsurgens
2323 5885 2565 5926 summus
2594 5865 2848 5924 sacerdos
2880 5864 2931 5919 in
2975 5861 3225 5929 medium,
3254 5861 3341 5918 in-
