3934 6346
520 475 623 531 807
1143 468 1494 525 HAYMONIS
1531 458 2010 523 HALBERSTAT.
2051 460 2263 517 EPISC.
2306 460 2455 518 OPP.
2496 460 2674 516 PARS
2710 459 2773 515 ll.
2812 488 2883 501 —
2921 458 3155 516 HOMIL.
3730 458 3852 511 ωε

528 611 547 645 r
584 590 877 662 terrogavit
895 587 1098 651 Jesum,
1123 583 1474 641 dicens:Non
1496 581 1791 653 respondes
1810 579 2103 651 quidquam
2134 583 2180 639 Α
2210 579 2343 632 toris
2368 585 2750 643 contemnant,
2777 574 2895 645 ejus
2922 584 3109 631 tamen
3147 590 3321 647 usque
3354 574 3423 631 ad
3462 589 3849 632 consumma-

526 706 548 740 ε
582 686 652 742 ad
675 700 740 741 ea
765 698 884 755 quae
909 681 1004 737 tibi
1029 679 1359 750 objiciuntur
1382 678 1449 733 ab
1484 676 1606 733 his?
1625 675 1722 731 Ille
1748 682 1931 729 autem
1959 679 2105 727 tace-
2208 670 2409 725 tionem
2437 669 2638 735 saeculi,
2663 670 2717 723 in
2740 668 2869 736 illis,
2892 683 3031 739 quos
3051 682 3172 724 sors
3199 667 3487 725 electionis
3513 666 3843 724 invenerit,

525 795 547 829 ι
584 777 697 841 bat,
720 782 774 828 et
800 771 934 828 nihil
953 770 1252 841 respondit.
1285 790 1305 823 ι
1334 768 1419 823 Ira
1444 782 1684 839 praeceps
1708 774 1765 821 et
1792 763 2102 835 impatiens,
2207 762 2460 818 inviolata
2488 763 2559 817 sit
2585 777 2842 817 mansura
2877 762 3124 817 castitas.

517 883 628 925 non
658 865 938 922 inveniens
960 862 1241 918 calumniae
1265 861 1463 926 locum,
1489 858 1696 916 excutit
1722 857 1789 911 de
1814 855 1949 911 solio
1976 869 2107 926 pon-
2244 856 2249 862 '
2281 871 2300 903 ι
2331 852 2396 907 Et
2419 859 2705 922 creperum
2744 851 2967 922 quidam
3014 866 3317 922 conspuere
3341 866 3497 917 eum,
3541 858 3613 905 et
3646 850 3843 905 velare

519 958 740 1022 tiﬁcem,
776 965 837 1011 ut
878 955 1146 1011 insaniam
1185 952 1385 1008 mentis
1418 958 1569 1007 motu
1611 949 1856 1020 corporis
1885 947 2104 1002 demon~
2212 962 2231 995 ι
2264 941 2455 998 faciem
2490 942 2630 1013 ejus,
2654 951 2711 996 et
2739 941 2984 1013 colaphis
3005 958 3131 998 eum
3155 941 3385 1007 caedere,
3410 951 3471 997 et
3491 940 3703 997 dicere
3742 942 3837 997 ei:

518 1057 736 1106 stt-aret.
757 1047 970 1116 Quanto
988 1045 1146 1102 Jcsus
1167 1044 1380 1101 tacebat
1396 1043 1464 1098 ad
1485 1042 1734 1113 indignos
1754 1038 2105 1109 responsione
2212 1053 2231 1086 ι
2267 1033 2611 1103 Prophetiza.
2656 1033 2724 1088 Et
2758 1034 2992 1088 ministri
3049 1033 3221 1104 alapis
3268 1047 3393 1089 eum
3423 1032 3760 1088 caedebant.
3814 1054 3836 1086 ι

518 1154 638 1203 sua,
674 1137 840 1193 falsos
868 1144 1036 1193 testes
1076 1143 1132 1190 et
1172 1132 1483 1190 sacerdotes
1510 1130 1726 1201 impios,
1762 1136 1912 1183 tanto
1933 1126 2106 1197 magis
2205 1122 2428 1194 lmpleta
2456 1131 2539 1179 est
2574 1124 2678 1180 hoc
2712 1123 2833 1180 loco
2879 1124 3189 1195 prophetia,
3240 1138 3360 1195 qua:
3410 1124 3493 1179 ait
3537 1144 3556 1179 :
3610 1143 3634 1175 ι
3701 1125 3837 1181 Dedi

2206 1216 2453 1273 maxillas
2499 1232 2650 1273 meas
2700 1216 2890 1289 alapis,
2922 1225 2978 1273 et
3006 1218 3201 1274 faciem
3236 1232 3415 1273 meam
3436 1233 3553 1273 non
3588 1221 3781 1274 averti
3804 1236 3834 1272 a

2208 1308 2525 1365 confusione
2543 1318 2825 1381 sputorum
2842 1308 2980 1380 (Isa.
3005 1311 3079 1382 ι).
3107 1329 3126 1362 ι
3150 1308 3259 1364 Sed
3280 1311 3374 1380 qui
3395 1320 3833 1368 tunccarsusest

2212 1404 2479 1476 colaphis,
2508 1405 2622 1460 sive
2647 1403 2818 1473 alapis
2837 1402 3170 1469 Iudaeorum,
3194 1404 3421 1459 caeditur
3455 1404 3647 1459 etiam
3690 1420 3833 1459 nunc

2206 1494 2556 1565 blasphemiis
2582 1494 2853 1552 falsorum
2878 1494 3336 1550 Christianorum.
3369 1494 3475 1563 Qui
3523 1505 3670 1552 tunc
3700 1512 3826 1552 con-

1143 468 1494 525 HAYMONIS
1531 455 2010 523 HALBERSTAT.
2051 460 2263 517 EPISC.
2306 460 2455 518 OPP.
2496 460 2674 516 PARS
2710 459 2773 515 ll.
2812 488 2883 501 —
2921 457 3155 516 HOMIL.

518 1228 764 1300 pontifex
807 1227 991 1284 furore
1036 1233 1343 1296 superatus,
1388 1239 1512 1279 eum
1560 1222 1629 1278 ad
1671 1219 2106 1291 respondendum

517 1327 812 1390 provocat,
846 1327 906 1373 ut
930 1333 995 1374 ex
1030 1316 1269 1388 qualibet
1291 1313 1578 1371 occasione
1623 1311 1889 1367 sermonis
1928 1309 2105 1365 locum

520 1409 764 1465 inveniat
783 1407 1095 1475 accusandi,
1131 1405 1482 1462 nihilominus
1506 1403 1664 1459 Jesus
1695 1410 1855 1457 tacet.
1891 1400 2109 1456 Sciebat

521 1501 690 1567 enim,
730 1501 885 1571 quasi
916 1499 1088 1562 Deus,
1121 1496 1381 1568 quidquid
1425 1492 1820 1565 respondisset,
1851 1499 2108 1561 torquen-

522 1591 652 1647 dum
689 1591 757 1646 ad
802 1590 1142 1647 calumniam.
1173 1587 1412 1643 Rursum
1458 1598 1702 1640 summus
1748 1580 2108 1638 sacerdosin-

463 1672 470 1679 ’
523 1691 765 1755 terrogat
783 1698 931 1749 eum,
955 1692 1012 1739 et
1028 1681 1159 1738 dicit
1180 1680 1231 1737 ei
1260 1697 1275 1737 :

602 1795 621 1826 ι
660 1773 738 1831 Tu
759 1790 820 1831 es
839 1774 1085 1830 Christus
1108 1771 1279 1828 Filius
1298 1771 1396 1827 Dei
1419 1768 1720 1827 benedicti?
1747 1767 1905 1825 Jesus
1927 1775 2108 1823 autem

528 1885 549 1918 ε
586 1865 718 1922 dixit
747 1866 823 1921 illi
864 1884 876 1917 :
910 1866 1023 1938 Ego
1068 1881 1186 1921 sum
1216 1883 1229 1918 :
1261 1884 1280 1915 ι
1312 1863 1371 1918 1n
1400 1862 1655 1917 Matthzeo
1701 1861 1962 1931 scriptum
2002 1846 2131 1927 est,

2209 1598 2399 1660 sputus
2443 1598 2528 1646 est
2575 1590 2759 1645 salivis
2795 1589 3129 1657 inﬁdelium,
3162 1606 3309 1647 nunc
3340 1606 3519 1662 usque
3583 1592 3823 1646 vesanus

2209 1683 2429 1738 nomine
2460 1690 2619 1738 tenus
2640 1682 2938 1738 infidelium
2954 1684 3345 1749 cxhonoratur,
3377 1690 3549 1753 atque
3574 1683 3824 1737 irritatur

2211 1773 2544 1843 opprobriis.
2594 1770 2927 1828 Velaverunt
2955 1781 3137 1828 autem
3187 1772 3384 1827 faciem
3439 1771 3586 1841 ejus,
3622 1787 3732 1826 non
3770 1782 3819 1823 nl

2210 1878 2398 1920 eorum
2427 1865 2542 1936 ipse
2573 1864 2780 1921 scelera
2801 1878 2907 1919 non
2935 1863 3138 1925 videat,
3162 1862 3258 1918 sed
3281 1871 3399 1917 uta
3425 1862 3657 1932 seipsis,
3691 1861 3817 1919 sient

522 1960 667 2031 quod
692 1960 1043 2031 interroganti
1065 1967 1118 2012 et
1134 1957 1342 2025 juranti
1362 1972 1420 2013 se
1440 1954 1706 2026 pontiﬁci,
1727 1954 1773 2010 si
1794 1960 1940 2009 esset
1959 1951 2116 2008 Chri-
2144 1957 2194 2019 Β
2221 1956 2549 2028 quandoque
2588 1955 2760 2028 Moysi
2808 1954 3073 2021 fecerant,
3104 1955 3334 2027 gratiam
3357 1953 3699 2026 cognitionis
3715 1951 3817 2020 ejus

521 2061 655 2119 stus,
688 2051 1028 2123 responderit
1052 2068 1064 2104 :
1091 2050 1170 2105 Tu
1194 2050 1404 2115 dixisti,
1429 2063 1528 2120 pro
1550 2063 1658 2117 quo
1679 2046 1892 2102 Marcus
1914 2045 2115 2116 posuit,

525 2162 544 2194 ι
582 2142 694 2215 Ego
726 2159 865 2209 sum,
903 2161 921 2193 ι
958 2150 1015 2196 ut
1041 2141 1291 2196 videlicet
1332 2139 1645 2195 ostenderet
1690 2146 1901 2193 tantum
1934 2136 2117 2193 valere

518 2234 663 2304 quod
691 2233 827 2289 dixit
851 2231 1027 2301 Jesus,
1051 2251 1069 2285 ι
1091 2232 1173 2288 Tu
1202 2232 1389 2288 dixisti
1414 2249 1427 2284 :
1464 2253 1482 2285 ι
1514 2232 1790 2300 Quantum
1810 2231 1857 2287 si
1886 2230 2111 2297 diceret,

526 2342 546 2376 r
585 2325 697 2396 Ego
763 2341 904 2382 sum.
974 2351 990 2377 ο
1049 2345 1067 2377 ι
1120 2325 1189 2381 Et
1235 2325 1488 2382 videbitis
1535 2324 1730 2381 Filium
1790 2325 2024 2381 hominis
2081 2340 2115 2379 a

523 2436 543 2467 ‹
583 2418 787 2472 dextris
814 2417 1093 2473 sedentem
1122 2417 1343 2473 virtutis
1371 2418 1491 2483 Dei,
1522 2425 1575 2472 et
1599 2416 1906 2473 venientem
1932 2416 1989 2472 in
2014 2432 2115 2493 nu-

523 2527 541 2557 ι
580 2507 738 2565 bibus
763 2508 905 2565 caeli.
939 2529 957 2561 ι
988 2508 1046 2564 Si
1073 2524 1203 2581 ergo
1231 2510 1329 2566 tibi
1356 2510 1410 2565 in
1442 2508 1687 2576 Christo,
1715 2524 1750 2564 o
1775 2507 1979 2576 Judaee,
2012 2525 2111 2581 pa-

518 2612 659 2667 gane
702 2607 757 2654 et
807 2600 1091 2665 haeretice,
1145 2607 1487 2670 contemptus
1509 2641 1525 2667 ,
1558 2598 1854 2656 inﬁrmitas
1888 2609 1945 2656 et
1977 2615 2112 2656 crux

520 2695 844 2751 contumelia
874 2704 977 2761 est,
1003 2695 1129 2751 vide
1150 2696 1278 2766 quia
1302 2710 1403 2765 per
1429 2696 1545 2751 haec
1579 2694 1749 2751 Filius
1774 2695 2012 2752 hominis
2044 2695 2114 2750 ad

520 2787 799 2842 dexteram
830 2786 927 2841 Dei
973 2784 1154 2842 Patris
1182 2801 1467 2851 sessurus,
1498 2795 1555 2841 et
1591 2800 1659 2840 ex
1702 2792 1861 2856 partu
1887 2784 2113 2854 virginis

520 2878 686 2932 homo
715 2886 896 2943 natus,
932 2877 988 2932 in
1018 2891 1115 2932 sua
1146 2892 1269 2932 cum
1299 2876 1424 2932 ctnli
1459 2876 1693 2932 nubibus
1718 2882 1803 2931 est
1828 2875 2112 2945 majestate

517 2974 801 3022 venturus.
844 2964 1003 3023 Unde
1048 2975 1105 3021 et
1139 2965 1461 3037 Apostolus,
1508 2981 1632 3021 cum
1679 2964 1856 3021 crucis
1902 2962 2112 3033 objecta

521 3057 930 3127 descripsisset,
979 3057 1165 3113 dicens
1212 3055 1433 3136 (Philip.
1470 3055 1534 3129 ιι)
1564 3074 1578 3110 :
1615 3075 1633 3107 ι
1674 3054 1775 3123 Qui
1809 3053 2111 3110 humiliavit

519 3146 904 3218 semetipsum,
956 3144 1133 3203 factus
1186 3145 1445 3201 obediens
1498 3160 1668 3215 usque
1721 3144 1790 3200 ad
1843 3152 2107 3208 mortem,

519 3247 753 3294 mortem
782 3246 962 3294 autem
986 3237 1185 3303 crucis,
1210 3256 1229 3289 ι
1249 3236 1495 3307 adjunxit
1522 3243 1683 3305 atque
1708 3234 1784 3289 ait
1808 3249 1822 3289 :
1842 3253 1860 3286 ι
1882 3233 2110 3304 Propter

2222 2052 2579 2109 abscondant.
2607 2049 2665 2106 Si
2692 2049 2840 2106 enim
2863 2049 3151 2105 crederent
3170 2048 3367 2121 Moysi,
3401 2047 3706 2104 crederent
3724 2045 3817 2101 for-

2220 2145 2364 2202 sitan
2399 2152 2456 2199 et
2485 2143 2733 2199 Domino.
2757 2141 2911 2210 Quod
2934 2140 3300 2197 velamentum
3319 2153 3498 2209 usque
3525 2137 3694 2193 hodie
3714 2152 3813 2191 rna-

2216 2245 2310 2292 net
2330 2250 2491 2305 super
2526 2249 2622 2290 cor
2649 2248 2837 2289 eorum
2864 2248 2969 2288 non
3001 2231 3328 2295 revelatum,
3354 2229 3518 2285 nobis
3557 2238 3733 2283 autem
3754 2229 3801 2280 in

2216 2326 2492 2383 Christum
2522 2324 2869 2381 credentibus
2896 2324 3261 2379 ablatum‘est.
3296 2320 3485 2392 Neque
3522 2320 3675 2376 enim
3703 2319 3798 2372 ira.

2216 2427 2331 2474 stra
2352 2432 2419 2474 eo
2438 2418 2705 2472 moriente
2728 2416 2909 2471 velum
2949 2413 3137 2486 templi
3164 2414 3396 2470 scissum
3432 2420 3520 2468 est
3561 2412 3805 2471 medium,

2214 2521 2273 2568 et
2296 2526 2359 2568 ea
2396 2527 2516 2582 quae
2545 2520 2657 2567 toto
2698 2510 2836 2582 legis
2883 2518 3131 2580 tempore
3178 2508 3474 2570 latuerant,
3507 2513 3569 2561 et
3594 2506 3807 2560 abscon-

2216 2604 2325 2659 dita
2351 2604 2555 2660 carnali
2575 2601 2761 2658 lsraeli
2791 2601 3026 2667 fuerant,
3054 2599 3190 2657 Novi
3220 2598 3561 2655 Testamenti
3588 2596 3807 2653 cultori-

2214 2696 2319 2752 bus
2350 2703 2477 2751 sunt
2500 2692 2772 2766 patefacta
2797 2701 2986 2748 sancta
3018 2698 3336 2747 sanctorum
3380 2703 3595 2746 arcana.
3657 2687 3811 2753 Quod

2214 2801 2345 2841 vero
2377 2785 2565 2841 dicunt
2593 2784 2642 2839 ei
2671 2800 2686 2839 :
2728 2801 2748 2835 ι
2782 2781 3129 2853 Prophetiza,
3175 2801 3194 2834 ι
3228 2788 3285 2837 et
3316 2779 3453 2849 juxta
3471 2776 3605 2831 alios
3622 2790 3811 2829 evan-

2214 2875 2434 2947 gelistas
2462 2892 2475 2928 :
2514 2893 2532 2926 ι
2563 2873 2697 2941 Quis
2721 2881 2808 2930 est
2835 2874 2928 2944 qui
2954 2884 3005 2929 te
3027 2872 3342 2943 percussit?
3371 2890 3389 2923 ι
3416 2867 3561 2940 quasi
3580 2868 3638 2921 in
3668 2881 3811 2922 con-

2216 2966 2493 3025 tumeliam
2537 2966 2746 3024 faciunt
2767 2966 2908 3037 ejus,
2963 2967 3057 3037 qui
3089 2982 3149 3023 se
3182 2981 3213 3021 a
3252 2964 3463 3037 pepulis
3486 2963 3805 3034 prophetam

2212 3060 2446 3117 voluerit
2472 3059 2683 3116 haberi.
2718 3057 2826 3115 Sed
2857 3059 2974 3129 ipso
3016 3058 3392 3129 dispensante,
3438 3054 3529 3125 qui
3585 3053 3804 3123 patitur,

2212 3155 2396 3210 omnia
2424 3168 2525 3224 pro
2548 3153 2707 3209 nobis
2735 3151 2890 3219 ﬁunt,
2917 3152 3059 3208 sicut
3077 3150 3271 3207 Petrus
3290 3152 3544 3205 hortatur
3573 3145 3626 3217 (1
3666 3145 3799 3199 Patr.

2213 3247 2289 3318 tv)
2314 3267 2327 3305 ;
2352 3246 2571 3303 Christo
2610 3246 2667 3301 in
2695 3260 2860 3301 carne
2891 3260 3053 3317 passo
3072 3286 3087 3311 ,
3140 3258 3240 3300 nos
3267 3241 3460 3297 eadem
3484 3238 3800 3310 cogitatione

520 3331 665 3402 quod
702 3337 759 3387 et
784 3329 927 3386 Deus
964 3329 1113 3385 illum
1144 3329 1423 3395 exaltavit,
1461 3335 1518 3384 et
1540 3327 1760 3383 donavit
1781 3325 1853 3381 illi
1884 3340 2102 3390 nomen,
2134 3321 2180 3386 C
2209 3354 2503 3403 amemur,
2548 3347 2711 3409 mque
2734 3337 2806 3393 ad
2831 3337 3135 3395 toleranda.
3156 3350 3258 3410 pro
3282 3334 3509 3407 ηοωίηθ
3535 3330 3655 3402 ejus
3680 3328 3795 3385 ίπί.

520 3423 666 3494 quod
706 3431 793 3479 est
834 3437 998 3494 super
1039 3437 1199 3479 omne
1244 3437 1439 3478 nomen
1464 3462 1479 3487 ,
1523 3428 1582 3476 ut
1628 3421 1682 3474 in
1722 3419 1939 3475 nomine
1980 3417 2107 3473 Jesu

521 3531 683 3572 omne
725 3531 866 3588 genu
895 3514 1167 3581 ﬂectatur,
1198 3515 1525 3581 caelestium,
1556 3512 1896 3569 terrestrium
1933 3521 1989 3566 et
2021 3512 2107 3566 in-

522 3607 803 3663 fernorum
826 3624 838 3660 :
857 3615 910 3662 et
930 3607 1108 3663 omnis
1126 3606 1309 3679 lingua
1330 3606 1655 3663 conﬁteatur
1678 3604 1806 3675 quia
1850 3603 2110 3659 Dominus

522 3698 681 3756 Iesus
713 3697 960 3755 Christus
985 3700 1040 3754 in
1066 3698 1235 3770 gloria
1270 3707 1353 3754 est
1380 3698 1475 3753 Dei
1501 3697 1694 3751 Patris.
1731 3716 1750 3748 ι

604 3811 625 3845 ι
673 3791 932 3847 Summus
965 3800 1147 3847 autem
1186 3791 1439 3847 sacerdos
1495 3791 1748 3846 scindens
1788 3792 2112 3848 vestimenta

533 3903 552 3936 ι
600 3897 720 3949 sua,
748 3883 827 3937 ait
847 3881 1026 3949 :,Quid
1051 3882 1229 3938 adhuc
1257 3881 1629 3938 desideramus
1652 3882 1851 3938 testes?
1871 3881 2113 3941 Audistis

534 3992 553 4025 ι
600 3972 1013 4043 blasphemiam.
1058 3991 1078 4024 ι
1112 3972 1283 4040 Quem
1312 3974 1377 4029 de
1418 3973 1554 4030 solio
1596 3974 1915 4031 sacerdotali
1962 3974 2116 4030 furor

529 4074 879 4132 excusserat,
929 4064 1174 4121 eumdem
1221 4065 1402 4122 rabies
1451 4065 1519 4121 ad
1565 4066 1887 4124 scindendas
1936 4076 2116 4125 vestes

529 4165 810 4227 provocat.
830 4156 1039 4212 Scindit
1058 4157 1383 4214 vestimenta
1406 4173 1523 4225 sua,
1549 4166 1609 4214 ut
1630 4160 1881 4215 ostendat
1900 4158 2117 4217 Iudaeos

532 4246 926 4304 sacerdotalem
958 4256 1158 4304 vestem
1188 4248 1273 4304 vel
1308 4248 1533 4320 gloriam
1576 4248 1875 4320 perdidisse
1894 4292 1909 4319 ,
1938 4261 1994 4307 et
2020 4267 2117 4307 va-

533 4355 691 4395 cuam
722 4340 905 4395 sedem
933 4339 1131 4395 habere
1152 4340 1440 4411 pontiﬁcis.
1475 4340 1581 4398 Sed
1622 4351 1674 4398 et
1711 4343 2118 4399 consuetudinis

532 4429 770 4489 Judaicae
794 4439 897 4499 est,
922 4445 1047 4487 cum
1071 4431 1273 4500 aliquid
1301 4431 1650 4502 blasphemia:
1674 4442 1729 4489 et
1748 4433 1901 4505 quasi
1931 4442 2119 4490 contra

534 4525 704 4578 Deum
729 4522 1022 4589 audierint,
1052 4523 1300 4579 scindere
1320 4524 1644 4580 vestimenta
1675 4540 1792 4590 sua,
1813 4524 1958 4596 quod
1981 4525 2121 4582 Pau-

534 4613 646 4668 lum
678 4626 893 4683 quoque
920 4620 976 4667 et
1000 4611 1305 4668 Barnabam
1323 4655 1337 4679 ,
1363 4614 1578 4684 quando
1607 4614 1661 4669 in
1690 4613 1962 4689 Lycaonia
1988 4618 2121 4674 deo-

537 4719 658 4758 rum
688 4703 838 4758 cultu
861 4705 1281 4771 venerabantur,
1315 4705 1508 4763 fecisse
1532 4684 1764 4776 legimus
1795 4708 1943 4782 (Act.
1971 4710 2117 4783 xlv).
2146 4684 2201 4747 Ῑ)

538 4792 781 4850 Herodes
819 4805 1030 4863 autem,
1064 4798 1191 4868 quia
1238 4812 1347 4853 non
1375 4798 1524 4855 dedit
1564 4800 1823 4857 honorem
1867 4802 1998 4870 Deo,
2028 4803 2125 4859 sed

541 4886 812 4956 acquievit
845 4887 1201 4954 immoderato
1252 4890 1425 4947 favori
1470 4892 1672 4963 populi,
1720 4892 1905 4951 statim
1932 4894 2002 4950 ab
2030 4911 2127 4951 an-

544 4977 661 5051 gelo
694 4992 984 5048 percussus
1021 4990 1123 5037 est.
1153 4983 1343 5039 Altiori
1395 4992 1577 5039 autem
1621 4987 1880 5057 mysterio
1924 4987 2127 5044 factum

545 5079 663 5137 est,
691 5078 753 5125 ut
797 5071 850 5126 in
887 5073 1135 5142 passione
1169 5075 1380 5130 Domini
1410 5074 1650 5146 pontifex
1681 5075 1990 5133 Judmorum
2031 5096 2129 5135 sua

549 5163 663 5234 ipse
695 5164 1015 5220 vestimenta
1043 5165 1353 5232 disciderit,
1398 5181 1521 5221 cum
1554 5168 1732 5223 tunica
1770 5168 1984 5224 Domini
2031 5184 2130 5225 nec

548 5256 618 5311 ab
642 5256 745 5320 his,
769 5257 861 5329 qui
882 5273 1004 5313 eum
1028 5259 1369 5323 crucilixere,
1397 5257 1657 5315 militibus
1678 5261 1851 5316 scindi
1874 5264 2129 5332 potuerit.

548 5347 909 5420 Figurabatur
937 5351 1105 5416 enim,
1128 5349 1271 5420 quod
1307 5350 1672 5408 sacerdotium
1701 5351 2008 5409 Judmorum
2036 5372 2134 5427 pro

551 5441 846 5499 sceleribus
877 5443 1115 5513 ipsorum
1144 5439 1458 5511 pontiﬁcum
1502 5454 1647 5500 esset
1676 5446 2048 5511 scindendum,
2080 5460 2136 5504 et

552 5552 582 5589 a
608 5550 718 5590 sua:
749 5543 892 5591 statu
919 5533 1247 5605 integritatis
1272 5534 1598 5591 omnimodis
1629 5536 1963 5595 solvendum.
1993 5540 2133 5597 Soli-

555 5620 856 5683 ditas‘vero
901 5634 1103 5680 sanctae
1132 5626 1452 5682 universalis
1481 5628 1737 5687 Ecclesia:
1758 5672 1774 5698 ,
1819 5647 1940 5702 quae
1973 5636 2139 5693 vestis

557 5718 641 5773 sui
690 5718 1067 5789 Redemptoris
1114 5717 1253 5774 solet
1305 5719 1596 5790 appellari,
1653 5739 1927 5795 nunquam
1965 5727 2143 5783 valeat

560 5813 852 5883 disrumpi,
891 5814 1020 5883 quin
1067 5813 1277 5885 potius,
1318 5823 1371 5868 et
1418 5815 1460 5870 si
1492 5815 1692 5885 Judaﬁi
1738 5820 1783 5875 si
1808 5821 2066 5890 gentiles,
2094 5822 2140 5877 si

560 5902 830 5966 haeretici,
866 5904 991 5959 mali
1019 5906 1267 5963 catholici
1309 5907 1668 5966 humilitatem
1715 5910 1925 5968 Domini
1957 5912 2142 5971 Salva-

2210 3432 2424 3488 sionum
2455 3430 2746 3501 opprobria
2778 3444 3171 3501 praeparemur.

2288 3543 2307 3576 ι
2353 3523 2423 3579 Et
2448 3538 2573 3579 cum
2595 3531 2742 3578 esset
2760 3521 2957 3577 Petrus
2979 3521 3035 3576 in
3068 3521 3208 3576 atrio
3230 3520 3509 3582 deorsum,
3536 3514 3688 3571 venit
3704 3526 3798 3568 una

2220 3636 2236 3667 ι
2270 3632 2333 3671 ex
2364 3615 2576 3671 ancillis
2618 3614 2817 3670 summi
2856 3614 3175 3669 sacerdotis.
3214 3612 3281 3668 Et
3308 3627 3436 3667 cum
3463 3609 3691 3666 vidisset
3713 3607 3800 3662 Pc-

2219 3727 2237 3759 ι
2276 3716 2416 3762 trum
2458 3705 2866 3763 calefacientem
2898 3719 2982 3771 se,
3015 3704 3283 3775 aspiciens
3308 3702 3461 3757 illum
3491 3702 3574 3756 ait
3612 3719 3626 3754 :
3668 3698 3731 3753 Et
3752 3705 3799 3751 tu

2220 3820 2239 3854 ι
2276 3817 2400 3857 cum
2432 3798 2563 3856 Jesu
2588 3797 2871 3854 Nazareno
2902 3811 3047 3853 eras.
3091 3794 3272 3851 Atille
3311 3793 3555 3866 negavit,
3597 3791 3799 3847 dicens:

2221 3914 2241 3947 ι
2278 3893 2466 3966 Neque
2486 3892 2619 3960 scio,
2644 3905 2821 3962 neque
2852 3890 2977 3946 novi
3001 3889 3131 3961 quid
3153 3889 3323 3945 dicas.
3348 3908 3368 3941 ι
3393 3886 3537 3955 Quid
3561 3885 3661 3942 sibi
3679 3884 3801 3947 vult,

2216 3988 2360 4061 quod
2415 3986 2594 4057 prima
2642 3999 2766 4040 eum
2818 3983 3000 4054 prodit
3038 3982 3266 4047 ancilla,
3311 3997 3438 4057 cum
3482 3981 3587 4035 viri
3630 3980 3806 4048 utiqu

2218 4080 2391 4151 magis
2452 4092 2575 4132 eum
2654 4083 2950 4147 potuerunt
3011 4088 3426 4147 recognoscere,
3500 4073 3609 4128 nisi
3668 4082 3727 4125 ut
3760 4080 3808 4123 et

2220 4173 2324 4227 iste
2379 4184 2540 4227 sexus
2585 4181 2843 4239 peccasse
2894 4167 2949 4222 in
2996 4181 3186 4223 necem
3230 4165 3450 4222 Domini
3520 4164 3805 4221 videretur,

2221 4269 2277 4316 et
2312 4261 2415 4316 iste
2466 4273 2633 4329 sexus
2662 4258 3026 4314 redimeretur
3071 4272 3173 4327 per
3218 4255 3431 4311 Domini
3473 4251 3809 4325 passionem“

2222 4351 2289 4406 Et
2316 4348 2439 4404 ideo
2473 4347 2668 4404 mulier
2716 4346 3139 4403 resurrectionis
3167 4346 3363 4417 accipit
3397 4346 3576 4416 prima
3616 4353 3806 4415 myste-

2225 4443 2323 4507 ria,
2352 4450 2410 4497 et
2432 4440 2686 4496 mandata
2716 4439 2970 4504 custodit,
2994 4446 3057 4495 ut
3091 4446 3333 4495 veterem
3360 4434 3809 4509 praevaricationis

2224 4533 2463 4591 aboleret
2491 4544 2753 4589 errorem.

2302 4648 2320 4681 ι
2358 4627 2427 4683 Et
2451 4627 2587 4684 exiit
2615 4626 2765 4683 foras
2796 4634 2924 4682 ante
2953 4626 3175 4691 atrium,
3204 4633 3263 4680 et
3284 4622 3460 4695 gallus
3501 4622 3758 4681 cantavit.
3791 4642 3804 4672 ι

2228 4722 2305 4777 De
2331 4720 2434 4777 hoc
2480 4718 2607 4792 galli
2651 4727 2816 4774 cantu
2850 4718 3038 4774 caeteri
3082 4715 3431 4789 evangelista:
3463 4725 3678 4783 tacent,
3717 4730 3811 4770 nou

2225 4820 2409 4868 tamen
2429 4809 2634 4866 factmn
2656 4823 2779 4865 esse
2804 4815 3026 4879 negant,
3052 4807 3194 4863 sicut
3214 4816 3271 4862 et
3309 4807 3483 4864 multa
3506 4807 3617 4863 alia
3645 4806 3735 4863 alii
3753 4808 3813 4862 si-

2228 4902 2396 4958 lentio
2422 4900 2827 4971 praeterierunt,
2851 4915 2972 4969 quae
2991 4897 3082 4954 alii
3112 4908 3356 4953 narrant.

2307 4993 2598 5049 (Rursum
2642 5000 2825 5048 autem
2855 5008 2979 5048 cum
3007 4990 3234 5048 vidisset
3264 4991 3373 5046 alia
3430 5008 3563 5049 eum
3614 4988 3812 5049 ancilla.

2238 5107 2256 5141 ι
2296 5087 2461 5158 coepit
2490 5086 2670 5141 dicere
2695 5082 3197 5149 circumstantibus,
3219 5084 3346 5154 quia
3377 5084 3469 5140 hic
3492 5099 3563 5139 ex
3598 5084 3703 5139 illis
3725 5090 3812 5138 est.

2239 5201 2257 5233 ι
2302 5178 2488 5235 Atille
2520 5179 2717 5234 iterum
2772 5178 3010 5249 negavit.
3072 5198 3091 5229 ›
3141 5176 3259 5233 Non
3319 5178 3436 5234 haec
3486 5179 3679 5235 eadem
3710 5194 3815 5247 qut

2235 5271 2385 5341 prius
2415 5268 2728 5335 accusabat,
2781 5267 2978 5324 ancilla
3042 5282 3164 5324 esse
3216 5268 3487 5325 credenda
3536 5279 3647 5326 est.
3692 5268 3815 5323 Dicit
3920 5338 3921 5343 η

2236 5374 2473 5431 namque
2508 5357 2793 5414 Matthaeus
2840 5359 3182 5429 apertissime
3231 5377 3244 5414 :
3300 5378 3318 5411 ι
3370 5359 3621 5416 Exeunte
3654 5370 3818 5415 autem

2238 5455 2331 5511 illo
2348 5453 2598 5524 januam,
2621 5450 2758 5507 vidit
2774 5465 2901 5507 eum
2924 5451 3030 5507 alia
3057 5451 3273 5518 ancilla,
3289 5459 3343 5508 et
3357 5452 3434 5508 ait
3455 5452 3541 5508 his
3561 5454 3657 5524 qni
3680 5462 3822 5506 erant

2240 5549 2314 5605 ibi
2342 5546 2559 5617 (Matth.
2592 5544 2789 5617 xxvn).
2839 5564 2859 5599 ι
2909 5545 2965 5600 ln
3006 5545 3110 5600 hac
3150 5553 3333 5600 autem
3364 5545 3655 5615 negatione
3688 5543 3822 5599 Petri

2243 5639 2520 5706 discimus,
2562 5652 2669 5693 non
2700 5636 2875 5694 solum
2925 5637 3194 5709 abnegare
3227 5635 3524 5702 Christum,
3570 5638 3666 5708 qui
3704 5637 3822 5691 dicit

2244 5749 2366 5790 eum
2392 5748 2499 5789 non
2531 5749 2653 5790 esse
2677 5732 2973 5797 Christum,
3003 5732 3099 5790 sed
3139 5733 3208 5789 ab
3239 5732 3332 5788 illo
3355 5733 3546 5799 etiam,
3581 5736 3676 5804 qui
3712 5749 3822 5787 cum
3916 5770 3917 5804 ἶ

2246 5826 2319 5882 sit
2344 5835 2504 5897 negat
2533 5840 2591 5879 se
2604 5840 2725 5880 esse
2740 5823 3126 5882 Christianum.
3145 5824 3406 5881 Dominus
3424 5834 3610 5881 autem
3628 5841 3731 5880 non
3760 5827 3825 5877 ait

2247 5916 2411 5977 Petro
2445 5934 2457 5972 :
2491 5915 2819 5987 Discipulum
2851 5931 3030 5973 meum
3074 5925 3125 5977 te
3156 5916 3396 5988 negabis,
3447 5917 3543 5972 sed
3576 5935 3595 5969 ι
3634 5931 3719 5973 me
3741 5930 3825 5973 ne.
