3934 6346
199 423 312 479 409

1417 420 1720 476 HOMILIIE
1764 423 1850 478 DE
1888 422 2232 479 TEMPOliE.

3366 435 3471 491 410

198 534 378 608 gabis.
422 555 442 588 ι
477 533 701 606 Negavit
740 549 868 605 ergo
917 534 1108 605 ipsum,
1153 547 1360 590 cumse
1401 535 1619 605 negavit
1669 533 1784 602 ejus
1810 543 1864 601 Α
1964 559 1980 589 ‹
2015 538 2082 592 Et
2125 539 2477 608 interrogavit
2505 559 2628 598 cum
2652 543 2856 599 Pilatus
2890 564 2902 600 :
2936 543 3014 600 'l‘u
3037 561 3097 602 es
3141 563 3236 604 rex
3258 548 3471 609 Judaeo-

199 644 327 686 esse
350 626 688 698 discipulum.

277 740 296 774 ι
334 720 400 775 Et
436 727 560 790 post
585 717 835 790 pusillum
864 733 1052 774 rursus
1101 719 1191 788 qui
1223 717 1490 784 astabant,
1529 719 1783 775 dicebant

200 831 219 863 ι
258 811 467 868 Petro:
501 808 640 865 Vere
691 801 758 864 ex
796 809 903 866 illis
931 825 1009 866 es.
1051 808 1188 864 Nam
1229 819 1285 866 et
1333 809 1586 866 Galilaeus
1628 826 1706 866 es.
1754 831 1773 864 ι

191 906 317 962 Νοη
337 905 482 978 quod
513 904 616 960 alia
662 903 842 974 lingua
894 902 1098 959 Galilzei
1139 918 1301 973 quam
1346 902 1780 976 Hierosolymita:

190 998 567 1067 loquerentur,
610 995 705 1066 qui
735 995 948 1065 utrique
990 992 1210 1050 fuerunt
1260 993 1493 1060 Hebraei,
1524 995 1618 1050 sed
1652 996 1779 1064 quia

187 1107 528 1163 unaquaeque
548 1090 824 1162 provincia
849 1098 904 1145 et
923 1091 1070 1162 regio
1097 1105 1222 1146 suas
1244 1091 1439 1153 habeat
1477 1092 1779 1162 proprieta-

187 1196 300 1252 tes,
328 1201 392 1240 ac
415 1183 762 1239 vernaculum
808 1183 1056 1253 loquendi
1091 1199 1282 1240 sonum
1313 1185 1486 1240 vitare
1516 1195 1776 1258 non'pos-

184 1280 283 1334 sit.
316 1277 468 1334 Unde
517 1277 572 1331 in
621 1276 846 1331 Actibus
879 1276 1246 1347 apostolorum
1290 1292 1415 1332 cum
1463 1279 1538 1342 hi,
1579 1279 1776 1349 quibus

183 1369 428 1439 Spiritus
464 1373 682 1423 sanctus
728 1367 1021 1431 insederat,
1044 1368 1284 1422 omnium
1315 1369 1551 1438 gentium
1576 1369 1774 1440 linguis

183 1465 566 1533 loquerentur,
613 1462 756 1516 inter
775 1460 909 1517 alios
938 1461 1029 1531 qui
1057 1476 1088 1516 e
1136 1460 1364 1516 diversis
1393 1462 1573 1516 mundi
1605 1463 1776 1534 plagis

179 1555 538 1617 advenerant,
593 1552 758 1607 etiam
823 1551 897 1606 illi
951 1553 1041 1621 qui
1102 1551 1416 1606 habitabant
1490 1551 1771 1620 Judzeam,

176 1644 390 1698 dixisse
424 1641 733 1697 referuntur
765 1685 776 1695 .
810 1661 827 1693 ‹
863 1641 1052 1698 Nonne
1091 1657 1218 1713 ecce
1244 1657 1432 1697 omnes
1461 1641 1549 1697 isti
1577 1645 1668 1714 qui
1698 1645 1776 1699 lo-

173 1743 448 1806 quuntur,
473 1733 677 1789 Galilaei
706 1735 866 1789 sunt?
889 1733 958 1788 Et
978 1733 1245 1805 quomodo
1275 1733 1576 1790 audivimus
1607 1752 1774 1792 unus-

171 1828 414 1898 quisque
462 1827 698 1898 linguam
726 1835 968 1882 nostram
1007 1825 1061 1880 in
1085 1841 1191 1896 qua
1230 1827 1344 1882 nati
1383 1829 1606 1882 sumus?
1634 1829 1770 1899 (Act.

169 1920 288 1991 χι.)
316 1941 334 1972 ι
364 1919 432 1975 Ει
457 1919 648 1975 Petrus
678 1918 938 1975 fratribus
958 1917 1184 1989 loquens
1206 1919 1261 1974 in
1283 1918 1580 1975 Jerusalem
1609 1939 1621 1975 :
1654 1940 1672 1972 ι
1701 1921 1770 1977 Ει
1801 1911 1846 1972 Β

165 2024 390 2080 notum,
417 2014 606 2086 inquit,
645 2012 848 2070 factum
891 2022 976 2069 est
1004 2014 1256 2070 omnibus
1285 2014 1654 2072 habitantibus
1682 2014 1766 2071 Je-

166 2106 444 2171 rusalem,
494 2106 570 2161 ita
623 2114 682 2160 ut
730 2105 1091 2176 appellaretur
1147 2122 1275 2178 ager
1326 2107 1414 2163 ille
1441 2107 1769 2164 Haceldama

161 2198 320 2269 (Act.
353 2201 415 2270 ι).
452 2219 470 2251 ι
505 2197 682 2266 Quare
731 2199 910 2269 lingua
941 2215 1162 2265 eorum,
1191 2202 1292 2256 nisi
1321 2202 1463 2271 quod
1495 2203 1639 2258 idem
1671 2219 1768 2258 no-

157 2305 304 2345 men
333 2290 489 2344 aliter
518 2289 618 2355 illi,
642 2291 748 2348 hoc
775 2302 890 2355 est,
923 2290 1386 2362 Hierosolymitae,
1414 2292 1573 2348 aliter
1610 2309 1767 2350 sona-

156 2382 311 2437 bant
333 2380 572 2437 Galiltei?

255 2489 273 2520 ς
312 2469 405 2524 llle
443 2477 621 2524 autem
653 2471 817 2540 cmpit
841 2471 1304 2528 anathematizare
1327 2481 1382 2528 et
1393 2472 1605 2542 jurare,
1641 2476 1766 2545 quia

165 2585 185 2617 ε
231 2563 414 2618 nescio
445 2563 718 2618 hominem
764 2565 926 2620 istum
962 2581 1121 2636 quem
1151 2567 1350 2623 dicitis.
1373 2568 1440 2622 Et
1462 2569 1643 2624 statim
1670 2570 1767 2625 ite-

166 2679 189 2712 ι
238 2674 354 2713 rum
405 2657 577 2729 gallus
619 2659 878 2714 cantavit.
918 2680 935 2711 ι
980 2659 1130 2714 Solet
1168 2659 1444 2730 Scriptura
1475 2679 1628 2718 sacra
1654 2680 1765 2720 me-

162 2751 337 2804 ritum
389 2763 698 2814 causarum,
747 2764 845 2819 per
865 2757 1064 2803 statum
1105 2750 1389 2822 designare
1437 2762 1758 2822 temporum.

165 2842 328 2899 Unde
365 2841 578 2904 Petrus,
642 2841 734 2910 qui
782 2839 960 2896 media
1007 2850 1164 2896 nocte
1213 2843 1447 2913 negavit,
1506 2843 1571 2896 ad
1632 2843 1758 2912 galli

168 2945 391 2991 cantum
444 2935 696 3006 paenituit
739 2953 750 2988 :
785 2934 875 3003 qui
915 2933 1080 2988 etiam
1129 2943 1251 3004 post
1298 2936 1756 2992 reSurrectionem

172 3029 388 3084 Domini
423 3029 613 3084 diurna
643 3027 744 3082 sub
787 3027 907 3082 luce
947 3027 1120 3093 illum,
1148 3043 1308 3098 quem
1332 3030 1492 3084 tertio
1531 3045 1758 3101 negave-

176 3128 283 3184 rat,
307 3119 465 3176 tertio
500 3133 652 3190 teque
677 3133 735 3173 se
765 3133 947 3173 amare
975 3118 1250 3188 professus
1294 3129 1394 3176 est.
1423 3120 1554 3189 Quia
1593 3122 1754 3177 nimi-

181 3227 322 3275 rum,
365 3211 454 3280 qui
485 3211 538 3264 in
567 3209 806 3264 tenebris
858 3209 1144 3265 oblivionis
1195 3211 1415 3277 erravit,
1442 3220 1498 3266 et
1526 3221 1756 3282 spei-aue

1889 653 1907 684 ‹
1949 635 2113 688 rum?
2151 654 2168 685 ›
2203 635 2375 691 Pilato
2409 636 2544 691 nihil
2595 638 2738 693 aliud
2789 640 3033 696 criminis
3080 641 3467 717 interrogante,

1882 728 1988 784 nisi
2037 736 2216 784 utrum
2245 746 2338 785 rex
2367 729 2671 787 Judaeorum
2720 733 2810 799 sit,
2852 745 3152 806 arguuntur
3178 737 3471 809 impietatis

1879 819 2072 887 Judaei,
2121 822 2262 890 quod
2312 837 2380 878 ne
2441 822 2576 878 falso
2633 827 2850 894 quidem
2901 813 3147 884 invenire
3195 832 3470 900 potuerint

1879 915 2023 983 quod
2066 913 2364 982 objicerent
2397 916 2686 972 Salvatori.
2732 938 2750 968 ‹
2788 920 2971 975 Atille
2997 923 3351 992 respondens,
3392 927 3469 982 ait

1885 1024 1904 1058 ‹
1936 1007 2013 1062 illi
2057 1023 2072 1062 :
2122 1008 2202 1063 Tu
2229 1011 2386 1064 dicis.
2433 1031 2451 1062 ι
2487 1010 2578 1067 Sic
2609 1015 2908 1083 respondit,
2940 1025 3001 1070 ut
3031 1025 3086 1070 et
3113 1032 3299 1072 verum
3324 1020 3467 1075 dice-

1879 1111 1981 1168 ret,
2007 1111 2061 1158 et
2090 1118 2270 1158 sermo
2296 1104 2412 1173 ejus
2441 1105 2726 1162 calumnia:
2747 1124 2853 1162 non
2894 1118 3124 1179 pateret.
3156 1113 3223 1168 Et
3254 1117 3467 1172 attende

1876 1192 2019 1260 quod
2039 1192 2234 1259 Pilato,
2277 1195 2370 1265 qui
2403 1195 2456 1250 in
2495 1197 2639 1251 vitiis
2673 1200 2997 1253 sententiam
3029 1199 3256 1268 ferebat,
3287 1205 3466 1276 aliqua

1877 1283 1928 1336 in
1959 1292 2115 1352 parte
2159 1286 2520 1355 responderit,
2552 1288 2925 1342 sacerdotibus
2973 1297 3152 1345 autem
3204 1303 3260 1347 et
3312 1295 3464 1364 prin-

1876 1373 2084 1444 cipibus
2128 1373 2382 1443 noluerit,
2437 1377 2794 1448 indignosque
2837 1393 2936 1434 suo
2986 1393 3236 1438 sermone
3260 1384 3466 1452 judica-

1876 1465 2033 1519 verit.

1950 1599 1967 1630 ε
2002 1577 2210 1635 Pilatus
2239 1589 2419 1636 autem
2449 1598 2665 1638 rursum
2690 1583 3046 1655 interrogavit
3070 1600 3215 1651 eum,
3244 1587 3462 1642 dicens:

1881 1687 1898 1720 t
1933 1668 2050 1724 Non
2080 1672 2377 1741 respondes
2419 1673 2749 1744 quidquam?
2789 1676 2922 1732 Vide
2963 1677 3018 1730 in
3051 1676 3269 1748 quantis
3300 1686 3352 1733 te
3370 1693 3462 1734 ac-

1880 1783 1897 1813 ι
1933 1773 2144 1820 cusant.
2199 1763 2356 1820 Jesus
2398 1775 2580 1822 autem
2629 1767 2858 1839 amplius
2908 1769 3041 1823 nihil
3107 1769 3400 1840 respondit.
3437 1789 3459 1824 ι

1876 1854 2138 1912 Ethnicus
2174 1857 2392 1925 quidem
2421 1865 2504 1912 est
2524 1860 2617 1928 qui
2645 1858 3192 1924 condemnatJesum,
3221 1861 3314 1916 sed
3334 1876 3454 1916 cau-

1873 1964 1987 2004 sam
2001 1949 2167 2004 refert
2185 1950 2236 2004 in
2265 1952 2520 2020 populum
2545 1951 2874 2008 Judaeorum.
2899 1974 2917 2005 ‹
2941 1954 3074 2010 Vide
3093 1972 3144 2009 in
3161 1957 3380 2025 quantis
3404 1965 3456 2011 te

1873 2052 2152 2098 accusant.
2190 2063 2209 2095 ι
2240 2042 2400 2098 Jesus
2432 2053 2612 2099 autem
2652 2044 3143 2115 nihilrespondcrc
3167 2047 3358 2113 voluit,
3395 2063 3462 2103 ne

1871 2139 2079 2194 crimen
2114 2138 2325 2195 diluens
2351 2139 2715 2195 dimitteretur
2737 2156 2766 2195 a
2797 2141 3046 2211 praeside,
3077 2143 3327 2198 etcrucis
3351 2143 3458 2198 uti-

1871 2227 1998 2283 litas
2033 2227 2359 2285 differretur.

1947 2364 1964 2394 ‹
1998 2343 2290 2400 Pontifices
2324 2353 2526 2410 autem,
2559 2346 2967 2402 concitaverunt
3012 2347 3226 2402 turbam
3259 2356 3319 2402 ut
3345 2363 3458 2402 ma-

1877 2455 1894 2486 ‹
1926 2437 2007 2507 gis
2047 2435 2350 2493 Barabbam
2385 2437 2681 2493 dimitteret
2707 2439 2806 2494 eis.
2841 2458 2859 2491 ›
2898 2437 3080 2508 Usque
3108 2439 3266 2494 hodie
3290 2441 3460 2496 lueret

1867 2528 2066 2585 Judmis
2114 2545 2207 2586 sua
2240 2531 2452 2601 petitio,
2483 2546 2646 2601 quam
2687 2540 2838 2586 tanto
2869 2530 3053 2587 labore
3077 2532 3454 2602 impetrarunt.

1869 2620 1968 2689 Qui
2000 2623 2142 2677 enim
2173 2625 2294 2678 data
2320 2623 2423 2679 sibi
2476 2624 2697 2693 optione
2728 2639 2824 2694 pro
2858 2622 2984 2678 Jesu
3033 2623 3320 2689 latronem,
3360 2639 3457 2694 pro

1869 2713 2148 2768 Salvatore
2197 2713 2623 2780 interfectorem,
2660 2729 2760 2784 pro
2789 2715 2977 2770 datorc
3015 2713 3152 2770 vita:
3177 2714 3459 2786 elegerunt

1865 2804 2258 2874 ademptorem,
2289 2805 2486 2860 merito
2507 2805 2736 2860 salutem
2758 2807 3112 2876 perdiderunt
3125 2814 3180 2861 et
3195 2805 3383 2870 vitam,
3402 2815 3455 2860 et

1862 2896 2164 2952 latrociniis
2193 2913 2311 2952 sese
2352 2914 2416 2952 ac
2448 2898 2727 2954 seditionis
2755 2901 3023 2955 intantum
3069 2899 3449 2962 subdiderunt,

1861 2999 1919 3044 ut
1948 3000 2004 3045 et
2029 2991 2261 3060 patriam
2301 3006 2636 3063 regnumque
2679 3008 2834 3048 suum
2885 2993 3030 3063 quod
3083 2992 3204 3062 plus
3241 2991 3454 3047 Christo

1862 3097 2134 3149 amavere,
2170 3083 2530 3153 perdiderint,
2563 3093 2616 3140 et
2644 3085 2926 3150 hactenus,
2952 3100 3115 3155 quam
3137 3085 3446 3149 vendidere,

1860 3175 1973 3229 sive
2015 3175 2230 3241 animae,
2264 3191 2358 3230 seu
2413 3177 2658 3246 corporis
2714 3176 3018 3232 libertatem
3050 3176 3292 3247 recipere
3347 3192 3450 3230 non

180 3303 290 3372 jam
317 3304 448 3359 lucis
483 3303 930 3359 rememoratione
959 3305 1215 3367 correxit,
1247 3315 1301 3358 et
1330 3303 1568 3372 ejusdem
1610 3320 1753 3360 verae
1782 3279 1827 3342 (ἶ
1860 3274 2174 3320 memer‘m'

189 3395 320 3451 lucis
346 3395 528 3466 adepta
574 3395 878 3465 praesentia,
910 3395 1065 3465 plene
1091 3403 1260 3450 totum
1289 3395 1550 3464 quidquid
1579 3403 1752 3450 muta-

183 3498 331 3544 verat
359 3491 546 3545 erexit.
579 3489 733 3545 Hunc
766 3489 958 3558 opinor
995 3489 1189 3560 gallum
1214 3490 1448 3559 aliquem
1475 3490 1751 3546 doctorem

178 3579 594 3651 intelligendum,
624 3579 740 3649 qui,
763 3594 861 3633 nos
879 3575 1122 3646 jacentes
1155 3579 1420 3643 excitans,
1449 3587 1504 3633 et
1532 3595 1750 3636 somno-

171 3671 343 3728 lentos
386 3675 692 3742 increpans,
738 3671 922 3726 dicat:
958 3691 976 3722 ι
1013 3669 1297 3742 Evigilate,
1324 3670 1476 3741 justi,
1507 3678 1564 3726 et
1587 3670 1751 3726 nolite

169 3781 396 3836 peccare
425 3765 477 3836 (Ι
503 3764 626 3820 Cor.
654 3766 798 3837 xv)»

245 3880 262 3912 ε
299 3859 367 3915 Et
387 3859 703 3916 recordatus
727 3868 811 3914 est
843 3858 1036 3914 Petrus
1077 3859 1228 3915 verbi
1265 3859 1406 3930 quod
1441 3859 1654 3914 dixerat
1697 3859 1748 3915 ei

171 3973 193 4005 ι
236 3951 392 4010 Jesus
422 3971 436 4007 :
462 3953 782 4022 Priusquam
817 3951 988 4024 gallus
1017 3960 1198 4007 cantet
1234 3952 1338 4016 his,
1371 3960 1454 4005 ter
1477 3966 1561 4005 me
1587 3966 1748 4021 nega-

173 4064 193 4095 ι
226 4045 326 4100 his.
359 4044 428 4100 Et
445 4045 609 4114 ccepit
645 4042 792 4098 ﬂere.
835 4062 852 4095 ι
889 4042 1061 4110 Quam
1107 4043 1294 4098 nociva
1325 4058 1614 4114 pravorum
1639 4044 1748 4098 col-
1777 4078 1779 4080 -

167 4139 384 4208 loquia!
438 4137 628 4193 Petrus
670 4137 782 4206 ipse
832 4137 973 4191 inter
1002 4135 1244 4190 infideles
1271 4135 1351 4191 vel
1382 4137 1653 4191 hominem
1689 4151 1747 4190 se

169 4248 327 4288 nosse
353 4232 586 4303 negavit,
619 4245 778 4300 quem
809 4231 949 4284 inter
977 4228 1373 4299 condiscipulos
1395 4229 1506 4298 jam
1538 4228 1630 4284 Dei
1657 4227 1746 4283 Fi-

168 4327 298 4382 lium
347 4325 524 4380 fuerat
549 4322 850 4378 confessus.
884 4321 991 4376 Sed
1019 4336 1118 4376 nec
1161 4321 1214 4374 in
1242 4320 1382 4375 atrio
1413 4320 1632 4390 Caiphae
1659 4335 1746 4374 re-

168 4425 350 4474 tentus
390 4422 600 4486 poterat
626 4428 787 4484 agere
832 4411 1224 4482 paenitentiam;
1255 4409 1532 4480 egreditur
1576 4408 1740 4471 foras,

167 4522 227 4567 ut
255 4510 343 4566 alii
372 4515 598 4564 narrant
643 4504 1006 4576 evangelistre,
1037 4513 1300 4573 quatenus
1341 4503 1408 4556 ab
1457 4500 1741 4572 impiorum

165 4602 400 4658 concilio
446 4608 708 4666 secretus,
759 4597 946 4653 sordes
982 4595 1189 4666 pavidae
1218 4593 1518 4664 negationis
1559 4592 1741 4648 liberis
1769 4641 1821 4700 Β

163 4695 384 4751 ﬂetibus
411 4691 673 4748 absolvat.

242 4806 261 4836 ‹
296 4783 364 4839 Et
403 4781 686 4839 confestim
714 4795 870 4834 mane
915 4776 1199 4833 consilium
1242 4776 1498 4832 facientes
1547 4778 1740 4833 summi

167 4899 185 4931 ‹
229 4877 536 4933 sacerdotes
579 4889 700 4930 cum
743 4870 1047 4927 senioribus
1075 4879 1130 4925 et
1167 4869 1380 4937 scribis,
1409 4880 1465 4925 et
1491 4869 1743 4924 universo

165 4990 185 5024 ς
221 4967 470 5032 concilio,
499 4965 797 5021 vincientes
823 4961 1026 5026 Jesum,
1081 4961 1368 5026 duxerunt,
1416 4970 1471 5016 et
1503 4959 1739 5015 tradide-

163 5085 181 5113 ε
217 5069 347 5116 runt
372 5059 562 5115 Pilato.
598 5077 615 5108 ι
643 5057 760 5112 Non
790 5055 962 5111 solum
985 5054 1052 5109 ad
1073 5053 1328 5117 Pilatum,
1359 5053 1450 5108 sed
1481 5053 1647 5108 etiam
1672 5053 1738 5108 ad

156 5153 430 5210 llerodem
453 5153 644 5208 ductus
663 5158 764 5214 est,
789 5157 848 5202 ut
869 5156 1096 5218 uterque
1119 5144 1350 5200 Domino
1378 5143 1643 5200 illuderet.
1671 5145 1739 5200 Et

157 5261 324 5305 cerne
336 5244 750 5302 sollicitudinem
778 5240 1117 5297 sacerdotum
1139 5239 1196 5294 in
1222 5238 1364 5294 malo
1394 5253 1408 5291 :
1443 5247 1552 5293 tota
1582 5247 1738 5294 nocte

154 5341 537 5411 vigilaverunt,
566 5346 625 5391 ut
654 5335 1004 5390 homicidium
1044 5333 1302 5389 facerent.
1341 5352 1359 5384 ι
1399 5332 1464 5386 Et
1499 5332 1737 5388 vinctum

158 5455 180 5488 α
219 5433 559 5488 tradiderunt
580 5429 770 5484 Pilato.
806 5449 824 5480 ι
863 5427 1146 5484 Habebam
1168 5426 1310 5482 enim
1341 5427 1483 5481 hunc
1512 5439 1738 5493 morem,

156 5537 217 5582 ut
248 5541 406 5596 quem
444 5521 840 5594 adjudicassent
882 5521 1064 5584 morti,
1099 5519 1322 5589 ligatum
1359 5517 1526 5588 judici
1560 5519 1738 5574 trade-

156 5626 300 5673 rent.
353 5616 602 5669 Attamen
643 5610 932 5668 notandum
986 5610 1131 5680 quod
1187 5625 1294 5664 non
1329 5618 1456 5664 ttmc
1504 5610 1737 5680 primum

153 5714 463 5783 ligaverunt
509 5723 651 5772 eum,
681 5705 774 5761 sed
825 5718 950 5758 mox
993 5701 1442 5770 comprehensum
1494 5703 1733 5758 noctein

153 5807 333 5864 horto,
376 5809 433 5856 ut
461 5798 693 5854 Joannes
741 5795 997 5857 declarat,
1048 5792 1366 5862 ligaverunt,
1419 5801 1474 5848 et
1526 5793 1603 5849 sic
1640 5794 1732 5848 ad-

153 5893 426 5952 duxerunt
452 5908 577 5948 eum
605 5891 672 5947 ad
696 5889 904 5946 Annam
933 5887 1184 5962 primum.

1932 3397 1949 3429 ‹
1996 3377 2202 3433 Pilatus
2253 3387 2434 3433 autem
2490 3379 2688 3433 iterum
2754 3379 3107 3449 respondens,
3158 3378 3235 3432 ait
3296 3377 3446 3432 illis:

1860 3489 1878 3521 ι
1913 3468 2050 3535 Quid
2101 3485 2232 3539 ergo
2283 3468 2448 3524 vultis
2479 3468 2678 3524 faciam
2716 3469 2830 3540 regi
2859 3468 3201 3524 Judteorum?
3251 3469 3320 3522 At
3372 3469 3448 3527 illi

1858 3581 1878 3614 ‹
1919 3562 2114 3616 iterum
2143 3561 2515 3615 clamaverunt
2548 3579 2560 3614 :
2593 3559 2861 3632 Crucilige
2890 3563 3049 3616 cum!
3086 3561 3290 3616 Pilatus
3317 3575 3451 3616 vero

1859 3673 1876 3704 ι
1919 3653 2130 3707 diccbat
2153 3652 2232 3706 eis
2266 3669 2277 3706 :
2320 3651 2459 3719 Quid
2493 3652 2637 3707 enim
2673 3653 2799 3706 mali
2830 3653 2996 3707 fecit?
3025 3670 3044 3704 ι
3079 3650 3276 3706 Multas
3307 3651 3447 3708 libe-

1851 3745 2005 3800 randi
2037 3744 2370 3800 Salvatorcm
2418 3744 2623 3800 Pilatus
2664 3745 2979 3802 occasiones
3007 3745 3170 3800 dedit.
3205 3744 3445 3800 Primum

1851 3835 2116 3892 latronem
2141 3837 2288 3907 justo
2329 3836 2638 3902 conferens,
2673 3837 2868 3892 deinde
2925 3835 3162 3892 inferens
3204 3855 3216 3890 :
3252 3855 3270 3888 ι
3308 3836 3447 3904 Quid

1850 3945 1980 4002 ergo
2030 3930 2192 3986 vultis
2241 3930 2435 3986 faciam
2461 3931 2576 4001 regi
2616 3929 2967 3986 Judaeorum?
3004 3950 3021 3982 ι
3068 3929 3312 4000 Cumque
3363 3945 3445 3985 re-

1849 4024 2214 4096 sponderent:
2247 4042 2264 4074 c
2300 4023 2698 4094 Cruciftgatur!
2743 4041 2760 4076 ι
2798 4024 2980 4078 statim
3014 4038 3120 4078 non
3151 4022 3439 4092 acquievit,

1849 4120 1964 4185 sed,
1987 4120 2141 4189 juxta
2173 4119 2571 4190 suggestionem
2596 4117 2802 4183 uxoris,
2839 4132 2958 4186 qua:
2987 4116 3339 4172 mandaverat
3367 4117 3440 4181 ei,

1849 4219 1906 4264 ut
1929 4210 2211 4265 Matthteus
2235 4209 2422 4264 scribit
2451 4223 2465 4262 :
2498 4227 2515 4260 ε
2559 4206 2700 4262 Nihil
2743 4207 2837 4262 tibi
2867 4215 2922 4261 et
2945 4206 3092 4276 justo
3116 4205 3187 4259 illi
3223 4203 3438 4276 (Matth.

1847 4304 2044 4374 xxvn),
2088 4323 2106 4356 ι
2138 4303 2253 4374 ipse
2283 4316 2499 4373 quoque
2560 4301 2898 4372 respondens
2928 4299 3004 4353 ait
3031 4317 3043 4353 :
3076 4317 3094 4350 ι
3124 4297 3264 4365 Quid
3293 4299 3440 4353 enim

1849 4395 1973 4450 mali
1995 4394 2157 4450 fecit?
2194 4413 2212 4445 ›
2240 4393 2352 4447 Hoc
2373 4393 2602 4448 dicendo
2627 4388 2830 4446 Pilatus
2861 4388 3088 4446 absolvit
3123 4386 3328 4443 Jesum.

1920 4523 1938 4554 ‹
1978 4504 2049 4558 At
2083 4503 2156 4558 illi
2202 4504 2374 4574 magis
2419 4502 2744 4567 clamabant,
2790 4502 3032 4556 dicentes
3089 4513 3104 4551 :
3161 4497 3434 4569 Crucilige

1852 4616 1869 4648 ‹
1900 4597 2054 4652 eum!
2094 4617 2112 4649 ι
2143 4595 2214 4651 Ut
2243 4595 2556 4666 impleretur
2580 4592 2726 4662 quod
2747 4592 2800 4646 in
2835 4590 3090 4645 vicesimo
3110 4589 3285 4658 primo
3300 4588 3436 4658 psal-

1848 4705 1936 4744 mo
1974 4690 2185 4744 dixerat
2227 4708 2240 4743 :
2289 4708 2307 4740 t
2364 4687 2848 4744 Circumdcderunt
2895 4698 2981 4738 me
3042 4699 3206 4739 canes
3257 4684 3429 4750 multi,

1845 4785 2190 4856 congregatio
2211 4782 2618 4854 malignantium
2640 4780 2850 4836 obsedit
2865 4795 2969 4836 me.
3003 4800 3020 4831 ι
3043 4779 3208 4836 Isaias
3219 4797 3433 4853 quoque

1845 4873 1899 4928 in
1928 4875 2028 4928 hac
2055 4875 2324 4929 sententia
2346 4880 2709 4944 congruenter
2740 4889 2752 4926 :
2793 4890 2812 4923 t
2846 4871 3168 4944 Exspectavi
3192 4882 3252 4928 ut
3281 4873 3428 4930 face-

1844 4966 2212 5036 retjudicium
2243 4966 2382 5039 (Isa.
2426 4967 2502 5039 5).
2544 4985 2562 5019 ι
2599 4965 2664 5020 Ει
2704 4964 2834 5019 illud
2876 4963 3123 5020 Jeremiae
3161 4985 3174 5020 :
3212 4986 3230 5017 ι
3265 4965 3428 5022 Facta

1843 5065 1926 5112 est
1977 5057 2109 5112 mihi
2141 5058 2429 5114 haereditas
2474 5072 2591 5113 mea
2638 5059 2778 5114 sicut
2837 5057 2922 5114 leo
2969 5057 3024 5112 in
3063 5055 3218 5122 silva,
3267 5058 3427 5113 dede-

1840 5156 1967 5203 runt
2015 5164 2176 5220 super
2217 5165 2303 5205 me
2331 5166 2514 5206 vocem
2565 5167 2718 5206 suam
2755 5153 2890 5222 (Jer.
2937 5152 3060 5223 xtl).
3101 5171 3120 5203 ι
3153 5149 3425 5208 Fecerunt

1840 5248 2018 5296 autem
2057 5241 2418 5312 iniquitatem,
2446 5250 2501 5297 ct
2526 5259 2628 5298 non
2651 5245 2940 5314 justitiam,
2973 5243 3068 5300 sed
3109 5243 3421 5299 clamorem.

1917 5351 1936 5384 ι
1974 5332 2176 5388 Pilatus
2200 5341 2402 5399 autem,
2434 5333 2618 5390 volens
2646 5337 2842 5408 populo
2867 5336 3424 5403 satisfacere,dimisit

1847 5441 1867 5475 ι
1904 5425 1983 5479 eis
2005 5423 2326 5489 Barabbam,
2351 5435 2406 5480 et
2432 5427 2654 5482 tradidit
2679 5426 2864 5483 Jesum
2881 5427 3105 5499 flagellis
3127 5443 3346 5491 caesum,
3365 5438 3425 5483 ut

1849 5537 1866 5568 ‹
1903 5517 2328 5589 crucifigeretur.
2392 5539 2410 5570 ι
2453 5518 2610 5577 Jesus
2655 5531 2833 5578 autem
2877 5521 3174 5592 flagellatus
3220 5537 3326 5575 non
3355 5523 3422 5577 ah

1842 5606 1947 5662 alio
1985 5623 2146 5677 quam
2175 5608 2244 5663 ab
2289 5609 2403 5678 ipso
2443 5609 2618 5666 Pilato
2642 5611 3018 5683 intelligendus
3073 5618 3172 5664 est.
3219 5607 3423 5665 Scribit

1838 5715 2070 5770 namque
2101 5709 2284 5771 aperte
2310 5701 2544 5760 Joannes
2577 5723 2588 5759 :
2625 5724 2642 5754 ι
2679 5706 3059 5760 Clamaverunt
3092 5718 3305 5758 rursum
3333 5703 3417 5757 di-

1834 5801 2018 5847 centes
2039 5809 2226 5848 omnes
2251 5812 2261 5846 :
2290 5795 2403 5849 Non
2440 5797 2600 5863 hunc,
2625 5799 2718 5852 sed
2740 5794 3060 5850 Barabbam.
3085 5793 3212 5849 Erat
3235 5801 3417 5848 autem

1829 5884 2252 5954 Barabbaslatro
2266 5888 2445 5963 (Joan.
2462 5892 2634 5962 xvnt).
2649 5908 2769 5943 i—t
2796 5889 2947 5946 Tunc
2965 5904 3096 5960 ergo
3108 5888 3311 5946 Pilatus
3321 5905 3416 5974 ap-
