3934 6346
528 313 625 368 ιιι

1198 321 1544 380 llAYMONlS
1584 327 2057 388 llALBERSTAT.
2098 335 2307 393 EPISC.
2348 341 2495 397 OPP.
2537 344 2715 403 PARS
2753 348 2813 405 ll.
2857 381 2922 392 —
2958 351 3189 410 HOMIL.

3751 365 3861 420 lli

529 426 814 498 prehendit
829 428 1010 486 Jesum
1034 432 1407 505 ettlagellavit.
1443 457 1463 491 ι
1487 441 1565 496 Ac
1584 442 1777 498 deinde
1800 443 2107 518 subjungit:
2141 450 2188 512 Α
2221 458 2330 505 tum
2360 455 2541 522 regni.
2572 458 2714 525 quod
2744 469 2868 528 post
2909 462 3212 530 passionem
3246 466 3516 524 Dominus
3574 471 3849 529 intravit.

602 539 621 570 ε
666 519 731 574 Et.
756 520 970 587 milites,
999 521 1293 593 plectentes
1339 544 1593 587 coronam
1625 534 1690 590 de
1725 537 1916 606 spinis,
1947 539 2113 612 impo-

535 627 554 660 ι
584 621 811 666 suerunt
826 613 987 683 capiti
1006 612 1141 683 ejus.
1156 616 1334 685 »ρυοά
1349 622 1563 691 quidem
1580 624 1699 681 ideo
1720 626 1931 698 fecisse,
1951 641 2110 704 atque

523 701 645 758 ideo
669 704 995 759 credendum
1031 714 1115 762 est
1146 708 1407 767 militibus
1433 729 1554 769 eum
1582 716 1911 776 illudendum
1939 701 2107 781 tradi-

522 795 687 862 disse,
710 807 793 864 ut,
817 798 995 854 satiati
1016 803 1196 871 poenis
1217 813 1274 860 et
1295 810 1598 877 opprobriis
1629 813 1745 884 ejus
1764 814 1932 872 Judzei
1963 834 2107 876 mor-

520 893 627 942 tem
656 887 769 958 ejus
795 889 933 946 ultra
973 893 1128 950 sitire
1156 896 1502 955 desisterent.
1534 901 1647 959 Hoc
1690 916 1868 962 autem
1902 909 2101 967 factum

514 987 599 1033 est
640 988 719 1047 ut,
772 984 900 1071 quia
931 986 1191 1056 scriptum
1231 998 1386 1044 erat:
1426 1011 1444 1043 ι
1480 993 1642 1051 Multa
1672 996 1876 1070 ﬂagella
1905 1018 2097 1071 pecca-

513 1079 690 1125 torum
721 1060 900 1143 (Ρεαιῖ
924 1078 1101 1148 xxxr),
1126 1099 1143 1130 ι
1166 1080 1258 1136 ἰΙΙο
1279 1081 1566 1153 ﬂagellato.
1596 1103 1694 1145 nos
1714 1060 2096 1154 avverberibus

509 1159 884 1232 liberaremur,
902 1167 1114 1226 dicente
1134 1171 1413 1243 Scriptura
1448 1196 1460 1231 :
1494 1198 1511 1230 ι
1548 1179 1843 1252 Flagellum
1873 1201 1979 1242 non
2001 1203 2095 1261 ap-

506 1252 889 1323 propinquabit
926 1259 1271 1319 tabernaculo
1304 1274 1397 1322 tuo
1422 1269 1593 1340 (Psal.
1630 1273 1739 1345 xc).
1784 1295 1803 1328 ι

582 1361 601 1395 ι
649 1344 842 1403 Milites
862 1358 1041 1406 autem
1068 1353 1333 1412 duxerunt
1360 1374 1482 1414 eum
1510 1361 1563 1416 in
1596 1365 1793 1421 atrium
1817 1371 2086 1440 przetorii,

510 1453 529 1485 ι
571 1445 627 1491 et
665 1451 969 1496 convocant
1017 1452 1183 1499 totam
1228 1449 1541 1521 cohortem,
1593 1465 1647 1511 et
1699 1458 1927 1517 induunt
1964 1480 2088 1521 eum

510 1544 531 1579 ι
570 1545 842 1600 purpurav,
871 1543 927 1588 et
960 1536 1239 1609 imponunt
1259 1542 1307 1596 ei
1338 1543 1636 1613 plectentes
1658 1550 1899 1620 spineam
1927 1570 2085 1612 coro-

508 1636 528 1670 ι
574 1636 720 1688 nam,
753 1632 805 1679 et
836 1639 1120 1697 eruperunt
1146 1631 1382 1689 salutare
1410 1650 1532 1691 eum
1560 1657 1571 1691 :
1597 1639 1732 1703 Ave,
1759 1658 1850 1698 rex
1875 1644 2087 1703 Judan-

505 1729 528 1764 ι
569 1727 709 1768 rum.
745 1735 765 1768 ι
798 1716 992 1775 Milites
1028 1722 1266 1791 quidem,
1298 1726 1422 1795 quia
1448 1743 1543 1783 rex
1572 1728 1885 1790 Judzeorum
1907 1736 2085 1793 fuerat
2134 1790 2141 1793 _

2212 544 2477 615 nobisque
2501 548 2809 607 intrandum
2843 554 3128 624 patefecit,
3157 559 3412 617 insinuat.
3442 563 3683 620 Verum
3720 571 3847 636 quia

2211 635 2347 689 dixit
2374 638 2697 707 Apostolus:
2738 661 2757 694 ι
2792 643 3065 717 Quotquot
3098 651 3241 705 enim
3277 651 3333 707 in
3377 653 3633 711 Christo
3660 635 3846 730 bapti-

2209 726 2313 781 zati
2346 729 2477 784 estis
2499 771 2513 795 ,
2555 729 2828 790 Christum
2864 736 3117 796 induistis
3147 740 3298 813 (Gal.
3325 746 3449 819 ιιι),
3492 767 3514 800 ι
3553 758 3628 803 et
3664 726 3840 809 Isaias

2206 818 2433 875 Domino
2461 820 2528 876 de
2555 823 2781 880 electis':
2822 845 2841 877 ‹
2879 828 3143 888 Omnibus
3173 833 3256 890 his
3285 837 3434 894 velut
3472 855 3838 901 ornamento

2202 910 2454 967 vestieris
2478 911 2612 985 (Isa.
2643 916 2812 990 χιιι),
2855 939 2873 972 ι
2906 930 3084 991 potest
3105 925 3158 979 in
3186 925 3291 983 hoc
3317 939 3569 1003 utroque
3600 934 3833 993 Domini

2202 1000 2411 1069 habitu,
2436 1021 2543 1060 non
2571 1007 2911 1067 inimicorum
2933 1015 3151 1084 quidem
3179 1000 3787 1093 sententia—probrosa
3810 1070 3825 1093 ,

2199 1092 2291 1148 sed
2338 1095 2506 1165 ipsius
2557 1097 2767 1155 Domini
2810 1103 3076 1161 electione
3122 1108 3519 1179 gloriosissima
3552 1155 3575 1180 ,
3638 1120 3823 1175 omnis

2196 1181 2490 1241 electorum
2521 1186 2638 1257 ejus
2660 1191 2970 1261 multitudo,
2998 1211 3119 1266 quae
3145 1198 3197 1252 in
3230 1210 3505 1273 martyres
3526 1220 3818 1263 veneran-

2195 1270 2314 1337 dos,
2350 1282 2404 1329 et
2432 1285 2629 1333 caetera
2657 1279 2892 1338 fidelium
2919 1285 3074 1354 plebe
3103 1270 3479 1361 distinguitur,
3506 1297 3814 1365 aptissime

2194 1364 2479 1438 designari.
2518 1370 2649 1428 Alba
2691 1377 2887 1431 etenim
2922 1388 3069 1435 veste
3096 1381 3360 1451 induitur,
3406 1364 3557 1441 cum,
3600 1393 3807 1445 munda

2183 1453 2455 1525 justorum
2517 1463 2854 1523 confessione
2904 1470 3291 1528 circumdatur.
3348 1474 3625 1548 Purpura
3696 1484 3806 1537 sive

2189 1563 2351 1605 cocco
2383 1556 2629 1622 vestitur,
2654 1573 2778 1613 cum
2805 1559 2858 1613 in
2885 1559 3157 1632 triumpho
3186 1566 3628 1625 victoriosorum
3662 1585 3801 1627 mar-

2188 1650 2365 1713 tyrum
2394 1646 2674 1716 gloriatur.

2262 1753 2281 1787 ι
2325 1738 2391 1792 Ει
2439 1743 2811 1809 percutiebant
2841 1756 3006 1817 caput
3049 1749 3166 1821 ejus
3212 1754 3514 1821 arundine,
3556 1765 3628 1812 et
3667 1774 3792 1814 con.

500 1805 831 1875 appellatus,
875 1820 930 1866 et
963 1813 1064 1870 hoc
1101 1816 1149 1870 ei
1193 1819 1388 1874 scribae
1426 1830 1482 1877 et
1523 1828 1832 1885 sacerdotes
1871 1832 2049 1890 crimel

2188 1846 2206 1876 ι
2237 1805 2501 1897 spuebant
2524 1847 2667 1899 cum,
2693 1844 2748 1889 et
2772 1805 3034 1906 pone-otes
3057 1805 3232 1912 genua
3254 1845 3560 1902 adorabant
3588 1866 3744 1905 eum.
3766 1871 3783 1903 ι

497 1894 846 1967 objecerant,
894 1903 1018 1971 quia
1069 1906 1170 1961 sibi
1230 1908 1283 1963 in
1332 1914 1527 1984 p0pulo
1583 1916 1744 1973 Israel
1790 1935 2076 1994 usurparet

496 1987 810 2059 imperium,
844 1995 1127 2056 illudentes
1164 2002 1265 2059 hoc
1299 2002 1541 2075 faciunt,
1584 2020 1638 2066 et
1663 1987 1939 2071 nudatum-
1963 2019 2074 2087 pri-

493 2080 648 2139 stinis
680 2087 951 2157 vestibus,
990 2091 1216 2150 induunt
1241 2112 1510 2168 purpura,
1537 2120 1641 2175 qua
1674 2121 1830 2177 reges
1863 2118 2072 2167 veteres

490 2173 800 2231 utebantur.
846 2180 912 2235 Et
948 2197 1047 2252 pro
1074 2185 1381 2246 diademate
1422 2173 1704 2264 imponunt
1739 2173 1793 2253 ei
1825 2201 2067 2270 spineam

487 2280 767 2335 coronam,
795 2288 894 2342 pro
922 2285 1135 2348 sceptro
1161 2283 1327 2352 regali
1370 2285 1498 2341 dant
1526 2288 1823 2359 calamum,
1852 2303 1909 2348 ut
1934 2295 2067 2352 Mat-

490 2356 659 2414 thazus
706 2363 922 2431 scribit,
971 2376 1024 2422 et
1071 2372 1300 2428 adorant
1329 2378 1483 2444 quasi
1515 2394 1714 2451 regem.
1750 2356 1855 2440 Ncs
1885 2394 2064 2442 autem

484 2450 663 2505 omnia
714 2451 826 2509 hare
879 2457 1242 2533 intelligamus
1292 2469 1542 2540 mystice.
1597 2471 1874 2539 Quomodo
1917 2479 2061 2534 enim

482 2536 712 2608 Caiphas
740 2542 875 2599 dixit
905 2562 919 2600 :
958 2568 976 2601 ι
1010 2548 1235 2622 Oportet
1266 2536 1430 2613 unum
1477 2536 1749 2618 hominem
1787 2569 1920 2623 mori
1964 2586 2086 2640 pro-

481 2631 675 2702 populo
706 2633 887 2706 (Joan.
917 2643 1094 2715 xvm),
1127 2666 1146 2698 ι
1175 2652 1425 2706 nesciens
1451 2656 1594 2722 quod
1619 2656 1825 2713 diceret
1866 2679 1879 2714 :
1909 2631 1987 2718 sic
2005 2672 2062 2719 et

481 2722 569 2778 isti
597 2727 855 2799 quidquid
884 2732 1153 2805 fecerunt,
1183 2740 1308 2797 licet
1332 2744 1437 2799 alia
1466 2756 1646 2802 mente
1670 2749 1947 2819 fecerunt,
1982 2763 2059 2810 ta-

481 2828 605 2869 men
648 2819 803 2874 nobis
849 2823 938 2892 qui
991 2829 1290 2896 credimus,
1342 2848 1680 2893 sacramenta
1728 2841 2053 2899 tribuebant.

479 2901 784 2964 Notandum
814 2923 1017 2983 autem,
1043 2920 1167 2987 quia
1195 2938 1293 2992 pro
1319 2939 1385 2979 eo
1412 2928 1554 2996 quod
1583 2928 1794 2987 Marcus
1816 2933 1923 2989 ait:
1947 2953 1966 2987 (
1992 2936 2056 2991 Et

479 2993 709 3052 induunt
733 3015 856 3057 eum
882 3021 1152 3076 purpura,
1189 3031 1207 3062 ι
1243 2993 1526 3072 Matthzeus
1568 3020 1641 3075 ita
1678 3025 1892 3091 posuit:
1932 3045 1950 3079 ι
1990 3028 2056 3083 Ει

474 3100 736 3147 exuentcs
763 3107 884 3150 eum
908 3139 923 3162 ,
964 3100 1285 3159 chlamidem
1331 3110 1637 3167 coecineam
1676 3116 2049 3176 circumdede-

474 3190 602 3232 runt
632 3181 680 3235 ei
726 3182 939 3253 (Matth.
971 3192 1164 3258 XXVII).
1208 3214 1224 3245 ι
1259 3194 1363 3251 Pro
1410 3201 1552 3270 regia
1593 3206 1734 3259 enim
1779 3224 2043 3279 purpura,
2076 3182 2121 3243 Ο

474 3269 716 3344 chlamys
740 3275 827 3330 illa
857 3282 1107 3337 coccinea
1138 3285 1207 3340 ab
1231 3269 1576 3347 illudentibus
1612 3269 1851 3353 adhibita
1883 3269 2043 3369 .erat,

468 3369 522 3416 et
544 3370 627 3418 est
659 3367 818 3423 rubra
856 3373 1099 3441 quaedam
1144 3392 1381 3450 purpura
1423 3399 1585 3441 cocco
1616 3388 1904 3448 simillima.
1938 3394 2044 3450 Po-

466 3460 571 3507 test
598 3457 738 3512 enim
777 3458 888 3516 ﬁeri
909 3504 922 3529 ,
952 3473 1009 3519 ut
1042 3481 1339 3540 purpuram
1368 3474 1530 3531 etiam
1562 3477 1775 3537 Marcus
1809 3500 2043 3542 comme-

465 3550 779 3615 moravcrit,
814 3570 973 3622 quam
1004 3558 1248 3633 chlamys
1278 3564 1541 3634 habebat,
1569 3575 1815 3640 quamvis
1862 3579 2042 3633 cocci-

462 3652 563 3692 nea
614 3652 776 3697 esset.
820 3644 1043 3719 Mystice
1087 3654 1233 3708 enim
1280 3672 1549 3729 purpura,
1576 3679 1678 3732 qua
1716 3667 1934 3727 indutus
1960 3684 2043 3730 est

461 3725 744 3799 Dominus,
779 3735 890 3805 ipsa
922 3740 1037 3810 ejus
1066 3758 1214 3810 caro,
1243 3763 1405 3817 quam
1434 3754 1776 3820 passionibus
1807 3762 2003 3832 objecit
2023 3808 2036 3829 ,

459 3817 717 3887 insinuat,
736 3823 802 3879 de
819 3842 923 3895 qua
947 3833 1222 3899 praemissa
1238 3837 1447 3894 dixerat
1470 3846 1783 3913 prophetia:
1810 3870 1827 3902 ι
1862 3853 2039 3921 Quare

457 3915 831 3981 ergo-rubrum
876 3929 957 3976 est
998 3923 1365 3984 indumentum
1400 3940 1581 3998 tuum,
1623 3947 1678 3993 et
1719 3943 2035 4003 vestimenta

458 4012 545 4058 tua
594 4006 734 4063 sicut
776 4012 1095 4072 calcantium
1130 4020 1180 4075 in
1235 4025 1524 4081 torculari?
1554 4029 1689 4101 (Isa.
1714 4040 1894 4108 ωιιιι.)
1935 4058 1952 4088 ι
1977 4039 2032 4095 ln

450 4109 650 4155 corona
676 4116 801 4158 vero
842 4122 1007 4176 quam
1040 4114 1299 4180 portabat
1324 4119 1540 4188 spinea,
1577 4133 1882 4183 nostrorum
1913 4148 2032 4187 sus-

451 4190 626 4259 ceptio
652 4204 994 4262 peccatorum
1016 4241 1031 4267 ,
1065 4219 1164 4274 pro
1201 4222 1304 4276 qua
1337 4213 1582 4269 mortalis
1626 4216 1741 4273 ﬁeri
1793 4224 2035 4277 ostendi-

448 4287 555 4347 tur,
579 4281 729 4350 juxta
761 4290 903 4358 quod
948 4308 1252 4362 praecursor
1300 4300 1454 4359 istius
1504 4309 1869 4368 testimonium
1912 4315 2028 4385 ejus

443 4374 732 4441 perhibens
755 4381 829 4434 ait
856 4399 869 4434 :
900 4402 919 4434 ι
946 4383 1087 4441 Ecce
1120 4406 1290 4461 agnus
1316 4392 1439 4461 Dei,
1466 4412 1592 4454 ecce
1620 4403 1709 4469 qui
1742 4404 1877 4459 tollit
1903 4374 2028 4477 pec-

443 4476 559 4520 cata
583 4471 771 4525 mundi
803 4470 984 4545 (Joan.
1022 4478 1081 4551 ι).
1114 4500 1133 4532 ι
1165 4480 1406 4555 Namque
1439 4488 1622 4558 spinas
1662 4494 1714 4547 in
1756 4470 2026 4566 significa-

443 4555 587 4614 tione
627 4574 977 4631 peccatorum
1009 4573 1133 4641 poni
1169 4575 1378 4632 solvere
1417 4555 1649 4636 testatur
1686 4555 2021 4654 ipseVDomi-

439 4666 560 4719 nus,
589 4657 678 4725 qui
708 4661 1042 4731 protoplasto
1067 4666 1118 4721 in
1153 4678 1432 4737 peccatum
1461 4675 1715 4746 prolapso
1757 4679 2013 4739 dicebat:

444 4763 463 4795 ι
496 4744 661 4803 Terra
703 4758 791 4806 tua
823 4756 1006 4825 spinas
1031 4766 1085 4812 et
1117 4760 1342 4816 tribulos
1368 4744 1694 4833 germinabit
1726 4770 1818 4826 tibi
1856 4771 2012 4844 (Gen.

437 4838 539 4907 ιιι).
578 4859 597 4893 ι
630 4840 779 4909 Quod
811 4856 895 4902 est
923 4861 1107 4919 aperte
1136 4854 1316 4911 dicere
1341 4873 1354 4911 :
1379 4857 1720 4918 Conscientia
1755 4873 1841 4920 tua
1864 4838 2014 4937 pun-

435 4930 641 4985 ctiones
674 4934 766 4988 tibi
798 4944 851 4992 et
878 4938 1093 4995 aculeos
1125 4944 1370 5000 vitiorum
1406 4965 1694 5019 procreare
1726 4972 1830 5011 non
1871 4959 2010 5015 desi-

433 5028 557 5075 stet.
594 5021 755 5090 ,Quod
788 5043 935 5092 vero,
957 5031 1109 5100 juxta
1138 5038 1473 5108 evangelium
1517 5041 1695 5108 Luae,
1752 5047 2009 5106 Dominus

432 5111 497 5163 ad
543 5109 808 5169 Herodem
848 5117 967 5171 alba
1017 5133 1164 5177 veste
1212 5127 1466 5198 induitur,
1518 5132 1571 5186 in
1624 5137 1834 5192 caeteris
1880 5155 2008 5197 vero

429 5220 521 5257 (ινφ
534 5207 772 5278 ngelistis
797 5226 826 5264 a
856 5212 1113 5271 militibus
1139 5217 1294 5275 Pilati
1322 5224 1422 5278 sub
1442 5241 1713 5297 purpureo
1741 5232 1853 5287 sive
1883 5250 2007 5290 coc-

428 5295 583 5351 cineo
609 5297 790 5355 habitu
825 5302 1016 5359 illusus
1044 5321 1162 5362 esse
1191 5312 1525 5381 perhibetur,
1552 5318 1745 5373 collata
1776 5330 2004 5394 utraque

426 5391 654 5457 ratione,
688 5393 739 5449 in
774 5410 881 5451 uno
908 5394 1213 5455 innocentia
1242 5410 1295 5456 et
1322 5407 1542 5464 castitas
1572 5422 1867 5482 assumpta:
1895 5415 1997 5470 hu-

423 5484 731 5555 manitatis,
783 5489 834 5544 in
884 5491 1057 5548 altero
1102 5505 1283 5551 autem
1323 5500 1524 5557 veritas
1566 5507 1833 5574 passionis
1859 5551 1873 5576 ,
1903 5526 2003 5581 per

420 5593 578 5645 quam
611 5580 677 5634 ad
715 5580 939 5654 gloriam
984 5587 1132 5656 regni
1181 5588 1502 5649 immortalis
1529 5607 1674 5652 esset
1711 5580 1999 5668 perventu-

420 5682 532 5733 rus,
564 5672 901 5742 exprimitur.
940 5674 1094 5733 Sicut
1130 5680 1274 5734 enim
1318 5697 1552 5754 purpura
1594 5688 1828 5744 colorem
1871 5707 1998 5747 sau-

416 5760 592 5832 guinis
630 5764 721 5833 qui
742 5780 843 5837 pro
865 5769 1019 5825 nobis
1041 5769 1243 5829 eﬂ'usus
1262 5782 1346 5831 est
1373 5775 1636 5845 imitatur,
1666 5781 1735 5836 ita
1761 5792 1816 5838 et
1841 5785 1992 5842 habi-

2177 1916 2302 1974 Htec
2333 1928 2456 1977 tunc
2494 1921 2667 1979 fecere
2696 1927 2896 1984 milites
2923 1928 3080 1986 Pilati
3109 1972 3123 1997 ,
3156 1934 3273 1990 haec
3298 1951 3472 2006 nsque
3504 1939 3681 1998 hodie
3709 1942 3784 1997 fa-

2175 2008 2324 2063 ciunt
2352 2011 2592 2069 haeretici
2617 2024 2669 2070 et
2691 2019 2916 2089 pagani,
2946 2021 3144 2078 milites
3176 2026 3361 2096 utique
3386 2029 3623 2086 diaboli.
3646 2033 3775 2101 Quia

2171 2100 2313 2154 enim
2343 2111 2503 2172 caput
2528 2104 2728 2162 Christi
2757 2110 2897 2165 Deus
2916 2150 2930 2177 ,
2964 2124 3127 2184 caput
3156 2115 3272 2185 ejus
3298 2107 3657 2189 percutiunt,
3676 2100 3769 2195 qui

2169 2207 2293 2248 eum
2323 2210 2509 2252 verum
2536 2198 2701 2256 Deum
2747 2217 2866 2260 esse
2907 2208 3193 2279 denegant.
3221 2210 3287 2265 Et
3317 2214 3442 2281 quia
3478 2215 3751 2291 Scriptura

2166 2300 2265 2356 per
2290 2290 2608 2346 arundinem
2647 2293 2786 2351 solet
2829 2300 3052 2364 confici,
3095 2305 3250 2372 quasi
3294 2309 3569 2365 arundine
3606 2290 3757 2383 eaput

2165 2375 2367 2434 Christi
2397 2379 2630 2451 feriunt,
2663 2387 2777 2456 qui,
2806 2388 3072 2447 divinitati
3113 2394 3255 2451 illius
3296 2401 3757 2468 contradicentes,

2164 2485 2404 2528 errorem
2455 2492 2609 2531 suum
2659 2481 2983 2539 continuare
3023 2489 3346 2545 auctoritate
3387 2507 3565 2549 sacrae
3611 2495 3753 2553 Scri-

2160 2570 2332 2631 ptura:
2357 2577 2638 2623 conantur.
2675 2568 2889 2641 Spuunt
2919 2575 2971 2630 in
3001 2574 3197 2634 faciem
3224 2579 3461 2648 Christi,
3492 2587 3588 2655 qui
3611 2603 3752 2658 prae.

2161 2652 2390 2708 sentiam
2428 2658 2615 2727 gratiae
2640 2660 2757 2730 ejus
2806 2665 2985 2721 verbis
3032 2672 3384 2729 exsecrandis
3424 2690 3489 2730 ex
3535 2678 3750 2736 interna

2160 2757 2315 2798 caecat
2351 2748 2548 2803 mentis
2579 2750 2784 2807 insania
2815 2759 3091 2827 conceptis
3115 2773 3408 2831 respuunt,
3453 2779 3505 2821 et
3544 2769 3741 2827 Jesum

2158 2831 2431 2891 Christum
2459 2839 2511 2893 in
2542 2856 2707 2898 carne
2729 2848 2940 2904 venisse
2961 2852 3243 2924 denegauit.
3268 2856 3337 2911 Et
3360 2860 3556 2928 quidem
3584 2865 3731 2919 mili-

2158 2935 2237 2982 tes
2258 2942 2380 2983 eum
2409 2935 2564 3002 quasi
2586 2938 2675 3005 qui
2694 2939 2861 2996 Deum
2883 2944 3116 3013 seipsum
3134 2947 3332 3004 falsum
3357 2953 3731 3020 dixisset,illu-

2155 3020 2342 3077 dentes
2373 3025 2690 3085 adorabant.
2717 3032 2820 3089 Sed
2850 3046 2977 3091 sunt
2998 3038 3157 3096 hodie
3189 3044 3278 3112 qui
3317 3056 3443 3100 sunt
3469 3049 3736 3118 gravioris

2153 3115 2407 3181 vesaniae,
2436 3120 2527 3188 qui
2555 3136 2677 3176 eum
2708 3136 2853 3180 certa
2878 3126 2981 3183 [ide
3003 3138 3063 3184 ut
3084 3131 3248 3188 Deum
3278 3151 3469 3191 verum
3489 3141 3729 3209 adorant,

2154 3204 2248 3258 sed
2293 3211 2563 3274 perversis
2606 3214 2815 3271 actibus
2859 3233 2986 3273 mox
3030 3222 3193 3277 verba
3235 3224 3353 3293 ejus
3385 3231 3545 3298 quasi
3590 3231 3730 3287 fabu-

2152 3292 2264 3350 losa
2294 3299 2596 3370 despiciunt
2618 3345 2634 3370 ,
2673 3320 2738 3361 ac
2764 3310 3032 3392 promissa
3062 3317 3210 3385 regni
3248 3292 3393 3375 illius
3405 3292 3727 3392 temporali-

2150 3385 2251 3443 bus
2277 3389 2544 3450 illecebris
2569 3406 2693 3467 post
2720 3384 2878 3472 longe
2902 3416 3129 3473 ponunt.

2227 3499 2246 3532 ‹
2290 3481 2358 3536 Et
2386 3486 2622 3544 educunt
2649 3490 2819 3559 illum,
2851 3502 2911 3549 ut
2938 3498 3317 3571 cruciﬁgerent
3356 3520 3504 3562 eum.
3531 3508 3600 3563 Et
3632 3525 3729 3565 an-

2153 3590 2171 3621 ι
2216 3574 2561 3642 gariaverunt
2615 3590 3041 3651 praetereuntem
3083 3596 3393 3667 quempiam
3456 3600 3727 3660 Simonem

2153 3683 2172 3716 ι
2214 3664 2553 3741 Cyrenaeam,
2579 3679 2884 3737 venientem
2914 3684 2980 3739 de
3010 3686 3154 3755 villa,
3186 3664 3396 3761 patrem
3438 3695 3725 3753 Alexandri

2150 3775 2167 3807 ‹
2213 3770 2267 3814 et
2308 3761 2461 3829 Ruﬁ,
2503 3776 2563 3822 ut
2602 3770 2814 3828 tolleret
2857 3790 3073 3833 crucem
3122 3780 3259 3850 ejus.
3298 3803 3317 3835 ι
3354 3783 3558 3858 Magnae
3600 3798 3722 3845 tunc

2141 3851 2412 3919 opinionis
2444 3857 2628 3917 Simon
2658 3864 2761 3920 iste
2783 3868 2999 3925 videtur
3025 3871 3210 3940 fuisse,
3233 3891 3358 3931 eum
3387 3851 3481 3933 filii
3506 3897 3721 3952 quoque

2139 3942 2289 4013 ejus,
2316 3951 2471 4014 quasi
2513 3952 2625 4024 jam
2658 3959 2770 4012 noti
2811 3963 3096 4032 omnibus,
3138 3968 3491 4041 designentur
3517 3942 3587 4030 ex
3623 3993 3721 4032 no-

2138 4035 2303 4091 mine.
2337 4038 2442 4095 Sed
2484 4048 2777 4104 cavenduui
2827 4068 2894 4107 ne
2934 4056 3018 4110 cui
3061 4058 3309 4116 videatur
3352 4068 3715 4132 contrarium,

2137 4130 2278 4194 quod
2304 4129 2536 4190 Joannes
2562 4140 2785 4207 scribit,
2826 4142 2997 4214 ipsum
3039 4148 3324 4208 Dominum
3362 4157 3466 4212 sibi
3499 4176 3712 4215 crucem

2133 4227 2396 4288 portasse,
2422 4230 2602 4282 caeteri
2627 4246 2753 4286 vero
2775 4238 3123 4308 evangelista:
3148 4244 3289 4300 hunc
3321 4246 3599 4305 Simonem
3618 4253 3716 4323 Cy-

2134 4324 2370 4367 renaeam
2419 4331 2537 4372 eam
2586 4320 2853 4389 bajulasse
2897 4329 3160 4387 referunt.
3190 4335 3372 4391 Primo
3409 4355 3642 4411 namque
3679 4358 3711 4397 a

2131 4399 2359 4458 Domino
2389 4416 2621 4475 portata,
2650 4429 2713 4468 ac
2744 4417 2940 4475 deinde
2966 4421 3206 4492 Simoni,
3245 4443 3409 4498 quem
3449 4442 3709 4490 exeuntes

2131 4493 2268 4550 forte
2297 4499 2513 4556 obvium
2546 4505 2878 4578 habuerant,
2922 4520 3183 4584 portanda
3221 4493 3474 4592 imposita
3504 4535 3607 4582 est.
3643 4528 3712 4583 Et

2128 4585 2231 4642 hoc
2269 4604 2508 4661 congruo
2536 4598 2669 4654 satis
2699 4604 2890 4661 ordine
2922 4611 3197 4679 mysterii,
3238 4629 3402 4684 quam
3452 4620 3705 4677 nimirum

2127 4680 2241 4748 ipse
2262 4700 2453 4753 passus
2483 4699 2568 4745 est
2612 4688 2711 4761 pro
2754 4697 2940 4765 nobis,
2977 4701 3289 4774 relinquens
3317 4710 3477 4766 nobis
3517 4727 3703 4768 exem-

2122 4772 2291 4841 plum,
2318 4785 2378 4830 ut
2403 4793 2698 4849 sequamur
2727 4788 2950 4859 vestigia
2983 4792 3102 4861 ejus
3122 4772 3179 4872 il
3206 4792 3350 4850 Patr.
3378 4799 3463 4867 ιι).
3496 4801 3562 4855 Et
3581 4803 3700 4872 quia

2123 4861 2308 4921 Simon
2356 4866 2475 4924 iste'
2510 4886 2617 4926 non
2653 4873 3095 4952 Hierosolymita,
3121 4861 3222 4940 sed
3255 4861 3551 4959 Cyrenaeus

2119 4955 2433 5025 perhibetur
2476 4960 2723 5033 (Cyrenae
2770 4971 2913 5025 enim
2955 4974 3147 5031 civitas
3184 4955 3366 5051 Libyae
3394 4993 3511 5047 est,
3552 4993 3613 5039 ut
3649 4986 3697 5039 ii

2114 5045 2338 5103 Actibus
2364 5054 2726 5120 apostolorum
2750 5058 2977 5132 legimus
3000 5065 3141 5138 [Act.
3170 5069 3253 5143 ιι])
3283 5045 3428 5128 recte
3453 5045 3557 5145 per
3576 5093 3695 5131 eum

2115 5138 2297 5207 populi
2327 5144 2566 5212 gentium
2599 5149 2969 5222 designantur,
2996 5159 3087 5228 qui
3118 5138 3391 5229 quondam
3422 5138 3693 5237 peregrini

2111 5239 2168 5285 et
2218 5234 2457 5304 hospites
2501 5247 2981 5313 testamentorum,
3028 5268 3173 5308 nunc
3210 5234 3516 5314 obediendo

2112 5328 2603 5387 suntetdomestici
2622 5334 2737 5400 Dei,
2763 5347 2836 5404 et,
2863 5341 3001 5398 sicut
3021 5344 3147 5401 alibi
3166 5348 3382 5414 dicitur,
3404 5369 3425 5404 ι
3451 5352 3690 5409 hzeredes

2110 5418 2325 5487 quidem
2359 5420 2476 5489 Dei,
2506 5425 2817 5486 cohaeredes
2847 5442 3026 5490 autem
3057 5436 3258 5494 Christi
3287 5439 3465 5514 (Rom.
3494 5453 3612 5509 vni)
3663 5464 3679 5495 ι

2110 5508 2262 5565 Unde
2285 5520 2408 5581 apte
2435 5513 2644 5578 Simon,
2673 5520 3207 5597 obcdiem;Cyrenae,
3230 5508 3397 5586 luere:
3428 5508 3681 5603 interpre-

2109 5611 2269 5659 tatur.
2299 5603 2405 5662 Nec
2434 5615 2893 5682 praetereundum,
2927 5620 3053 5689 quia
3082 5622 3223 5678 idem
3260 5621 3450 5680 Simon
3472 5626 3537 5681 de
3561 5626 3677 5680 villa

2104 5699 2315 5754 venisse
2341 5700 2595 5759 refertur.
2626 5706 2759 5763 Villa
2782 5713 2928 5777 enim
2961 5731 3127 5785 pagus
3157 5717 3376 5781 dicitur.
3410 5722 3552 5776 unde
3588 5736 3677 5791 pa-

2104 5804 2269 5859 ganos
2289 5792 2622 5862 appellamus
2647 5814 2762 5865 eos,
2786 5817 2925 5873 quos
2948 5821 2976 5860 a
2998 5807 3219 5865 civitate
3245 5809 3341 5866 Dei
3369 5810 3597 5879 alienos,
3623 5824 3674 5867 et
