3934 6346
37 367 161 427 M3

1327 359 1630 420 HOMILIIE
1671 357 1759 419 DE
1785 358 2128 416 TEMPORE.

3236 361 3341 416 ιιι

45 484 225 555 quasi
270 484 490 538 urhauze
519 478 942 536 conversationis
963 478 1205 533 videmus
1233 493 1354 533 esse
1382 487 1651 548 expertes.
1686 474 1731 534 Α
1761 483 1813 527 et
1840 473 1977 528 ultra
2025 490 2129 530 non
2160 475 2457 530 SerViamus
2492 485 2715 546 peccato
2752 475 2931 548 (Rom-
2962 476 3036 541 Vl)
3057 518 3070 543 υ
3100 474 3341 546 quamliu

49 576 168 631 Sed
213 575 291 630 de
326 589 463 646 pago
484 571 669 629 Simon
714 572 991 644 egrediens
1016 612 1030 638 ,
1060 587 1275 626 crucem
1323 578 1503 642 portat
1542 576 1661 641 post

45 668 283 734 Jesum,
317 682 438 723 cum
463 666 688 737 populus
707 663 1005 729 nationum,
1034 663 1257 734 paganis
1287 661 1480 718 ritibus
1510 661 1664 717 dere-

49 762 252 827 lictis,
298 760 524 830 vcstigia
566 758 854 815 Dominicaa
888 758 1155 829 passionis
1196 755 1511 811 obedienter
1550 770 1664 809 am-

48 855 349 925 plectitur.

134 967 152 999 ι
210 947 289 1002 Et
322 945 624 1017 perducunt
650 944 797 1001 illum
823 944 875 999 in
894 943 1157 1015 Golgotha
1191 942 1385 1007 locum,
1417 941 1558 1013 quod
1579 951 1663 997 est

58 1056 75 1087 ι
130 1037 573 1108 interpretatum
618 1034 875 1090 Calvaria:
914 1035 1082 1090 locus.
1122 1054 1140 1085 ι
1173 1033 1340 1088 Extra
1378 1034 1565 1088 urbem
1607 1041 1661 1088 et

51 1129 194 1185 foris
223 1138 447 1199 portam
486 1129 603 1184 loca
640 1137 764 1184 sunt
792 1128 849 1189 iu
898 1128 1093 1199 quibus
1130 1134 1451 1181 truncantur
1485 1127 1661 1197 capita

52 1221 403 1277 bellatorum
424 1262 438 1287 ,
470 1230 525 1276 et
552 1220 808 1277 Calvaria:
834 1262 849 1285 ,
881 1220 933 1275 id
975 1229 1057 1275 est
1092 1219 1476 1275 deeollatorum
1518 1234 1663 1273 sum-

54 1329 225 1383 psere
263 1330 487 1369 nomen.
512 1313 803 1385 Propterea
832 1322 1010 1371 autem
1042 1312 1110 1368 ibi
1141 1312 1430 1368 cruciﬁxus
1449 1321 1530 1368 est
1553 1311 1662 1366 Do-

56 1406 289 1471 minus,
321 1414 378 1459 ut
416 1405 504 1460 ubi
537 1406 685 1475 prius
720 1414 839 1460 erat
882 1420 1004 1460 arca
1049 1405 1423 1459 damnatorum
1447 1445 1461 1469 ,
1492 1403 1665 1474 erige-

54 1505 261 1552 rentur
296 1497 490 1552 vexilla
520 1496 783 1568 martyrii.
806 1496 869 1551 Et
894 1497 1162 1567 quomodo
1190 1512 1287 1567 pro
1314 1494 1467 1549 nobis
1494 1494 1662 1550 male-

56 1592 278 1648 dictum
307 1594 482 1649 crucis
505 1592 680 1649 factus
702 1601 804 1656 est,
826 1604 882 1647 et
907 1590 1206 1660 ﬁagellatus
1224 1631 1238 1656 ,
1262 1598 1318 1645 et
1345 1589 1658 1656 cruciﬁxus,

57 1686 139 1740 sic
180 1701 296 1757 pro
337 1686 576 1759 omnium
619 1684 791 1742 salute
842 1683 998 1755 quasi
1048 1682 1243 1739 noxius
1282 1681 1425 1737 inter
1468 1682 1659 1737 noxios

58 1777 433 1848 cruciﬁgitur.

1766 568 1818 624 id
1846 577 2010 639 agunt
2038 583 2199 640 opera
2232 577 2414 623 nostra
2434 610 2448 633 ,
2482 577 2541 624 ut
2565 579 2857 625 evacuatur
2879 584 3074 641 corpus
3103 570 3336 641 peccati,

1766 661 1999 732 quandiu
2032 660 2269 716 exterior
2291 661 2451 714 homo
2484 663 2865 732 corrumpitur,
2898 669 2958 715 ut
2994 659 3220 716 interior
3259 678 3341 716 re-

1765 764 1994 809 novetur
2024 754 2089 809 de
2112 754 2197 809 die
2227 754 2280 807 iu
2310 753 2477 818 diem,
2507 762 2715 825 tempus
2742 762 2825 811 est
2851 757 3046 811 crucis.
3072 754 3196 810 Haec
3218 763 3343 810 sunt

1765 852 1820 900 et
1842 844 1981 901 bona
2009 860 2170 915 opera
2202 844 2417 916 quidem
2453 852 2631 898 tamen
2664 845 2837 901 adhuc
2864 846 3131 903 laboriosa
3152 889 3165 911 ,
3209 864 3344 919 quo-

1765 953 1884 992 rum
1917 951 2125 992 merces
2152 936 2365 1007 requies
2392 944 2492 989 est.
2534 933 2639 990 Sed
2675 935 2793 990 ideo
2831 938 3045 1003 dicitur,
3086 954 3179 1009 spe
3216 954 3344 1010 gau-

1765 1030 1973 1094 dentes,
2003 1039 2062 1084 ut
2093 1029 2331 1099 requiem
2362 1028 2595 1083 futuram
2623 1017 2744 1083 cuiu
2775 1028 3045 1085 hilaritate
3070 1030 3122 1085 in
3154 1030 3346 1085 labori-

1763 1121 1864 1176 bus
1897 1136 2200 1193 operemur.
2229 1118 2378 1175 llanc
2397 1119 2540 1174 enim
2569 1118 2895 1174 hilaritatem
2925 1120 3192 1191 signiﬁcat
3215 1137 3341 1176 cru-

1765 1213 1843 1268 cis
1878 1212 2105 1267 altitudo
2132 1212 2184 1266 iu
2217 1221 2530 1266 transverso
2554 1210 2718 1281 ligno,
2749 1210 2838 1265 ubi
2872 1211 3110 1280 ﬁguntur
3130 1228 3341 1268 manus.

1764 1304 1869 1362 Per
1899 1323 2089 1363 manus
2131 1308 2272 1361 enim
2293 1348 2308 1373 ,
2340 1321 2502 1377 opera
2540 1304 2890 1377 intelligimus
2918 1323 2931 1371 ;
2961 1322 3057 1377 per
3101 1306 3343 1362 latitudi-

1766 1415 1913 1464 nem,
1940 1398 2265 1454 hilaritatem
2295 1398 2589 1469 operantis,
2612 1397 2739 1468 quia
2765 1397 2984 1452 tristitia
3023 1397 3150 1453 facit
3181 1414 3345 1469 angu-

1766 1492 1929 1559 stias;
1962 1508 2056 1563 per
2083 1492 2419 1547 altitudinem
2461 1499 2640 1547 autem
2662 1533 2676 1557 ,
2707 1488 2793 1546 cui
2830 1498 2989 1561 caput
3016 1490 3343 1561 adjungitur,

1766 1585 2226 1655 exspectationem
2251 1582 2622 1639 retributionis
2644 1583 2710 1638 de
2740 1581 2953 1638 sublimi
2980 1579 3190 1650 justitia
3215 1582 3306 1637 Dei
3330 1624 3345 1650 ,

1765 1679 1854 1749 qui
1892 1677 2079 1731 reddet
2110 1677 2397 1747 unicuique
2421 1675 2712 1731 secundum
2761 1690 2924 1745 opera
2969 1689 3062 1729 sua
3081 1715 3095 1738 ,
3123 1673 3208 1729 his
3230 1674 3347 1743 qui-

1767 1770 1886 1824 dem
1911 1768 2207 1824 secundum
2237 1768 2576 1823 tolerantiam
2622 1767 2748 1822 boui
2789 1767 3003 1838 operis,
3034 1766 3258 1835 gloriam
3294 1773 3349 1820 et

136 1884 157 1917 ι
206 1835 302 1922 Et:
312 1868 512 1923 dabant
538 1868 587 1923 ci
613 1867 798 1924 bibere
840 1857 1178 1939 myrrhatum
1217 1865 1397 1920 viuum
1415 1905 1430 1932 ,
1462 1872 1519 1920 et
1547 1879 1654 1920 non
1682 1835 1732 1898 Β
1762 1861 2019 1916 honorem
2044 1868 2097 1915 et
2117 1859 2575 1930 incorruptionem
2598 1835 2982 1929 quaarentibus,
3002 1857 3165 1912 vitam
3188 1867 3348 1913 teter-

64 1979 82 2010 c
131 1961 376 2031 accepit.
411 1980 430 2012 ι
463 1960 604 2017 Deus
632 1961 870 2032 loquitur
912 1960 979 2014 ad
1024 1957 1361 2014 Jerusalem:
1399 1975 1416 2007 ι
1448 1956 1564 2027 Ego
1606 1965 1658 2012 te

56 2051 314 2121 plantavi
346 2055 554 2109 vineam
580 2069 754 2111 meam
779 2069 984 2119 veram,
1018 2052 1285 2123 quomodo
1308 2065 1567 2107 conversa
1597 2065 1657 2106 es

59 2144 111 2198 iu
140 2146 573 2201 amaritudinem
594 2147 720 2201 vitis
739 2146 966 2202 alienae?
995 2166 1012 2197 ι
1043 2144 1177 2217 (Jer.
1201 2144 1285 2215 ιι.)
1309 2144 1509 2199 Amara
1532 2144 1657 2199 vitis

57 2250 325 2291 amarum
368 2237 551 2291 vinum
598 2236 757 2300 facit,
787 2245 840 2291 et
873 2237 1125 2307 propinat
1153 2235 1377 2290 Domino
1402 2233 1526 2290 Jesu
1547 2276 1560 2301 ,
1599 2244 1657 2290 ut

58 2328 367 2398 impleatur
404 2328 546 2398 quod
586 2329 842 2399 scriptum
874 2336 996 2382 est:
1030 2347 1046 2378 ι
1083 2328 1354 2382 Dederunt
1389 2326 1440 2379 in
1479 2326 1655 2379 cibum

59 2435 260 2473 meum
293 2418 382 2484 fel,
414 2429 468 2475 et
496 2421 548 2474 in
577 2421 668 2475 siti
697 2435 817 2476 mea
841 2428 1163 2491 putaverunt
1188 2434 1272 2472 me
1300 2427 1454 2472 aceto
1482 2416 1653 2488 (Psal.

63 2510 290 2581 xxvm).
332 2530 349 2561 ›
385 2511 536 2578 Quod
566 2521 742 2568 autem
789 2513 1018 2567 dicitur:
1055 2530 1073 2562 ι
1114 2510 1178 2564 Ει
1217 2526 1322 2565 non
1362 2510 1594 2580 accepit,
1634 2530 1654 2564 ι

66 2605 148 2659 vel
181 2607 487 2659 secundum
535 2606 845 2661 Matthmum
877 2605 1093 2676 (Μαιά.
1128 2606 1328 2673 xxvn):
1358 2623 1377 2656 ι
1415 2620 1537 2659 cum
1563 2620 1660 2674 gn.

70 2705 310 2762 stasset,
340 2696 515 2751 noluit
541 2689 749 2760 bibere,
787 2716 805 2747 ι
838 2697 942 2751 hoc
975 2696 1204 2758 indicat,
1236 2696 1379 2765 quod
1406 2705 1659 2767 gustave-

72 2789 139 2841 rit
163 2788 389 2858 quidem
409 2803 509 2859 pro
530 2788 683 2842 nobis
704 2787 894 2841 mortis
922 2786 1353 2846 amaritudinem,
1380 2786 1473 2840 sed
1502 2786 1658 2840 tertia

73 2877 155 2931 die
176 2878 501 2932 resurrexit.
535 2876 686 2944 Quod
731 2876 877 2931 enim
900 2876 978 2931 ait
1016 2875 1257 2930 Marcus:
1291 2895 1308 2926 ι
1348 2873 1464 2929 Νοιι
1501 2891 1659 2929 acce-

76 2972 175 3039 pit,
213 2990 235 3022 ι
275 2970 617 3041 intelligitur,
651 2984 757 3023 non
799 2968 1009 3038 accepit
1059 2976 1114 3020 ut
1156 2966 1398 3032 biberet;
1426 2967 1660 3037 gustavit

78 3073 304 3129 autem,
360 3064 500 3118 sicut
548 3061 828 3118 Matthaeus
875 3062 1031 3117 testis
1080 3070 1182 3115 est.
1229 3061 1295 3115 Et
1334 3062 1476 3131 quod
1517 3061 1657 3116 idem

86 3154 367 3211 Mattltzeus
395 3154 510 3209 ait:
549 3174 566 3205 ι
598 3152 777 3208 Noluit
812 3153 1028 3213 bibere,
1066 3174 1086 3205 ι
1120 3152 1225 3208 hoc
1262 3152 1478 3221 Marcus
1507 3152 1659 3208 dixe—

85 3256 207 3300 rat:
242 3265 261 3298 ι
300 3244 410 3300 Νοιι
439 3244 667 3316 accepit.
709 3264 727 3296 ι
764 3242 869 3298 Sed
900 3252 956 3297 et
986 3244 1088 3298 hoc
1124 3244 1267 3314 quod
1303 3243 1379 3298 ait
1406 3242 1654 3297 Marcus:

98 3358 118 3390 ι
153 3336 478 3409 Myrrhatum
518 3337 725 3401 viuum,
761 3356 777 3387 ι
805 3335 1209 3405 intelligendum
1237 3343 1320 3388 est
1355 3332 1660 3387 Matthreum

93 3430 294 3486 dixisse
319 3451 335 3482 ι
360 3446 476 3486 cum
504 3430 623 3488 felle
665 3430 903 3486 mistum.
937 3450 955 3480 ι
986 3428 1079 3481 Fel
1108 3428 1305 3497 quippe
1338 3442 1436 3496 pro
1463 3426 1661 3480 amari-

94 3520 278 3576 tudine
326 3521 532 3592 posuit,
568 3530 623 3578 et
664 3521 1002 3593 myrrbatum
1050 3519 1228 3572 vinum
1258 3516 1659 3572 amarissimum

86 3621 164 3666 est
192 3629 207 3666 :
235 3627 539 3682 quanquam
573 3611 687 3668 ﬁeri
722 3610 891 3683 possit
921 3619 979 3663 ut
1010 3618 1064 3665 et
1095 3608 1214 3663 felle
1261 3620 1316 3664 et
1346 3608 1560 3681 myrrha
1586 3607 1663 3662 vi-

86 3719 208 3759 num
230 3706 630 3759 amarissimum
662 3705 968 3759 redderent.

158 3815 175 3847 ι
222 3796 287 3850 Et
338 3796 717 3867 crueiﬁgentes
770 3810 894 3852 eum
922 3836 937 3861 ,
997 3794 1297 3849 diviserunt
1344 3793 1661 3875 vestimenta

95 3906 109 3936 ι
151 3886 285 3956 ejus,
322 3889 600 3944 mittentes
640 3896 840 3943 sortem
872 3903 1035 3958 super
1058 3888 1168 3952 eis,
1201 3887 1321 3956 quis
1359 3886 1486 3958 quid
1519 3885 1663 3941 tolle-

95 3999 109 4028 ι
153 3989 249 4036 ret.
304 4001 320 4030 ι
358 3980 485 4034 Haac
530 3978 764 4034 Joannes
810 3978 1140 4049 evangelista
1191 3977 1399 4047 plenius
1441 3979 1666 4047 exponit

92 4069 258 4141 (Joau.
294 4072 431 4144 xix),
474 4072 599 4142 quia
650 4070 846 4125 milites
883 4079 1077 4125 caetera
1123 4070 1174 4124 in
1223 4079 1453 4140 quatuor
1483 4079 1664 4139 partes

88 4162 220 4228 juxta
259 4178 418 4217 suum
452 4179 737 4218 nunerum
773 4162 1094 4226 dividentes,
1119 4162 1185 4217 de
1220 4162 1397 4218 tunica
1428 4177 1547 4232 qua:
1580 4163 1662 4216 iu-

92 4256 364 4310 cousutilis
385 4262 535 4319 erat,
566 4254 793 4324 desuper
824 4262 1079 4308 contexta
1109 4268 1207 4324 per
1232 4262 1422 4318 totum,
1461 4263 1663 4309 sortem

97 4348 369 4402 miserunt.
401 4346 803 4416 Quadripartita
852 4354 1032 4399 autem
1066 4344 1232 4399 vestis
1265 4344 1507 4409 Domini,
1534 4359 1665 4413 qua-

96 4438 427 4510 dripartitam
476 4438 594 4508 ejus
639 4439 892 4510 ﬁguravit
924 4437 1222 4494 Ecclesiam
1247 4478 1263 4504 ,
1310 4447 1423 4494 toto
1462 4438 1668 4494 scilicet

97 4529 217 4599 (qua:
254 4539 492 4601 quatuor
524 4530 768 4599 partibus
806 4530 1041 4599 constat)
1082 4538 1350 4583 terrarum
1384 4529 1515 4583 orbe
1558 4528 1661 4583 dif-

95 4616 279 4686 fusam,
302 4629 358 4675 et
388 4621 639 4677 omnibus
676 4622 879 4676 eisdem
902 4621 1146 4691 partibus
1172 4620 1452 4692 aequaliter
1475 4620 1547 4691 (id
1576 4629 1660 4676 est

96 4712 441 4782 concorditer)
474 4713 842 4768 distributam.
879 4711 1082 4766 Tunica
1130 4727 1258 4767 vero
1302 4711 1388 4765 illa
1434 4712 1621 4767 sortita
1646 4753 1661 4778 ,

96 4805 320 4860 omnium
351 4803 584 4873 partium
612 4800 880 4873 signiﬁcat
911 4801 1171 4856 unitatem
1192 4841 1206 4866 ,
1235 4817 1352 4870 quae
1381 4802 1664 4858 charitatis

100 4897 298 4953 vinculo
324 4896 651 4951 continetur.
692 4893 748 4949 Si
777 4895 920 4949 enim
954 4894 1208 4961 Charitas,
1236 4895 1390 4966 juxta
1423 4875 1660 4968 Aposto-

100 4989 205 5057 lum,
239 5000 297 5047 et
319 4990 892 5062 supereminentiorem
918 4989 1079 5043 habet
1100 4989 1259 5053 viam,
1290 4998 1343 5043 et
1363 4989 1658 5059 superemi-

103 5096 207 5141 neat
239 5085 504 5149 scicutiaa,
536 5093 589 5138 et
619 5097 780 5152 super
807 5080 987 5136 omnia
1036 5089 1303 5151 praecepta
1325 5089 1436 5145 est,
1471 5081 1662 5135 merito

102 5180 270 5244 vestis,
301 5192 406 5248 qua
436 5175 737 5247 signiﬁcata
779 5181 881 5239 est,
919 5174 1151 5242 desuper
1186 5180 1437 5226 contexta
1479 5172 1661 5242 perhi-

101 5271 257 5329 betur.
285 5273 339 5326 lu
368 5278 511 5326 sorte
539 5276 716 5322 autem
751 5265 901 5335 quid,
928 5264 1028 5320 nisi
1058 5264 1150 5319 Dei
1178 5262 1352 5335 gratia
1383 5279 1658 5317 commcn-

101 5364 203 5419 data
229 5364 349 5420 est?
376 5362 465 5417 Sic
489 5360 685 5430 quippe
716 5358 771 5411 iu
802 5372 912 5411 uno
942 5356 1008 5409 ad
1039 5371 1227 5410 omnes
1249 5354 1515 5426 pervenit,
1538 5371 1658 5411 cum

102 5471 200 5512 sors
232 5455 481 5511 omnibus
509 5450 710 5522 placuit
743 5467 754 5502 :
789 5448 913 5517 quia
945 5455 999 5501 et
1027 5448 1116 5502 Dei
1153 5446 1323 5518 gratia
1374 5446 1426 5499 in
1461 5462 1567 5499 uno
1594 5445 1660 5500 ad

102 5560 274 5603 omnes
302 5544 575 5617 pervenit,
607 5552 661 5597 et
694 5555 815 5596 cum
847 5553 968 5593 sors
997 5538 1249 5602 mittitur,
1288 5553 1390 5592 non
1422 5552 1662 5608 persona:

104 5640 346 5711 cujusque
368 5636 450 5691 vel
476 5634 706 5699 meritis,
732 5632 823 5688 sed
846 5628 1059 5685 occulto
1087 5628 1179 5683 Dei
1199 5629 1404 5699 judicio
1430 5630 1656 5684 ceditur.

105 5731 160 5787 Et
179 5734 324 5805 quia,
354 5732 491 5785 sicut
514 5730 591 5783 ait
616 5726 927 5797 Apostolus.
954 5739 1082 5778 vero
1102 5723 1262 5778 homo
1290 5735 1474 5779 noster
1500 5725 1659 5780 simul

105 5823 374 5881 cruciﬁxus
400 5829 483 5879 est
505 5835 627 5875 cum
654 5817 763 5885 illo,
791 5826 849 5873 ut
878 5824 1167 5879 evacuetur
1199 5831 1395 5888 corpus
1417 5819 1654 5892 peccati,

1760 1968 1904 2008 nam.
1937 1944 2252 2023 Itaqueiam
2283 1951 2581 2023 longitudo,
2607 1966 2710 2021 qua
2743 1960 2912 2005 totum
2937 1967 3135 2021 corpus
3156 1960 3347 2005 exten—

1759 2047 1924 2114 ditur,
1964 2046 2136 2117 ipsam
2178 2045 2518 2101 tolerantiam
2562 2045 2857 2118 siguiﬁcat.
2908 2045 3062 2102 Unde
3106 2046 3349 2116 longani-

1759 2155 1874 2194 mes
1906 2140 2165 2194 dicuntur
2191 2140 2283 2210 qui
2340 2140 2591 2194 tolerant.
2625 2136 2961 2199 Profundum
3005 2138 3148 2210 quod
3190 2148 3347 2194 terra:

1760 2231 1985 2286 inﬁxum
2018 2240 2119 2296 est,
2161 2240 2428 2287 secretum
2480 2233 2807 2288 sacramenti
2846 2232 3158 2304 praeﬁgurat
3188 2249 3201 2285 :
3231 2247 3349 2301 quae

1759 2328 1922 2381 verba
1951 2326 2192 2399 Apostoli
2227 2329 2401 2383 instar
2424 2329 2492 2384 de
2523 2328 2914 2398 signiﬁcatione
2958 2328 3136 2384 crucis
3181 2343 3347 2399 expe-

1761 2418 1903 2472 diam
1924 2459 1938 2483 ,
1963 2418 2054 2472 ubi
2083 2428 2157 2472 ait
2187 2438 2198 2473 :
2238 2438 2256 2469 ι
2292 2419 2349 2474 In
2381 2420 2647 2475 charitate
2695 2419 2919 2474 radicati
2944 2428 2999 2474 et
3020 2419 3224 2474 fundati
3246 2461 3258 2485 ,
3292 2426 3350 2473 ut

1762 2507 1978 2578 possitis
2000 2508 2456 2578 comprehendere
2483 2526 2606 2565 cum
2636 2509 2907 2576 omnibus,
2935 2525 3053 2580 quae
3074 2508 3344 2582 sitolongi-

1767 2600 1913 2668 tudo,
1945 2600 2197 2669 latitudo,
2225 2602 2453 2658 altitudo
2478 2612 2532 2657 et
2554 2602 2877 2675 profundum
2910 2601 3126 2674 (Ephes.
3171 2602 3276 2674 ιιι).
3320 2622 3338 2655 ι

1840 2713 1857 2746 ι
1896 2694 2026 2748 Erat
2051 2705 2233 2749 autem
2263 2696 2397 2750 hora
2427 2695 2607 2760 tertia,
2639 2706 2694 2751 et
2727 2695 3111 2751 cruciﬁxerunt
3140 2710 3282 2749 eum.
3324 2714 3342 2747 ι

1765 2783 1901 2841 Sunt
1940 2787 2034 2857 qui
2078 2787 2413 2842 arbitrantur
2440 2787 2575 2842 h‘ora
2605 2788 2823 2858 quidem
2865 2788 3025 2841 tertia
3062 2786 3346 2841 Dutniuum

1762 2878 2084 2934 cruciﬁxum
2110 2920 2124 2944 ,
2160 2895 2191 2933 a
2218 2888 2370 2935 sexta
2398 2889 2577 2935 autem
2619 2880 2750 2935 hora
2780 2879 3031 2935 tenebras
3063 2877 3235 2934 factas
3262 2895 3350 2934 us-

1762 2988 1866 3043 que
1889 2973 1954 3027 ad
1973 2988 2192 3039 nonam,
2217 2983 2273 3027 ut
2294 2981 2630 3043 consumpta:
2659 2972 3023 3044 intelligantur
3048 2982 3155 3028 tres
3178 2972 3347 3035 hora),

1762 3080 1829 3119 ex
1854 3079 1960 3135 quo
2005 3062 2298 3119 cruciﬁxus
2329 3072 2412 3119 est
2448 3078 2617 3134 usque
2659 3065 2725 3119 ad
2776 3061 3024 3117 tenebras
3056 3060 3244 3117 factas.
3279 3061 3342 3116 Et

1763 3164 1944 3228 posset
1974 3156 2190 3227 quidem
2222 3156 2323 3212 hoc
2349 3156 2651 3212 rectissime
2679 3154 2900 3228 intelligi
2926 3197 2942 3223 ,
2979 3157 3081 3211 nisi
3110 3154 3345 3211 Joannes

1764 3244 1999 3309 diceret,
2047 3245 2177 3299 hora
2208 3246 2363 3315 quasi
2395 3252 2544 3301 sexta
2581 3244 2811 3299 Pilatum
2845 3245 3052 3301 sedisse
3099 3261 3197 3316 pro
3244 3244 3341 3300 tri—

1764 3336 1979 3401 buuali,
2032 3337 2082 3390 in
2128 3336 2245 3391 loco
2291 3336 2382 3406 qui
2431 3335 2631 3391 dicitur
2659 3335 3060 3404 Lithostrotos,
3088 3336 3350 3393 Hebraice

1766 3436 1945 3481 autem
1975 3427 2239 3483 Gabatha.
2298 3427 2555 3498 Sequitur
2586 3428 2731 3483 enim
2761 3443 2774 3482 :
2813 3427 2997 3483 (Erat
3039 3437 3219 3484 autem
3247 3444 3345 3501 pa-

1766 3535 1984 3574 rasceve
2015 3519 2234 3575 Paschae
2263 3520 2397 3575 hora
2426 3521 2581 3590 quasi
2611 3530 2763 3576 sexta
2785 3563 2800 3587 ,
2848 3531 2904 3577 et
2943 3522 3073 3578 dicit
3107 3521 3347 3579 Judaais:

1767 3610 1903 3664 Ecce
1945 3627 2037 3665 rex
2065 3619 2242 3667 vester
2270 3611 2447 3681 (Joan.
2482 3611 2616 3684 xix).
2651 3633 2668 3663 ι
2728 3612 2784 3668 Si
2818 3614 2981 3685 igitur
3007 3615 3162 3686 quasi
3192 3623 3343 3669 sexta

1766 3701 1936 3757 Pilato
1967 3704 2189 3759 sedente
2220 3720 2318 3776 pro
2347 3705 2620 3772 tribunali,
2655 3706 2885 3764 traditus
2912 3717 2997 3764 est
3024 3708 3346 3779 cruciﬁgen-

1766 3796 1866 3850 dus
1898 3811 1927 3849 a
1954 3794 2185 3863 Judaeis,
2232 3798 2503 3866 quomodo
2541 3798 2673 3854 hora
2706 3798 2865 3853 tertia
2897 3798 3189 3855 cruciﬁxus
3226 3808 3343 3867 est,

1765 3886 1906 3940 sicut
1934 3887 2098 3941 verba
2128 3886 2291 3942 Marci
2336 3902 2442 3942 non
2484 3886 2845 3961 iutelligentes
2871 3889 3089 3960 quidam
3121 3899 3345 3960 putave-

1769 3983 1936 4037 runt?
1970 3980 2089 4038 Jam
2123 3991 2269 4037 certe
2300 3983 2512 4037 dixerat
2544 3983 2792 4040 Marcus:
2828 4005 2845 4035 ι
2877 3983 2945 4038 Ει
2969 3983 3349 4055 cruciﬁgeutes

1765 4094 1913 4141 eum,
1940 4077 2239 4132 diviserunt
2268 4078 2590 4134 vestimenta
2621 4078 2756 4150 ejus.
2794 4097 2811 4129 ι
2864 4076 2922 4132 Si
2958 4092 3088 4147 ergo
3123 4075 3239 4146 ejus
3270 4079 3350 4134 rei

1765 4178 1929 4241 gestae
1967 4180 2175 4239 tempus
2220 4168 2389 4237 voluit
2435 4183 2899 4233 commemorare,
2953 4166 3222 4224 sulliceret
3264 4169 3348 4222 di-

1765 4274 1887 4313 cere
1913 4277 1923 4311 :
1961 4258 2089 4313 Erat
2120 4266 2300 4313 autem
2329 4258 2462 4314 hora
2487 4259 2664 4313 tertia.
2687 4258 2758 4315 Ut
2783 4259 2911 4329 quid
2939 4257 3208 4328 adjunxit,
3242 4278 3259 4308 ι
3291 4267 3344 4312 et

1766 4350 2151 4405 cruciﬁxerunt
2170 4365 2316 4416 eum,
2339 4369 2357 4403 ι
2389 4350 2489 4405 nisi
2514 4351 2639 4422 quia
2665 4349 2835 4405 voluit
2857 4349 3059 4420 aliquid
3085 4347 3351 4418 recapitu-

1765 4441 1927 4497 lando
1958 4442 2306 4514 signiﬁcare,
2355 4442 2497 4513 quod
2544 4451 2808 4512 quaestum
2858 4439 3168 4503 inveniret,
3224 4452 3347 4492 cum

1768 4533 2058 4605 Scriptura'
2096 4535 2213 4605 ipsa
2246 4534 2388 4589 illius
2435 4533 2766 4604 temporibus
2811 4533 3096 4603 legeretur,
3147 4530 3345 4600 quibus

1774 4629 2037 4682 universze
2072 4626 2330 4683 Ecciesim
2359 4636 2545 4681 notum
2586 4635 2738 4691 erat,
2782 4641 2886 4695 qua
2928 4624 3060 4678 hora
3093 4622 3348 4678 Dominus

1772 4722 1915 4791 ligno
1960 4734 2256 4790 suspensus
2301 4727 2413 4782 est,
2462 4718 2601 4772 unde
2648 4727 2829 4787 posset
2872 4714 3029 4783 hujus
3069 4715 3153 4769 vel
3194 4730 3349 4770 error

1770 4811 1998 4882 corrigi,
2038 4811 2122 4864 vel
2152 4810 2494 4866 mendacium
2525 4807 2797 4863 refutari?
2844 4806 2951 4863 Sed
2981 4808 3107 4877 quia
3144 4807 3347 4864 sciebat

1767 4920 1796 4956 a
1827 4902 2084 4957 militibus
2109 4902 2395 4957 Dominum
2425 4900 2772 4965 cruciﬁxum,
2804 4915 2908 4954 non
2939 4915 2968 4953 a
2997 4897 3215 4963 Judaeis,
3248 4913 3335 4954 oc-

1768 4994 1909 5049 culte
1944 4993 2228 5048 ostendere
2254 4990 2423 5045 voluit
2450 5033 2463 5057 ,
2509 5007 2603 5047 eos
2634 4989 2804 5062 magis
2836 4988 3172 5044 cruciﬁxisse
3193 5028 3209 5054 ,
3254 4989 3345 5059 qui

1763 5086 2134 5142 clamaverunt
2173 5094 2232 5138 ut
2278 5081 2705 5152 cruciﬁgeretur,
2754 5095 2916 5149 quam
2955 5077 3070 5135 illos
3113 5079 3203 5150 qui
3243 5078 3345 5133 mi-

1763 5177 2045 5235 nisterium
2070 5174 2299 5246 principi
2329 5188 2429 5228 suo
2447 5171 2741 5227 secundum
2764 5168 2996 5226 ollicium
3025 5186 3180 5226 suum
3208 5185 3345 5240 prm-

1764 5272 2015 5327 buerunt.
2070 5267 2388 5338 lntclligitur
2418 5280 2548 5336 ergo
2595 5263 2759 5319 fuisse
2803 5263 2933 5319 hora
2980 5263 3175 5329 tertia,
3223 5277 3344 5317 cum

1764 5363 2137 5418 clamaverunt
2177 5357 2343 5413 Judaei
2392 5367 2450 5411 ut
2492 5357 2749 5413 Dominus
2791 5356 3241 5429 cruciﬁgeretur:
3291 5364 3347 5410 et

1768 5453 2116 5509 Vcracissilltc
2168 5453 2598 5517 demonstratur,
2655 5461 2783 5505 tunc
2830 5466 2925 5506 eos
3005 5447 3343 5504 cruciﬁxisse

1769 5545 1983 5616 quando
2012 5543 2421 5608 clamaverunt,
2475 5540 2710 5597 maxime
2761 5541 2886 5611 quia
2933 5538 3183 5595 volebant
3233 5550 3340 5589 non

1768 5638 1933 5693 videri
1964 5653 2020 5690 se
2054 5636 2154 5690 hoc
2184 5633 2397 5689 fecisse.
2452 5632 2519 5687 Et
2557 5643 2839 5705 proptere:
2870 5646 2991 5685 eum
3023 5626 3197 5682 Pilato
3226 5634 3339 5680 tra-

1767 5730 2050 5793 diderunt,
2094 5727 2235 5797 quod
2268 5741 2365 5796 per
2390 5740 2577 5782 eorum
2608 5727 2773 5780 verba
2810 5723 2941 5780 satis
2978 5719 3221 5776 indicant
3251 5734 3345 5775 se-.

1768 5818 1999 5883 cundum
2030 5815 2317 5873 Joannem.
2350 5816 2501 5885 Quod
2532 5831 2661 5888 ergo
2693 5814 2927 5870 maxime
2954 5810 3122 5867 videri
3151 5808 3345 5873 fecisse
