3934 6346
599 422 703 478 “5
790 424 797 429 ’

595 627 695 692 dit,
717 624 995 681 verissime
1020 621 1265 677 indicans
1306 607 1480 691 magis
1503 619 1668 675 fuisse
1691 617 1983 673 Dominum
2008 630 2168 671 neca-

596 726 709 771 tum
734 715 912 786 lingua
937 711 1245 768 Iudaeorum
1272 726 1434 781 quam
1462 710 1696 765 militum
1722 723 1910 764 manu.

670 826 688 858 ι
715 805 783 859 Ει
820 811 939 858 erat
975 802 1164 858 titulus
1199 816 1379 857 causa:
1414 800 1533 872 ejus
1570 799 1865 870 inscriptus
1889 814 1902 851 :
1928 796 2045 853 ilex
2068 794 2167 852 Ju-

595 915 617 951 ‹
647 899 901 954 (imorum.
937 916 956 948 ι
1009 895 1221 950 Titulus
1247 895 1456 965 positus
1482 909 1643 964 supra
1675 907 1892 948 crucem
1925 890 2074 960 ejus,
2110 890 2168 946 in

587 1006 695 1061 quo
724 989 983 1059 scriptum
1013 994 1164 1043 erat:
1198 984 1314 1041 Rex
1345 983 1685 1049 Iudaeorum,
1728 982 1858 1038 illud
1895 980 2163 1046 ostendit,

586 1083 731 1154 quod
751 1096 850 1137 nec
873 1079 1168 1136 occidendo
1190 1077 1400 1135 efﬁcere
1419 1084 1731 1149 potuerunt,
1756 1083 1816 1130 ut
1835 1089 1958 1129 eum
1983 1088 2165 1144 regem

585 1193 695 1233 non
733 1177 1032 1232 haberent:
1078 1174 1205 1245 quia
1250 1172 1365 1243 ejus
1408 1171 1856 1246 manifestissima
1900 1178 2164 1239 potestate

586 1268 879 1324 secundum
906 1281 1002 1322 sua
1026 1280 1191 1336 opera
1218 1264 1525 1321 redditurus
1551 1272 1653 1320 est.
1688 1262 1841 1320 Unde
1872 1263 1923 1317 in
1944 1261 2162 1318 Psalmo

584 1358 768 1415 canit:
802 1377 820 1408 ι
852 1357 965 1427 Ego
992 1364 1171 1413 autem
1200 1357 1526 1412 constitutus
1550 1371 1668 1412 sum
1696 1371 1790 1410 rex
1818 1354 1885 1411 ab
1907 1369 1974 1410 eo
1998 1370 2161 1425 super

584 1453 715 1510 Sion
761 1463 998 1511 montem
1036 1462 1281 1510 sanctum
1328 1454 1447 1525 ejus
1492 1451 1663 1524 (Psal.
1692 1453 1778 1525 ιι).
1810 1471 1829 1504 ι
1888 1451 1989 1520 Qui
2036 1460 2158 1523 apte

580 1545 780 1609 etiam,
824 1545 1080 1615 quoniam
1106 1559 1203 1600 rex
1229 1553 1283 1600 et
1309 1543 1551 1614 pontifex
1579 1551 1692 1607 est,
1741 1558 1863 1599 cum
1902 1542 2157 1598 eximiam

582 1633 728 1690 Patri
763 1650 877 1691 suae
904 1636 1083 1692 carnis
1111 1636 1343 1692 hostiam
1383 1635 1437 1690 in
1484 1634 1642 1689 altari
1684 1634 1862 1689 crucis
1903 1631 2153 1700 offerret,

580 1728 722 1799 regis
749 1743 995 1799 quoque,
1040 1727 1130 1797 qui
1176 1742 1271 1782 rex
1316 1727 1604 1797 praedictus
1639 1733 1787 1788 erat,
1838 1724 2151 1795 dignitatem

580 1819 735 1875 titulo
763 1819 1075 1891 praetendit,
1115 1828 1176 1875 ut
1202 1820 1414 1876 cunctis
1440 1818 1649 1892 legere,
1681 1819 1783 1875 hoc
1809 1827 1920 1884 est,
1963 1817 2152 1874 audire

1234 412 1581 471 HAYMONIS
1620 409 2095 469 HALBEBSTAT.
2137 405 2350 465 EPISC.
2385 405 2537 463 OPP.
2578 403 2759 462 PARS
2797 405 2860 461 ll.
2892 435 2963 448 —-
3004 405 3234 465 HOMIL.

596 535 882 601 nolebant,
919 534 1021 589 hoc
1047 546 1141 587 eos
1166 530 1299 585 liora
1328 529 1485 585 tertia
1518 529 1709 585 fecisse
1735 526 1949 582 Marcus
1977 532 2163 580 osten-
2190 525 2245 586 Α
2266 528 2321 576 et
2345 519 2624 590 pluraliter
2650 520 2875 583 dictum,
2902 537 2922 571 ι
2950 519 3084 575 secti
3113 526 3260 586 sunt,
3294 538 3312 571 ›
3337 534 3465 574 cum
3492 519 3573 575 de
3602 521 3895 577 sololsaiz

2275 608 2641 681 intelligatur?
2667 608 2806 676 Quid
2830 608 2973 663 enim
2997 608 3266 673 usitatius,
3281 608 3434 664 verbi
3457 609 3686 678 gratia,
3714 626 3889 681 quam

2272 706 2330 754 ut
2359 698 2504 754 dicat
2529 697 2725 768 aliquis
2757 716 2769 751 :
2822 696 2891 751 Et
2920 696 3109 752 rustici
3136 696 3269 752 mihi
3297 697 3623 764 insultant,
3658 701 3889 757 etiamsi

2270 804 2410 845 unus
2443 788 2685 845 insultet.
2739 787 2890 843 Tunc
2927 788 3071 843 enim
3117 797 3261 844 esset
3302 791 3705 856 contrarium,
3755 794 3880 861 quia

2268 882 2443 939 Lucas
2485 884 2551 940 de
2595 898 2702 937 uno
2730 880 3113 947 manifestavit,
3154 882 3201 936 si
3242 881 3320 936 illi
3348 881 3645 939 dixissent
3684 884 3878 938 ambs

2269 975 2507 1031 latrones
2532 974 2863 1030 conviciatos
2902 972 3148 1038 Domino,
3187 979 3367 1027 tamen
3395 981 3607 1043 posset
3638 974 3751 1027 sub
3778 989 3873 1027 no-

2268 1085 2418 1125 mero
2449 1068 2641 1140 plurali
2682 1082 2822 1123 unus
2862 1066 3108 1136 intelligi.
3160 1065 3295 1121 Cum
3321 1080 3459 1120 vero
3488 1065 3720 1121 dictum
3750 1078 3864 1129 εει,

2265 1162 2524 1230 latrones,
2545 1162 2631 1218 vel
2657 1162 2749 1231 qui
2776 1175 2898 1216 cum
2921 1175 2988 1215 eo
3009 1157 3254 1214 crucifixi
3272 1165 3453 1224 erant,
3476 1172 3592 1214 nec
3617 1157 3861 1212 additum

2263 1266 2371 1319 est.
2404 1256 2581 1321 ambo,
2610 1270 2717 1311 non
2746 1254 2919 1311 solum
2949 1254 2995 1308 si
3027 1255 3186 1308 ambo
3212 1250 3495 1318 fecissent,
3526 1261 3737 1322 posset
3762 1252 3853 1306 hoc

2263 1348 2367 1405 dici
2386 1390 2401 1414 ,
2447 1348 2542 1404 sed
2567 1348 2733 1405 etiam
2763 1348 2888 1417 quia
2920 1360 3058 1401 unus
3082 1345 3188 1400 hoc
3215 1343 3377 1410 fecit,
3415 1344 3615 1415 potuit
3660 1344 3853 1397 usitato

2261 1441 2547 1499 locutionis
2584 1443 2744 1497 modo
2778 1456 2877 1511 per
2903 1438 3163 1511 pluralem
3200 1452 3489 1493 numerum
3523 1436 3845 1507 significata.

2261 1533 2396 1601 Quia
2424 1548 2573 1601 vero,
2590 1532 2734 1588 Luca
2763 1541 3014 1595 testante,
3037 1547 3175 1586 unus
3200 1530 3341 1587 latro
3367 1529 3683 1585 Dominum
3708 1528 3845 1584 blas-

2260 1626 2506 1697 phemat,
2540 1626 2759 1681 dicens:
2789 1644 2808 1676 ι
2837 1623 3056 1679 Salvum
3083 1620 3171 1677 fac
3198 1621 3548 1692 temetipsum
3578 1630 3648 1676 et
3676 1636 3793 1685 nos,
3819 1642 3839 1674 ο

2258 1715 2394 1771 alter
2420 1730 2548 1770 vero
2585 1723 2639 1770 et
2673 1714 2824 1770 illum
2865 1715 3025 1785 digna
3065 1711 3368 1768 iuvectione
3414 1711 3750 1782 redarguit,
3792 1722 3839 1766 et

2257 1805 2541 1861 Dominum
2562 1804 2704 1860 fideli
2730 1804 3119 1876 supplicatione
3139 1809 3414 1873 precatur,
3442 1801 3648 1856 dicens
3663 1819 3679 1851 :
3703 1822 3721 1853 ι
3746 1802 3836 1856 Do-

577 1920 633 1965 et
656 1912 877 1967 credere
899 1912 1200 1969 volentibus
1229 1913 1550 1977 insinuaret,
1574 1912 1700 1981 quia
1728 1925 1823 1981 per
1851 1910 2027 1965 crucis
2052 1924 2147 1981 pa-
2175 1909 2226 1971 Β
2253 1898 2419 1964 mine.
2449 1906 2718 1953 memento
2748 1896 2873 1961 mei.
2904 1911 3027 1952 cum
3077 1895 3292 1950 veneris
3318 1894 3375 1948 ίῐι
3406 1908 3648 1963 regnum
3700 1905 3830 1949 ωιπ

579 2000 802 2056 tibulum
833 2017 937 2057 non
968 2003 1267 2072 perdiderit
1298 2018 1478 2069 suum,
1512 2002 1605 2058 sed
1633 2000 2036 2057 confirmaverit
2056 2017 2153 2074 po-

577 2093 685 2150 tius
708 2103 759 2150 et
786 2095 1217 2152 corroboraverit
1241 2095 1551 2166 imperium.

653 2202 671 2235 α
701 2186 771 2241 Et
807 2176 931 2242 cum
970 2203 1036 2243 eo
1072 2186 1395 2259 crucifigunt
1446 2188 1582 2244 duos
1621 2188 1881 2255 latrones,
1927 2204 2091 2245 unum
2121 2205 2153 2245 a

583 2300 600 2331 ι
629 2279 856 2346 dextris,
888 2288 944 2334 et
975 2280 1139 2335 alium
1170 2295 1202 2335 a
1230 2280 1486 2336 sinistris.
1522 2298 1538 2332 ι
1586 2279 1876 2346 Latrones,
1908 2280 1999 2349 qui
2029 2294 2154 2336 cum

577 2369 804 2427 Domino
831 2370 1077 2426 crucifixi
1106 2380 1261 2439 sunt,
1298 2370 1605 2443 significant
1636 2386 1733 2426 eos
1780 2370 1872 2441 qui
1921 2371 2022 2426 sub
2049 2370 2153 2426 fide

574 2468 631 2516 et
654 2459 992 2517 confessione
1018 2461 1252 2529 Christi,
1285 2463 1369 2518 vel
1398 2478 1569 2533 agone
1596 2463 1862 2535 martyrii,
1891 2463 1976 2518 vel
2001 2477 2150 2534 quae-

575 2551 708 2607 libet
752 2554 1096 2609 contineutiae
1140 2556 1389 2610 arctioris
1437 2556 1681 2611 instituta
1730 2557 1983 2611 subeunt.
2043 2552 2153 2610 Sed

574 2643 879 2713 quicunque
908 2644 1023 2699 haec
1055 2660 1154 2715 pro
1183 2652 1387 2700 aeterna
1417 2646 1590 2701 solum
1624 2645 1945 2716 cmleStique
1984 2644 2152 2716 gloria

573 2743 839 2803 egerunt,
888 2735 945 2790 hi
982 2734 1226 2805 profecto
1255 2737 1430 2791 dextri
1467 2735 1694 2791 latronis
1728 2737 1925 2791 merito
1953 2751 2016 2790 ac
2048 2736 2153 2791 fide

574 2824 942 2895 designantur.
974 2824 1175 2896 Atqui,
1199 2826 1312 2881 sive
1338 2826 1587 2881 humanae
1612 2826 1786 2882 laudis
1815 2827 2034 2892 intuitu,
2056 2827 2151 2881 sed

574 2911 813 2981 qualibet
850 2913 1029 2969 minus
1076 2914 1237 2986 digna
1280 2916 1579 2970 intentione
1624 2916 1825 2971 mundo
1869 2916 2150 2971 abrenun-

574 3010 743 3076 tiant,
791 3025 896 3066 non
930 3000 1204 3067 immerito
1240 3012 1688 3082 blasphematoris
1728 3027 1793 3068 ac
1827 3011 2033 3068 sinistri
2066 3013 2148 3067 la-

573 3101 745 3157 tronis
774 3110 1011 3158 mentem
1043 3103 1323 3159 imitantur
1353 3112 1409 3159 et
1437 3113 1619 3171 actus,
1651 3104 1717 3160 de
1747 3104 1995 3175 qualibus
2022 3104 2152 3159 dicit

571 3193 895 3264 Apostolus:
929 3213 948 3246 ‹
980 3193 1039 3250 Si
1068 3196 1343 3251 tradidero
1376 3212 1572 3267 corpus
1602 3212 1781 3252 meum
1823 3205 1882 3251 ut
1922 3197 2143 3262 ardeat,

2253 1989 2404 2061 (Luc.
2429 1989 2608 2061 XXIII),
2642 2009 2660 2041 ι
2682 2003 2850 2060 usque
2871 1988 3030 2044 hodie
3051 1988 3192 2042 idem
3214 1988 3326 2057 geri
3349 1988 3402 2041 in
3419 1986 3681 2043 Ecclesia
3692 1989 3829 2043 vide-

2253 2098 2396 2148 mus,
2421 2097 2549 2137 cum
2572 2081 2857 2136 mundanis
2886 2079 3013 2135 tacti
3026 2076 3430 2143 afﬂictionibus,
3452 2079 3578 2133 veri
3602 2079 3761 2134 simul
3780 2090 3829 2134 et

2252 2175 2371 2230 falsi
2386 2173 2678 2231 Christiani
2699 2191 2710 2226 :
2732 2172 2805 2227 illi
2821 2171 3056 2242 quidem,
3079 2171 3171 2241 qui
3192 2171 3317 2226 ﬁcta
3337 2180 3529 2226 mente
3543 2171 3823 2227 Domina

2253 2268 2517 2339 passionis
2564 2275 2901 2322 sacramenta
2950 2271 3166 2335 gestant
3189 2306 3204 2330 ,
3256 2265 3325 2319 ad
3374 2267 3671 2335 praesentis
3708 2267 3814 2320 vitae

2252 2359 2477 2431 gaudia,
2521 2357 2746 2428 cupiunt
2786 2354 3007 2410 liberari
3049 2370 3080 2409 a
3113 2354 3360 2420 Domino,
3396 2363 3567 2425 atque
3607 2357 3819 2426 simplici

2253 2448 2555 2504 intentione
2579 2462 2702 2502 cum
2724 2445 2980 2518 Apostolo
3004 2461 3115 2502 non
3136 2444 3439 2517 gloriantur
3458 2447 3518 2502 in
3539 2447 3656 2502 sola
3678 2463 3820 2503 cruce

2253 2539 2464 2596 Domini
2494 2538 2665 2594 nostri
2693 2536 2818 2594 Jesu
2847 2535 3072 2604 Christi,
3104 2538 3178 2592 ita
3208 2538 3390 2608 potius
3415 2553 3448 2593 a
3471 2540 3821 2609 praesentibus

2251 2630 2504 2685 aerumnis
2525 2637 2713 2700 aptant
2734 2624 2959 2689 emisit
2984 2627 3233 2698 spiritum
3259 2642 3420 2683 suum
3449 2630 3826 2684 commendent

2253 2719 2309 2774 in
2335 2720 2573 2775 auctoris
2601 2734 2815 2786 manus,
2856 2733 3071 2789 unaque
3106 2732 3232 2772 cum
3261 2718 3381 2789 ipso
3406 2720 3556 2789 regni
3581 2720 3831 2779 caelestis
3932 2718 3934 2789 i

2253 2809 2561 2866 desiderent
2587 2825 2708 2865 esse
2740 2810 3050 2881 participes.
3103 2808 3259 2866 Unde
3284 2809 3414 2866 bene
3439 2809 3543 2875 ille,
3574 2811 3671 2880 qui
3706 2810 3829 2865 fide
3932 2846 3934 2867 ι

2253 2901 2410 2956 dubia
2430 2901 2711 2957 Dominum
2735 2902 3080 2972 precabatur,
3114 2900 3360 2959 funditus
3381 2911 3463 2957 est
3481 2912 3829 2973 contemptus

2252 3013 2282 3051 a
2314 2997 2559 3063 Domino,
2603 3012 2777 3068 neque
2814 2996 2921 3052 ulla
2960 2998 3317 3067 responsione
3356 2997 3551 3069 dignus
3582 2998 3820 3054 habitus.

2250 3091 2319 3144 At
2363 3106 2493 3146 vero
2537 3105 2730 3162 preces
2773 3090 2937 3157 illius,
2985 3091 3075 3161 qui
3123 3100 3383 3146 aeternam
3426 3108 3461 3147 a
3498 3108 3561 3147 se
3602 3092 3820 3149 salutem

2252 3182 2560 3253 qmerebat,
2600 3184 2686 3255 pia
2723 3199 2847 3238 mox
2886 3184 3141 3241 Dominus
3169 3186 3520 3241 exauditione
3556 3189 3818 3259 suscipere

571 3287 617 3341 si
649 3285 848 3343 dedero
871 3302 1059 3343 omnes
1079 3286 1363 3345 facultates
1388 3304 1538 3345 meas
1564 3289 1617 3344 in
1645 3288 1795 3345 cibos
1824 3304 2142 3360 pauperum,

2258 3276 2499 3346 dignatus
2526 3284 2627 3332 est.
2676 3276 2808 3345 Quia
2841 3278 3125 3346 nimirum,
3164 3280 3482 3350 quicunque
3512 3281 3571 3335 in
3604 3281 3811 3335 tribula-

573 3377 617 3431 si
646 3376 748 3431 alia
777 3376 929 3447 plura
961 3378 1175 3448 pietatis
1201 3394 1365 3450 opera
1394 3379 1630 3436 facerem
1650 3421 1665 3447 ,
1706 3390 1765 3436 ut
1794 3382 1931 3436 dona
1961 3382 2151 3453 gratia;

569 3467 828 3539 spiritalis
870 3469 1146 3540 accepisse
1192 3470 1397 3537 videar,
1446 3471 1766 3527 charitatem
1816 3482 1996 3526 autem
2041 3487 2148 3529 non

567 3559 817 3626 habeam,
840 3560 973 3615 nihil
1004 3560 1136 3615 mihi
1168 3562 1388 3632 prodest
1410 3561 1461 3633 (Ι
1486 3561 1610 3617 Cor.
1635 3564 1779 3632 xm).
1813 3582 1830 3613 ι
1876 3562 2027 3617 Beati
2053 3576 2150 3617 au-

568 3659 676 3708 tem
696 3654 786 3723 qui
811 3669 907 3708 sua
930 3661 1150 3724 propter
1170 3652 1453 3709 Dominum
1477 3661 1531 3708 et
1549 3661 1768 3723 pr0pter
1799 3653 2149 3726 Evangelium

570 3743 900 3814 relinquunt.
931 3763 950 3795 (
974 3744 1127 3810 Beati
1154 3746 1244 3813 qui
1269 3744 1695 3814 persecutionem
1721 3745 1998 3815 patiuntur
2021 3762 2151 3816 prc-

569 3843 692 3907 pter
723 3835 1016 3906 justitiam,
1063 3834 1323 3905 quoniam
1365 3835 1604 3906 ipsorum
1647 3843 1729 3890 est
1768 3850 1993 3906 regnum
2038 3851 2149 3893 coe-

570 3925 744 3981 lorum
772 3924 988 3998 (Matth.
1014 3924 1092 3997 v).
1130 3946 1148 3979 ι

645 4035 665 4068 ι
697 4014 960 4071 Similiter
1008 4025 1063 4072 et
1101 4016 1409 4073 sacerdotes
1470 4017 1666 4072 summi
1716 4016 2034 4086 illudentes,
2082 4022 2149 4076 ad

576 4124 595 4158 ι
630 4105 949 4162 alterutrum
996 4122 1119 4163 cum
1171 4106 1363 4162 scribis
1413 4107 1663 4163 dicebant
1703 4125 1716 4163 :
1769 4108 1918 4165 Alios
1969 4110 2148 4167 salvos

575 4219 594 4251 ε
629 4198 789 4267 fecit,
820 4200 1057 4270 seipsum
1088 4215 1193 4255 non
1220 4207 1398 4270 potest
1428 4199 1633 4256 salvum
1670 4201 1867 4259 facere.
1902 4224 1920 4256 ι
1974 4204 2145 4260 Etiam

569 4294 835 4361 nolentes,
881 4294 1206 4351 confitentur
1230 4294 1423 4351 scribae
1444 4303 1499 4351 et
1527 4297 1812 4368 pontifices
1844 4299 1972 4370 quia
2011 4298 2148 4354 aios

568 4384 747 4441 salvos
776 4384 985 4441 fecerit.
1032 4386 1218 4457 Itaque
1243 4400 1341 4441 vos
1368 4394 1548 4442 vestra
1577 4387 1900 4443 condemnat
1924 4396 2144 4445 senten-

568 4480 661 4533 tia.
695 4475 797 4545 Qui
839 4477 984 4533 enim
1023 4477 1158 4534 alios
1197 4477 1375 4533 salvos
1418 4477 1582 4544 fecit,
1629 4480 1838 4549 utique,
1871 4480 1916 4535 si
1944 4479 2144 4547 vellet,

568 4567 805 4638 seipsum
834 4566 1043 4622 salvare
1067 4574 1299 4637 poterat.

2254 3369 2488 3426 tionibus
2514 3369 2697 3441 positi,
2724 3370 3042 3441 temporalia
3075 3380 3283 3427 tantum
3313 3388 3347 3427 a
3372 3371 3614 3429 Domino
3642 3373 3815 3429 solatia

2252 3464 2567 3534 requirunt,
2614 3480 2644 3519 a
2683 3464 3070 3537 temporalibus
3115 3474 3462 3538 reparantur,
3509 3474 3572 3521 et
3614 3468 3816 3522 aeternis

2250 3557 2461 3630 gaudiis
2499 3557 2800 3628 privantur.
2849 3556 2951 3624 Qui
2990 3558 3134 3612 enim
3159 3557 3430 3613 veraciter
3457 3557 3606 3613 bona
3649 3559 3815 3628 patri:

2250 3647 2490 3704 caelestis
2536 3648 2832 3719 suspirant,
2877 3649 2943 3701 ad
2991 3647 3106 3703 haec
3144 3648 3350 3718 absque
3386 3646 3495 3705 ulla
3529 3647 3814 3711 dubietate,

2249 3738 2466 3797 Christo
2492 3741 2807 3806 miserante,
2840 3739 3185 3811 perveniunt.
3824 3740 3831 3747 '

2325 3852 2343 3883 ‹
2375 3832 2441 3889 Et
2465 3831 2609 3888 facta
2638 3832 2771 3887 hora
2801 3840 2983 3896 sexta,
3017 3830 3253 3886 tenebrae
3283 3828 3442 3885 facta:
3471 3840 3601 3886 sunt
3628 3846 3725 3902 per
3748 3840 3818 3886 to-

2257 3939 2276 3974 (
2304 3930 2412 3977 tam
2439 3932 2662 3988 terram,
2683 3936 2854 3991 usque
2878 3921 2929 3975 in
2953 3921 3140 3976 horam
3164 3934 3381 3975 nonam.
3408 3939 3428 3971 ι
3453 3919 3815 3977 Clarissima

2250 4012 2435 4068 mundi
2461 4011 2640 4068 lumen
2670 4012 2898 4068 retraxit
2921 4012 3099 4068 radios
3128 4026 3274 4079 suos,
3298 4029 3367 4067 ne
3391 4021 3489 4067 aut
3506 4014 3817 4082 pendentem

2251 4103 2458 4159 videret
2486 4103 2792 4168 Dominum,
2822 4111 2915 4157 aut
2941 4103 3088 4175 impii
3116 4102 3559 4174 blasphemantes
3588 4120 3683 4159 sua
3714 4104 3819 4158 luce

2249 4193 2581 4249 fruerentur.
2616 4194 2681 4249 Et
2710 4194 3007 4249 notandum
3049 4194 3171 4264 quia
3198 4193 3459 4250 Dominus
3487 4205 3645 4250 sexta
3675 4197 3818 4257 hora,

2250 4285 2355 4341 hoc
2379 4293 2484 4352 est,
2511 4285 2724 4341 oriente
2744 4284 2859 4355 jam
2888 4285 3020 4351 sole,
3045 4287 3463 4343 resurrectionis
3490 4303 3606 4344 suae
3632 4297 3820 4359 myste-

2251 4379 2331 4433 ria
2374 4377 2686 4435 celebravit.
2741 4378 3013 4434 Statutum
3056 4380 3199 4435 enim
3251 4381 3512 4451 temporis
3552 4382 3820 4453 srgnavit.

2249 4486 2357 4541 quo
2404 4470 2599 4526 effectu
2651 4471 2910 4542 temporis
2960 4472 3225 4527 exhibuit.
3290 4471 3393 4539 Qui
3449 4483 3703 4530 mortuus
3748 4486 3819 4529 est

2250 4571 2471 4635 propter
2498 4574 2719 4635 peccata
2753 4573 2960 4630 nostra,
2986 4572 3041 4620 et
3065 4564 3366 4620 resurrexit
3391 4574 3621 4635 propter
3639 4567 3820 4637 justifi-

3798 410 3901 463 ιιε

644 4632 668 4707 ξ
693 4655 941 4713 Christus
971 4632 1258 4714 rex—Israel
1285 4658 1577 4714 descendat
1604 4674 1749 4714 nunc
1778 4659 1844 4715 de
1870 4676 2050 4727 cruce,
2083 4670 2141 4717 ut
2168 4632 2223 4692 Ῑ)
2248 4632 2516 4713 cntionem
2546 4668 2807 4713 nostram.
2845 4657 2979 4712 Nam
3005 4667 3060 4713 et
3081 4657 3251 4713 Adam
3277 4632 3541 4728 peccante
3570 4632 3818 4729 scriptum

573 4767 592 4797 ι
624 4748 899 4804 videamus
933 4755 991 4803 et
1026 4751 1331 4805 credamus.
1361 4770 1380 4802 ι
1432 4749 1798 4809 Fraudulenta
1826 4755 2140 4824 promissio.
2243 4755 2327 4803 est
2365 4748 2491 4816 quia
2543 4747 2777 4803 audierit
2822 4763 3007 4803 vocem
3033 4746 3246 4803 Domini
3278 4748 3372 4803 Dei
3411 4750 3822 4809 deambulantis.

568 4834 706 4900 Quid
731 4843 814 4890 est
836 4835 977 4905 plus,
1008 4836 1074 4892 de
1100 4852 1262 4893 cruce
1289 4839 1464 4895 adhuc
1492 4841 1761 4898 viventem
1790 4843 2141 4914 descendere,
2245 4838 2299 4893 in
2347 4839 2602 4909 paradiso
2655 4839 2721 4895 ad
2774 4854 2963 4894 auram
3012 4848 3137 4910 post
3182 4840 3470 4896 meridiem
3524 4840 3684 4913 (Gen.
3723 4845 3816 4914 ιιι).

569 4942 637 4980 an
665 4926 732 4981 de
761 4927 1007 4996 sepulcro
1037 4939 1307 4986 mortuum
1335 4934 1603 5003 surgere?
1638 4932 1925 5003 Surrexit,
1955 4944 2011 4991 et
2034 4952 2141 4992 non
2244 4928 2372 4985 Post
2399 4930 2681 4986 meridiem
2710 4944 2944 5001 namque
2975 4930 3233 4986 inclinata
3262 4930 3381 4987 luce
3411 4931 3538 4988 fidei
3567 4950 3582 4989 :
3626 4936 3698 4991 ad
3735 4951 3818 4989 au-

568 5018 825 5084 creditis;
864 5034 992 5091 ergo
1019 5021 1182 5077 etiam
1213 5023 1259 5077 si
1289 5023 1356 5079 de
1382 5037 1543 5079 cruce
1572 5026 1945 5093 descenderit,
1994 5028 2147 5083 simi-
2246 5039 2364 5080 ram
2390 5038 2550 5089 vero,
2594 5024 2977 5095 refrigescente
3022 5023 3233 5080 fervore
3276 5025 3610 5082 charitatis:
3646 5028 3817 5083 deam-

567 5110 693 5165 liter
717 5124 825 5166 non
858 5112 1108 5169 credetis.
1162 5134 1182 5167 ι
1212 5115 1280 5170 Et
1307 5117 1399 5186 qui
1425 5131 1548 5171 cum
1600 5132 1665 5172 eo
1695 5118 1938 5175 cruciﬁxi
1988 5131 2143 5177 erant
2242 5117 2435 5174 bulans
2463 5127 2643 5172 autem
2676 5117 3010 5183 audiebatur,
3037 5116 3163 5187 quia
3205 5117 3273 5172 ab
3310 5117 3536 5173 homine
3563 5130 3814 5190 peccante

571 5203 1048 5275 «Iconviciabantur
1061 5208 1130 5264 ei.
1146 5208 1451 5276 iQuomodo
1466 5209 1568 5267 hoc
1580 5225 1765 5267 verum
1781 5221 1885 5280 est,
1905 5214 2144 5284 quando-
2243 5217 2559 5264 recesserat.
2593 5207 2844 5263 Rationis
2870 5208 3052 5279 igitur,
3080 5208 3188 5262 imo
3213 5208 3321 5262 divi
3331 5208 3417 5263 tiae
3442 5208 3677 5289 pietatis
3697 5211 3817 5266 ordo

564 5298 782 5369 quidem
805 5312 943 5357 unus
962 5316 1148 5358 eorum
1170 5302 1503 5360 conviciatus
1527 5313 1629 5370 est,
1654 5306 1952 5364 secundum
1980 5305 2141 5363 Lucae
2241 5302 2517 5371 poscebat.
2548 5308 2607 5354 ut
2632 5300 2824 5355 eodem
2851 5299 3110 5370 temporis
3133 5299 3383 5364 articulo,
3406 5315 3516 5369 quo
3546 5309 3680 5359 tunc
3700 5303 3817 5358 Ade

564 5390 963 5459 testimonium,
995 5393 1136 5449 alter
1162 5401 1216 5449 et
1243 5396 1574 5464 compescuit
1599 5411 1722 5452 eum
1742 5437 1757 5463 ,
1799 5405 1854 5453 et
1882 5397 1935 5453 in
1969 5398 2138 5454 Deum
2240 5395 2619 5465 prawaricanti
2650 5395 2982 5460 occluserat,
3020 5408 3163 5449 nunc
3192 5393 3386 5450 latroni
3421 5395 3689 5452 Dominus
3716 5411 3817 5467 pue-

562 5483 823 5549 credidit,
877 5484 981 5539 nisi
1034 5483 1399 5555 intelligamus
1444 5484 1754 5542 Mattliazum
1803 5495 1858 5542 et
1899 5486 2138 5543 Marcum
2242 5488 2433 5543 nitenti
2459 5486 2678 5557 januam
2713 5494 2981 5541 reseraret
3005 5485 3271 5556 paradisi,
3314 5494 3369 5541 et
3412 5502 3519 5556 qua
3552 5487 3691 5543 hora
3718 5489 3819 5561 pri-

560 5574 799 5637 breviter
823 5579 1270 5647 perstringentes,
1293 5575 1396 5632 hoc
1420 5576 1539 5633 loco
1564 5577 1824 5648 pluralem
1853 5593 2136 5634 numerum
2244 5594 2364 5634 mus
2392 5567 2561 5633 Adam
2592 5577 2866 5649 peccando
2908 5585 3134 5632 mortem
3179 5576 3308 5632 huic
3348 5576 3552 5633 mundo
3581 5579 3814 5642 invexit,

560 5679 660 5738 pro
688 5667 946 5738 singulari
970 5666 1234 5737 posuisse,
1267 5667 1407 5722 sicut
1436 5669 1489 5724 in
1519 5668 1757 5738 Epistola
1787 5671 1854 5724 ad
1884 5670 2139 5726 Hebrzeos
2241 5670 2430 5725 eadem
2474 5669 2603 5724 hora
2646 5669 2913 5725 secundus
2940 5668 3109 5724 Adam
3138 5677 3370 5725 mortem
3399 5670 3691 5727 moriendo
3733 5672 3818 5727 de

560 5756 789 5828 legimus
814 5758 1000 5831 (Hebr.
1026 5758 1635 5831 xl)pluraliterdictum,
1657 5780 1674 5812 ι
1699 5761 2011 5819 clauserunt
2039 5778 2135 5817 ora
2243 5772 2499 5819 strueret.

561 5848 793 5917 leonum,
831 5870 848 5904 ι
881 5867 1003 5915 cum
1026 5851 1174 5908 solus
1198 5850 1385 5919 Daniel
1427 5851 1721 5925 significari
1765 5852 2132 5926 intelligatur:
2318 5872 2337 5907 ι
2369 5854 2437 5911 Et
2477 5853 2609 5913 hora
2657 5870 2795 5912 nona
2840 5854 3168 5919 exclamavit
3205 5852 3361 5913 Jesus
3401 5870 3534 5913 voce
3580 5871 3811 5931 magna.
