  <div class='ocr_page' id='page_1' title='image "/cluster/home/n/w/nwhite01/storage/ocr_20150623/118/hvd.32044015466907/214.png"; bbox 0 0 3934 6346; ppageno 0'>
   <div class='ocr_carea' id='block_1_1' title="bbox 57 403 184 456">
    <p class='ocr_par' dir='ltr' id='par_1_1' title="bbox 57 403 184 456">
     <span class='ocr_line' id='line_1_1' title="bbox 57 403 184 456; baseline 0 0"><span class='ocrx_word' id='word_1_1' title='bbox 57 403 184 456; x_wconf 69' lang='grc'><strong>417</strong></span> 
     </span>
    </p>
   </div>
   <div class='ocr_carea' id='block_1_2' title="bbox 1343 359 2216 454">
    <p class='ocr_par' dir='ltr' id='par_1_2' title="bbox 1343 359 2216 454">
     <span class='ocr_line' id='line_1_2' title="bbox 1343 359 2216 454; baseline -0.003 -1"><span class='ocrx_word' id='word_1_2' title='bbox 1343 394 1648 454; x_wconf 69' lang='lat' dir='ltr'><strong>HOMILIE</strong></span> <span class='ocrx_word' id='word_1_3' title='bbox 1688 395 1777 453; x_wconf 84' lang='lat' dir='ltr'><strong>DE</strong></span> <span class='ocrx_word' id='word_1_4' title='bbox 1817 394 2169 453; x_wconf 83' lang='lat' dir='ltr'><strong>TEMPORE.</strong></span> <span class='ocrx_word' id='word_1_5' title='bbox 2209 359 2216 371; x_wconf 79' lang='grc'><em>’</em></span> 
     </span>
    </p>
   </div>
   <div class='ocr_carea' id='block_1_3' title="bbox 3259 397 3362 454">
    <p class='ocr_par' dir='ltr' id='par_1_3' title="bbox 3259 397 3362 454">
     <span class='ocr_line' id='line_1_3' title="bbox 3259 397 3362 454; baseline 0.039 -4"><span class='ocrx_word' id='word_1_6' title='bbox 3259 397 3362 454; x_wconf 75' lang='grc'><strong>418</strong></span> 
     </span>
    </p>
   </div>
   <div class='ocr_carea' id='block_1_4' title="bbox 56 506 3362 581">
    <p class='ocr_par' dir='ltr' id='par_1_4' title="bbox 56 506 3362 581">
     <span class='ocr_line' id='line_1_4' title="bbox 56 506 3362 581; baseline -0.002 -12"><span class='ocrx_word' id='word_1_7' title='bbox 56 536 81 569; x_wconf 73' lang='grc' dir='ltr'><strong>ι</strong></span> <span class='ocrx_word' id='word_1_8' title='bbox 119 518 340 571; x_wconf 85' lang='lat' dir='ltr'><strong>dicens</strong></span> <span class='ocrx_word' id='word_1_9' title='bbox 369 533 382 569; x_wconf 92' lang='lat'><strong>:</strong></span> <span class='ocrx_word' id='word_1_10' title='bbox 407 513 523 569; x_wconf 88' lang='lat' dir='ltr'><strong>Eloi</strong></span> <span class='ocrx_word' id='word_1_11' title='bbox 551 554 565 581; x_wconf 95' lang='lat'><strong>,</strong></span> <span class='ocrx_word' id='word_1_12' title='bbox 592 513 730 578; x_wconf 84' lang='lat' dir='ltr'><strong>Eloi,</strong></span> <span class='ocrx_word' id='word_1_13' title='bbox 775 514 972 568; x_wconf 90' lang='lat' dir='ltr'><strong>lamma</strong></span> <span class='ocrx_word' id='word_1_14' title='bbox 999 510 1356 568; x_wconf 88' lang='lat' dir='ltr'><strong>sabachtani?</strong></span> <span class='ocrx_word' id='word_1_15' title='bbox 1405 509 1560 578; x_wconf 81' lang='lat' dir='ltr'><strong>Quod</strong></span> <span class='ocrx_word' id='word_1_16' title='bbox 1588 517 1671 564; x_wconf 89' lang='lat' dir='ltr'><strong>est</strong></span> <span class='ocrx_word' id='word_1_17' title='bbox 1697 513 1751 572; x_wconf 82' lang='grc' dir='ltr'><strong>Α</strong></span> <span class='ocrx_word' id='word_1_18' title='bbox 1773 523 1915 572; x_wconf 91' lang='lat' dir='ltr'><strong>nem,</strong></span> <span class='ocrx_word' id='word_1_19' title='bbox 1942 506 2135 564; x_wconf 79' lang='lat' dir='ltr'><strong>fuisset</strong></span> <span class='ocrx_word' id='word_1_20' title='bbox 2159 506 2379 565; x_wconf 76' lang='lat' dir='ltr'><strong>eﬁ‘usus.</strong></span> <span class='ocrx_word' id='word_1_21' title='bbox 2422 509 2527 566; x_wconf 86' lang='lat' dir='ltr'><strong>Per</strong></span> <span class='ocrx_word' id='word_1_22' title='bbox 2553 510 2873 568; x_wconf 82' lang='lat' dir='ltr'><strong>arundinem</strong></span> <span class='ocrx_word' id='word_1_23' title='bbox 2895 523 3050 576; x_wconf 89' lang='lat' dir='ltr'><strong>vero,</strong></span> <span class='ocrx_word' id='word_1_24' title='bbox 3071 509 3158 566; x_wconf 93' lang='lat' dir='ltr'><strong>cui</strong></span> <span class='ocrx_word' id='word_1_25' title='bbox 3190 510 3362 581; x_wconf 85' lang='lat' dir='ltr'><strong>impo-</strong></span> 
     </span>
    </p>
   </div>
   <div class='ocr_carea' id='block_1_5' title="bbox 59 602 1672 680">
    <p class='ocr_par' dir='ltr' id='par_1_5' title="bbox 59 602 1672 680">
     <span class='ocr_line' id='line_1_5' title="bbox 59 602 1672 680; baseline -0.003 -17"><span class='ocrx_word' id='word_1_26' title='bbox 59 629 83 663; x_wconf 82' lang='grc'><strong>‹</strong></span> <span class='ocrx_word' id='word_1_27' title='bbox 123 611 604 680; x_wconf 76' lang='lat' dir='ltr'><strong>interpretatum:</strong></span> <span class='ocrx_word' id='word_1_28' title='bbox 640 607 782 664; x_wconf 88' lang='lat' dir='ltr'><strong>Deus</strong></span> <span class='ocrx_word' id='word_1_29' title='bbox 812 622 987 672; x_wconf 90' lang='lat' dir='ltr'><strong>meus,</strong></span> <span class='ocrx_word' id='word_1_30' title='bbox 1032 605 1177 661; x_wconf 86' lang='lat' dir='ltr'><strong>Deus</strong></span> <span class='ocrx_word' id='word_1_31' title='bbox 1217 619 1395 667; x_wconf 92' lang='lat' dir='ltr'><strong>meus,</strong></span> <span class='ocrx_word' id='word_1_32' title='bbox 1443 611 1504 657; x_wconf 89' lang='lat' dir='ltr'><strong>ut</strong></span> <span class='ocrx_word' id='word_1_33' title='bbox 1542 602 1672 672; x_wconf 92' lang='lat' dir='ltr'><strong>quid</strong></span> 
     </span>
    </p>
   </div>
   <div class='ocr_carea' id='block_1_6' title="bbox 64 694 1671 772">
    <p class='ocr_par' dir='ltr' id='par_1_6' title="bbox 64 694 1671 772">
     <span class='ocr_line' id='line_1_6' title="bbox 64 694 1671 772; baseline -0.002 -17"><span class='ocrx_word' id='word_1_34' title='bbox 64 722 86 755; x_wconf 77' lang='grc' dir='ltr'><strong>ι</strong></span> <span class='ocrx_word' id='word_1_35' title='bbox 125 701 489 772; x_wconf 86' lang='lat' dir='ltr'><strong>dereliquisti</strong></span> <span class='ocrx_word' id='word_1_36' title='bbox 525 699 653 757; x_wconf 85' lang='lat' dir='ltr'><strong>me?</strong></span> <span class='ocrx_word' id='word_1_37' title='bbox 682 720 699 752; x_wconf 80' lang='grc' dir='ltr'><strong>ι</strong></span> <span class='ocrx_word' id='word_1_38' title='bbox 759 699 826 756; x_wconf 89' lang='lat' dir='ltr'><strong>Ut</strong></span> <span class='ocrx_word' id='word_1_39' title='bbox 863 699 1021 769; x_wconf 89' lang='lat' dir='ltr'><strong>quid,</strong></span> <span class='ocrx_word' id='word_1_40' title='bbox 1062 706 1172 752; x_wconf 91' lang='lat' dir='ltr'><strong>etc.</strong></span> <span class='ocrx_word' id='word_1_41' title='bbox 1223 694 1495 766; x_wconf 90' lang='lat' dir='ltr'><strong>Principio</strong></span> <span class='ocrx_word' id='word_1_42' title='bbox 1523 695 1671 751; x_wconf 87' lang='lat' dir='ltr'><strong>vice-</strong></span> 
     </span>
    </p>
   </div>
   <div class='ocr_carea' id='block_1_7' title="bbox 61 785 1670 864">
    <p class='ocr_par' dir='ltr' id='par_1_7' title="bbox 61 785 1670 864">
     <span class='ocr_line' id='line_1_7' title="bbox 61 785 1670 864; baseline -0.007 -13"><span class='ocrx_word' id='word_1_43' title='bbox 61 795 210 852; x_wconf 82' lang='lat' dir='ltr'><strong>simi</strong></span> <span class='ocrx_word' id='word_1_44' title='bbox 255 793 422 864; x_wconf 86' lang='lat' dir='ltr'><strong>primi</strong></span> <span class='ocrx_word' id='word_1_45' title='bbox 449 791 641 863; x_wconf 82' lang='lat' dir='ltr'><strong>psalmi</strong></span> <span class='ocrx_word' id='word_1_46' title='bbox 670 808 800 846; x_wconf 92' lang='lat' dir='ltr'><strong>usus</strong></span> <span class='ocrx_word' id='word_1_47' title='bbox 828 799 932 846; x_wconf 91' lang='lat' dir='ltr'><strong>est.</strong></span> <span class='ocrx_word' id='word_1_48' title='bbox 964 790 1100 846; x_wconf 91' lang='lat' dir='ltr'><strong>lllud</strong></span> <span class='ocrx_word' id='word_1_49' title='bbox 1138 803 1267 844; x_wconf 89' lang='lat' dir='ltr'><strong>vero</strong></span> <span class='ocrx_word' id='word_1_50' title='bbox 1307 786 1452 857; x_wconf 86' lang='lat' dir='ltr'><strong>quod</strong></span> <span class='ocrx_word' id='word_1_51' title='bbox 1493 795 1575 841; x_wconf 90' lang='lat' dir='ltr'><strong>est</strong></span> <span class='ocrx_word' id='word_1_52' title='bbox 1615 785 1670 840; x_wconf 90' lang='lat' dir='ltr'><strong>in</strong></span> 
     </span>
    </p>
   </div>
   <div class='ocr_carea' id='block_1_8' title="bbox 65 877 1668 953">
    <p class='ocr_par' dir='ltr' id='par_1_8' title="bbox 65 877 1668 953">
     <span class='ocr_line' id='line_1_8' title="bbox 65 877 1668 953; baseline -0.006 -12"><span class='ocrx_word' id='word_1_53' title='bbox 65 885 275 941; x_wconf 90' lang='lat' dir='ltr'><strong>medio</strong></span> <span class='ocrx_word' id='word_1_54' title='bbox 306 884 598 940; x_wconf 83' lang='lat' dir='ltr'><strong>versiculi:</strong></span> <span class='ocrx_word' id='word_1_55' title='bbox 648 882 876 953; x_wconf 84' lang='lat' dir='ltr'><strong>Respice</strong></span> <span class='ocrx_word' id='word_1_56' title='bbox 922 882 976 936; x_wconf 90' lang='lat' dir='ltr'><strong>in</strong></span> <span class='ocrx_word' id='word_1_57' title='bbox 1021 895 1144 947; x_wconf 90' lang='lat' dir='ltr'><strong>me,</strong></span> <span class='ocrx_word' id='word_1_58' title='bbox 1191 877 1522 950; x_wconf 83' lang='lat' dir='ltr'><strong>superfluum</strong></span> <span class='ocrx_word' id='word_1_59' title='bbox 1566 885 1668 933; x_wconf 90' lang='lat' dir='ltr'><strong>est.</strong></span> 
     </span>
    </p>
   </div>
   <div class='ocr_carea' id='block_1_9' title="bbox 66 968 1669 1046">
    <p class='ocr_par' dir='ltr' id='par_1_9' title="bbox 66 968 1669 1046">
     <span class='ocr_line' id='line_1_9' title="bbox 66 968 1669 1046; baseline -0.007 -14"><span class='ocrx_word' id='word_1_60' title='bbox 66 976 320 1046; x_wconf 75' lang='lat' dir='ltr'><strong>Legitur</strong></span> <span class='ocrx_word' id='word_1_61' title='bbox 349 975 492 1030; x_wconf 89' lang='lat' dir='ltr'><strong>enim</strong></span> <span class='ocrx_word' id='word_1_62' title='bbox 537 973 590 1027; x_wconf 94' lang='lat' dir='ltr'><strong>in</strong></span> <span class='ocrx_word' id='word_1_63' title='bbox 631 971 855 1028; x_wconf 81' lang='lat' dir='ltr'><strong>Hebraeo</strong></span> <span class='ocrx_word' id='word_1_64' title='bbox 881 990 895 1025; x_wconf 92' lang='lat'><strong>:</strong></span> <span class='ocrx_word' id='word_1_65' title='bbox 943 971 1086 1027; x_wconf 91' lang='lat' dir='ltr'><strong>Deus</strong></span> <span class='ocrx_word' id='word_1_66' title='bbox 1117 985 1293 1036; x_wconf 90' lang='lat' dir='ltr'><strong>meus,</strong></span> <span class='ocrx_word' id='word_1_67' title='bbox 1323 968 1466 1024; x_wconf 90' lang='lat' dir='ltr'><strong>Deus</strong></span> <span class='ocrx_word' id='word_1_68' title='bbox 1498 983 1669 1033; x_wconf 90' lang='lat' dir='ltr'><strong>meus,</strong></span> 
     </span>
    </p>
   </div>
   <div class='ocr_carea' id='block_1_10' title="bbox 71 1061 1674 1142">
    <p class='ocr_par' dir='ltr' id='par_1_10' title="bbox 71 1061 1674 1142">
     <span class='ocr_line' id='line_1_10' title="bbox 71 1061 1674 1142; baseline -0.007 -16"><span class='ocrx_word' id='word_1_69' title='bbox 71 1088 263 1142; x_wconf 88' lang='lat' dir='ltr'><strong>quare</strong></span> <span class='ocrx_word' id='word_1_70' title='bbox 291 1085 379 1127; x_wconf 89' lang='lat' dir='ltr'><strong>me</strong></span> <span class='ocrx_word' id='word_1_71' title='bbox 408 1067 785 1139; x_wconf 85' lang='lat' dir='ltr'><strong>dereliquisti?</strong></span> <span class='ocrx_word' id='word_1_72' title='bbox 823 1066 900 1123; x_wconf 89' lang='lat' dir='ltr'><strong>Ne</strong></span> <span class='ocrx_word' id='word_1_73' title='bbox 931 1066 1150 1122; x_wconf 86' lang='lat' dir='ltr'><strong>mireris</strong></span> <span class='ocrx_word' id='word_1_74' title='bbox 1176 1065 1467 1122; x_wconf 88' lang='lat' dir='ltr'><strong>verborum</strong></span> <span class='ocrx_word' id='word_1_75' title='bbox 1496 1061 1674 1116; x_wconf 86' lang='lat' dir='ltr'><strong>humi-</strong></span> 
     </span>
    </p>
   </div>
   <div class='ocr_carea' id='block_1_11' title="bbox 70 1153 1672 1232">
    <p class='ocr_par' dir='ltr' id='par_1_11' title="bbox 70 1153 1672 1232">
     <span class='ocr_line' id='line_1_11' title="bbox 70 1153 1672 1232; baseline -0.007 -12"><span class='ocrx_word' id='word_1_76' title='bbox 70 1164 334 1228; x_wconf 86' lang='lat' dir='ltr'><strong>litatem,</strong></span> <span class='ocrx_word' id='word_1_77' title='bbox 379 1161 749 1232; x_wconf 82' lang='lat' dir='ltr'><strong>querimonias</strong></span> <span class='ocrx_word' id='word_1_78' title='bbox 779 1158 1058 1224; x_wconf 88' lang='lat' dir='ltr'><strong>derelicti,</strong></span> <span class='ocrx_word' id='word_1_79' title='bbox 1105 1173 1227 1212; x_wconf 93' lang='lat' dir='ltr'><strong>cum</strong></span> <span class='ocrx_word' id='word_1_80' title='bbox 1259 1155 1486 1210; x_wconf 87' lang='lat' dir='ltr'><strong>formam</strong></span> <span class='ocrx_word' id='word_1_81' title='bbox 1532 1153 1672 1208; x_wconf 87' lang='lat' dir='ltr'><strong>servi</strong></span> 
     </span>
    </p>
   </div>
   <div class='ocr_carea' id='block_1_12' title="bbox 73 1245 1674 1317">
    <p class='ocr_par' dir='ltr' id='par_1_12' title="bbox 73 1245 1674 1317">
     <span class='ocr_line' id='line_1_12' title="bbox 73 1245 1674 1317; baseline -0.006 -8"><span class='ocrx_word' id='word_1_82' title='bbox 73 1255 294 1317; x_wconf 87' lang='lat' dir='ltr'><strong>sciens,</strong></span> <span class='ocrx_word' id='word_1_83' title='bbox 325 1250 635 1306; x_wconf 86' lang='lat' dir='ltr'><strong>scandalum</strong></span> <span class='ocrx_word' id='word_1_84' title='bbox 666 1249 844 1305; x_wconf 92' lang='lat' dir='ltr'><strong>crucis</strong></span> <span class='ocrx_word' id='word_1_85' title='bbox 873 1249 1076 1303; x_wconf 90' lang='lat' dir='ltr'><strong>videas.</strong></span> <span class='ocrx_word' id='word_1_86' title='bbox 1114 1247 1267 1302; x_wconf 86' lang='lat' dir='ltr'><strong>Sicut</strong></span> <span class='ocrx_word' id='word_1_87' title='bbox 1294 1246 1438 1302; x_wconf 88' lang='lat' dir='ltr'><strong>enim</strong></span> <span class='ocrx_word' id='word_1_88' title='bbox 1467 1245 1674 1300; x_wconf 87' lang='lat' dir='ltr'><strong>esurire</strong></span> 
     </span>
    </p>
   </div>
   <div class='ocr_carea' id='block_1_13' title="bbox 73 1335 1672 1412">
    <p class='ocr_par' dir='ltr' id='par_1_13' title="bbox 73 1335 1672 1412">
     <span class='ocr_line' id='line_1_13' title="bbox 73 1335 1672 1412; baseline -0.007 -12"><span class='ocrx_word' id='word_1_89' title='bbox 73 1355 138 1400; x_wconf 89' lang='lat' dir='ltr'><strong>et</strong></span> <span class='ocrx_word' id='word_1_90' title='bbox 162 1345 324 1400; x_wconf 90' lang='lat' dir='ltr'><strong>sitire</strong></span> <span class='ocrx_word' id='word_1_91' title='bbox 347 1351 402 1398; x_wconf 92' lang='lat' dir='ltr'><strong>et</strong></span> <span class='ocrx_word' id='word_1_92' title='bbox 428 1341 642 1412; x_wconf 90' lang='lat' dir='ltr'><strong>fatigari</strong></span> <span class='ocrx_word' id='word_1_93' title='bbox 667 1356 775 1396; x_wconf 90' lang='lat' dir='ltr'><strong>non</strong></span> <span class='ocrx_word' id='word_1_94' title='bbox 799 1348 958 1395; x_wconf 90' lang='lat' dir='ltr'><strong>erant</strong></span> <span class='ocrx_word' id='word_1_95' title='bbox 976 1339 1195 1410; x_wconf 91' lang='lat' dir='ltr'><strong>propria</strong></span> <span class='ocrx_word' id='word_1_96' title='bbox 1223 1335 1554 1402; x_wconf 90' lang='lat' dir='ltr'><strong>Divinitatis,</strong></span> <span class='ocrx_word' id='word_1_97' title='bbox 1579 1335 1672 1390; x_wconf 90' lang='lat' dir='ltr'><strong>sed</strong></span> 
     </span>
    </p>
   </div>
   <div class='ocr_carea' id='block_1_14' title="bbox 75 1426 1673 1507">
    <p class='ocr_par' dir='ltr' id='par_1_14' title="bbox 75 1426 1673 1507">
     <span class='ocr_line' id='line_1_14' title="bbox 75 1426 1673 1507; baseline -0.007 -14"><span class='ocrx_word' id='word_1_98' title='bbox 75 1435 394 1507; x_wconf 80' lang='lat' dir='ltr'><strong>corporalis</strong></span> <span class='ocrx_word' id='word_1_99' title='bbox 421 1433 712 1505; x_wconf 87' lang='lat' dir='ltr'><strong>passionis,</strong></span> <span class='ocrx_word' id='word_1_100' title='bbox 745 1433 841 1499; x_wconf 90' lang='lat' dir='ltr'><strong>ita,</strong></span> <span class='ocrx_word' id='word_1_101' title='bbox 869 1439 926 1487; x_wconf 92' lang='lat' dir='ltr'><strong>et</strong></span> <span class='ocrx_word' id='word_1_102' title='bbox 951 1431 1096 1501; x_wconf 90' lang='lat' dir='ltr'><strong>quod</strong></span> <span class='ocrx_word' id='word_1_103' title='bbox 1126 1430 1325 1486; x_wconf 89' lang='lat' dir='ltr'><strong>dicitur</strong></span> <span class='ocrx_word' id='word_1_104' title='bbox 1349 1469 1365 1496; x_wconf 94' lang='lat'><strong>,</strong></span> <span class='ocrx_word' id='word_1_105' title='bbox 1397 1446 1416 1480; x_wconf 82' lang='grc' dir='ltr'><strong>ι</strong></span> <span class='ocrx_word' id='word_1_106' title='bbox 1449 1428 1518 1484; x_wconf 88' lang='lat' dir='ltr'><strong>Ut</strong></span> <span class='ocrx_word' id='word_1_107' title='bbox 1544 1426 1673 1498; x_wconf 93' lang='lat' dir='ltr'><strong>quid</strong></span> 
     </span>
    </p>
   </div>
   <div class='ocr_carea' id='block_1_15' title="bbox 75 1521 1668 1600">
    <p class='ocr_par' dir='ltr' id='par_1_15' title="bbox 75 1521 1668 1600">
     <span class='ocr_line' id='line_1_15' title="bbox 75 1521 1668 1600; baseline -0.008 -14"><span class='ocrx_word' id='word_1_108' title='bbox 75 1547 177 1586; x_wconf 88' lang='lat' dir='ltr'><strong>me</strong></span> <span class='ocrx_word' id='word_1_109' title='bbox 210 1528 588 1600; x_wconf 86' lang='lat' dir='ltr'><strong>dereliquisti?</strong></span> <span class='ocrx_word' id='word_1_110' title='bbox 617 1547 636 1580; x_wconf 77' lang='grc' dir='ltr'><strong>ι</strong></span> <span class='ocrx_word' id='word_1_111' title='bbox 685 1523 983 1597; x_wconf 89' lang='lat' dir='ltr'><strong>corporalis</strong></span> <span class='ocrx_word' id='word_1_112' title='bbox 1008 1524 1157 1580; x_wconf 86' lang='lat' dir='ltr'><strong>vocis</strong></span> <span class='ocrx_word' id='word_1_113' title='bbox 1190 1530 1310 1577; x_wconf 87' lang='lat' dir='ltr'><strong>erat</strong></span> <span class='ocrx_word' id='word_1_114' title='bbox 1347 1521 1626 1593; x_wconf 90' lang='lat' dir='ltr'><strong>proprium</strong></span> <span class='ocrx_word' id='word_1_115' title='bbox 1654 1537 1668 1572; x_wconf 91' lang='lat'><strong>:</strong></span> 
     </span>
    </p>
   </div>
   <div class='ocr_carea' id='block_1_16' title="bbox 75 1609 1673 1693">
    <p class='ocr_par' dir='ltr' id='par_1_16' title="bbox 75 1609 1673 1693">
     <span class='ocr_line' id='line_1_16' title="bbox 75 1609 1673 1693; baseline -0.006 -17"><span class='ocrx_word' id='word_1_116' title='bbox 75 1639 199 1693; x_wconf 89' lang='lat' dir='ltr'><strong>qua</strong></span> <span class='ocrx_word' id='word_1_117' title='bbox 231 1622 369 1678; x_wconf 82' lang='lat' dir='ltr'><strong>solet</strong></span> <span class='ocrx_word' id='word_1_118' title='bbox 397 1619 691 1677; x_wconf 90' lang='lat' dir='ltr'><strong>secundum</strong></span> <span class='ocrx_word' id='word_1_119' title='bbox 713 1627 963 1673; x_wconf 89' lang='lat' dir='ltr'><strong>naturam</strong></span> <span class='ocrx_word' id='word_1_120' title='bbox 986 1630 1184 1686; x_wconf 92' lang='lat' dir='ltr'><strong>corpus</strong></span> <span class='ocrx_word' id='word_1_121' title='bbox 1211 1613 1514 1669; x_wconf 89' lang='lat' dir='ltr'><strong>nullatenus</strong></span> <span class='ocrx_word' id='word_1_122' title='bbox 1534 1609 1673 1666; x_wconf 90' lang='lat' dir='ltr'><strong>velle</strong></span> 
     </span>
    </p>
   </div>
   <div class='ocr_carea' id='block_1_17' title="bbox 70 1703 1672 1784">
    <p class='ocr_par' dir='ltr' id='par_1_17' title="bbox 70 1703 1672 1784">
     <span class='ocr_line' id='line_1_17' title="bbox 70 1703 1672 1784; baseline -0.007 -17"><span class='ocrx_word' id='word_1_123' title='bbox 70 1728 116 1767; x_wconf 65' lang='grc' dir='ltr'>τι</span> <span class='ocrx_word' id='word_1_124' title='bbox 160 1714 266 1769; x_wconf 91' lang='lat' dir='ltr'><strong>sibi</strong></span> <span class='ocrx_word' id='word_1_125' title='bbox 295 1713 584 1784; x_wconf 88' lang='lat' dir='ltr'><strong>conjuncta</strong></span> <span class='ocrx_word' id='word_1_126' title='bbox 613 1710 723 1765; x_wconf 91' lang='lat' dir='ltr'><strong>vita</strong></span> <span class='ocrx_word' id='word_1_127' title='bbox 758 1708 1021 1765; x_wconf 92' lang='lat' dir='ltr'><strong>fraudari.</strong></span> <span class='ocrx_word' id='word_1_128' title='bbox 1076 1706 1226 1762; x_wconf 86' lang='lat' dir='ltr'><strong>Licet</strong></span> <span class='ocrx_word' id='word_1_129' title='bbox 1271 1704 1416 1760; x_wconf 92' lang='lat' dir='ltr'><strong>enim</strong></span> <span class='ocrx_word' id='word_1_130' title='bbox 1459 1711 1516 1758; x_wconf 91' lang='lat' dir='ltr'><strong>et</strong></span> <span class='ocrx_word' id='word_1_131' title='bbox 1558 1703 1672 1773; x_wconf 87' lang='lat' dir='ltr'><strong>ipse</strong></span> 
     </span>
    </p>
   </div>
   <div class='ocr_carea' id='block_1_18' title="bbox 69 1794 1671 1872">
    <p class='ocr_par' dir='ltr' id='par_1_18' title="bbox 69 1794 1671 1872">
     <span class='ocr_line' id='line_1_18' title="bbox 69 1794 1671 1872; baseline -0.007 -14"><span class='ocrx_word' id='word_1_132' title='bbox 69 1804 308 1859; x_wconf 81' lang='lat' dir='ltr'><strong>dicebat</strong></span> <span class='ocrx_word' id='word_1_133' title='bbox 335 1804 472 1865; x_wconf 90' lang='lat' dir='ltr'><strong>hoc.</strong></span> <span class='ocrx_word' id='word_1_134' title='bbox 531 1801 625 1858; x_wconf 88' lang='lat' dir='ltr'><strong>sed</strong></span> <span class='ocrx_word' id='word_1_135' title='bbox 652 1801 870 1872; x_wconf 89' lang='lat' dir='ltr'><strong>proprie</strong></span> <span class='ocrx_word' id='word_1_136' title='bbox 914 1799 1239 1855; x_wconf 85' lang='lat' dir='ltr'><strong>ostendebat</strong></span> <span class='ocrx_word' id='word_1_137' title='bbox 1270 1796 1514 1867; x_wconf 89' lang='lat' dir='ltr'><strong>corporis</strong></span> <span class='ocrx_word' id='word_1_138' title='bbox 1559 1794 1671 1848; x_wconf 88' lang='lat' dir='ltr'><strong>fra-</strong></span> 
     </span>
    </p>
   </div>
   <div class='ocr_carea' id='block_1_19' title="bbox 1775 602 3361 678">
    <p class='ocr_par' dir='ltr' id='par_1_19' title="bbox 1775 602 3361 678">
     <span class='ocr_line' id='line_1_19' title="bbox 1775 602 3361 678; baseline 0.002 -21"><span class='ocrx_word' id='word_1_139' title='bbox 1775 602 1877 660; x_wconf 90' lang='lat' dir='ltr'><strong>sita</strong></span> <span class='ocrx_word' id='word_1_140' title='bbox 1921 613 2004 658; x_wconf 90' lang='lat' dir='ltr'><strong>est</strong></span> <span class='ocrx_word' id='word_1_141' title='bbox 2049 606 2293 675; x_wconf 79' lang='lat' dir='ltr'><strong>spongia,</strong></span> <span class='ocrx_word' id='word_1_142' title='bbox 2328 602 2609 674; x_wconf 88' lang='lat' dir='ltr'><strong>Scriptura</strong></span> <span class='ocrx_word' id='word_1_143' title='bbox 2640 607 2996 678; x_wconf 80' lang='lat' dir='ltr'><strong>significatur,</strong></span> <span class='ocrx_word' id='word_1_144' title='bbox 3025 619 3146 674; x_wconf 70' lang='lat' dir='ltr'><strong>qua:</strong></span> <span class='ocrx_word' id='word_1_145' title='bbox 3170 603 3361 674; x_wconf 90' lang='lat' dir='ltr'><strong>imple-</strong></span> 
     </span>
    </p>
   </div>
   <div class='ocr_carea' id='block_1_20' title="bbox 1775 689 3364 770">
    <p class='ocr_par' dir='ltr' id='par_1_20' title="bbox 1775 689 3364 770">
     <span class='ocr_line' id='line_1_20' title="bbox 1775 689 3364 770; baseline 0.002 -19"><span class='ocrx_word' id='word_1_146' title='bbox 1775 696 1936 752; x_wconf 91' lang='lat' dir='ltr'><strong>batur</strong></span> <span class='ocrx_word' id='word_1_147' title='bbox 1961 697 2018 752; x_wconf 94' lang='lat' dir='ltr'><strong>in</strong></span> <span class='ocrx_word' id='word_1_148' title='bbox 2050 698 2212 752; x_wconf 90' lang='lat' dir='ltr'><strong>facto.</strong></span> <span class='ocrx_word' id='word_1_149' title='bbox 2272 696 2424 754; x_wconf 89' lang='lat' dir='ltr'><strong>Sicut</strong></span> <span class='ocrx_word' id='word_1_150' title='bbox 2469 698 2649 770; x_wconf 89' lang='lat' dir='ltr'><strong>lingua</strong></span> <span class='ocrx_word' id='word_1_151' title='bbox 2683 699 2880 756; x_wconf 90' lang='lat' dir='ltr'><strong>dicitur</strong></span> <span class='ocrx_word' id='word_1_152' title='bbox 2907 699 2993 754; x_wconf 91' lang='lat' dir='ltr'><strong>vel</strong></span> <span class='ocrx_word' id='word_1_153' title='bbox 3023 698 3241 764; x_wconf 78' lang='lat' dir='ltr'><strong>Grzeca,</strong></span> <span class='ocrx_word' id='word_1_154' title='bbox 3277 689 3364 754; x_wconf 76' lang='lat' dir='ltr'><strong>vel</strong></span> 
     </span>
    </p>
   </div>
   <div class='ocr_carea' id='block_1_21' title="bbox 1774 788 3358 862">
    <p class='ocr_par' dir='ltr' id='par_1_21' title="bbox 1774 788 3358 862">
     <span class='ocr_line' id='line_1_21' title="bbox 1774 788 3358 862; baseline 0 -19"><span class='ocrx_word' id='word_1_155' title='bbox 1774 788 1987 856; x_wconf 91' lang='lat' dir='ltr'><strong>Latina,</strong></span> <span class='ocrx_word' id='word_1_156' title='bbox 2016 790 2100 844; x_wconf 87' lang='lat' dir='ltr'><strong>vel</strong></span> <span class='ocrx_word' id='word_1_157' title='bbox 2129 790 2229 844; x_wconf 88' lang='lat' dir='ltr'><strong>alia</strong></span> <span class='ocrx_word' id='word_1_158' title='bbox 2261 790 2533 859; x_wconf 76' lang='lat' dir='ltr'><strong>quaelibet,</strong></span> <span class='ocrx_word' id='word_1_159' title='bbox 2562 806 2756 846; x_wconf 90' lang='lat' dir='ltr'><strong>sonum</strong></span> <span class='ocrx_word' id='word_1_160' title='bbox 2791 791 3103 862; x_wconf 88' lang='lat' dir='ltr'><strong>signiﬁcans</strong></span> <span class='ocrx_word' id='word_1_161' title='bbox 3132 790 3224 860; x_wconf 93' lang='lat' dir='ltr'><strong>qui</strong></span> <span class='ocrx_word' id='word_1_162' title='bbox 3252 788 3358 844; x_wconf 89' lang='lat' dir='ltr'><strong>lin-</strong></span> 
     </span>
    </p>
   </div>
   <div class='ocr_carea' id='block_1_22' title="bbox 1773 881 3363 952">
    <p class='ocr_par' dir='ltr' id='par_1_22' title="bbox 1773 881 3363 952">
     <span class='ocr_line' id='line_1_22' title="bbox 1773 881 3363 952; baseline 0.001 -17"><span class='ocrx_word' id='word_1_163' title='bbox 1773 895 1878 950; x_wconf 85' lang='lat' dir='ltr'><strong>gua</strong></span> <span class='ocrx_word' id='word_1_164' title='bbox 1923 881 2212 951; x_wconf 91' lang='lat' dir='ltr'><strong>promitur,</strong></span> <span class='ocrx_word' id='word_1_165' title='bbox 2261 881 2340 937; x_wconf 91' lang='lat' dir='ltr'><strong>sic</strong></span> <span class='ocrx_word' id='word_1_166' title='bbox 2388 881 2595 937; x_wconf 90' lang='lat' dir='ltr'><strong>arundo</strong></span> <span class='ocrx_word' id='word_1_167' title='bbox 2645 881 2752 937; x_wconf 89' lang='lat' dir='ltr'><strong>dici</strong></span> <span class='ocrx_word' id='word_1_168' title='bbox 2795 890 2972 952; x_wconf 89' lang='lat' dir='ltr'><strong>potest</strong></span> <span class='ocrx_word' id='word_1_169' title='bbox 3008 882 3208 948; x_wconf 87' lang='lat' dir='ltr'><strong>littera,</strong></span> <span class='ocrx_word' id='word_1_170' title='bbox 3242 896 3363 951; x_wconf 72' lang='lat' dir='ltr'><strong>quae</strong></span> 
     </span>
    </p>
   </div>
   <div class='ocr_carea' id='block_1_23' title="bbox 1775 971 3363 1043">
    <p class='ocr_par' dir='ltr' id='par_1_23' title="bbox 1775 971 3363 1043">
     <span class='ocr_line' id='line_1_23' title="bbox 1775 971 3363 1043; baseline 0.001 -17"><span class='ocrx_word' id='word_1_171' title='bbox 1775 971 2042 1027; x_wconf 89' lang='lat' dir='ltr'><strong>arundine</strong></span> <span class='ocrx_word' id='word_1_172' title='bbox 2079 973 2355 1028; x_wconf 84' lang='lat' dir='ltr'><strong>scribitur.</strong></span> <span class='ocrx_word' id='word_1_173' title='bbox 2410 973 2518 1029; x_wconf 89' lang='lat' dir='ltr'><strong>Sed</strong></span> <span class='ocrx_word' id='word_1_174' title='bbox 2565 972 2959 1043; x_wconf 89' lang='lat' dir='ltr'><strong>signiﬁcantius</strong></span> <span class='ocrx_word' id='word_1_175' title='bbox 3003 989 3167 1030; x_wconf 89' lang='lat' dir='ltr'><strong>sonos</strong></span> <span class='ocrx_word' id='word_1_176' title='bbox 3213 973 3363 1028; x_wconf 85' lang='lat' dir='ltr'><strong>vocis</strong></span> 
     </span>
    </p>
   </div>
   <div class='ocr_carea' id='block_1_24' title="bbox 1775 1062 3360 1136">
    <p class='ocr_par' dir='ltr' id='par_1_24' title="bbox 1775 1062 3360 1136">
     <span class='ocr_line' id='line_1_24' title="bbox 1775 1062 3360 1136; baseline -0.001 -17"><span class='ocrx_word' id='word_1_177' title='bbox 1775 1062 2029 1119; x_wconf 67' lang='lat' dir='ltr'><strong>humanae</strong></span> <span class='ocrx_word' id='word_1_178' title='bbox 2074 1064 2426 1120; x_wconf 88' lang='lat' dir='ltr'><strong>usitatissime</strong></span> <span class='ocrx_word' id='word_1_179' title='bbox 2467 1063 2698 1120; x_wconf 88' lang='lat' dir='ltr'><strong>dicimus</strong></span> <span class='ocrx_word' id='word_1_180' title='bbox 2740 1063 2984 1136; x_wconf 81' lang='lat' dir='ltr'><strong>linguas,</strong></span> <span class='ocrx_word' id='word_1_181' title='bbox 3025 1063 3360 1135; x_wconf 87' lang='lat' dir='ltr'><strong>Scripturam</strong></span> 
     </span>
    </p>
   </div>
   <div class='ocr_carea' id='block_1_25' title="bbox 1737 1159 3362 1232">
    <p class='ocr_par' dir='ltr' id='par_1_25' title="bbox 1737 1159 3362 1232">
     <span class='ocr_line' id='line_1_25' title="bbox 1737 1159 3362 1232; baseline 0.002 -20"><span class='ocrx_word' id='word_1_182' title='bbox 1737 1219 1749 1228; x_wconf 53' lang='grc'><em>,</em></span> <span class='ocrx_word' id='word_1_183' title='bbox 1775 1172 1906 1214; x_wconf 86' lang='lat' dir='ltr'><strong>vero</strong></span> <span class='ocrx_word' id='word_1_184' title='bbox 1931 1159 2255 1214; x_wconf 89' lang='lat' dir='ltr'><strong>arundinem</strong></span> <span class='ocrx_word' id='word_1_185' title='bbox 2277 1159 2406 1226; x_wconf 90' lang='lat' dir='ltr'><strong>diei,</strong></span> <span class='ocrx_word' id='word_1_186' title='bbox 2434 1175 2542 1230; x_wconf 88' lang='lat' dir='ltr'><strong>quo</strong></span> <span class='ocrx_word' id='word_1_187' title='bbox 2565 1160 2743 1216; x_wconf 91' lang='lat' dir='ltr'><strong>minus</strong></span> <span class='ocrx_word' id='word_1_188' title='bbox 2771 1161 3029 1216; x_wconf 91' lang='lat' dir='ltr'><strong>usitatum</strong></span> <span class='ocrx_word' id='word_1_189' title='bbox 3054 1201 3068 1225; x_wconf 94' lang='lat'><strong>,</strong></span> <span class='ocrx_word' id='word_1_190' title='bbox 3095 1175 3161 1216; x_wconf 90' lang='lat' dir='ltr'><strong>eo</strong></span> <span class='ocrx_word' id='word_1_191' title='bbox 3189 1160 3362 1232; x_wconf 89' lang='lat' dir='ltr'><strong>magis</strong></span> 
     </span>
    </p>
   </div>
   <div class='ocr_carea' id='block_1_26' title="bbox 1776 1245 2452 1321">
    <p class='ocr_par' dir='ltr' id='par_1_26' title="bbox 1776 1245 2452 1321">
     <span class='ocr_line' id='line_1_26' title="bbox 1776 1245 2452 1321; baseline 0 -18"><span class='ocrx_word' id='word_1_192' title='bbox 1776 1257 1863 1304; x_wconf 90' lang='lat' dir='ltr'><strong>est</strong></span> <span class='ocrx_word' id='word_1_193' title='bbox 1887 1249 2114 1320; x_wconf 87' lang='lat' dir='ltr'><strong>mystice</strong></span> <span class='ocrx_word' id='word_1_194' title='bbox 2141 1245 2452 1321; x_wconf 85' lang='lat' dir='ltr'><strong>figuratum.</strong></span> 
     </span>
    </p>
   </div>
   <div class='ocr_carea' id='block_1_27' title="bbox 1855 1337 3462 1412">
    <p class='ocr_par' dir='ltr' id='par_1_27' title="bbox 1855 1337 3462 1412">
     <span class='ocr_line' id='line_1_27' title="bbox 1855 1337 3462 1412; baseline 0.002 -22"><span class='ocrx_word' id='word_1_195' title='bbox 1855 1357 1874 1390; x_wconf 88' lang='grc'>‹</span> <span class='ocrx_word' id='word_1_196' title='bbox 1901 1337 2062 1396; x_wconf 90' lang='lat' dir='ltr'><strong>Iesus</strong></span> <span class='ocrx_word' id='word_1_197' title='bbox 2091 1349 2294 1406; x_wconf 89' lang='lat' dir='ltr'><strong>autem,</strong></span> <span class='ocrx_word' id='word_1_198' title='bbox 2340 1340 2540 1397; x_wconf 89' lang='lat' dir='ltr'><strong>emissa</strong></span> <span class='ocrx_word' id='word_1_199' title='bbox 2569 1355 2699 1398; x_wconf 89' lang='lat' dir='ltr'><strong>voce</strong></span> <span class='ocrx_word' id='word_1_200' title='bbox 2730 1356 2945 1412; x_wconf 85' lang='lat' dir='ltr'><strong>magna,</strong></span> <span class='ocrx_word' id='word_1_201' title='bbox 2993 1342 3307 1412; x_wconf 79' lang='lat' dir='ltr'><strong>exspiravit.</strong></span> <span class='ocrx_word' id='word_1_202' title='bbox 3337 1361 3357 1394; x_wconf 76' lang='grc' dir='ltr'><strong>ι</strong></span> <span class='ocrx_word' id='word_1_203' title='bbox 3453 1402 3462 1407; x_wconf 47' lang='grc'><em>,</em></span> 
     </span>
    </p>
   </div>
   <div class='ocr_carea' id='block_1_28' title="bbox 1775 1427 3362 1505">
    <p class='ocr_par' dir='ltr' id='par_1_28' title="bbox 1775 1427 3362 1505">
     <span class='ocr_line' id='line_1_28' title="bbox 1775 1427 3362 1505; baseline 0.004 -22"><span class='ocrx_word' id='word_1_204' title='bbox 1775 1427 1913 1498; x_wconf 84' lang='lat' dir='ltr'><strong>Quid</strong></span> <span class='ocrx_word' id='word_1_205' title='bbox 1943 1431 2046 1486; x_wconf 90' lang='lat' dir='ltr'><strong>hac</strong></span> <span class='ocrx_word' id='word_1_206' title='bbox 2064 1445 2198 1486; x_wconf 92' lang='lat' dir='ltr'><strong>voce</strong></span> <span class='ocrx_word' id='word_1_207' title='bbox 2219 1447 2414 1504; x_wconf 90' lang='lat' dir='ltr'><strong>magna</strong></span> <span class='ocrx_word' id='word_1_208' title='bbox 2443 1433 2646 1489; x_wconf 82' lang='lat' dir='ltr'><strong>dixeri‘t</strong></span> <span class='ocrx_word' id='word_1_209' title='bbox 2672 1432 2953 1499; x_wconf 90' lang='lat' dir='ltr'><strong>Dominus,</strong></span> <span class='ocrx_word' id='word_1_210' title='bbox 2980 1432 3156 1490; x_wconf 91' lang='lat' dir='ltr'><strong>Lucas</strong></span> <span class='ocrx_word' id='word_1_211' title='bbox 3179 1442 3362 1505; x_wconf 90' lang='lat' dir='ltr'><strong>aperte</strong></span> 
     </span>
    </p>
   </div>
   <div class='ocr_carea' id='block_1_29' title="bbox 1775 1519 3363 1594">
    <p class='ocr_par' dir='ltr' id='par_1_29' title="bbox 1775 1519 3363 1594">
     <span class='ocr_line' id='line_1_29' title="bbox 1775 1519 3363 1594; baseline 0.003 -19"><span class='ocrx_word' id='word_1_212' title='bbox 1775 1519 2026 1591; x_wconf 87' lang='lat' dir='ltr'><strong>designat</strong></span> <span class='ocrx_word' id='word_1_213' title='bbox 2055 1539 2068 1576; x_wconf 89' lang='lat'><strong>:</strong></span> <span class='ocrx_word' id='word_1_214' title='bbox 2106 1541 2124 1574; x_wconf 77' lang='grc' dir='ltr'><strong>ι</strong></span> <span class='ocrx_word' id='word_1_215' title='bbox 2152 1521 2332 1588; x_wconf 86' lang='lat' dir='ltr'><strong>Pater,</strong></span> <span class='ocrx_word' id='word_1_216' title='bbox 2365 1523 2420 1578; x_wconf 93' lang='lat' dir='ltr'><strong>in</strong></span> <span class='ocrx_word' id='word_1_217' title='bbox 2451 1539 2642 1580; x_wconf 88' lang='lat' dir='ltr'><strong>manus</strong></span> <span class='ocrx_word' id='word_1_218' title='bbox 2687 1533 2809 1581; x_wconf 89' lang='lat' dir='ltr'><strong>tuas</strong></span> <span class='ocrx_word' id='word_1_219' title='bbox 2845 1524 3165 1581; x_wconf 90' lang='lat' dir='ltr'><strong>commendo</strong></span> <span class='ocrx_word' id='word_1_220' title='bbox 3205 1525 3363 1594; x_wconf 85' lang='lat' dir='ltr'><strong>spiri—</strong></span> 
     </span>
    </p>
   </div>
   <div class='ocr_carea' id='block_1_30' title="bbox 1776 1615 3356 1688">
    <p class='ocr_par' dir='ltr' id='par_1_30' title="bbox 1776 1615 3356 1688">
     <span class='ocr_line' id='line_1_30' title="bbox 1776 1615 3356 1688; baseline 0.001 -20"><span class='ocrx_word' id='word_1_221' title='bbox 1776 1621 1889 1668; x_wconf 88' lang='lat' dir='ltr'><strong>tum</strong></span> <span class='ocrx_word' id='word_1_222' title='bbox 1913 1629 2112 1669; x_wconf 89' lang='lat' dir='ltr'><strong>meum.</strong></span> <span class='ocrx_word' id='word_1_223' title='bbox 2138 1615 2205 1669; x_wconf 85' lang='lat' dir='ltr'><strong>Et</strong></span> <span class='ocrx_word' id='word_1_224' title='bbox 2236 1615 2372 1682; x_wconf 66' lang='lat' dir='ltr'><strong>haec,</strong></span> <span class='ocrx_word' id='word_1_225' title='bbox 2401 1615 2597 1688; x_wconf 87' lang='lat' dir='ltr'><strong>inquit,</strong></span> <span class='ocrx_word' id='word_1_226' title='bbox 2629 1615 2839 1677; x_wconf 89' lang='lat' dir='ltr'><strong>dicens.</strong></span> <span class='ocrx_word' id='word_1_227' title='bbox 2872 1617 3171 1688; x_wconf 83' lang='lat' dir='ltr'><strong>exspiravit</strong></span> <span class='ocrx_word' id='word_1_228' title='bbox 3201 1616 3356 1688; x_wconf 86' lang='lat' dir='ltr'><strong>(Luc.</strong></span> 
     </span>
    </p>
   </div>
   <div class='ocr_carea' id='block_1_31' title="bbox 1776 1704 3365 1777">
    <p class='ocr_par' dir='ltr' id='par_1_31' title="bbox 1776 1704 3365 1777">
     <span class='ocr_line' id='line_1_31' title="bbox 1776 1704 3365 1777; baseline 0.003 -19"><span class='ocrx_word' id='word_1_229' title='bbox 1776 1704 1955 1776; x_wconf 68' lang='grc' dir='ltr'>χχιιι).</span> <span class='ocrx_word' id='word_1_230' title='bbox 1993 1723 2012 1756; x_wconf 75' lang='grc' dir='ltr'><strong>ι</strong></span> <span class='ocrx_word' id='word_1_231' title='bbox 2071 1705 2224 1772; x_wconf 87' lang='lat' dir='ltr'><strong>Quod</strong></span> <span class='ocrx_word' id='word_1_232' title='bbox 2278 1720 2408 1762; x_wconf 89' lang='lat' dir='ltr'><strong>vero</strong></span> <span class='ocrx_word' id='word_1_233' title='bbox 2449 1707 2636 1762; x_wconf 87' lang='lat' dir='ltr'><strong>scribit</strong></span> <span class='ocrx_word' id='word_1_234' title='bbox 2663 1705 2915 1772; x_wconf 88' lang='lat' dir='ltr'><strong>Ioannes,</strong></span> <span class='ocrx_word' id='word_1_235' title='bbox 2948 1707 3073 1777; x_wconf 89' lang='lat' dir='ltr'><strong>quia</strong></span> <span class='ocrx_word' id='word_1_236' title='bbox 3112 1722 3234 1762; x_wconf 89' lang='lat' dir='ltr'><strong>cum</strong></span> <span class='ocrx_word' id='word_1_237' title='bbox 3275 1721 3365 1762; x_wconf 88' lang='lat' dir='ltr'><strong>ac-</strong></span> 
     </span>
    </p>
   </div>
   <div class='ocr_carea' id='block_1_32' title="bbox 1775 1796 3363 1866">
    <p class='ocr_par' dir='ltr' id='par_1_32' title="bbox 1775 1796 3363 1866">
     <span class='ocr_line' id='line_1_32' title="bbox 1775 1796 3363 1866; baseline -0.001 -15"><span class='ocrx_word' id='word_1_238' title='bbox 1775 1797 2007 1866; x_wconf 86' lang='lat' dir='ltr'><strong>cepisset</strong></span> <span class='ocrx_word' id='word_1_239' title='bbox 2032 1805 2268 1864; x_wconf 89' lang='lat' dir='ltr'><strong>acetum,</strong></span> <span class='ocrx_word' id='word_1_240' title='bbox 2300 1797 2436 1852; x_wconf 88' lang='lat' dir='ltr'><strong>dixit</strong></span> <span class='ocrx_word' id='word_1_241' title='bbox 2463 1815 2476 1851; x_wconf 94' lang='lat'><strong>:</strong></span> <span class='ocrx_word' id='word_1_242' title='bbox 2512 1815 2531 1848; x_wconf 82' lang='grc' dir='ltr'><strong>ι</strong></span> <span class='ocrx_word' id='word_1_243' title='bbox 2560 1797 3007 1854; x_wconf 87' lang='lat' dir='ltr'><strong>Consummatum</strong></span> <span class='ocrx_word' id='word_1_244' title='bbox 3032 1805 3136 1853; x_wconf 91' lang='lat' dir='ltr'><strong>est.</strong></span> <span class='ocrx_word' id='word_1_245' title='bbox 3193 1797 3260 1851; x_wconf 90' lang='lat' dir='ltr'><strong>Et</strong></span> <span class='ocrx_word' id='word_1_246' title='bbox 3283 1796 3363 1851; x_wconf 89' lang='lat' dir='ltr'><strong>in-</strong></span> 
     </span>
    </p>
   </div>
   <div class='ocr_carea' id='block_1_33' title="bbox 63 1877 3366 1967">
    <p class='ocr_par' dir='ltr' id='par_1_33' title="bbox 63 1877 3366 1967">
     <span class='ocr_line' id='line_1_33' title="bbox 63 1877 3366 1967; baseline -0.003 -17"><span class='ocrx_word' id='word_1_247' title='bbox 63 1897 380 1967; x_wconf 80' lang='lat' dir='ltr'><strong>gilitatem,</strong></span> <span class='ocrx_word' id='word_1_248' title='bbox 429 1910 654 1951; x_wconf 92' lang='lat' dir='ltr'><strong>manens</strong></span> <span class='ocrx_word' id='word_1_249' title='bbox 681 1895 856 1950; x_wconf 91' lang='lat' dir='ltr'><strong>virtus</strong></span> <span class='ocrx_word' id='word_1_250' title='bbox 889 1901 944 1948; x_wconf 92' lang='lat' dir='ltr'><strong>et</strong></span> <span class='ocrx_word' id='word_1_251' title='bbox 972 1891 1236 1962; x_wconf 88' lang='lat' dir='ltr'><strong>sapientia</strong></span> <span class='ocrx_word' id='word_1_252' title='bbox 1267 1891 1383 1946; x_wconf 90' lang='lat' dir='ltr'><strong>Dei.</strong></span> <span class='ocrx_word' id='word_1_253' title='bbox 1433 1889 1503 1946; x_wconf 90' lang='lat' dir='ltr'><strong>Ut</strong></span> <span class='ocrx_word' id='word_1_254' title='bbox 1539 1902 1670 1960; x_wconf 89' lang='lat' dir='ltr'><strong>ergo</strong></span> <span class='ocrx_word' id='word_1_255' title='bbox 1698 1877 1748 1939; x_wconf 88' lang='lat' dir='ltr'><strong>B</strong></span> <span class='ocrx_word' id='word_1_256' title='bbox 1774 1885 1973 1942; x_wconf 91' lang='lat' dir='ltr'><strong>elinato</strong></span> <span class='ocrx_word' id='word_1_257' title='bbox 2001 1887 2175 1956; x_wconf 88' lang='lat' dir='ltr'><strong>capite</strong></span> <span class='ocrx_word' id='word_1_258' title='bbox 2197 1888 2420 1944; x_wconf 88' lang='lat' dir='ltr'><strong>tradidit</strong></span> <span class='ocrx_word' id='word_1_259' title='bbox 2449 1888 2700 1959; x_wconf 90' lang='lat' dir='ltr'><strong>spiritum</strong></span> <span class='ocrx_word' id='word_1_260' title='bbox 2724 1888 2908 1959; x_wconf 84' lang='lat' dir='ltr'><strong>(Joan.</strong></span> <span class='ocrx_word' id='word_1_261' title='bbox 2935 1888 3073 1958; x_wconf 68' lang='lat' dir='ltr'><strong>xxx),</strong></span> <span class='ocrx_word' id='word_1_262' title='bbox 3097 1907 3115 1940; x_wconf 80' lang='grc' dir='ltr'><strong>ι</strong></span> <span class='ocrx_word' id='word_1_263' title='bbox 3136 1888 3280 1943; x_wconf 88' lang='lat' dir='ltr'><strong>inter</strong></span> <span class='ocrx_word' id='word_1_264' title='bbox 3305 1887 3366 1941; x_wconf 89' lang='lat' dir='ltr'><strong>il-</strong></span> 
     </span>
    </p>
   </div>
   <div class='ocr_carea' id='block_1_34' title="bbox 59 1983 1667 2058">
    <p class='ocr_par' dir='ltr' id='par_1_34' title="bbox 59 1983 1667 2058">
     <span class='ocr_line' id='line_1_34' title="bbox 59 1983 1667 2058; baseline -0.004 -17"><span class='ocrx_word' id='word_1_265' title='bbox 59 1989 253 2042; x_wconf 76' lang='lat' dir='ltr'><strong>liomo</strong></span> <span class='ocrx_word' id='word_1_266' title='bbox 304 1987 559 2058; x_wconf 88' lang='lat' dir='ltr'><strong>loquitur,</strong></span> <span class='ocrx_word' id='word_1_267' title='bbox 633 1999 783 2042; x_wconf 90' lang='lat' dir='ltr'><strong>meos</strong></span> <span class='ocrx_word' id='word_1_268' title='bbox 831 1984 948 2056; x_wconf 81' lang='lat' dir='ltr'><strong>(sic)</strong></span> <span class='ocrx_word' id='word_1_269' title='bbox 1010 1983 1399 2039; x_wconf 84' lang='lat' dir='ltr'><strong>circumferens</strong></span> <span class='ocrx_word' id='word_1_270' title='bbox 1451 1989 1667 2044; x_wconf 91' lang='lat' dir='ltr'><strong>motus,</strong></span> 
     </span>
    </p>
   </div>
   <div class='ocr_carea' id='block_1_35' title="bbox 59 2074 1672 2150">
    <p class='ocr_par' dir='ltr' id='par_1_35' title="bbox 59 2074 1672 2150">
     <span class='ocr_line' id='line_1_35' title="bbox 59 2074 1672 2150; baseline -0.006 -15"><span class='ocrx_word' id='word_1_271' title='bbox 59 2080 234 2150; x_wconf 88' lang='lat' dir='ltr'><strong>quod</strong></span> <span class='ocrx_word' id='word_1_272' title='bbox 277 2081 330 2134; x_wconf 91' lang='lat' dir='ltr'><strong>in</strong></span> <span class='ocrx_word' id='word_1_273' title='bbox 381 2077 634 2150; x_wconf 90' lang='lat' dir='ltr'><strong>periculis</strong></span> <span class='ocrx_word' id='word_1_274' title='bbox 680 2075 862 2146; x_wconf 87' lang='lat' dir='ltr'><strong>positi,</strong></span> <span class='ocrx_word' id='word_1_275' title='bbox 913 2090 945 2130; x_wconf 92' lang='lat' dir='ltr'><strong>a</strong></span> <span class='ocrx_word' id='word_1_276' title='bbox 985 2075 1098 2130; x_wconf 91' lang='lat' dir='ltr'><strong>Deo</strong></span> <span class='ocrx_word' id='word_1_277' title='bbox 1145 2074 1320 2130; x_wconf 89' lang='lat' dir='ltr'><strong>deseri</strong></span> <span class='ocrx_word' id='word_1_278' title='bbox 1369 2087 1467 2128; x_wconf 86' lang='lat' dir='ltr'><strong>nos</strong></span> <span class='ocrx_word' id='word_1_279' title='bbox 1514 2079 1672 2141; x_wconf 91' lang='lat' dir='ltr'><strong>puta-</strong></span> 
     </span>
    </p>
   </div>
   <div class='ocr_carea' id='block_1_36' title="bbox 63 2164 1672 2237">
    <p class='ocr_par' dir='ltr' id='par_1_36' title="bbox 63 2164 1672 2237">
     <span class='ocr_line' id='line_1_36' title="bbox 63 2164 1672 2237; baseline -0.004 -11"><span class='ocrx_word' id='word_1_280' title='bbox 63 2187 235 2237; x_wconf 85' lang='lat' dir='ltr'><strong>mus,</strong></span> <span class='ocrx_word' id='word_1_281' title='bbox 266 2171 348 2226; x_wconf 87' lang='lat' dir='ltr'><strong>vel</strong></span> <span class='ocrx_word' id='word_1_282' title='bbox 382 2179 444 2226; x_wconf 83' lang='grc' dir='ltr'><strong>ιιι</strong></span> <span class='ocrx_word' id='word_1_283' title='bbox 472 2171 635 2225; x_wconf 89' lang='lat' dir='ltr'><strong>homo</strong></span> <span class='ocrx_word' id='word_1_284' title='bbox 667 2168 938 2234; x_wconf 90' lang='lat' dir='ltr'><strong>turbatur,</strong></span> <span class='ocrx_word' id='word_1_285' title='bbox 971 2175 1033 2222; x_wconf 92' lang='lat' dir='ltr'><strong>ut</strong></span> <span class='ocrx_word' id='word_1_286' title='bbox 1066 2166 1227 2222; x_wconf 92' lang='lat' dir='ltr'><strong>homo</strong></span> <span class='ocrx_word' id='word_1_287' title='bbox 1266 2164 1378 2232; x_wconf 86' lang='lat' dir='ltr'><strong>ﬁet,</strong></span> <span class='ocrx_word' id='word_1_288' title='bbox 1416 2173 1478 2220; x_wconf 93' lang='lat' dir='ltr'><strong>ut</strong></span> <span class='ocrx_word' id='word_1_289' title='bbox 1511 2165 1672 2221; x_wconf 92' lang='lat' dir='ltr'><strong>homo</strong></span> 
     </span>
    </p>
   </div>
   <div class='ocr_carea' id='block_1_37' title="bbox 55 2263 443 2334">
    <p class='ocr_par' dir='ltr' id='par_1_37' title="bbox 55 2263 443 2334">
     <span class='ocr_line' id='line_1_37' title="bbox 55 2263 443 2334; baseline -0.003 -17"><span class='ocrx_word' id='word_1_290' title='bbox 55 2263 443 2334; x_wconf 80' lang='lat' dir='ltr'><strong>cruciﬁgitur.</strong></span> 
     </span>
    </p>
   </div>
   <div class='ocr_carea' id='block_1_38' title="bbox 165 2345 1670 2422">
    <p class='ocr_par' dir='ltr' id='par_1_38' title="bbox 165 2345 1670 2422">
     <span class='ocr_line' id='line_1_38' title="bbox 165 2345 1670 2422; baseline -0.005 -14"><span class='ocrx_word' id='word_1_291' title='bbox 165 2373 184 2402; x_wconf 73' lang='grc' dir='ltr'><strong>ι</strong></span> <span class='ocrx_word' id='word_1_292' title='bbox 220 2353 288 2408; x_wconf 85' lang='grc' dir='ltr'>Ει</span> <span class='ocrx_word' id='word_1_293' title='bbox 315 2350 534 2422; x_wconf 88' lang='lat' dir='ltr'><strong>quidam</strong></span> <span class='ocrx_word' id='word_1_294' title='bbox 573 2351 639 2406; x_wconf 92' lang='lat' dir='ltr'><strong>de</strong></span> <span class='ocrx_word' id='word_1_295' title='bbox 676 2349 1158 2405; x_wconf 89' lang='lat' dir='ltr'><strong>circumstantibus</strong></span> <span class='ocrx_word' id='word_1_296' title='bbox 1186 2347 1491 2413; x_wconf 89' lang='lat' dir='ltr'><strong>audientes,</strong></span> <span class='ocrx_word' id='word_1_297' title='bbox 1522 2345 1670 2402; x_wconf 87' lang='lat' dir='ltr'><strong>dice-</strong></span> 
     </span>
    </p>
   </div>
   <div class='ocr_carea' id='block_1_39' title="bbox 68 2437 1672 2508">
    <p class='ocr_par' dir='ltr' id='par_1_39' title="bbox 68 2437 1672 2508">
     <span class='ocr_line' id='line_1_39' title="bbox 68 2437 1672 2508; baseline -0.004 -10"><span class='ocrx_word' id='word_1_298' title='bbox 68 2465 93 2498; x_wconf 77' lang='grc' dir='ltr'><strong>ιι</strong></span> <span class='ocrx_word' id='word_1_299' title='bbox 143 2445 314 2499; x_wconf 90' lang='lat' dir='ltr'><strong>bant:</strong></span> <span class='ocrx_word' id='word_1_300' title='bbox 353 2443 492 2498; x_wconf 89' lang='lat' dir='ltr'><strong>Ecce</strong></span> <span class='ocrx_word' id='word_1_301' title='bbox 519 2441 693 2496; x_wconf 83' lang='lat' dir='ltr'><strong>Eliam</strong></span> <span class='ocrx_word' id='word_1_302' title='bbox 724 2449 902 2496; x_wconf 86' lang='lat' dir='ltr'><strong>vocat.</strong></span> <span class='ocrx_word' id='word_1_303' title='bbox 939 2458 957 2491; x_wconf 83' lang='grc' dir='ltr'><strong>ι</strong></span> <span class='ocrx_word' id='word_1_304' title='bbox 1016 2437 1132 2495; x_wconf 85' lang='grc' dir='ltr'>Νοιι</span> <span class='ocrx_word' id='word_1_305' title='bbox 1179 2454 1390 2504; x_wconf 91' lang='lat' dir='ltr'><strong>omnes,</strong></span> <span class='ocrx_word' id='word_1_306' title='bbox 1427 2438 1520 2493; x_wconf 89' lang='lat' dir='ltr'><strong>sed</strong></span> <span class='ocrx_word' id='word_1_307' title='bbox 1548 2438 1672 2508; x_wconf 90' lang='lat' dir='ltr'><strong>qui-</strong></span> 
     </span>
    </p>
   </div>
   <div class='ocr_carea' id='block_1_40' title="bbox 66 2531 1671 2605">
    <p class='ocr_par' dir='ltr' id='par_1_40' title="bbox 66 2531 1671 2605">
     <span class='ocr_line' id='line_1_40' title="bbox 66 2531 1671 2605; baseline -0.006 -12"><span class='ocrx_word' id='word_1_308' title='bbox 66 2539 215 2593; x_wconf 84' lang='lat' dir='ltr'><strong>dam</strong></span> <span class='ocrx_word' id='word_1_309' title='bbox 245 2577 257 2600; x_wconf 87' lang='lat'><strong>,</strong></span> <span class='ocrx_word' id='word_1_310' title='bbox 305 2549 443 2605; x_wconf 91' lang='lat' dir='ltr'><strong>quos</strong></span> <span class='ocrx_word' id='word_1_311' title='bbox 487 2533 723 2588; x_wconf 90' lang='lat' dir='ltr'><strong>arbitror</strong></span> <span class='ocrx_word' id='word_1_312' title='bbox 759 2532 961 2588; x_wconf 87' lang='lat' dir='ltr'><strong>milites</strong></span> <span class='ocrx_word' id='word_1_313' title='bbox 1001 2531 1173 2587; x_wconf 86' lang='lat' dir='ltr'><strong>fuisse</strong></span> <span class='ocrx_word' id='word_1_314' title='bbox 1213 2531 1517 2596; x_wconf 83' lang='lat' dir='ltr'><strong>Romanos,</strong></span> <span class='ocrx_word' id='word_1_315' title='bbox 1564 2546 1671 2586; x_wconf 91' lang='lat' dir='ltr'><strong>non</strong></span> 
     </span>
    </p>
   </div>
   <div class='ocr_carea' id='block_1_41' title="bbox 70 2624 1670 2698">
    <p class='ocr_par' dir='ltr' id='par_1_41' title="bbox 70 2624 1670 2698">
     <span class='ocr_line' id='line_1_41' title="bbox 70 2624 1670 2698; baseline -0.004 -13"><span class='ocrx_word' id='word_1_316' title='bbox 70 2628 452 2698; x_wconf 85' lang='lat' dir='ltr'><strong>intelligentes</strong></span> <span class='ocrx_word' id='word_1_317' title='bbox 483 2626 751 2682; x_wconf 92' lang='lat' dir='ltr'><strong>sermonis</strong></span> <span class='ocrx_word' id='word_1_318' title='bbox 779 2625 994 2680; x_wconf 67' lang='lat' dir='ltr'><strong>Hebrtei</strong></span> <span class='ocrx_word' id='word_1_319' title='bbox 1022 2625 1440 2695; x_wconf 89' lang='lat' dir='ltr'><strong>proprietatem,</strong></span> <span class='ocrx_word' id='word_1_320' title='bbox 1485 2624 1578 2680; x_wconf 91' lang='lat' dir='ltr'><strong>sed</strong></span> <span class='ocrx_word' id='word_1_321' title='bbox 1604 2638 1670 2679; x_wconf 85' lang='lat' dir='ltr'><strong>ex</strong></span> 
     </span>
    </p>
   </div>
   <div class='ocr_carea' id='block_1_42' title="bbox 77 2715 1665 2790">
    <p class='ocr_par' dir='ltr' id='par_1_42' title="bbox 77 2715 1665 2790">
     <span class='ocr_line' id='line_1_42' title="bbox 77 2715 1665 2790; baseline -0.004 -15"><span class='ocrx_word' id='word_1_322' title='bbox 77 2738 151 2776; x_wconf 81' lang='lat' dir='ltr'><strong>eo</strong></span> <span class='ocrx_word' id='word_1_323' title='bbox 189 2720 329 2790; x_wconf 89' lang='lat' dir='ltr'><strong>quod</strong></span> <span class='ocrx_word' id='word_1_324' title='bbox 364 2718 540 2772; x_wconf 84' lang='lat' dir='ltr'><strong>dixit:</strong></span> <span class='ocrx_word' id='word_1_325' title='bbox 591 2716 708 2782; x_wconf 85' lang='lat' dir='ltr'><strong>Eli,</strong></span> <span class='ocrx_word' id='word_1_326' title='bbox 755 2715 873 2782; x_wconf 86' lang='lat' dir='ltr'><strong>Eli,</strong></span> <span class='ocrx_word' id='word_1_327' title='bbox 917 2724 1170 2786; x_wconf 88' lang='lat' dir='ltr'><strong>putantes</strong></span> <span class='ocrx_word' id='word_1_328' title='bbox 1206 2716 1274 2769; x_wconf 91' lang='lat' dir='ltr'><strong>ab</strong></span> <span class='ocrx_word' id='word_1_329' title='bbox 1304 2731 1370 2770; x_wconf 91' lang='lat' dir='ltr'><strong>eo</strong></span> <span class='ocrx_word' id='word_1_330' title='bbox 1397 2723 1665 2770; x_wconf 90' lang='lat' dir='ltr'><strong>vocatum.</strong></span> 
     </span>
    </p>
   </div>
   <div class='ocr_carea' id='block_1_43' title="bbox 81 2805 1665 2877">
    <p class='ocr_par' dir='ltr' id='par_1_43' title="bbox 81 2805 1665 2877">
     <span class='ocr_line' id='line_1_43' title="bbox 81 2805 1665 2877; baseline -0.006 -8"><span class='ocrx_word' id='word_1_331' title='bbox 81 2812 187 2869; x_wconf 87' lang='lat' dir='ltr'><strong>Sin</strong></span> <span class='ocrx_word' id='word_1_332' title='bbox 222 2824 395 2869; x_wconf 83' lang='lat' dir='ltr'><strong>autem</strong></span> <span class='ocrx_word' id='word_1_333' title='bbox 423 2807 670 2873; x_wconf 67' lang='lat' dir='ltr'><strong>Iudaeos,</strong></span> <span class='ocrx_word' id='word_1_334' title='bbox 714 2807 806 2877; x_wconf 87' lang='lat' dir='ltr'><strong>qui</strong></span> <span class='ocrx_word' id='word_1_335' title='bbox 845 2807 949 2861; x_wconf 92' lang='lat' dir='ltr'><strong>hoc</strong></span> <span class='ocrx_word' id='word_1_336' title='bbox 981 2806 1271 2871; x_wconf 84' lang='lat' dir='ltr'><strong>dixerunt,</strong></span> <span class='ocrx_word' id='word_1_337' title='bbox 1315 2805 1550 2860; x_wconf 90' lang='lat' dir='ltr'><strong>volueris</strong></span> <span class='ocrx_word' id='word_1_338' title='bbox 1581 2805 1665 2859; x_wconf 92' lang='lat' dir='ltr'><strong>in-</strong></span> 
     </span>
    </p>
   </div>
   <div class='ocr_carea' id='block_1_44' title="bbox 86 2894 1666 2971">
    <p class='ocr_par' dir='ltr' id='par_1_44' title="bbox 86 2894 1666 2971">
     <span class='ocr_line' id='line_1_44' title="bbox 86 2894 1666 2971; baseline -0.006 -13"><span class='ocrx_word' id='word_1_339' title='bbox 86 2902 358 2971; x_wconf 83' lang='lat' dir='ltr'><strong>telligere,</strong></span> <span class='ocrx_word' id='word_1_340' title='bbox 403 2907 457 2954; x_wconf 94' lang='lat' dir='ltr'><strong>et</strong></span> <span class='ocrx_word' id='word_1_341' title='bbox 501 2899 606 2953; x_wconf 91' lang='lat' dir='ltr'><strong>hoc</strong></span> <span class='ocrx_word' id='word_1_342' title='bbox 648 2911 799 2952; x_wconf 90' lang='lat' dir='ltr'><strong>more</strong></span> <span class='ocrx_word' id='word_1_343' title='bbox 840 2895 944 2950; x_wconf 90' lang='lat' dir='ltr'><strong>sibi</strong></span> <span class='ocrx_word' id='word_1_344' title='bbox 987 2895 1147 2952; x_wconf 91' lang='lat' dir='ltr'><strong>solito</strong></span> <span class='ocrx_word' id='word_1_345' title='bbox 1187 2894 1422 2961; x_wconf 86' lang='lat' dir='ltr'><strong>faciunt,</strong></span> <span class='ocrx_word' id='word_1_346' title='bbox 1465 2904 1526 2949; x_wconf 94' lang='lat' dir='ltr'><strong>ut</strong></span> <span class='ocrx_word' id='word_1_347' title='bbox 1562 2894 1666 2949; x_wconf 90' lang='lat' dir='ltr'><strong>Do-</strong></span> 
     </span>
    </p>
   </div>
   <div class='ocr_carea' id='block_1_45' title="bbox 93 2983 1664 3056">
    <p class='ocr_par' dir='ltr' id='par_1_45' title="bbox 93 2983 1664 3056">
     <span class='ocr_line' id='line_1_45' title="bbox 93 2983 1664 3056; baseline -0.004 -9"><span class='ocrx_word' id='word_1_348' title='bbox 93 2995 304 3048; x_wconf 87' lang='lat' dir='ltr'><strong>minum</strong></span> <span class='ocrx_word' id='word_1_349' title='bbox 345 2989 712 3046; x_wconf 88' lang='lat' dir='ltr'><strong>imbecillitate</strong></span> <span class='ocrx_word' id='word_1_350' title='bbox 748 2987 1038 3054; x_wconf 80' lang='lat' dir='ltr'><strong>infament,</strong></span> <span class='ocrx_word' id='word_1_351' title='bbox 1078 2985 1222 3056; x_wconf 89' lang='lat' dir='ltr'><strong>quod</strong></span> <span class='ocrx_word' id='word_1_352' title='bbox 1249 2985 1379 3040; x_wconf 75' lang='lat' dir='ltr'><strong>Elite</strong></span> <span class='ocrx_word' id='word_1_353' title='bbox 1407 2983 1664 3040; x_wconf 86' lang='lat' dir='ltr'><strong>auxilium</strong></span> 
     </span>
    </p>
   </div>
   <div class='ocr_carea' id='block_1_46' title="bbox 84 3084 427 3153">
    <p class='ocr_par' dir='ltr' id='par_1_46' title="bbox 84 3084 427 3153">
     <span class='ocr_line' id='line_1_46' title="bbox 84 3084 427 3153; baseline -0.006 -15"><span class='ocrx_word' id='word_1_354' title='bbox 84 3084 427 3153; x_wconf 88' lang='lat' dir='ltr'><strong>deprecetur.</strong></span> 
     </span>
    </p>
   </div>
   <div class='ocr_carea' id='block_1_47' title="bbox 174 3169 1657 3241">
    <p class='ocr_par' dir='ltr' id='par_1_47' title="bbox 174 3169 1657 3241">
     <span class='ocr_line' id='line_1_47' title="bbox 174 3169 1657 3241; baseline 0 -18"><span class='ocrx_word' id='word_1_355' title='bbox 174 3192 192 3223; x_wconf 75' lang='grc' dir='ltr'><strong>ι</strong></span> <span class='ocrx_word' id='word_1_356' title='bbox 214 3172 440 3228; x_wconf 85' lang='lat' dir='ltr'><strong>Currens</strong></span> <span class='ocrx_word' id='word_1_357' title='bbox 463 3179 645 3227; x_wconf 90' lang='lat' dir='ltr'><strong>autem</strong></span> <span class='ocrx_word' id='word_1_358' title='bbox 673 3187 831 3236; x_wconf 93' lang='lat' dir='ltr'><strong>unus,</strong></span> <span class='ocrx_word' id='word_1_359' title='bbox 855 3180 910 3226; x_wconf 90' lang='lat' dir='ltr'><strong>et</strong></span> <span class='ocrx_word' id='word_1_360' title='bbox 935 3169 1163 3241; x_wconf 91' lang='lat' dir='ltr'><strong>implens</strong></span> <span class='ocrx_word' id='word_1_361' title='bbox 1184 3170 1464 3240; x_wconf 85' lang='lat' dir='ltr'><strong>spongiam</strong></span> <span class='ocrx_word' id='word_1_362' title='bbox 1486 3176 1657 3233; x_wconf 89' lang='lat' dir='ltr'><strong>aceto,</strong></span> 
     </span>
    </p>
   </div>
   <div class='ocr_carea' id='block_1_48' title="bbox 1775 1977 3365 2050">
    <p class='ocr_par' dir='ltr' id='par_1_48' title="bbox 1775 1977 3365 2050">
     <span class='ocr_line' id='line_1_48' title="bbox 1775 1977 3365 2050; baseline 0.001 -19"><span class='ocrx_word' id='word_1_363' title='bbox 1775 1977 1863 2035; x_wconf 93' lang='lat' dir='ltr'><strong>lud</strong></span> <span class='ocrx_word' id='word_1_364' title='bbox 1877 1980 2020 2050; x_wconf 91' lang='lat' dir='ltr'><strong>quod</strong></span> <span class='ocrx_word' id='word_1_365' title='bbox 2033 1980 2136 2034; x_wconf 91' lang='lat' dir='ltr'><strong>ait:</strong></span> <span class='ocrx_word' id='word_1_366' title='bbox 2161 1999 2179 2032; x_wconf 88' lang='grc'><em>‹</em></span> <span class='ocrx_word' id='word_1_367' title='bbox 2201 1979 2646 2036; x_wconf 88' lang='lat' dir='ltr'><strong>Consummatum</strong></span> <span class='ocrx_word' id='word_1_368' title='bbox 2662 1988 2765 2046; x_wconf 91' lang='lat' dir='ltr'><strong>est,</strong></span> <span class='ocrx_word' id='word_1_369' title='bbox 2787 1999 2804 2032; x_wconf 82' lang='grc' dir='ltr'><strong>ι</strong></span> <span class='ocrx_word' id='word_1_370' title='bbox 2825 1989 2880 2034; x_wconf 90' lang='lat' dir='ltr'><strong>et</strong></span> <span class='ocrx_word' id='word_1_371' title='bbox 2894 1979 3044 2034; x_wconf 88' lang='lat' dir='ltr'><strong>illud:</strong></span> <span class='ocrx_word' id='word_1_372' title='bbox 3066 2000 3083 2030; x_wconf 84' lang='grc' dir='ltr'><strong>ι</strong></span> <span class='ocrx_word' id='word_1_373' title='bbox 3108 1979 3365 2034; x_wconf 90' lang='lat' dir='ltr'><strong>inclinato</strong></span> 
     </span>
    </p>
   </div>
   <div class='ocr_carea' id='block_1_49' title="bbox 1776 2072 3362 2144">
    <p class='ocr_par' dir='ltr' id='par_1_49' title="bbox 1776 2072 3362 2144">
     <span class='ocr_line' id='line_1_49' title="bbox 1776 2072 3362 2144; baseline -0.003 -16"><span class='ocrx_word' id='word_1_374' title='bbox 1776 2073 1950 2142; x_wconf 83' lang='lat' dir='ltr'><strong>capite</strong></span> <span class='ocrx_word' id='word_1_375' title='bbox 1972 2073 2190 2128; x_wconf 86' lang='lat' dir='ltr'><strong>tradidit</strong></span> <span class='ocrx_word' id='word_1_376' title='bbox 2218 2072 2488 2144; x_wconf 86' lang='lat' dir='ltr'><strong>spiritum,</strong></span> <span class='ocrx_word' id='word_1_377' title='bbox 2513 2091 2532 2124; x_wconf 79' lang='grc' dir='ltr'><strong>ι</strong></span> <span class='ocrx_word' id='word_1_378' title='bbox 2568 2073 2767 2128; x_wconf 90' lang='lat' dir='ltr'><strong>emissa</strong></span> <span class='ocrx_word' id='word_1_379' title='bbox 2795 2079 2878 2128; x_wconf 89' lang='lat' dir='ltr'><strong>est</strong></span> <span class='ocrx_word' id='word_1_380' title='bbox 2901 2072 2990 2126; x_wconf 90' lang='lat' dir='ltr'><strong>illa</strong></span> <span class='ocrx_word' id='word_1_381' title='bbox 3015 2086 3120 2126; x_wconf 85' lang='lat' dir='ltr'><strong>vox</strong></span> <span class='ocrx_word' id='word_1_382' title='bbox 3146 2084 3362 2142; x_wconf 89' lang='lat' dir='ltr'><strong>magna,</strong></span> 
     </span>
    </p>
   </div>
   <div class='ocr_carea' id='block_1_50' title="bbox 1775 2161 3364 2233">
    <p class='ocr_par' dir='ltr' id='par_1_50' title="bbox 1775 2161 3364 2233">
     <span class='ocr_line' id='line_1_50' title="bbox 1775 2161 3364 2233; baseline 0 -17"><span class='ocrx_word' id='word_1_383' title='bbox 1775 2179 1938 2233; x_wconf 88' lang='lat' dir='ltr'><strong>quam</strong></span> <span class='ocrx_word' id='word_1_384' title='bbox 1966 2164 2132 2218; x_wconf 90' lang='lat' dir='ltr'><strong>tacuit</strong></span> <span class='ocrx_word' id='word_1_385' title='bbox 2157 2161 2412 2229; x_wconf 84' lang='lat' dir='ltr'><strong>Joannes,</strong></span> <span class='ocrx_word' id='word_1_386' title='bbox 2441 2163 2624 2219; x_wconf 75' lang='lat' dir='ltr'><strong>caeteri</strong></span> <span class='ocrx_word' id='word_1_387' title='bbox 2654 2171 2837 2218; x_wconf 89' lang='lat' dir='ltr'><strong>autem</strong></span> <span class='ocrx_word' id='word_1_388' title='bbox 2881 2172 2994 2218; x_wconf 89' lang='lat' dir='ltr'><strong>tres</strong></span> <span class='ocrx_word' id='word_1_389' title='bbox 3039 2175 3364 2218; x_wconf 92' lang='lat' dir='ltr'><strong>commemo-</strong></span> 
     </span>
    </p>
   </div>
   <div class='ocr_carea' id='block_1_51' title="bbox 1778 2263 2049 2310">
    <p class='ocr_par' dir='ltr' id='par_1_51' title="bbox 1778 2263 2049 2310">
     <span class='ocr_line' id='line_1_51' title="bbox 1778 2263 2049 2310; baseline 0 -2"><span class='ocrx_word' id='word_1_390' title='bbox 1778 2263 2049 2310; x_wconf 90' lang='lat' dir='ltr'><strong>raverunt.</strong></span> 
     </span>
    </p>
   </div>
   <div class='ocr_carea' id='block_1_52' title="bbox 1852 2347 3362 2420">
    <p class='ocr_par' dir='ltr' id='par_1_52' title="bbox 1852 2347 3362 2420">
     <span class='ocr_line' id='line_1_52' title="bbox 1852 2347 3362 2420; baseline 0.003 -23"><span class='ocrx_word' id='word_1_391' title='bbox 1852 2365 1870 2397; x_wconf 87' lang='grc'><strong>‹</strong></span> <span class='ocrx_word' id='word_1_392' title='bbox 1899 2347 1968 2401; x_wconf 87' lang='lat' dir='ltr'><strong>Et</strong></span> <span class='ocrx_word' id='word_1_393' title='bbox 2005 2347 2183 2402; x_wconf 88' lang='lat' dir='ltr'><strong>velum</strong></span> <span class='ocrx_word' id='word_1_394' title='bbox 2214 2347 2395 2420; x_wconf 91' lang='lat' dir='ltr'><strong>templi</strong></span> <span class='ocrx_word' id='word_1_395' title='bbox 2425 2349 2657 2404; x_wconf 90' lang='lat' dir='ltr'><strong>scissum</strong></span> <span class='ocrx_word' id='word_1_396' title='bbox 2689 2356 2775 2404; x_wconf 90' lang='lat' dir='ltr'><strong>est</strong></span> <span class='ocrx_word' id='word_1_397' title='bbox 2808 2349 2864 2403; x_wconf 89' lang='lat' dir='ltr'><strong>in</strong></span> <span class='ocrx_word' id='word_1_398' title='bbox 2901 2349 3030 2414; x_wconf 94' lang='lat' dir='ltr'><strong>duo,</strong></span> <span class='ocrx_word' id='word_1_399' title='bbox 3082 2363 3112 2402; x_wconf 91' lang='lat' dir='ltr'><strong>a</strong></span> <span class='ocrx_word' id='word_1_400' title='bbox 3151 2362 3362 2403; x_wconf 90' lang='lat' dir='ltr'><strong>summo</strong></span> 
     </span>
    </p>
   </div>
   <div class='ocr_carea' id='block_1_53' title="bbox 1782 2440 3359 2511">
    <p class='ocr_par' dir='ltr' id='par_1_53' title="bbox 1782 2440 3359 2511">
     <span class='ocr_line' id='line_1_53' title="bbox 1782 2440 3359 2511; baseline 0.002 -22"><span class='ocrx_word' id='word_1_401' title='bbox 1782 2457 1801 2489; x_wconf 78' lang='grc' dir='ltr'><strong>ι</strong></span> <span class='ocrx_word' id='word_1_402' title='bbox 1831 2453 2002 2508; x_wconf 90' lang='lat' dir='ltr'><strong>usque</strong></span> <span class='ocrx_word' id='word_1_403' title='bbox 2027 2440 2296 2495; x_wconf 91' lang='lat' dir='ltr'><strong>deorsum.</strong></span> <span class='ocrx_word' id='word_1_404' title='bbox 2326 2460 2344 2492; x_wconf 78' lang='grc' dir='ltr'><strong>ι</strong></span> <span class='ocrx_word' id='word_1_405' title='bbox 2400 2440 2677 2496; x_wconf 91' lang='lat' dir='ltr'><strong>Scinditur</strong></span> <span class='ocrx_word' id='word_1_406' title='bbox 2702 2440 2880 2496; x_wconf 87' lang='lat' dir='ltr'><strong>velum</strong></span> <span class='ocrx_word' id='word_1_407' title='bbox 2911 2440 3114 2511; x_wconf 89' lang='lat' dir='ltr'><strong>templi,</strong></span> <span class='ocrx_word' id='word_1_408' title='bbox 3145 2449 3202 2494; x_wconf 95' lang='lat' dir='ltr'><strong>ut</strong></span> <span class='ocrx_word' id='word_1_409' title='bbox 3233 2453 3359 2495; x_wconf 90' lang='lat' dir='ltr'><strong>arca</strong></span> 
     </span>
    </p>
   </div>
   <div class='ocr_carea' id='block_1_54' title="bbox 1777 2529 3361 2602">
    <p class='ocr_par' dir='ltr' id='par_1_54' title="bbox 1777 2529 3361 2602">
     <span class='ocr_line' id='line_1_54' title="bbox 1777 2529 3361 2602; baseline -0.001 -17"><span class='ocrx_word' id='word_1_410' title='bbox 1777 2529 2110 2586; x_wconf 87' lang='lat' dir='ltr'><strong>Testamenti</strong></span> <span class='ocrx_word' id='word_1_411' title='bbox 2136 2539 2192 2586; x_wconf 92' lang='lat' dir='ltr'><strong>et</strong></span> <span class='ocrx_word' id='word_1_412' title='bbox 2211 2531 2393 2586; x_wconf 90' lang='lat' dir='ltr'><strong>omnia</strong></span> <span class='ocrx_word' id='word_1_413' title='bbox 2418 2531 2552 2602; x_wconf 87' lang='lat' dir='ltr'><strong>legis</strong></span> <span class='ocrx_word' id='word_1_414' title='bbox 2573 2541 2934 2597; x_wconf 89' lang='lat' dir='ltr'><strong>sacramenta,</strong></span> <span class='ocrx_word' id='word_1_415' title='bbox 2965 2547 3084 2602; x_wconf 76' lang='lat' dir='ltr'><strong>qua:</strong></span> <span class='ocrx_word' id='word_1_416' title='bbox 3110 2532 3361 2602; x_wconf 87' lang='lat' dir='ltr'><strong>tegeban-</strong></span> 
     </span>
    </p>
   </div>
   <div class='ocr_carea' id='block_1_55' title="bbox 1777 2623 3364 2695">
    <p class='ocr_par' dir='ltr' id='par_1_55' title="bbox 1777 2623 3364 2695">
     <span class='ocr_line' id='line_1_55' title="bbox 1777 2623 3364 2695; baseline 0 -18"><span class='ocrx_word' id='word_1_417' title='bbox 1777 2632 1868 2678; x_wconf 88' lang='lat' dir='ltr'><strong>tur</strong></span> <span class='ocrx_word' id='word_1_418' title='bbox 1902 2632 2214 2695; x_wconf 87' lang='lat' dir='ltr'><strong>appareant,</strong></span> <span class='ocrx_word' id='word_1_419' title='bbox 2245 2633 2404 2694; x_wconf 90' lang='lat' dir='ltr'><strong>atque</strong></span> <span class='ocrx_word' id='word_1_420' title='bbox 2451 2627 2519 2680; x_wconf 89' lang='lat' dir='ltr'><strong>ad</strong></span> <span class='ocrx_word' id='word_1_421' title='bbox 2560 2625 2818 2695; x_wconf 92' lang='lat' dir='ltr'><strong>populum</strong></span> <span class='ocrx_word' id='word_1_422' title='bbox 2867 2633 3144 2679; x_wconf 89' lang='lat' dir='ltr'><strong>transeant</strong></span> <span class='ocrx_word' id='word_1_423' title='bbox 3191 2623 3364 2677; x_wconf 92' lang='lat' dir='ltr'><strong>natio-</strong></span> 
     </span>
    </p>
   </div>
   <div class='ocr_carea' id='block_1_56' title="bbox 1773 2715 3362 2772">
    <p class='ocr_par' dir='ltr' id='par_1_56' title="bbox 1773 2715 3362 2772">
     <span class='ocr_line' id='line_1_56' title="bbox 1773 2715 3362 2772; baseline 0.001 -2"><span class='ocrx_word' id='word_1_424' title='bbox 1773 2731 1925 2771; x_wconf 90' lang='lat' dir='ltr'><strong>num.</strong></span> <span class='ocrx_word' id='word_1_425' title='bbox 1972 2717 2112 2771; x_wconf 85' lang='lat' dir='ltr'><strong>Ante</strong></span> <span class='ocrx_word' id='word_1_426' title='bbox 2137 2717 2338 2772; x_wconf 91' lang='lat' dir='ltr'><strong>etenim</strong></span> <span class='ocrx_word' id='word_1_427' title='bbox 2369 2717 2571 2772; x_wconf 92' lang='lat' dir='ltr'><strong>dictum</strong></span> <span class='ocrx_word' id='word_1_428' title='bbox 2594 2716 2774 2771; x_wconf 83' lang='lat' dir='ltr'><strong>fuerat</strong></span> <span class='ocrx_word' id='word_1_429' title='bbox 2804 2734 2818 2770; x_wconf 91' lang='lat'><strong>:</strong></span> <span class='ocrx_word' id='word_1_430' title='bbox 2859 2734 2878 2767; x_wconf 79' lang='grc' dir='ltr'><strong>ι</strong></span> <span class='ocrx_word' id='word_1_431' title='bbox 2907 2715 3077 2771; x_wconf 87' lang='lat' dir='ltr'><strong>Notus</strong></span> <span class='ocrx_word' id='word_1_432' title='bbox 3098 2717 3151 2770; x_wconf 92' lang='lat' dir='ltr'><strong>in</strong></span> <span class='ocrx_word' id='word_1_433' title='bbox 3178 2715 3362 2771; x_wconf 67' lang='lat' dir='ltr'><strong>Iudam</strong></span> 
     </span>
    </p>
   </div>
   <div class='ocr_carea' id='block_1_57' title="bbox 1772 2804 3357 2879">
    <p class='ocr_par' dir='ltr' id='par_1_57' title="bbox 1772 2804 3357 2879">
     <span class='ocr_line' id='line_1_57' title="bbox 1772 2804 3357 2879; baseline -0.001 -19"><span class='ocrx_word' id='word_1_434' title='bbox 1772 2804 1944 2871; x_wconf 89' lang='lat' dir='ltr'><strong>Deus,</strong></span> <span class='ocrx_word' id='word_1_435' title='bbox 1975 2806 2030 2860; x_wconf 91' lang='lat' dir='ltr'><strong>in</strong></span> <span class='ocrx_word' id='word_1_436' title='bbox 2056 2806 2221 2861; x_wconf 88' lang='lat' dir='ltr'><strong>Israel</strong></span> <span class='ocrx_word' id='word_1_437' title='bbox 2249 2823 2506 2878; x_wconf 90' lang='lat' dir='ltr'><strong>magnum</strong></span> <span class='ocrx_word' id='word_1_438' title='bbox 2535 2822 2731 2862; x_wconf 91' lang='lat' dir='ltr'><strong>nomen</strong></span> <span class='ocrx_word' id='word_1_439' title='bbox 2767 2806 2883 2876; x_wconf 88' lang='lat' dir='ltr'><strong>ejus</strong></span> <span class='ocrx_word' id='word_1_440' title='bbox 2909 2804 3083 2879; x_wconf 80' lang='lat' dir='ltr'><strong>(Psal.</strong></span> <span class='ocrx_word' id='word_1_441' title='bbox 3112 2806 3306 2879; x_wconf 84' lang='lat' dir='ltr'><strong>Lxxv);</strong></span> <span class='ocrx_word' id='word_1_442' title='bbox 3337 2824 3357 2858; x_wconf 84' lang='grc' dir='ltr'><strong>ι</strong></span> 
     </span>
    </p>
   </div>
   <div class='ocr_carea' id='block_1_58' title="bbox 1771 2898 3363 2970">
    <p class='ocr_par' dir='ltr' id='par_1_58' title="bbox 1771 2898 3363 2970">
     <span class='ocr_line' id='line_1_58' title="bbox 1771 2898 3363 2970; baseline -0.001 -17"><span class='ocrx_word' id='word_1_443' title='bbox 1771 2914 1915 2954; x_wconf 80' lang='lat' dir='ltr'><strong>nunc</strong></span> <span class='ocrx_word' id='word_1_444' title='bbox 1944 2906 2125 2955; x_wconf 91' lang='lat' dir='ltr'><strong>autem</strong></span> <span class='ocrx_word' id='word_1_445' title='bbox 2159 2913 2174 2952; x_wconf 92' lang='lat'><strong>:</strong></span> <span class='ocrx_word' id='word_1_446' title='bbox 2205 2919 2223 2950; x_wconf 70' lang='grc' dir='ltr'>ί</span> <span class='ocrx_word' id='word_1_447' title='bbox 2252 2898 2508 2955; x_wconf 88' lang='lat' dir='ltr'><strong>Exaltare</strong></span> <span class='ocrx_word' id='word_1_448' title='bbox 2539 2914 2703 2970; x_wconf 88' lang='lat' dir='ltr'><strong>super</strong></span> <span class='ocrx_word' id='word_1_449' title='bbox 2733 2899 2934 2967; x_wconf 63' lang='lat' dir='ltr'><strong>caelos,</strong></span> <span class='ocrx_word' id='word_1_450' title='bbox 2971 2899 3138 2964; x_wconf 88' lang='lat' dir='ltr'><strong>Deus,</strong></span> <span class='ocrx_word' id='word_1_451' title='bbox 3183 2907 3240 2953; x_wconf 89' lang='lat' dir='ltr'><strong>et</strong></span> <span class='ocrx_word' id='word_1_452' title='bbox 3273 2913 3363 2952; x_wconf 90' lang='lat' dir='ltr'><strong>su—</strong></span> 
     </span>
    </p>
   </div>
   <div class='ocr_carea' id='block_1_59' title="bbox 1771 2989 3363 3063">
    <p class='ocr_par' dir='ltr' id='par_1_59' title="bbox 1771 2989 3363 3063">
     <span class='ocr_line' id='line_1_59' title="bbox 1771 2989 3363 3063; baseline -0.001 -18"><span class='ocrx_word' id='word_1_453' title='bbox 1771 3006 1869 3062; x_wconf 89' lang='lat' dir='ltr'><strong>per</strong></span> <span class='ocrx_word' id='word_1_454' title='bbox 1912 3006 2129 3047; x_wconf 91' lang='lat' dir='ltr'><strong>omnem</strong></span> <span class='ocrx_word' id='word_1_455' title='bbox 2155 3001 2356 3046; x_wconf 86' lang='lat' dir='ltr'><strong>terram</strong></span> <span class='ocrx_word' id='word_1_456' title='bbox 2393 2991 2562 3062; x_wconf 87' lang='lat' dir='ltr'><strong>gloria</strong></span> <span class='ocrx_word' id='word_1_457' title='bbox 2607 2999 2698 3046; x_wconf 89' lang='lat' dir='ltr'><strong>tua</strong></span> <span class='ocrx_word' id='word_1_458' title='bbox 2751 2990 2924 3063; x_wconf 74' lang='lat' dir='ltr'><strong>(Psal.</strong></span> <span class='ocrx_word' id='word_1_459' title='bbox 2965 2990 3096 3062; x_wconf 71' lang='lat' dir='ltr'><strong>va).</strong></span> <span class='ocrx_word' id='word_1_460' title='bbox 3124 3009 3142 3042; x_wconf 78' lang='grc' dir='ltr'><strong>ι</strong></span> <span class='ocrx_word' id='word_1_461' title='bbox 3198 2990 3265 3044; x_wconf 82' lang='grc' dir='ltr'>Ει</span> <span class='ocrx_word' id='word_1_462' title='bbox 3307 2989 3363 3045; x_wconf 92' lang='lat' dir='ltr'><strong>in</strong></span> 
     </span>
    </p>
   </div>
   <div class='ocr_carea' id='block_1_60' title="bbox 1770 3081 3356 3155">
    <p class='ocr_par' dir='ltr' id='par_1_60' title="bbox 1770 3081 3356 3155">
     <span class='ocr_line' id='line_1_60' title="bbox 1770 3081 3356 3155; baseline -0.001 -18"><span class='ocrx_word' id='word_1_463' title='bbox 1770 3082 2060 3154; x_wconf 85' lang='lat' dir='ltr'><strong>Evangelio</strong></span> <span class='ocrx_word' id='word_1_464' title='bbox 2087 3083 2236 3153; x_wconf 89' lang='lat' dir='ltr'><strong>prius</strong></span> <span class='ocrx_word' id='word_1_465' title='bbox 2261 3083 2395 3138; x_wconf 83' lang='lat' dir='ltr'><strong>dixit</strong></span> <span class='ocrx_word' id='word_1_466' title='bbox 2428 3101 2440 3136; x_wconf 88' lang='lat'><strong>:</strong></span> <span class='ocrx_word' id='word_1_467' title='bbox 2465 3103 2483 3135; x_wconf 77' lang='grc' dir='ltr'><strong>ι</strong></span> <span class='ocrx_word' id='word_1_468' title='bbox 2513 3083 2571 3138; x_wconf 92' lang='lat' dir='ltr'><strong>In</strong></span> <span class='ocrx_word' id='word_1_469' title='bbox 2602 3083 2743 3138; x_wconf 91' lang='lat' dir='ltr'><strong>viam</strong></span> <span class='ocrx_word' id='word_1_470' title='bbox 2772 3083 3012 3155; x_wconf 85' lang='lat' dir='ltr'><strong>gentium</strong></span> <span class='ocrx_word' id='word_1_471' title='bbox 3042 3098 3110 3138; x_wconf 91' lang='lat' dir='ltr'><strong>ne</strong></span> <span class='ocrx_word' id='word_1_472' title='bbox 3153 3081 3356 3137; x_wconf 90' lang='lat' dir='ltr'><strong>abieri-</strong></span> 
     </span>
    </p>
   </div>
   <div class='ocr_carea' id='block_1_61' title="bbox 1774 3174 3400 3247">
    <p class='ocr_par' dir='ltr' id='par_1_61' title="bbox 1774 3174 3400 3247">
     <span class='ocr_line' id='line_1_61' title="bbox 1774 3174 3400 3247; baseline 0 -18"><span class='ocrx_word' id='word_1_473' title='bbox 1774 3175 1841 3230; x_wconf 91' lang='lat' dir='ltr'><strong>tis</strong></span> <span class='ocrx_word' id='word_1_474' title='bbox 1867 3174 2081 3245; x_wconf 81' lang='lat' dir='ltr'><strong>(Matth.</strong></span> <span class='ocrx_word' id='word_1_475' title='bbox 2110 3181 2166 3247; x_wconf 71' lang='grc' dir='ltr'><strong>χ)</strong></span> <span class='ocrx_word' id='word_1_476' title='bbox 2192 3192 2206 3242; x_wconf 91' lang='grc'>;</span> <span class='ocrx_word' id='word_1_477' title='bbox 2240 3195 2257 3226; x_wconf 81' lang='grc' dir='ltr'><strong>ι</strong></span> <span class='ocrx_word' id='word_1_478' title='bbox 2289 3183 2413 3245; x_wconf 89' lang='lat' dir='ltr'><strong>post</strong></span> <span class='ocrx_word' id='word_1_479' title='bbox 2441 3175 2750 3246; x_wconf 90' lang='lat' dir='ltr'><strong>passionem</strong></span> <span class='ocrx_word' id='word_1_480' title='bbox 2778 3191 2908 3230; x_wconf 90' lang='lat' dir='ltr'><strong>vero</strong></span> <span class='ocrx_word' id='word_1_481' title='bbox 2935 3190 3089 3231; x_wconf 89' lang='lat' dir='ltr'><strong>suam</strong></span> <span class='ocrx_word' id='word_1_482' title='bbox 3119 3193 3131 3228; x_wconf 92' lang='lat'><strong>:</strong></span> <span class='ocrx_word' id='word_1_483' title='bbox 3163 3193 3181 3226; x_wconf 72' lang='grc' dir='ltr'><strong>ι</strong></span> <span class='ocrx_word' id='word_1_484' title='bbox 3214 3174 3362 3229; x_wconf 86' lang='lat' dir='ltr'><strong>Eun-</strong></span> <span class='ocrx_word' id='word_1_485' title='bbox 3398 3175 3400 3177; x_wconf 73' lang='grc'><em>’</em></span> 
     </span>
    </p>
   </div>
   <div class='ocr_carea' id='block_1_62' title="bbox 102 3240 3363 3339">
    <p class='ocr_par' dir='ltr' id='par_1_62' title="bbox 102 3240 3363 3339">
     <span class='ocr_line' id='line_1_62' title="bbox 102 3240 3363 3339; baseline 0.001 -22"><span class='ocrx_word' id='word_1_486' title='bbox 102 3285 124 3317; x_wconf 73' lang='grc' dir='ltr'><strong>ι</strong></span> <span class='ocrx_word' id='word_1_487' title='bbox 158 3267 667 3336; x_wconf 88' lang='lat' dir='ltr'><strong>circumponensque</strong></span> <span class='ocrx_word' id='word_1_488' title='bbox 694 3265 922 3331; x_wconf 89' lang='lat' dir='ltr'><strong>calamo,</strong></span> <span class='ocrx_word' id='word_1_489' title='bbox 950 3273 1136 3336; x_wconf 92' lang='lat' dir='ltr'><strong>potum</strong></span> <span class='ocrx_word' id='word_1_490' title='bbox 1162 3264 1325 3319; x_wconf 87' lang='lat' dir='ltr'><strong>dabat</strong></span> <span class='ocrx_word' id='word_1_491' title='bbox 1348 3263 1421 3328; x_wconf 92' lang='lat' dir='ltr'><strong>ei,</strong></span> <span class='ocrx_word' id='word_1_492' title='bbox 1447 3263 1662 3318; x_wconf 91' lang='lat' dir='ltr'><strong>dicens:</strong></span> <span class='ocrx_word' id='word_1_493' title='bbox 1694 3240 1739 3303; x_wconf 71' lang='grc' dir='ltr'>Ο</span> <span class='ocrx_word' id='word_1_494' title='bbox 1773 3274 1853 3322; x_wconf 91' lang='lat' dir='ltr'><strong>tes</strong></span> <span class='ocrx_word' id='word_1_495' title='bbox 1898 3267 1956 3320; x_wconf 92' lang='lat' dir='ltr'><strong>in</strong></span> <span class='ocrx_word' id='word_1_496' title='bbox 2006 3269 2266 3323; x_wconf 90' lang='lat' dir='ltr'><strong>mundum</strong></span> <span class='ocrx_word' id='word_1_497' title='bbox 2311 3269 2656 3335; x_wconf 90' lang='lat' dir='ltr'><strong>universum,</strong></span> <span class='ocrx_word' id='word_1_498' title='bbox 2705 3269 2894 3325; x_wconf 90' lang='lat' dir='ltr'><strong>docete</strong></span> <span class='ocrx_word' id='word_1_499' title='bbox 2941 3284 3131 3324; x_wconf 91' lang='lat' dir='ltr'><strong>omnes</strong></span> <span class='ocrx_word' id='word_1_500' title='bbox 3175 3276 3363 3339; x_wconf 86' lang='lat' dir='ltr'><strong>gentes</strong></span> 
     </span>
    </p>
   </div>
   <div class='ocr_carea' id='block_1_63' title="bbox 109 3351 1666 3424">
    <p class='ocr_par' dir='ltr' id='par_1_63' title="bbox 109 3351 1666 3424">
     <span class='ocr_line' id='line_1_63' title="bbox 109 3351 1666 3424; baseline -0.003 -14"><span class='ocrx_word' id='word_1_501' title='bbox 109 3376 130 3410; x_wconf 76' lang='grc' dir='ltr'><strong>ι</strong></span> <span class='ocrx_word' id='word_1_502' title='bbox 161 3357 356 3424; x_wconf 86' lang='lat' dir='ltr'><strong>Sinite,</strong></span> <span class='ocrx_word' id='word_1_503' title='bbox 386 3359 660 3413; x_wconf 87' lang='lat' dir='ltr'><strong>videamus</strong></span> <span class='ocrx_word' id='word_1_504' title='bbox 701 3357 746 3412; x_wconf 90' lang='lat' dir='ltr'><strong>si</strong></span> <span class='ocrx_word' id='word_1_505' title='bbox 776 3357 959 3412; x_wconf 89' lang='lat' dir='ltr'><strong>veniat</strong></span> <span class='ocrx_word' id='word_1_506' title='bbox 987 3355 1134 3410; x_wconf 88' lang='lat' dir='ltr'><strong>Elias</strong></span> <span class='ocrx_word' id='word_1_507' title='bbox 1177 3353 1246 3409; x_wconf 91' lang='lat' dir='ltr'><strong>ad</strong></span> <span class='ocrx_word' id='word_1_508' title='bbox 1289 3351 1666 3424; x_wconf 88' lang='lat' dir='ltr'><strong>deponendum</strong></span> 
     </span>
    </p>
   </div>
   <div class='ocr_carea' id='block_1_64' title="bbox 109 3443 1668 3516">
    <p class='ocr_par' dir='ltr' id='par_1_64' title="bbox 109 3443 1668 3516">
     <span class='ocr_line' id='line_1_64' title="bbox 109 3443 1668 3516; baseline -0.003 -16"><span class='ocrx_word' id='word_1_509' title='bbox 109 3468 130 3500; x_wconf 70' lang='grc' dir='ltr'><strong><em>ο</em></strong></span> <span class='ocrx_word' id='word_1_510' title='bbox 161 3465 298 3504; x_wconf 92' lang='lat' dir='ltr'><strong>eum.</strong></span> <span class='ocrx_word' id='word_1_511' title='bbox 330 3468 349 3502; x_wconf 76' lang='grc' dir='ltr'><strong>ι</strong></span> <span class='ocrx_word' id='word_1_512' title='bbox 403 3447 569 3516; x_wconf 87' lang='lat' dir='ltr'><strong>Quam</strong></span> <span class='ocrx_word' id='word_1_513' title='bbox 596 3449 667 3504; x_wconf 93' lang='lat' dir='ltr'><strong>ob</strong></span> <span class='ocrx_word' id='word_1_514' title='bbox 695 3463 912 3504; x_wconf 89' lang='lat' dir='ltr'><strong>causam</strong></span> <span class='ocrx_word' id='word_1_515' title='bbox 954 3447 1182 3502; x_wconf 89' lang='lat' dir='ltr'><strong>Domino</strong></span> <span class='ocrx_word' id='word_1_516' title='bbox 1225 3453 1438 3501; x_wconf 90' lang='lat' dir='ltr'><strong>acetum</strong></span> <span class='ocrx_word' id='word_1_517' title='bbox 1466 3443 1538 3498; x_wconf 90' lang='lat' dir='ltr'><strong>sit</strong></span> <span class='ocrx_word' id='word_1_518' title='bbox 1575 3458 1668 3514; x_wconf 91' lang='lat' dir='ltr'><strong>po-</strong></span> 
     </span>
    </p>
   </div>
   <div class='ocr_carea' id='block_1_65' title="bbox 93 3537 1668 3612">
    <p class='ocr_par' dir='ltr' id='par_1_65' title="bbox 93 3537 1668 3612">
     <span class='ocr_line' id='line_1_65' title="bbox 93 3537 1668 3612; baseline -0.003 -16"><span class='ocrx_word' id='word_1_519' title='bbox 93 3541 178 3596; x_wconf 90' lang='lat' dir='ltr'><strong>tui</strong></span> <span class='ocrx_word' id='word_1_520' title='bbox 205 3541 400 3605; x_wconf 86' lang='lat' dir='ltr'><strong>datum,</strong></span> <span class='ocrx_word' id='word_1_521' title='bbox 423 3539 656 3597; x_wconf 79' lang='lat' dir='ltr'><strong>Joannes</strong></span> <span class='ocrx_word' id='word_1_522' title='bbox 681 3541 916 3597; x_wconf 87' lang='lat' dir='ltr'><strong>ostendit</strong></span> <span class='ocrx_word' id='word_1_523' title='bbox 941 3540 1172 3612; x_wconf 90' lang='lat' dir='ltr'><strong>plenius,</strong></span> <span class='ocrx_word' id='word_1_524' title='bbox 1197 3539 1412 3594; x_wconf 91' lang='lat' dir='ltr'><strong>dicens:</strong></span> <span class='ocrx_word' id='word_1_525' title='bbox 1437 3556 1454 3589; x_wconf 81' lang='grc' dir='ltr'><strong>ι</strong></span> <span class='ocrx_word' id='word_1_526' title='bbox 1475 3537 1668 3592; x_wconf 87' lang='lat' dir='ltr'><strong>Postea</strong></span> 
     </span>
    </p>
   </div>
   <div class='ocr_carea' id='block_1_66' title="bbox 92 3629 1668 3704">
    <p class='ocr_par' dir='ltr' id='par_1_66' title="bbox 92 3629 1668 3704">
     <span class='ocr_line' id='line_1_66' title="bbox 92 3629 1668 3704; baseline -0.004 -16"><span class='ocrx_word' id='word_1_527' title='bbox 92 3632 270 3688; x_wconf 89' lang='lat' dir='ltr'><strong>sciens</strong></span> <span class='ocrx_word' id='word_1_528' title='bbox 293 3630 470 3698; x_wconf 90' lang='lat' dir='ltr'><strong>Iesus,</strong></span> <span class='ocrx_word' id='word_1_529' title='bbox 503 3633 628 3702; x_wconf 90' lang='lat' dir='ltr'><strong>quia</strong></span> <span class='ocrx_word' id='word_1_530' title='bbox 650 3633 763 3704; x_wconf 92' lang='lat' dir='ltr'><strong>jam</strong></span> <span class='ocrx_word' id='word_1_531' title='bbox 791 3639 1166 3688; x_wconf 89' lang='lat' dir='ltr'><strong>consummata</strong></span> <span class='ocrx_word' id='word_1_532' title='bbox 1195 3637 1322 3686; x_wconf 89' lang='lat' dir='ltr'><strong>sunt</strong></span> <span class='ocrx_word' id='word_1_533' title='bbox 1350 3629 1532 3684; x_wconf 89' lang='lat' dir='ltr'><strong>omnia</strong></span> <span class='ocrx_word' id='word_1_534' title='bbox 1551 3668 1567 3694; x_wconf 93' lang='lat'><strong>,</strong></span> <span class='ocrx_word' id='word_1_535' title='bbox 1608 3637 1668 3682; x_wconf 92' lang='lat' dir='ltr'><strong>ut</strong></span> 
     </span>
    </p>
   </div>
   <div class='ocr_carea' id='block_1_67' title="bbox 93 3719 1668 3794">
    <p class='ocr_par' dir='ltr' id='par_1_67' title="bbox 93 3719 1668 3794">
     <span class='ocr_line' id='line_1_67' title="bbox 93 3719 1668 3794; baseline -0.003 -14"><span class='ocrx_word' id='word_1_536' title='bbox 93 3731 556 3780; x_wconf 86' lang='lat' dir='ltr'><strong>consummaretur</strong></span> <span class='ocrx_word' id='word_1_537' title='bbox 600 3724 914 3794; x_wconf 90' lang='lat' dir='ltr'><strong>Scriptura,</strong></span> <span class='ocrx_word' id='word_1_538' title='bbox 966 3723 1141 3778; x_wconf 88' lang='lat' dir='ltr'><strong>dixit:</strong></span> <span class='ocrx_word' id='word_1_539' title='bbox 1193 3721 1355 3778; x_wconf 89' lang='lat' dir='ltr'><strong>Sitio.</strong></span> <span class='ocrx_word' id='word_1_540' title='bbox 1397 3719 1504 3776; x_wconf 90' lang='lat' dir='ltr'><strong>Vas</strong></span> <span class='ocrx_word' id='word_1_541' title='bbox 1537 3734 1668 3791; x_wconf 82' lang='lat' dir='ltr'><strong>ergo</strong></span> 
     </span>
    </p>
   </div>
   <div class='ocr_carea' id='block_1_68' title="bbox 94 3813 1667 3888">
    <p class='ocr_par' dir='ltr' id='par_1_68' title="bbox 94 3813 1667 3888">
     <span class='ocr_line' id='line_1_68' title="bbox 94 3813 1667 3888; baseline -0.004 -16"><span class='ocrx_word' id='word_1_542' title='bbox 94 3817 322 3888; x_wconf 92' lang='lat' dir='ltr'><strong>positum</strong></span> <span class='ocrx_word' id='word_1_543' title='bbox 371 3827 490 3872; x_wconf 84' lang='lat' dir='ltr'><strong>erat</strong></span> <span class='ocrx_word' id='word_1_544' title='bbox 537 3826 693 3873; x_wconf 89' lang='lat' dir='ltr'><strong>aceto</strong></span> <span class='ocrx_word' id='word_1_545' title='bbox 740 3817 976 3886; x_wconf 92' lang='lat' dir='ltr'><strong>plenum.</strong></span> <span class='ocrx_word' id='word_1_546' title='bbox 1034 3815 1114 3869; x_wconf 92' lang='lat' dir='ltr'><strong>llli</strong></span> <span class='ocrx_word' id='word_1_547' title='bbox 1161 3823 1340 3869; x_wconf 90' lang='lat' dir='ltr'><strong>autem</strong></span> <span class='ocrx_word' id='word_1_548' title='bbox 1385 3813 1667 3884; x_wconf 84' lang='lat' dir='ltr'><strong>spongiam</strong></span> 
     </span>
    </p>
   </div>
   <div class='ocr_carea' id='block_1_69' title="bbox 93 3905 1666 3981">
    <p class='ocr_par' dir='ltr' id='par_1_69' title="bbox 93 3905 1666 3981">
     <span class='ocr_line' id='line_1_69' title="bbox 93 3905 1666 3981; baseline -0.001 -19"><span class='ocrx_word' id='word_1_549' title='bbox 93 3909 300 3977; x_wconf 88' lang='lat' dir='ltr'><strong>plenam</strong></span> <span class='ocrx_word' id='word_1_550' title='bbox 321 3917 475 3965; x_wconf 89' lang='lat' dir='ltr'><strong>aceto</strong></span> <span class='ocrx_word' id='word_1_551' title='bbox 496 3910 732 3981; x_wconf 88' lang='lat' dir='ltr'><strong>hyssopo</strong></span> <span class='ocrx_word' id='word_1_552' title='bbox 752 3909 1244 3978; x_wconf 90' lang='lat' dir='ltr'><strong>cireumponentes,</strong></span> <span class='ocrx_word' id='word_1_553' title='bbox 1259 3907 1570 3962; x_wconf 91' lang='lat' dir='ltr'><strong>obtulerunt</strong></span> <span class='ocrx_word' id='word_1_554' title='bbox 1585 3905 1666 3962; x_wconf 92' lang='lat' dir='ltr'><strong>ori</strong></span> 
     </span>
    </p>
   </div>
   <div class='ocr_carea' id='block_1_70' title="bbox 92 3999 1665 4073">
    <p class='ocr_par' dir='ltr' id='par_1_70' title="bbox 92 3999 1665 4073">
     <span class='ocr_line' id='line_1_70' title="bbox 92 3999 1665 4073; baseline 0 -19"><span class='ocrx_word' id='word_1_555' title='bbox 92 4001 212 4071; x_wconf 87' lang='lat' dir='ltr'><strong>ejus</strong></span> <span class='ocrx_word' id='word_1_556' title='bbox 236 4001 412 4071; x_wconf 84' lang='lat' dir='ltr'><strong>(Joan.</strong></span> <span class='ocrx_word' id='word_1_557' title='bbox 438 4001 574 4073; x_wconf 78' lang='lat' dir='ltr'><strong>xix).</strong></span> <span class='ocrx_word' id='word_1_558' title='bbox 613 4021 631 4054; x_wconf 74' lang='grc' dir='ltr'><strong>ι</strong></span> <span class='ocrx_word' id='word_1_559' title='bbox 659 3999 804 4055; x_wconf 83' lang='lat' dir='ltr'><strong>Vidit</strong></span> <span class='ocrx_word' id='word_1_560' title='bbox 832 4016 960 4071; x_wconf 89' lang='lat' dir='ltr'><strong>ergo</strong></span> <span class='ocrx_word' id='word_1_561' title='bbox 1006 4001 1665 4073; x_wconf 61' lang='lat' dir='ltr'><strong>quoniam.eonsummata</strong></span> 
     </span>
    </p>
   </div>
   <div class='ocr_carea' id='block_1_71' title="bbox 92 4091 1668 4164">
    <p class='ocr_par' dir='ltr' id='par_1_71' title="bbox 92 4091 1668 4164">
     <span class='ocr_line' id='line_1_71' title="bbox 92 4091 1668 4164; baseline -0.001 -17"><span class='ocrx_word' id='word_1_562' title='bbox 92 4093 407 4148; x_wconf 87' lang='lat' dir='ltr'><strong>suntomnia</strong></span> <span class='ocrx_word' id='word_1_563' title='bbox 433 4109 554 4163; x_wconf 61' lang='lat' dir='ltr'><strong>quae</strong></span> <span class='ocrx_word' id='word_1_564' title='bbox 573 4091 856 4164; x_wconf 88' lang='lat' dir='ltr'><strong>oportebat</strong></span> <span class='ocrx_word' id='word_1_565' title='bbox 876 4101 935 4147; x_wconf 93' lang='lat' dir='ltr'><strong>ut</strong></span> <span class='ocrx_word' id='word_1_566' title='bbox 960 4091 1173 4160; x_wconf 84' lang='lat' dir='ltr'><strong>ﬁerent,</strong></span> <span class='ocrx_word' id='word_1_567' title='bbox 1201 4099 1487 4162; x_wconf 88' lang='lat' dir='ltr'><strong>antequam</strong></span> <span class='ocrx_word' id='word_1_568' title='bbox 1515 4092 1668 4163; x_wconf 37' lang='lat' dir='ltr'><strong>gacci-</strong></span> 
     </span>
    </p>
   </div>
   <div class='ocr_carea' id='block_1_72' title="bbox 92 4186 1667 4259">
    <p class='ocr_par' dir='ltr' id='par_1_72' title="bbox 92 4186 1667 4259">
     <span class='ocr_line' id='line_1_72' title="bbox 92 4186 1667 4259; baseline -0.002 -16"><span class='ocrx_word' id='word_1_569' title='bbox 92 4198 247 4259; x_wconf 89' lang='lat' dir='ltr'><strong>peret</strong></span> <span class='ocrx_word' id='word_1_570' title='bbox 283 4198 527 4253; x_wconf 90' lang='lat' dir='ltr'><strong>acetum,</strong></span> <span class='ocrx_word' id='word_1_571' title='bbox 571 4196 626 4243; x_wconf 90' lang='lat' dir='ltr'><strong>et</strong></span> <span class='ocrx_word' id='word_1_572' title='bbox 671 4187 909 4243; x_wconf 90' lang='lat' dir='ltr'><strong>traderet</strong></span> <span class='ocrx_word' id='word_1_573' title='bbox 935 4187 1220 4258; x_wconf 87' lang='lat' dir='ltr'><strong>spiritum,</strong></span> <span class='ocrx_word' id='word_1_574' title='bbox 1270 4195 1433 4257; x_wconf 89' lang='lat' dir='ltr'><strong>atque</strong></span> <span class='ocrx_word' id='word_1_575' title='bbox 1470 4193 1531 4241; x_wconf 88' lang='lat' dir='ltr'><strong>ut</strong></span> <span class='ocrx_word' id='word_1_576' title='bbox 1565 4186 1667 4241; x_wconf 93' lang='lat' dir='ltr'><strong>hoc</strong></span> 
     </span>
    </p>
   </div>
   <div class='ocr_carea' id='block_1_73' title="bbox 93 4278 1666 4349">
    <p class='ocr_par' dir='ltr' id='par_1_73' title="bbox 93 4278 1666 4349">
     <span class='ocr_line' id='line_1_73' title="bbox 93 4278 1666 4349; baseline -0.003 -13"><span class='ocrx_word' id='word_1_577' title='bbox 93 4281 256 4336; x_wconf 87' lang='lat' dir='ltr'><strong>etiam</strong></span> <span class='ocrx_word' id='word_1_578' title='bbox 299 4288 785 4344; x_wconf 91' lang='lat' dir='ltr'><strong>consummaretur,</strong></span> <span class='ocrx_word' id='word_1_579' title='bbox 834 4294 941 4349; x_wconf 88' lang='lat' dir='ltr'><strong>quo</strong></span> <span class='ocrx_word' id='word_1_580' title='bbox 985 4280 1102 4333; x_wconf 91' lang='lat' dir='ltr'><strong>ait:</strong></span> <span class='ocrx_word' id='word_1_581' title='bbox 1156 4297 1174 4329; x_wconf 78' lang='grc' dir='ltr'><strong>ι</strong></span> <span class='ocrx_word' id='word_1_582' title='bbox 1224 4278 1292 4333; x_wconf 87' lang='grc' dir='ltr'>Ει</span> <span class='ocrx_word' id='word_1_583' title='bbox 1326 4279 1381 4333; x_wconf 93' lang='lat' dir='ltr'><strong>in</strong></span> <span class='ocrx_word' id='word_1_584' title='bbox 1415 4278 1505 4334; x_wconf 91' lang='lat' dir='ltr'><strong>siti</strong></span> <span class='ocrx_word' id='word_1_585' title='bbox 1548 4293 1666 4332; x_wconf 91' lang='lat' dir='ltr'><strong>mea</strong></span> 
     </span>
    </p>
   </div>
   <div class='ocr_carea' id='block_1_74' title="bbox 92 4368 1665 4442">
    <p class='ocr_par' dir='ltr' id='par_1_74' title="bbox 92 4368 1665 4442">
     <span class='ocr_line' id='line_1_74' title="bbox 92 4368 1665 4442; baseline -0.001 -16"><span class='ocrx_word' id='word_1_586' title='bbox 92 4380 410 4442; x_wconf 88' lang='lat' dir='ltr'><strong>potavcrunt</strong></span> <span class='ocrx_word' id='word_1_587' title='bbox 444 4386 532 4426; x_wconf 91' lang='lat' dir='ltr'><strong>me</strong></span> <span class='ocrx_word' id='word_1_588' title='bbox 565 4379 719 4426; x_wconf 91' lang='lat' dir='ltr'><strong>aceto</strong></span> <span class='ocrx_word' id='word_1_589' title='bbox 747 4368 921 4442; x_wconf 82' lang='lat' dir='ltr'><strong>(Psal.</strong></span> <span class='ocrx_word' id='word_1_590' title='bbox 948 4370 1160 4440; x_wconf 80' lang='lat' dir='ltr'><strong>vam).</strong></span> <span class='ocrx_word' id='word_1_591' title='bbox 1199 4389 1217 4421; x_wconf 77' lang='grc' dir='ltr'><strong>ι</strong></span> <span class='ocrx_word' id='word_1_592' title='bbox 1272 4369 1408 4434; x_wconf 91' lang='lat' dir='ltr'><strong>Siti,</strong></span> <span class='ocrx_word' id='word_1_593' title='bbox 1459 4369 1665 4439; x_wconf 91' lang='lat' dir='ltr'><strong>inquit,</strong></span> 
     </span>
    </p>
   </div>
   <div class='ocr_carea' id='block_1_75' title="bbox 92 4463 1668 4534">
    <p class='ocr_par' dir='ltr' id='par_1_75' title="bbox 92 4463 1668 4534">
     <span class='ocr_line' id='line_1_75' title="bbox 92 4463 1668 4534; baseline -0.001 -16"><span class='ocrx_word' id='word_1_594' title='bbox 92 4472 342 4534; x_wconf 87' lang='lat' dir='ltr'><strong>tanquam</strong></span> <span class='ocrx_word' id='word_1_595' title='bbox 391 4466 493 4521; x_wconf 92' lang='lat' dir='ltr'><strong>hoc</strong></span> <span class='ocrx_word' id='word_1_596' title='bbox 539 4465 742 4520; x_wconf 89' lang='lat' dir='ltr'><strong>diceret</strong></span> <span class='ocrx_word' id='word_1_597' title='bbox 783 4479 797 4518; x_wconf 92' lang='lat'><strong>:</strong></span> <span class='ocrx_word' id='word_1_598' title='bbox 855 4463 969 4520; x_wconf 84' lang='lat' dir='ltr'><strong>Hoc</strong></span> <span class='ocrx_word' id='word_1_599' title='bbox 1020 4465 1199 4520; x_wconf 91' lang='lat' dir='ltr'><strong>minus</strong></span> <span class='ocrx_word' id='word_1_600' title='bbox 1247 4463 1494 4529; x_wconf 89' lang='lat' dir='ltr'><strong>fecistis,</strong></span> <span class='ocrx_word' id='word_1_601' title='bbox 1546 4465 1668 4518; x_wconf 85' lang='lat' dir='ltr'><strong>date</strong></span> 
     </span>
    </p>
   </div>
   <div class='ocr_carea' id='block_1_76' title="bbox 91 4554 1668 4627">
    <p class='ocr_par' dir='ltr' id='par_1_76' title="bbox 91 4554 1668 4627">
     <span class='ocr_line' id='line_1_76' title="bbox 91 4554 1668 4627; baseline 0.001 -18"><span class='ocrx_word' id='word_1_602' title='bbox 91 4555 234 4625; x_wconf 90' lang='lat' dir='ltr'><strong>quod</strong></span> <span class='ocrx_word' id='word_1_603' title='bbox 279 4555 428 4611; x_wconf 90' lang='lat' dir='ltr'><strong>estis.</strong></span> <span class='ocrx_word' id='word_1_604' title='bbox 483 4554 651 4611; x_wconf 74' lang='lat' dir='ltr'><strong>Iudaei</strong></span> <span class='ocrx_word' id='word_1_605' title='bbox 692 4556 888 4627; x_wconf 90' lang='lat' dir='ltr'><strong>quippe</strong></span> <span class='ocrx_word' id='word_1_606' title='bbox 918 4556 1019 4625; x_wconf 90' lang='lat' dir='ltr'><strong>ipsi</strong></span> <span class='ocrx_word' id='word_1_607' title='bbox 1043 4564 1200 4611; x_wconf 89' lang='lat' dir='ltr'><strong>erant</strong></span> <span class='ocrx_word' id='word_1_608' title='bbox 1235 4565 1470 4621; x_wconf 89' lang='lat' dir='ltr'><strong>acetum,</strong></span> <span class='ocrx_word' id='word_1_609' title='bbox 1507 4555 1668 4626; x_wconf 89' lang='lat' dir='ltr'><strong>dege-</strong></span> 
     </span>
    </p>
   </div>
   <div class='ocr_carea' id='block_1_77' title="bbox 91 4649 1672 4720">
    <p class='ocr_par' dir='ltr' id='par_1_77' title="bbox 91 4649 1672 4720">
     <span class='ocr_line' id='line_1_77' title="bbox 91 4649 1672 4720; baseline 0.001 -17"><span class='ocrx_word' id='word_1_610' title='bbox 91 4657 340 4706; x_wconf 89' lang='lat' dir='ltr'><strong>nerantes</strong></span> <span class='ocrx_word' id='word_1_611' title='bbox 369 4665 399 4703; x_wconf 92' lang='lat' dir='ltr'><strong>a</strong></span> <span class='ocrx_word' id='word_1_612' title='bbox 423 4649 547 4704; x_wconf 90' lang='lat' dir='ltr'><strong>vino</strong></span> <span class='ocrx_word' id='word_1_613' title='bbox 578 4649 1008 4720; x_wconf 88' lang='lat' dir='ltr'><strong>patriarcharum</strong></span> <span class='ocrx_word' id='word_1_614' title='bbox 1039 4658 1095 4704; x_wconf 91' lang='lat' dir='ltr'><strong>et</strong></span> <span class='ocrx_word' id='word_1_615' title='bbox 1117 4650 1522 4720; x_wconf 90' lang='lat' dir='ltr'><strong>prophetarum,</strong></span> <span class='ocrx_word' id='word_1_616' title='bbox 1554 4658 1672 4704; x_wconf 89' lang='lat' dir='ltr'><strong>tan-</strong></span> 
     </span>
    </p>
   </div>
   <div class='ocr_carea' id='block_1_78' title="bbox 92 4740 1675 4810">
    <p class='ocr_par' dir='ltr' id='par_1_78' title="bbox 92 4740 1675 4810">
     <span class='ocr_line' id='line_1_78' title="bbox 92 4740 1675 4810; baseline 0 -16"><span class='ocrx_word' id='word_1_617' title='bbox 92 4755 250 4810; x_wconf 84' lang='lat' dir='ltr'><strong>quam</strong></span> <span class='ocrx_word' id='word_1_618' title='bbox 277 4742 342 4796; x_wconf 89' lang='lat' dir='ltr'><strong>de</strong></span> <span class='ocrx_word' id='word_1_619' title='bbox 369 4741 524 4810; x_wconf 90' lang='lat' dir='ltr'><strong>pleno</strong></span> <span class='ocrx_word' id='word_1_620' title='bbox 561 4756 708 4807; x_wconf 89' lang='lat' dir='ltr'><strong>vase,</strong></span> <span class='ocrx_word' id='word_1_621' title='bbox 740 4743 805 4796; x_wconf 88' lang='lat' dir='ltr'><strong>de</strong></span> <span class='ocrx_word' id='word_1_622' title='bbox 849 4740 1133 4810; x_wconf 87' lang='lat' dir='ltr'><strong>iniquitate</strong></span> <span class='ocrx_word' id='word_1_623' title='bbox 1175 4741 1358 4796; x_wconf 92' lang='lat' dir='ltr'><strong>mundi</strong></span> <span class='ocrx_word' id='word_1_624' title='bbox 1392 4740 1551 4809; x_wconf 90' lang='lat' dir='ltr'><strong>hujus</strong></span> <span class='ocrx_word' id='word_1_625' title='bbox 1580 4743 1675 4794; x_wconf 82' lang='lat' dir='ltr'><strong>im-</strong></span> 
     </span>
    </p>
   </div>
   <div class='ocr_carea' id='block_1_79' title="bbox 92 4830 1674 4901">
    <p class='ocr_par' dir='ltr' id='par_1_79' title="bbox 92 4830 1674 4901">
     <span class='ocr_line' id='line_1_79' title="bbox 92 4830 1674 4901; baseline 0.001 -17"><span class='ocrx_word' id='word_1_626' title='bbox 92 4832 291 4900; x_wconf 89' lang='lat' dir='ltr'><strong>pletum</strong></span> <span class='ocrx_word' id='word_1_627' title='bbox 338 4846 432 4886; x_wconf 92' lang='lat' dir='ltr'><strong>cor</strong></span> <span class='ocrx_word' id='word_1_628' title='bbox 477 4833 778 4896; x_wconf 83' lang='lat' dir='ltr'><strong>habentes,</strong></span> <span class='ocrx_word' id='word_1_629' title='bbox 833 4830 980 4886; x_wconf 90' lang='lat' dir='ltr'><strong>velut</strong></span> <span class='ocrx_word' id='word_1_630' title='bbox 1032 4831 1312 4901; x_wconf 84' lang='lat' dir='ltr'><strong>spongiam</strong></span> <span class='ocrx_word' id='word_1_631' title='bbox 1363 4832 1674 4888; x_wconf 88' lang='lat' dir='ltr'><strong>cavernosis</strong></span> 
     </span>
    </p>
   </div>
   <div class='ocr_carea' id='block_1_80' title="bbox 94 4921 1669 4993">
    <p class='ocr_par' dir='ltr' id='par_1_80' title="bbox 94 4921 1669 4993">
     <span class='ocr_line' id='line_1_80' title="bbox 94 4921 1669 4993; baseline -0.001 -16"><span class='ocrx_word' id='word_1_632' title='bbox 94 4923 482 4992; x_wconf 82' lang='lat' dir='ltr'><strong>quodammodo</strong></span> <span class='ocrx_word' id='word_1_633' title='bbox 509 4931 670 4993; x_wconf 91' lang='lat' dir='ltr'><strong>atque</strong></span> <span class='ocrx_word' id='word_1_634' title='bbox 711 4922 966 4977; x_wconf 88' lang='lat' dir='ltr'><strong>tortuosis</strong></span> <span class='ocrx_word' id='word_1_635' title='bbox 991 4921 1226 4977; x_wconf 85' lang='lat' dir='ltr'><strong>latibulis</strong></span> <span class='ocrx_word' id='word_1_636' title='bbox 1253 4921 1669 4978; x_wconf 91' lang='lat' dir='ltr'><strong>fraudulentum.</strong></span> 
     </span>
    </p>
   </div>
   <div class='ocr_carea' id='block_1_81' title="bbox 94 5011 1672 5086">
    <p class='ocr_par' dir='ltr' id='par_1_81' title="bbox 94 5011 1672 5086">
     <span class='ocr_line' id='line_1_81' title="bbox 94 5011 1672 5086; baseline -0.002 -18"><span class='ocrx_word' id='word_1_637' title='bbox 94 5013 390 5086; x_wconf 86' lang='lat' dir='ltr'><strong>Hyssopum</strong></span> <span class='ocrx_word' id='word_1_638' title='bbox 419 5030 524 5086; x_wconf 90' lang='lat' dir='ltr'><strong>quo</strong></span> <span class='ocrx_word' id='word_1_639' title='bbox 548 5015 1046 5083; x_wconf 86' lang='lat' dir='ltr'><strong>circumposuerunt</strong></span> <span class='ocrx_word' id='word_1_640' title='bbox 1075 5011 1350 5081; x_wconf 84' lang='lat' dir='ltr'><strong>spongiam</strong></span> <span class='ocrx_word' id='word_1_641' title='bbox 1381 5022 1534 5068; x_wconf 90' lang='lat' dir='ltr'><strong>aceto</strong></span> <span class='ocrx_word' id='word_1_642' title='bbox 1556 5012 1672 5082; x_wconf 87' lang='lat' dir='ltr'><strong>ple-</strong></span> 
     </span>
    </p>
   </div>
   <div class='ocr_carea' id='block_1_82' title="bbox 92 5103 1665 5176">
    <p class='ocr_par' dir='ltr' id='par_1_82' title="bbox 92 5103 1665 5176">
     <span class='ocr_line' id='line_1_82' title="bbox 92 5103 1665 5176; baseline -0.003 -16"><span class='ocrx_word' id='word_1_643' title='bbox 92 5121 242 5171; x_wconf 86' lang='lat' dir='ltr'><strong>nam,</strong></span> <span class='ocrx_word' id='word_1_644' title='bbox 286 5106 538 5176; x_wconf 90' lang='lat' dir='ltr'><strong>quoniam</strong></span> <span class='ocrx_word' id='word_1_645' title='bbox 566 5105 734 5160; x_wconf 89' lang='lat' dir='ltr'><strong>herba</strong></span> <span class='ocrx_word' id='word_1_646' title='bbox 762 5115 846 5160; x_wconf 89' lang='lat' dir='ltr'><strong>est</strong></span> <span class='ocrx_word' id='word_1_647' title='bbox 873 5103 1090 5159; x_wconf 86' lang='lat' dir='ltr'><strong>humilis</strong></span> <span class='ocrx_word' id='word_1_648' title='bbox 1113 5144 1127 5168; x_wconf 91' lang='lat'><strong>,</strong></span> <span class='ocrx_word' id='word_1_649' title='bbox 1156 5112 1210 5158; x_wconf 92' lang='lat' dir='ltr'><strong>et</strong></span> <span class='ocrx_word' id='word_1_650' title='bbox 1245 5112 1429 5173; x_wconf 88' lang='lat' dir='ltr'><strong>pectus</strong></span> <span class='ocrx_word' id='word_1_651' title='bbox 1455 5113 1665 5173; x_wconf 82' lang='lat' dir='ltr'><strong>purgat,</strong></span> 
     </span>
    </p>
   </div>
   <div class='ocr_carea' id='block_1_83' title="bbox 92 5195 1667 5270">
    <p class='ocr_par' dir='ltr' id='par_1_83' title="bbox 92 5195 1667 5270">
     <span class='ocr_line' id='line_1_83' title="bbox 92 5195 1667 5270; baseline -0.002 -17"><span class='ocrx_word' id='word_1_652' title='bbox 92 5199 260 5270; x_wconf 90' lang='lat' dir='ltr'><strong>ipsius</strong></span> <span class='ocrx_word' id='word_1_653' title='bbox 296 5199 495 5254; x_wconf 89' lang='lat' dir='ltr'><strong>Christi</strong></span> <span class='ocrx_word' id='word_1_654' title='bbox 543 5197 899 5254; x_wconf 80' lang='lat' dir='ltr'><strong>humilitatem</strong></span> <span class='ocrx_word' id='word_1_655' title='bbox 945 5203 1303 5267; x_wconf 88' lang='lat' dir='ltr'><strong>congruenter</strong></span> <span class='ocrx_word' id='word_1_656' title='bbox 1344 5195 1667 5265; x_wconf 86' lang='lat' dir='ltr'><strong>accipimus,</strong></span> 
     </span>
    </p>
   </div>
   <div class='ocr_carea' id='block_1_84' title="bbox 92 5291 1666 5362">
    <p class='ocr_par' dir='ltr' id='par_1_84' title="bbox 92 5291 1666 5362">
     <span class='ocr_line' id='line_1_84' title="bbox 92 5291 1666 5362; baseline -0.001 -15"><span class='ocrx_word' id='word_1_657' title='bbox 92 5308 253 5362; x_wconf 90' lang='lat' dir='ltr'><strong>quam</strong></span> <span class='ocrx_word' id='word_1_658' title='bbox 280 5291 782 5359; x_wconf 90' lang='lat' dir='ltr'><strong>circumdederunt,</strong></span> <span class='ocrx_word' id='word_1_659' title='bbox 813 5301 868 5347; x_wconf 92' lang='lat' dir='ltr'><strong>et</strong></span> <span class='ocrx_word' id='word_1_660' title='bbox 893 5307 951 5347; x_wconf 89' lang='lat' dir='ltr'><strong>se</strong></span> <span class='ocrx_word' id='word_1_661' title='bbox 979 5291 1400 5347; x_wconf 91' lang='lat' dir='ltr'><strong>circumvenisse</strong></span> <span class='ocrx_word' id='word_1_662' title='bbox 1442 5297 1666 5360; x_wconf 90' lang='lat' dir='ltr'><strong>putave-</strong></span> 
     </span>
    </p>
   </div>
   <div class='ocr_carea' id='block_1_85' title="bbox 92 5384 1666 5454">
    <p class='ocr_par' dir='ltr' id='par_1_85' title="bbox 92 5384 1666 5454">
     <span class='ocr_line' id='line_1_85' title="bbox 92 5384 1666 5454; baseline -0.003 -14"><span class='ocrx_word' id='word_1_663' title='bbox 92 5396 237 5442; x_wconf 86' lang='lat' dir='ltr'><strong>runt.</strong></span> <span class='ocrx_word' id='word_1_664' title='bbox 291 5386 440 5443; x_wconf 91' lang='lat' dir='ltr'><strong>Unde</strong></span> <span class='ocrx_word' id='word_1_665' title='bbox 487 5395 570 5443; x_wconf 92' lang='lat' dir='ltr'><strong>est</strong></span> <span class='ocrx_word' id='word_1_666' title='bbox 615 5385 746 5441; x_wconf 90' lang='lat' dir='ltr'><strong>illud</strong></span> <span class='ocrx_word' id='word_1_667' title='bbox 797 5386 850 5440; x_wconf 91' lang='lat' dir='ltr'><strong>in</strong></span> <span class='ocrx_word' id='word_1_668' title='bbox 902 5385 1160 5441; x_wconf 89' lang='lat' dir='ltr'><strong>Psalmo:</strong></span> <span class='ocrx_word' id='word_1_669' title='bbox 1201 5405 1219 5435; x_wconf 77' lang='grc' dir='ltr'><strong>ι</strong></span> <span class='ocrx_word' id='word_1_670' title='bbox 1247 5384 1514 5454; x_wconf 84' lang='lat' dir='ltr'><strong>Asperges</strong></span> <span class='ocrx_word' id='word_1_671' title='bbox 1560 5398 1666 5447; x_wconf 87' lang='lat' dir='ltr'><strong>me,</strong></span> 
     </span>
    </p>
   </div>
   <div class='ocr_carea' id='block_1_86' title="bbox 93 5473 1670 5549">
    <p class='ocr_par' dir='ltr' id='par_1_86' title="bbox 93 5473 1670 5549">
     <span class='ocr_line' id='line_1_86' title="bbox 93 5473 1670 5549; baseline -0.003 -17"><span class='ocrx_word' id='word_1_672' title='bbox 93 5478 336 5543; x_wconf 87' lang='lat' dir='ltr'><strong>Domine,</strong></span> <span class='ocrx_word' id='word_1_673' title='bbox 373 5478 628 5549; x_wconf 84' lang='lat' dir='ltr'><strong>hyssopo,</strong></span> <span class='ocrx_word' id='word_1_674' title='bbox 663 5485 719 5532; x_wconf 89' lang='lat' dir='ltr'><strong>et</strong></span> <span class='ocrx_word' id='word_1_675' title='bbox 751 5475 1052 5531; x_wconf 90' lang='lat' dir='ltr'><strong>mundabor</strong></span> <span class='ocrx_word' id='word_1_676' title='bbox 1094 5473 1266 5546; x_wconf 84' lang='lat' dir='ltr'><strong>(Psal.</strong></span> <span class='ocrx_word' id='word_1_677' title='bbox 1303 5476 1376 5543; x_wconf 88' lang='lat' dir='ltr'><strong>L).</strong></span> <span class='ocrx_word' id='word_1_678' title='bbox 1407 5495 1425 5526; x_wconf 72' lang='grc' dir='ltr'><strong>ι</strong></span> <span class='ocrx_word' id='word_1_679' title='bbox 1470 5474 1670 5528; x_wconf 90' lang='lat' dir='ltr'><strong>Christi</strong></span> 
     </span>
    </p>
   </div>
   <div class='ocr_carea' id='block_1_87' title="bbox 95 5563 1672 5640">
    <p class='ocr_par' dir='ltr' id='par_1_87' title="bbox 95 5563 1672 5640">
     <span class='ocr_line' id='line_1_87' title="bbox 95 5563 1672 5640; baseline -0.004 -16"><span class='ocrx_word' id='word_1_680' title='bbox 95 5586 323 5640; x_wconf 89' lang='lat' dir='ltr'><strong>namque</strong></span> <span class='ocrx_word' id='word_1_681' title='bbox 350 5570 656 5624; x_wconf 86' lang='lat' dir='ltr'><strong>humilitate</strong></span> <span class='ocrx_word' id='word_1_682' title='bbox 686 5567 1032 5631; x_wconf 91' lang='lat' dir='ltr'><strong>mundamur,</strong></span> <span class='ocrx_word' id='word_1_683' title='bbox 1057 5566 1183 5636; x_wconf 88' lang='lat' dir='ltr'><strong>quia</strong></span> <span class='ocrx_word' id='word_1_684' title='bbox 1211 5566 1313 5620; x_wconf 89' lang='lat' dir='ltr'><strong>nisi</strong></span> <span class='ocrx_word' id='word_1_685' title='bbox 1338 5563 1672 5620; x_wconf 90' lang='lat' dir='ltr'><strong>humiliasset</strong></span> 
     </span>
    </p>
   </div>
   <div class='ocr_carea' id='block_1_88' title="bbox 94 5659 1673 5732">
    <p class='ocr_par' dir='ltr' id='par_1_88' title="bbox 94 5659 1673 5732">
     <span class='ocr_line' id='line_1_88' title="bbox 94 5659 1673 5732; baseline -0.004 -13"><span class='ocrx_word' id='word_1_686' title='bbox 94 5663 461 5732; x_wconf 85' lang='lat' dir='ltr'><strong>semetipsum,</strong></span> <span class='ocrx_word' id='word_1_687' title='bbox 483 5659 657 5716; x_wconf 85' lang='lat' dir='ltr'><strong>factus</strong></span> <span class='ocrx_word' id='word_1_688' title='bbox 682 5660 937 5716; x_wconf 91' lang='lat' dir='ltr'><strong>obediens</strong></span> <span class='ocrx_word' id='word_1_689' title='bbox 970 5674 1138 5728; x_wconf 90' lang='lat' dir='ltr'><strong>usque</strong></span> <span class='ocrx_word' id='word_1_690' title='bbox 1165 5660 1230 5714; x_wconf 92' lang='lat' dir='ltr'><strong>ad</strong></span> <span class='ocrx_word' id='word_1_691' title='bbox 1255 5667 1504 5725; x_wconf 90' lang='lat' dir='ltr'><strong>mortem,</strong></span> <span class='ocrx_word' id='word_1_692' title='bbox 1529 5672 1673 5714; x_wconf 91' lang='lat' dir='ltr'><strong>mor-</strong></span> 
     </span>
    </p>
   </div>
   <div class='ocr_carea' id='block_1_89' title="bbox 96 5750 1671 5821">
    <p class='ocr_par' dir='ltr' id='par_1_89' title="bbox 96 5750 1671 5821">
     <span class='ocr_line' id='line_1_89' title="bbox 96 5750 1671 5821; baseline -0.001 -14"><span class='ocrx_word' id='word_1_693' title='bbox 96 5761 203 5809; x_wconf 92' lang='lat' dir='ltr'><strong>tem</strong></span> <span class='ocrx_word' id='word_1_694' title='bbox 233 5760 409 5807; x_wconf 87' lang='lat' dir='ltr'><strong>autem</strong></span> <span class='ocrx_word' id='word_1_695' title='bbox 437 5752 637 5817; x_wconf 89' lang='lat' dir='ltr'><strong>crucis,</strong></span> <span class='ocrx_word' id='word_1_696' title='bbox 669 5766 774 5807; x_wconf 91' lang='lat' dir='ltr'><strong>non</strong></span> <span class='ocrx_word' id='word_1_697' title='bbox 801 5751 986 5821; x_wconf 89' lang='lat' dir='ltr'><strong>utique</strong></span> <span class='ocrx_word' id='word_1_698' title='bbox 1015 5750 1231 5820; x_wconf 89' lang='lat' dir='ltr'><strong>sanguis</strong></span> <span class='ocrx_word' id='word_1_699' title='bbox 1251 5751 1366 5821; x_wconf 89' lang='lat' dir='ltr'><strong>ejus</strong></span> <span class='ocrx_word' id='word_1_700' title='bbox 1395 5751 1448 5804; x_wconf 89' lang='lat' dir='ltr'><strong>in</strong></span> <span class='ocrx_word' id='word_1_701' title='bbox 1479 5750 1671 5806; x_wconf 89' lang='lat' dir='ltr'><strong>remis-</strong></span> 
     </span>
    </p>
   </div>
   <div class='ocr_carea' id='block_1_90' title="bbox 98 5843 1672 5914">
    <p class='ocr_par' dir='ltr' id='par_1_90' title="bbox 98 5843 1672 5914">
     <span class='ocr_line' id='line_1_90' title="bbox 98 5843 1672 5914; baseline -0.002 -14"><span class='ocrx_word' id='word_1_702' title='bbox 98 5847 299 5901; x_wconf 91' lang='lat' dir='ltr'><strong>sionem</strong></span> <span class='ocrx_word' id='word_1_703' title='bbox 349 5854 713 5914; x_wconf 86' lang='lat' dir='ltr'><strong>peccatorum,</strong></span> <span class='ocrx_word' id='word_1_704' title='bbox 749 5845 851 5901; x_wconf 92' lang='lat' dir='ltr'><strong>hoc</strong></span> <span class='ocrx_word' id='word_1_705' title='bbox 881 5853 964 5899; x_wconf 88' lang='lat' dir='ltr'><strong>est</strong></span> <span class='ocrx_word' id='word_1_706' title='bbox 994 5844 1045 5898; x_wconf 91' lang='lat' dir='ltr'><strong>in</strong></span> <span class='ocrx_word' id='word_1_707' title='bbox 1084 5852 1322 5900; x_wconf 88' lang='lat' dir='ltr'><strong>nostram</strong></span> <span class='ocrx_word' id='word_1_708' title='bbox 1366 5843 1672 5900; x_wconf 80' lang='lat' dir='ltr'><strong>inundatio-</strong></span> 
     </span>
    </p>
   </div>
   <div class='ocr_carea' id='block_1_91' title="bbox 1772 3355 2306 3430">
    <p class='ocr_par' dir='ltr' id='par_1_91' title="bbox 1772 3355 2306 3430">
     <span class='ocr_line' id='line_1_91' title="bbox 1772 3355 2306 3430; baseline -0.002 -20"><span class='ocrx_word' id='word_1_709' title='bbox 1772 3355 1987 3427; x_wconf 78' lang='lat' dir='ltr'><strong>(Matth.</strong></span> <span class='ocrx_word' id='word_1_710' title='bbox 2037 3357 2256 3430; x_wconf 85' lang='lat' dir='ltr'><strong>xxvm).</strong></span> <span class='ocrx_word' id='word_1_711' title='bbox 2287 3377 2306 3409; x_wconf 80' lang='grc' dir='ltr'><strong>ι</strong></span> 
     </span>
    </p>
   </div>
   <div class='ocr_carea' id='block_1_92' title="bbox 1846 3447 3358 3521">
    <p class='ocr_par' dir='ltr' id='par_1_92' title="bbox 1846 3447 3358 3521">
     <span class='ocr_line' id='line_1_92' title="bbox 1846 3447 3358 3521; baseline 0.005 -23"><span class='ocrx_word' id='word_1_712' title='bbox 1846 3466 1864 3498; x_wconf 77' lang='grc' dir='ltr'><strong>ι</strong></span> <span class='ocrx_word' id='word_1_713' title='bbox 1896 3447 2097 3506; x_wconf 87' lang='lat' dir='ltr'><strong>Videns</strong></span> <span class='ocrx_word' id='word_1_714' title='bbox 2126 3459 2309 3505; x_wconf 91' lang='lat' dir='ltr'><strong>autem</strong></span> <span class='ocrx_word' id='word_1_715' title='bbox 2342 3451 2608 3517; x_wconf 90' lang='lat' dir='ltr'><strong>centurio,</strong></span> <span class='ocrx_word' id='word_1_716' title='bbox 2637 3451 2728 3521; x_wconf 84' lang='lat' dir='ltr'><strong>qui</strong></span> <span class='ocrx_word' id='word_1_717' title='bbox 2774 3465 2842 3506; x_wconf 85' lang='lat' dir='ltr'><strong>ex</strong></span> <span class='ocrx_word' id='word_1_718' title='bbox 2888 3452 3118 3507; x_wconf 89' lang='lat' dir='ltr'><strong>adverso</strong></span> <span class='ocrx_word' id='word_1_719' title='bbox 3161 3451 3358 3516; x_wconf 86' lang='lat' dir='ltr'><strong>stabat,</strong></span> 
     </span>
    </p>
   </div>
   <div class='ocr_carea' id='block_1_93' title="bbox 1775 3542 3362 3613">
    <p class='ocr_par' dir='ltr' id='par_1_93' title="bbox 1775 3542 3362 3613">
     <span class='ocr_line' id='line_1_93' title="bbox 1775 3542 3362 3613; baseline 0.002 -19"><span class='ocrx_word' id='word_1_720' title='bbox 1775 3562 1795 3594; x_wconf 87' lang='grc'><strong><em>‹</em></strong></span> <span class='ocrx_word' id='word_1_721' title='bbox 1823 3542 1947 3612; x_wconf 91' lang='lat' dir='ltr'><strong>quia</strong></span> <span class='ocrx_word' id='word_1_722' title='bbox 1987 3543 2068 3598; x_wconf 92' lang='lat' dir='ltr'><strong>sic</strong></span> <span class='ocrx_word' id='word_1_723' title='bbox 2097 3542 2338 3598; x_wconf 90' lang='lat' dir='ltr'><strong>clamans</strong></span> <span class='ocrx_word' id='word_1_724' title='bbox 2365 3544 2718 3613; x_wconf 87' lang='lat' dir='ltr'><strong>exspirasset,</strong></span> <span class='ocrx_word' id='word_1_725' title='bbox 2757 3543 2832 3598; x_wconf 94' lang='lat' dir='ltr'><strong>ait</strong></span> <span class='ocrx_word' id='word_1_726' title='bbox 2863 3561 2876 3597; x_wconf 89' lang='lat'><strong>:</strong></span> <span class='ocrx_word' id='word_1_727' title='bbox 2900 3542 3041 3599; x_wconf 85' lang='lat' dir='ltr'><strong>Vere</strong></span> <span class='ocrx_word' id='word_1_728' title='bbox 3087 3543 3174 3597; x_wconf 91' lang='lat' dir='ltr'><strong>hic</strong></span> <span class='ocrx_word' id='word_1_729' title='bbox 3201 3543 3362 3599; x_wconf 89' lang='lat' dir='ltr'><strong>homo</strong></span> 
     </span>
    </p>
   </div>
   <div class='ocr_carea' id='block_1_94' title="bbox 1774 3631 3361 3688">
    <p class='ocr_par' dir='ltr' id='par_1_94' title="bbox 1774 3631 3361 3688">
     <span class='ocr_line' id='line_1_94' title="bbox 1774 3631 3361 3688; baseline 0.003 -4"><span class='ocrx_word' id='word_1_730' title='bbox 1774 3653 1794 3684; x_wconf 83' lang='grc'><em>‹</em></span> <span class='ocrx_word' id='word_1_731' title='bbox 1821 3632 1994 3688; x_wconf 91' lang='lat' dir='ltr'><strong>Filius</strong></span> <span class='ocrx_word' id='word_1_732' title='bbox 2021 3631 2266 3688; x_wconf 92' lang='lat' dir='ltr'><strong>Deierat.</strong></span> <span class='ocrx_word' id='word_1_733' title='bbox 2297 3652 2316 3686; x_wconf 78' lang='grc' dir='ltr'><strong>ι</strong></span> <span class='ocrx_word' id='word_1_734' title='bbox 2336 3631 2620 3688; x_wconf 85' lang='lat' dir='ltr'><strong>Manifesta</strong></span> <span class='ocrx_word' id='word_1_735' title='bbox 2641 3648 2805 3688; x_wconf 88' lang='lat' dir='ltr'><strong>causa</strong></span> <span class='ocrx_word' id='word_1_736' title='bbox 2832 3631 3077 3688; x_wconf 90' lang='lat' dir='ltr'><strong>miraculi</strong></span> <span class='ocrx_word' id='word_1_737' title='bbox 3094 3633 3361 3688; x_wconf 89' lang='lat' dir='ltr'><strong>centurio-</strong></span> 
     </span>
    </p>
   </div>
   <div class='ocr_carea' id='block_1_95' title="bbox 1769 3727 3356 3798">
    <p class='ocr_par' dir='ltr' id='par_1_95' title="bbox 1769 3727 3356 3798">
     <span class='ocr_line' id='line_1_95' title="bbox 1769 3727 3356 3798; baseline 0.001 -16"><span class='ocrx_word' id='word_1_738' title='bbox 1769 3727 1856 3782; x_wconf 90' lang='lat' dir='ltr'><strong>nis</strong></span> <span class='ocrx_word' id='word_1_739' title='bbox 1879 3727 2189 3798; x_wconf 88' lang='lat' dir='ltr'><strong>exponitur,</strong></span> <span class='ocrx_word' id='word_1_740' title='bbox 2218 3727 2362 3798; x_wconf 94' lang='lat' dir='ltr'><strong>quod</strong></span> <span class='ocrx_word' id='word_1_741' title='bbox 2392 3727 2581 3783; x_wconf 91' lang='lat' dir='ltr'><strong>videns</strong></span> <span class='ocrx_word' id='word_1_742' title='bbox 2606 3727 2892 3783; x_wconf 92' lang='lat' dir='ltr'><strong>Dominum</strong></span> <span class='ocrx_word' id='word_1_743' title='bbox 2923 3728 3001 3784; x_wconf 91' lang='lat' dir='ltr'><strong>sic</strong></span> <span class='ocrx_word' id='word_1_744' title='bbox 3030 3728 3356 3798; x_wconf 88' lang='lat' dir='ltr'><strong>exspirasse,</strong></span> 
     </span>
    </p>
   </div>
   <div class='ocr_carea' id='block_1_96' title="bbox 1770 3819 3362 3890">
    <p class='ocr_par' dir='ltr' id='par_1_96' title="bbox 1770 3819 3362 3890">
     <span class='ocr_line' id='line_1_96' title="bbox 1770 3819 3362 3890; baseline 0.002 -17"><span class='ocrx_word' id='word_1_745' title='bbox 1770 3819 1872 3874; x_wconf 94' lang='lat' dir='ltr'><strong>hoc</strong></span> <span class='ocrx_word' id='word_1_746' title='bbox 1899 3828 1985 3876; x_wconf 89' lang='lat' dir='ltr'><strong>est</strong></span> <span class='ocrx_word' id='word_1_747' title='bbox 2019 3819 2268 3890; x_wconf 91' lang='lat' dir='ltr'><strong>spiritum</strong></span> <span class='ocrx_word' id='word_1_748' title='bbox 2303 3819 2565 3886; x_wconf 89' lang='lat' dir='ltr'><strong>emisisse,</strong></span> <span class='ocrx_word' id='word_1_749' title='bbox 2597 3819 2795 3876; x_wconf 90' lang='lat' dir='ltr'><strong>dixerit</strong></span> <span class='ocrx_word' id='word_1_750' title='bbox 2821 3837 2835 3876; x_wconf 90' lang='lat'><strong>:</strong></span> <span class='ocrx_word' id='word_1_751' title='bbox 2867 3839 2886 3872; x_wconf 85' lang='grc' dir='ltr'><strong>ι</strong></span> <span class='ocrx_word' id='word_1_752' title='bbox 2915 3819 3055 3876; x_wconf 87' lang='lat' dir='ltr'><strong>Vere</strong></span> <span class='ocrx_word' id='word_1_753' title='bbox 3078 3822 3240 3876; x_wconf 91' lang='lat' dir='ltr'><strong>homo</strong></span> <span class='ocrx_word' id='word_1_754' title='bbox 3274 3820 3362 3876; x_wconf 90' lang='lat' dir='ltr'><strong>hic</strong></span> 
     </span>
    </p>
   </div>
   <div class='ocr_carea' id='block_1_97' title="bbox 1769 3911 3359 3982">
    <p class='ocr_par' dir='ltr' id='par_1_97' title="bbox 1769 3911 3359 3982">
     <span class='ocr_line' id='line_1_97' title="bbox 1769 3911 3359 3982; baseline 0 -16"><span class='ocrx_word' id='word_1_755' title='bbox 1769 3912 1939 3969; x_wconf 89' lang='lat' dir='ltr'><strong>Filius</strong></span> <span class='ocrx_word' id='word_1_756' title='bbox 1979 3914 2076 3969; x_wconf 91' lang='lat' dir='ltr'><strong>Dei</strong></span> <span class='ocrx_word' id='word_1_757' title='bbox 2126 3923 2262 3969; x_wconf 91' lang='lat' dir='ltr'><strong>erat.</strong></span> <span class='ocrx_word' id='word_1_758' title='bbox 2305 3933 2325 3966; x_wconf 78' lang='grc' dir='ltr'><strong>ι</strong></span> <span class='ocrx_word' id='word_1_759' title='bbox 2384 3911 2574 3969; x_wconf 85' lang='lat' dir='ltr'><strong>Nullus</strong></span> <span class='ocrx_word' id='word_1_760' title='bbox 2626 3913 2772 3969; x_wconf 90' lang='lat' dir='ltr'><strong>enim</strong></span> <span class='ocrx_word' id='word_1_761' title='bbox 2822 3911 2985 3968; x_wconf 87' lang='lat' dir='ltr'><strong>habet</strong></span> <span class='ocrx_word' id='word_1_762' title='bbox 3038 3921 3359 3982; x_wconf 91' lang='lat' dir='ltr'><strong>potestatem</strong></span> 
     </span>
    </p>
   </div>
   <div class='ocr_carea' id='block_1_98' title="bbox 1769 4004 3355 4076">
    <p class='ocr_par' dir='ltr' id='par_1_98' title="bbox 1769 4004 3355 4076">
     <span class='ocr_line' id='line_1_98' title="bbox 1769 4004 3355 4076; baseline -0.001 -16"><span class='ocrx_word' id='word_1_763' title='bbox 1769 4004 2050 4060; x_wconf 90' lang='lat' dir='ltr'><strong>emittendi</strong></span> <span class='ocrx_word' id='word_1_764' title='bbox 2077 4005 2347 4076; x_wconf 90' lang='lat' dir='ltr'><strong>spiritum,</strong></span> <span class='ocrx_word' id='word_1_765' title='bbox 2384 4005 2489 4061; x_wconf 91' lang='lat' dir='ltr'><strong>nisi</strong></span> <span class='ocrx_word' id='word_1_766' title='bbox 2518 4005 2612 4076; x_wconf 92' lang='lat' dir='ltr'><strong>qui</strong></span> <span class='ocrx_word' id='word_1_767' title='bbox 2647 4005 2950 4060; x_wconf 86' lang='lat' dir='ltr'><strong>animarum</strong></span> <span class='ocrx_word' id='word_1_768' title='bbox 2977 4005 3228 4060; x_wconf 91' lang='lat' dir='ltr'><strong>conditor</strong></span> <span class='ocrx_word' id='word_1_769' title='bbox 3254 4013 3355 4060; x_wconf 90' lang='lat' dir='ltr'><strong>est.</strong></span> 
     </span>
    </p>
   </div>
   <div class='ocr_carea' id='block_1_99' title="bbox 1769 4095 3360 4166">
    <p class='ocr_par' dir='ltr' id='par_1_99' title="bbox 1769 4095 3360 4166">
     <span class='ocr_line' id='line_1_99' title="bbox 1769 4095 3360 4166; baseline 0 -16"><span class='ocrx_word' id='word_1_770' title='bbox 1769 4095 1838 4150; x_wconf 90' lang='lat' dir='ltr'><strong>Et</strong></span> <span class='ocrx_word' id='word_1_771' title='bbox 1862 4095 1966 4151; x_wconf 94' lang='lat' dir='ltr'><strong>hoc</strong></span> <span class='ocrx_word' id='word_1_772' title='bbox 1994 4095 2447 4151; x_wconf 90' lang='lat' dir='ltr'><strong>considerandum</strong></span> <span class='ocrx_word' id='word_1_773' title='bbox 2493 4095 2638 4166; x_wconf 85' lang='lat' dir='ltr'><strong>quod</strong></span> <span class='ocrx_word' id='word_1_774' title='bbox 2677 4095 2923 4150; x_wconf 90' lang='lat' dir='ltr'><strong>centurio</strong></span> <span class='ocrx_word' id='word_1_775' title='bbox 2974 4104 3102 4150; x_wconf 90' lang='lat' dir='ltr'><strong>ante</strong></span> <span class='ocrx_word' id='word_1_776' title='bbox 3141 4110 3360 4151; x_wconf 90' lang='lat' dir='ltr'><strong>crucem</strong></span> 
     </span>
    </p>
   </div>
   <div class='ocr_carea' id='block_1_100' title="bbox 1771 4187 3358 4261">
    <p class='ocr_par' dir='ltr' id='par_1_100' title="bbox 1771 4187 3358 4261">
     <span class='ocr_line' id='line_1_100' title="bbox 1771 4187 3358 4261; baseline -0.001 -18"><span class='ocrx_word' id='word_1_777' title='bbox 1771 4189 1826 4243; x_wconf 90' lang='lat' dir='ltr'><strong>in</strong></span> <span class='ocrx_word' id='word_1_778' title='bbox 1854 4189 1970 4260; x_wconf 89' lang='lat' dir='ltr'><strong>ipso</strong></span> <span class='ocrx_word' id='word_1_779' title='bbox 1999 4188 2252 4245; x_wconf 88' lang='lat' dir='ltr'><strong>scandan</strong></span> <span class='ocrx_word' id='word_1_780' title='bbox 2288 4189 2556 4261; x_wconf 92' lang='lat' dir='ltr'><strong>passionis</strong></span> <span class='ocrx_word' id='word_1_781' title='bbox 2582 4189 2695 4243; x_wconf 82' lang='lat' dir='ltr'><strong>veri</strong></span> <span class='ocrx_word' id='word_1_782' title='bbox 2736 4189 2832 4244; x_wconf 89' lang='lat' dir='ltr'><strong>Dei</strong></span> <span class='ocrx_word' id='word_1_783' title='bbox 2870 4187 3069 4244; x_wconf 85' lang='lat' dir='ltr'><strong>Filium</strong></span> <span class='ocrx_word' id='word_1_784' title='bbox 3095 4189 3358 4245; x_wconf 84' lang='lat' dir='ltr'><strong>confitea-</strong></span> 
     </span>
    </p>
   </div>
   <div class='ocr_carea' id='block_1_101' title="bbox 1771 4278 3356 4350">
    <p class='ocr_par' dir='ltr' id='par_1_101' title="bbox 1771 4278 3356 4350">
     <span class='ocr_line' id='line_1_101' title="bbox 1771 4278 3356 4350; baseline -0.001 -14"><span class='ocrx_word' id='word_1_785' title='bbox 1771 4288 1880 4345; x_wconf 92' lang='lat' dir='ltr'><strong>tur,</strong></span> <span class='ocrx_word' id='word_1_786' title='bbox 1920 4288 1978 4336; x_wconf 91' lang='lat' dir='ltr'><strong>et</strong></span> <span class='ocrx_word' id='word_1_787' title='bbox 1999 4280 2163 4335; x_wconf 84' lang='lat' dir='ltr'><strong>Arius</strong></span> <span class='ocrx_word' id='word_1_788' title='bbox 2193 4281 2247 4335; x_wconf 91' lang='lat' dir='ltr'><strong>in</strong></span> <span class='ocrx_word' id='word_1_789' title='bbox 2277 4280 2519 4337; x_wconf 85' lang='lat' dir='ltr'><strong>Ecclesia</strong></span> <span class='ocrx_word' id='word_1_790' title='bbox 2554 4279 2812 4350; x_wconf 85' lang='lat' dir='ltr'><strong>praedicat</strong></span> <span class='ocrx_word' id='word_1_791' title='bbox 2840 4288 3168 4336; x_wconf 89' lang='lat' dir='ltr'><strong>creaturam.</strong></span> <span class='ocrx_word' id='word_1_792' title='bbox 3202 4278 3356 4334; x_wconf 82' lang='lat' dir='ltr'><strong>Unde</strong></span> 
     </span>
    </p>
   </div>
   <div class='ocr_carea' id='block_1_102' title="bbox 1770 4369 3360 4441">
    <p class='ocr_par' dir='ltr' id='par_1_102' title="bbox 1770 4369 3360 4441">
     <span class='ocr_line' id='line_1_102' title="bbox 1770 4369 3360 4441; baseline -0.003 -15"><span class='ocrx_word' id='word_1_793' title='bbox 1770 4371 1966 4427; x_wconf 88' lang='lat' dir='ltr'><strong>merito</strong></span> <span class='ocrx_word' id='word_1_794' title='bbox 2003 4386 2100 4441; x_wconf 91' lang='lat' dir='ltr'><strong>per</strong></span> <span class='ocrx_word' id='word_1_795' title='bbox 2132 4371 2503 4428; x_wconf 90' lang='lat' dir='ltr'><strong>centurionem</strong></span> <span class='ocrx_word' id='word_1_796' title='bbox 2552 4371 2685 4426; x_wconf 87' lang='lat' dir='ltr'><strong>ﬁdes</strong></span> <span class='ocrx_word' id='word_1_797' title='bbox 2725 4369 2982 4426; x_wconf 65' lang='lat' dir='ltr'><strong>Ecclesia:</strong></span> <span class='ocrx_word' id='word_1_798' title='bbox 3022 4371 3360 4440; x_wconf 88' lang='lat' dir='ltr'><strong>designatur,</strong></span> 
     </span>
    </p>
   </div>
   <div class='ocr_carea' id='block_1_103' title="bbox 1772 4457 3354 4535">
    <p class='ocr_par' dir='ltr' id='par_1_103' title="bbox 1772 4457 3354 4535">
     <span class='ocr_line' id='line_1_103' title="bbox 1772 4457 3354 4535; baseline -0.005 -17"><span class='ocrx_word' id='word_1_799' title='bbox 1772 4477 1893 4535; x_wconf 71' lang='lat' dir='ltr'><strong>quae</strong></span> <span class='ocrx_word' id='word_1_800' title='bbox 1919 4463 2004 4519; x_wconf 89' lang='lat' dir='ltr'><strong>vel</strong></span> <span class='ocrx_word' id='word_1_801' title='bbox 2032 4464 2410 4535; x_wconf 88' lang='lat' dir='ltr'><strong>mysteriorum</strong></span> <span class='ocrx_word' id='word_1_802' title='bbox 2438 4461 2742 4518; x_wconf 66' lang='lat' dir='ltr'><strong>caelestium</strong></span> <span class='ocrx_word' id='word_1_803' title='bbox 2767 4476 2865 4531; x_wconf 91' lang='lat' dir='ltr'><strong>per</strong></span> <span class='ocrx_word' id='word_1_804' title='bbox 2891 4469 3120 4514; x_wconf 88' lang='lat' dir='ltr'><strong>mortem</strong></span> <span class='ocrx_word' id='word_1_805' title='bbox 3142 4457 3354 4512; x_wconf 90' lang='lat' dir='ltr'><strong>Domini</strong></span> 
     </span>
    </p>
   </div>
   <div class='ocr_carea' id='block_1_104' title="bbox 1774 4549 3355 4622">
    <p class='ocr_par' dir='ltr' id='par_1_104' title="bbox 1774 4549 3355 4622">
     <span class='ocr_line' id='line_1_104' title="bbox 1774 4549 3355 4622; baseline -0.006 -10"><span class='ocrx_word' id='word_1_806' title='bbox 1774 4565 2036 4622; x_wconf 90' lang='lat' dir='ltr'><strong>reserata,</strong></span> <span class='ocrx_word' id='word_1_807' title='bbox 2079 4557 2336 4612; x_wconf 90' lang='lat' dir='ltr'><strong>continuo</strong></span> <span class='ocrx_word' id='word_1_808' title='bbox 2369 4553 2550 4611; x_wconf 88' lang='lat' dir='ltr'><strong>Iesum</strong></span> <span class='ocrx_word' id='word_1_809' title='bbox 2582 4564 2637 4609; x_wconf 91' lang='lat' dir='ltr'><strong>et</strong></span> <span class='ocrx_word' id='word_1_810' title='bbox 2665 4567 2791 4608; x_wconf 82' lang='lat' dir='ltr'><strong>vere</strong></span> <span class='ocrx_word' id='word_1_811' title='bbox 2811 4550 3020 4619; x_wconf 89' lang='lat' dir='ltr'><strong>justum</strong></span> <span class='ocrx_word' id='word_1_812' title='bbox 3058 4549 3355 4613; x_wconf 89' lang='lat' dir='ltr'><strong>hominem,</strong></span> 
     </span>
    </p>
   </div>
   <div class='ocr_carea' id='block_1_105' title="bbox 1774 4642 3252 4720">
    <p class='ocr_par' dir='ltr' id='par_1_105' title="bbox 1774 4642 3252 4720">
     <span class='ocr_line' id='line_1_105' title="bbox 1774 4642 3252 4720; baseline -0.007 -14"><span class='ocrx_word' id='word_1_813' title='bbox 1774 4661 1830 4707; x_wconf 91' lang='lat' dir='ltr'><strong>et</strong></span> <span class='ocrx_word' id='word_1_814' title='bbox 1855 4667 1982 4707; x_wconf 89' lang='lat' dir='ltr'><strong>vere</strong></span> <span class='ocrx_word' id='word_1_815' title='bbox 2000 4651 2094 4707; x_wconf 89' lang='lat' dir='ltr'><strong>Dei</strong></span> <span class='ocrx_word' id='word_1_816' title='bbox 2123 4650 2342 4715; x_wconf 89' lang='lat' dir='ltr'><strong>Filium,</strong></span> <span class='ocrx_word' id='word_1_817' title='bbox 2373 4649 2656 4720; x_wconf 87' lang='lat' dir='ltr'><strong>Synagoga</strong></span> <span class='ocrx_word' id='word_1_818' title='bbox 2688 4652 2919 4709; x_wconf 91' lang='lat' dir='ltr'><strong>tacente,</strong></span> <span class='ocrx_word' id='word_1_819' title='bbox 2948 4642 3252 4698; x_wconf 83' lang='lat' dir='ltr'><strong>conﬁrmat.</strong></span> 
     </span>
    </p>
   </div>
   <div class='ocr_carea' id='block_1_106' title="bbox 1851 4734 3359 4805">
    <p class='ocr_par' dir='ltr' id='par_1_106' title="bbox 1851 4734 3359 4805">
     <span class='ocr_line' id='line_1_106' title="bbox 1851 4734 3359 4805; baseline -0.003 -12"><span class='ocrx_word' id='word_1_820' title='bbox 1851 4763 1868 4793; x_wconf 86' lang='grc' dir='ltr'><strong>ι</strong></span> <span class='ocrx_word' id='word_1_821' title='bbox 1899 4744 2064 4800; x_wconf 86' lang='lat' dir='ltr'><strong>Erant</strong></span> <span class='ocrx_word' id='word_1_822' title='bbox 2093 4751 2274 4797; x_wconf 91' lang='lat' dir='ltr'><strong>autem</strong></span> <span class='ocrx_word' id='word_1_823' title='bbox 2315 4750 2369 4795; x_wconf 90' lang='lat' dir='ltr'><strong>et</strong></span> <span class='ocrx_word' id='word_1_824' title='bbox 2408 4739 2662 4794; x_wconf 86' lang='lat' dir='ltr'><strong>mulieres</strong></span> <span class='ocrx_word' id='word_1_825' title='bbox 2705 4737 2772 4792; x_wconf 90' lang='lat' dir='ltr'><strong>de</strong></span> <span class='ocrx_word' id='word_1_826' title='bbox 2815 4735 2971 4805; x_wconf 88' lang='lat' dir='ltr'><strong>longe</strong></span> <span class='ocrx_word' id='word_1_827' title='bbox 3016 4734 3359 4805; x_wconf 88' lang='lat' dir='ltr'><strong>aspicientes,</strong></span> 
     </span>
    </p>
   </div>
   <div class='ocr_carea' id='block_1_107' title="bbox 1782 4823 3360 4903">
    <p class='ocr_par' dir='ltr' id='par_1_107' title="bbox 1782 4823 3360 4903">
     <span class='ocr_line' id='line_1_107' title="bbox 1782 4823 3360 4903; baseline -0.003 -17"><span class='ocrx_word' id='word_1_828' title='bbox 1782 4854 1800 4885; x_wconf 84' lang='grc'><em>‹</em></span> <span class='ocrx_word' id='word_1_829' title='bbox 1834 4835 1974 4887; x_wconf 91' lang='lat' dir='ltr'><strong>inter</strong></span> <span class='ocrx_word' id='word_1_830' title='bbox 2004 4847 2140 4903; x_wconf 91' lang='lat' dir='ltr'><strong>quas</strong></span> <span class='ocrx_word' id='word_1_831' title='bbox 2167 4840 2288 4888; x_wconf 90' lang='lat' dir='ltr'><strong>erat</strong></span> <span class='ocrx_word' id='word_1_832' title='bbox 2317 4829 2486 4884; x_wconf 89' lang='lat' dir='ltr'><strong>Maria</strong></span> <span class='ocrx_word' id='word_1_833' title='bbox 2522 4827 2834 4898; x_wconf 83' lang='lat' dir='ltr'><strong>Magdalene</strong></span> <span class='ocrx_word' id='word_1_834' title='bbox 2859 4868 2874 4892; x_wconf 93' lang='lat'><strong>,</strong></span> <span class='ocrx_word' id='word_1_835' title='bbox 2902 4836 2956 4883; x_wconf 92' lang='lat' dir='ltr'><strong>et</strong></span> <span class='ocrx_word' id='word_1_836' title='bbox 2982 4826 3149 4881; x_wconf 84' lang='lat' dir='ltr'><strong>Maria</strong></span> <span class='ocrx_word' id='word_1_837' title='bbox 3175 4823 3360 4882; x_wconf 81' lang='lat' dir='ltr'><strong>Jacobi</strong></span> 
     </span>
    </p>
   </div>
   <div class='ocr_carea' id='block_1_108' title="bbox 1782 4917 3361 4992">
    <p class='ocr_par' dir='ltr' id='par_1_108' title="bbox 1782 4917 3361 4992">
     <span class='ocr_line' id='line_1_108' title="bbox 1782 4917 3361 4992; baseline -0.003 -16"><span class='ocrx_word' id='word_1_838' title='bbox 1782 4945 1799 4976; x_wconf 79' lang='grc' dir='ltr'><strong>ι</strong></span> <span class='ocrx_word' id='word_1_839' title='bbox 1831 4925 2088 4989; x_wconf 90' lang='lat' dir='ltr'><strong>minoris,</strong></span> <span class='ocrx_word' id='word_1_840' title='bbox 2131 4931 2187 4978; x_wconf 93' lang='lat' dir='ltr'><strong>et</strong></span> <span class='ocrx_word' id='word_1_841' title='bbox 2231 4921 2430 4992; x_wconf 88' lang='lat' dir='ltr'><strong>Ioseph</strong></span> <span class='ocrx_word' id='word_1_842' title='bbox 2481 4927 2686 4984; x_wconf 91' lang='lat' dir='ltr'><strong>mater,</strong></span> <span class='ocrx_word' id='word_1_843' title='bbox 2735 4927 2791 4973; x_wconf 93' lang='lat' dir='ltr'><strong>et</strong></span> <span class='ocrx_word' id='word_1_844' title='bbox 2845 4917 3080 4975; x_wconf 90' lang='lat' dir='ltr'><strong>Salome.</strong></span> <span class='ocrx_word' id='word_1_845' title='bbox 3134 4917 3198 4971; x_wconf 90' lang='lat' dir='ltr'><strong>Et</strong></span> <span class='ocrx_word' id='word_1_846' title='bbox 3239 4933 3361 4973; x_wconf 93' lang='lat' dir='ltr'><strong>cum</strong></span> 
     </span>
    </p>
   </div>
   <div class='ocr_carea' id='block_1_109' title="bbox 1783 5008 3363 5082">
    <p class='ocr_par' dir='ltr' id='par_1_109' title="bbox 1783 5008 3363 5082">
     <span class='ocr_line' id='line_1_109' title="bbox 1783 5008 3363 5082; baseline -0.002 -16"><span class='ocrx_word' id='word_1_847' title='bbox 1783 5035 1800 5066; x_wconf 80' lang='grc' dir='ltr'><strong>ι</strong></span> <span class='ocrx_word' id='word_1_848' title='bbox 1833 5023 1980 5071; x_wconf 90' lang='lat' dir='ltr'><strong>esset</strong></span> <span class='ocrx_word' id='word_1_849' title='bbox 2005 5015 2060 5068; x_wconf 92' lang='lat' dir='ltr'><strong>in</strong></span> <span class='ocrx_word' id='word_1_850' title='bbox 2085 5013 2324 5079; x_wconf 66' lang='lat' dir='ltr'><strong>Galil-aea,</strong></span> <span class='ocrx_word' id='word_1_851' title='bbox 2355 5011 2723 5082; x_wconf 90' lang='lat' dir='ltr'><strong>sequebantur</strong></span> <span class='ocrx_word' id='word_1_852' title='bbox 2753 5024 2875 5064; x_wconf 90' lang='lat' dir='ltr'><strong>eum</strong></span> <span class='ocrx_word' id='word_1_853' title='bbox 2903 5017 2958 5064; x_wconf 87' lang='lat' dir='ltr'><strong>et</strong></span> <span class='ocrx_word' id='word_1_854' title='bbox 2982 5008 3363 5064; x_wconf 90' lang='lat' dir='ltr'><strong>ministrabant</strong></span> 
     </span>
    </p>
   </div>
   <div class='ocr_carea' id='block_1_110' title="bbox 1785 5099 3360 5170">
    <p class='ocr_par' dir='ltr' id='par_1_110' title="bbox 1785 5099 3360 5170">
     <span class='ocr_line' id='line_1_110' title="bbox 1785 5099 3360 5170; baseline -0.002 -13"><span class='ocrx_word' id='word_1_855' title='bbox 1785 5125 1801 5157; x_wconf 88' lang='grc'>‹</span> <span class='ocrx_word' id='word_1_856' title='bbox 1831 5106 1901 5160; x_wconf 91' lang='lat' dir='ltr'><strong>ei.</strong></span> <span class='ocrx_word' id='word_1_857' title='bbox 1960 5125 1976 5154; x_wconf 76' lang='grc' dir='ltr'><strong>ι</strong></span> <span class='ocrx_word' id='word_1_858' title='bbox 2033 5103 2290 5161; x_wconf 89' lang='lat' dir='ltr'><strong>Iacobum</strong></span> <span class='ocrx_word' id='word_1_859' title='bbox 2343 5103 2608 5157; x_wconf 88' lang='lat' dir='ltr'><strong>minorem</strong></span> <span class='ocrx_word' id='word_1_860' title='bbox 2651 5101 2782 5157; x_wconf 91' lang='lat' dir='ltr'><strong>dicit</strong></span> <span class='ocrx_word' id='word_1_861' title='bbox 2821 5099 3080 5156; x_wconf 87' lang='lat' dir='ltr'><strong>Iacobum</strong></span> <span class='ocrx_word' id='word_1_862' title='bbox 3134 5099 3360 5170; x_wconf 69' lang='lat' dir='ltr'><strong>Alphaei,</strong></span> 
     </span>
    </p>
   </div>
   <div class='ocr_carea' id='block_1_111' title="bbox 1780 5192 3363 5265">
    <p class='ocr_par' dir='ltr' id='par_1_111' title="bbox 1780 5192 3363 5265">
     <span class='ocr_line' id='line_1_111' title="bbox 1780 5192 3363 5265; baseline 0.001 -18"><span class='ocrx_word' id='word_1_863' title='bbox 1780 5196 1870 5265; x_wconf 85' lang='lat' dir='ltr'><strong>qui</strong></span> <span class='ocrx_word' id='word_1_864' title='bbox 1899 5205 1952 5250; x_wconf 87' lang='lat' dir='ltr'><strong>et</strong></span> <span class='ocrx_word' id='word_1_865' title='bbox 1991 5195 2157 5249; x_wconf 89' lang='lat' dir='ltr'><strong>frater</strong></span> <span class='ocrx_word' id='word_1_866' title='bbox 2186 5193 2398 5250; x_wconf 91' lang='lat' dir='ltr'><strong>Domini</strong></span> <span class='ocrx_word' id='word_1_867' title='bbox 2431 5192 2732 5259; x_wconf 89' lang='lat' dir='ltr'><strong>dicebatur,</strong></span> <span class='ocrx_word' id='word_1_868' title='bbox 2760 5207 2826 5247; x_wconf 89' lang='lat' dir='ltr'><strong>eo</strong></span> <span class='ocrx_word' id='word_1_869' title='bbox 2846 5192 2989 5262; x_wconf 86' lang='lat' dir='ltr'><strong>quod</strong></span> <span class='ocrx_word' id='word_1_870' title='bbox 3027 5201 3171 5248; x_wconf 89' lang='lat' dir='ltr'><strong>esset</strong></span> <span class='ocrx_word' id='word_1_871' title='bbox 3221 5192 3363 5248; x_wconf 87' lang='lat' dir='ltr'><strong>ﬁlius</strong></span> 
     </span>
    </p>
   </div>
   <div class='ocr_carea' id='block_1_112' title="bbox 1780 5282 3363 5355">
    <p class='ocr_par' dir='ltr' id='par_1_112' title="bbox 1780 5282 3363 5355">
     <span class='ocr_line' id='line_1_112' title="bbox 1780 5282 3363 5355; baseline -0.003 -14"><span class='ocrx_word' id='word_1_872' title='bbox 1780 5287 1963 5342; x_wconf 71' lang='lat' dir='ltr'><strong>Maria:</strong></span> <span class='ocrx_word' id='word_1_873' title='bbox 1997 5294 2304 5342; x_wconf 68' lang='lat' dir='ltr'><strong>matertera:</strong></span> <span class='ocrx_word' id='word_1_874' title='bbox 2349 5284 2583 5352; x_wconf 87' lang='lat' dir='ltr'><strong>Domini,</strong></span> <span class='ocrx_word' id='word_1_875' title='bbox 2629 5283 2784 5354; x_wconf 86' lang='lat' dir='ltr'><strong>cujus</strong></span> <span class='ocrx_word' id='word_1_876' title='bbox 2826 5285 2883 5339; x_wconf 93' lang='lat' dir='ltr'><strong>in</strong></span> <span class='ocrx_word' id='word_1_877' title='bbox 2923 5282 3214 5355; x_wconf 81' lang='lat' dir='ltr'><strong>Evangelia</strong></span> <span class='ocrx_word' id='word_1_878' title='bbox 3267 5299 3363 5338; x_wconf 90' lang='lat' dir='ltr'><strong>suo</strong></span> 
     </span>
    </p>
   </div>
   <div class='ocr_carea' id='block_1_113' title="bbox 1780 5375 3365 5445">
    <p class='ocr_par' dir='ltr' id='par_1_113' title="bbox 1780 5375 3365 5445">
     <span class='ocr_line' id='line_1_113' title="bbox 1780 5375 3365 5445; baseline -0.001 -13"><span class='ocrx_word' id='word_1_879' title='bbox 1780 5379 2027 5433; x_wconf 89' lang='lat' dir='ltr'><strong>meminit</strong></span> <span class='ocrx_word' id='word_1_880' title='bbox 2075 5377 2332 5444; x_wconf 91' lang='lat' dir='ltr'><strong>Ioannes,</strong></span> <span class='ocrx_word' id='word_1_881' title='bbox 2385 5378 2570 5434; x_wconf 88' lang='lat' dir='ltr'><strong>dicens</strong></span> <span class='ocrx_word' id='word_1_882' title='bbox 2606 5395 2620 5432; x_wconf 94' lang='lat'><strong>:</strong></span> <span class='ocrx_word' id='word_1_883' title='bbox 2664 5397 2684 5430; x_wconf 75' lang='grc' dir='ltr'><strong>ι</strong></span> <span class='ocrx_word' id='word_1_884' title='bbox 2719 5376 2951 5432; x_wconf 86' lang='lat' dir='ltr'><strong>Stabant</strong></span> <span class='ocrx_word' id='word_1_885' title='bbox 2989 5388 3168 5434; x_wconf 90' lang='lat' dir='ltr'><strong>autem</strong></span> <span class='ocrx_word' id='word_1_886' title='bbox 3207 5375 3365 5445; x_wconf 82' lang='lat' dir='ltr'><strong>juxta</strong></span> 
     </span>
    </p>
   </div>
   <div class='ocr_carea' id='block_1_114' title="bbox 1779 5467 3363 5543">
    <p class='ocr_par' dir='ltr' id='par_1_114' title="bbox 1779 5467 3363 5543">
     <span class='ocr_line' id='line_1_114' title="bbox 1779 5467 3363 5543; baseline -0.003 -16"><span class='ocrx_word' id='word_1_887' title='bbox 1779 5487 1995 5528; x_wconf 90' lang='lat' dir='ltr'><strong>crucem</strong></span> <span class='ocrx_word' id='word_1_888' title='bbox 2021 5471 2149 5528; x_wconf 90' lang='lat' dir='ltr'><strong>Iesu</strong></span> <span class='ocrx_word' id='word_1_889' title='bbox 2194 5481 2368 5528; x_wconf 88' lang='lat' dir='ltr'><strong>mater</strong></span> <span class='ocrx_word' id='word_1_890' title='bbox 2393 5473 2531 5543; x_wconf 89' lang='lat' dir='ltr'><strong>ejus,</strong></span> <span class='ocrx_word' id='word_1_891' title='bbox 2561 5481 2616 5528; x_wconf 91' lang='lat' dir='ltr'><strong>et</strong></span> <span class='ocrx_word' id='word_1_892' title='bbox 2652 5487 2807 5528; x_wconf 90' lang='lat' dir='ltr'><strong>soror</strong></span> <span class='ocrx_word' id='word_1_893' title='bbox 2832 5470 3024 5526; x_wconf 91' lang='lat' dir='ltr'><strong>matris</strong></span> <span class='ocrx_word' id='word_1_894' title='bbox 3053 5469 3169 5540; x_wconf 91' lang='lat' dir='ltr'><strong>ejus</strong></span> <span class='ocrx_word' id='word_1_895' title='bbox 3197 5467 3363 5522; x_wconf 85' lang='lat' dir='ltr'><strong>Maria</strong></span> 
     </span>
    </p>
   </div>
   <div class='ocr_carea' id='block_1_115' title="bbox 1779 5558 3365 5636">
    <p class='ocr_par' dir='ltr' id='par_1_115' title="bbox 1779 5558 3365 5636">
     <span class='ocr_line' id='line_1_115' title="bbox 1779 5558 3365 5636; baseline -0.004 -17"><span class='ocrx_word' id='word_1_896' title='bbox 1779 5564 2046 5634; x_wconf 81' lang='lat' dir='ltr'><strong>Cleophae.</strong></span> <span class='ocrx_word' id='word_1_897' title='bbox 2083 5585 2100 5615; x_wconf 74' lang='grc' dir='ltr'><strong>ι</strong></span> <span class='ocrx_word' id='word_1_898' title='bbox 2143 5563 2363 5619; x_wconf 86' lang='lat' dir='ltr'><strong>Mariam</strong></span> <span class='ocrx_word' id='word_1_899' title='bbox 2393 5573 2573 5620; x_wconf 89' lang='lat' dir='ltr'><strong>autem</strong></span> <span class='ocrx_word' id='word_1_900' title='bbox 2599 5564 2852 5636; x_wconf 63' lang='lat' dir='ltr'><strong>Cleophaa</strong></span> <span class='ocrx_word' id='word_1_901' title='bbox 2879 5578 3000 5619; x_wconf 92' lang='lat' dir='ltr'><strong>eam</strong></span> <span class='ocrx_word' id='word_1_902' title='bbox 3044 5561 3257 5616; x_wconf 87' lang='lat' dir='ltr'><strong>videtur</strong></span> <span class='ocrx_word' id='word_1_903' title='bbox 3288 5558 3365 5613; x_wconf 86' lang='lat' dir='ltr'><strong>di-</strong></span> 
     </span>
    </p>
   </div>
   <div class='ocr_carea' id='block_1_116' title="bbox 1780 5651 3361 5730">
    <p class='ocr_par' dir='ltr' id='par_1_116' title="bbox 1780 5651 3361 5730">
     <span class='ocr_line' id='line_1_116' title="bbox 1780 5651 3361 5730; baseline -0.006 -16"><span class='ocrx_word' id='word_1_904' title='bbox 1780 5673 1904 5714; x_wconf 91' lang='lat' dir='ltr'><strong>cere</strong></span> <span class='ocrx_word' id='word_1_905' title='bbox 1945 5674 1976 5713; x_wconf 92' lang='lat' dir='ltr'><strong>a</strong></span> <span class='ocrx_word' id='word_1_906' title='bbox 2003 5666 2179 5728; x_wconf 90' lang='lat' dir='ltr'><strong>patre,</strong></span> <span class='ocrx_word' id='word_1_907' title='bbox 2227 5660 2340 5713; x_wconf 88' lang='lat' dir='ltr'><strong>sive</strong></span> <span class='ocrx_word' id='word_1_908' title='bbox 2374 5657 2712 5730; x_wconf 89' lang='lat' dir='ltr'><strong>cognatione.</strong></span> <span class='ocrx_word' id='word_1_909' title='bbox 2749 5656 2989 5712; x_wconf 87' lang='lat' dir='ltr'><strong>Vocabat</strong></span> <span class='ocrx_word' id='word_1_910' title='bbox 3027 5667 3154 5708; x_wconf 88' lang='lat' dir='ltr'><strong>vero</strong></span> <span class='ocrx_word' id='word_1_911' title='bbox 3184 5651 3361 5706; x_wconf 91' lang='lat' dir='ltr'><strong>mino-</strong></span> 
     </span>
    </p>
   </div>
   <div class='ocr_carea' id='block_1_117' title="bbox 1783 5742 3359 5816">
    <p class='ocr_par' dir='ltr' id='par_1_117' title="bbox 1783 5742 3359 5816">
     <span class='ocr_line' id='line_1_117' title="bbox 1783 5742 3359 5816; baseline -0.005 -11"><span class='ocrx_word' id='word_1_912' title='bbox 1783 5767 1894 5806; x_wconf 91' lang='lat' dir='ltr'><strong>rem</strong></span> <span class='ocrx_word' id='word_1_913' title='bbox 1948 5751 2246 5816; x_wconf 86' lang='lat' dir='ltr'><strong>Iacobum,</strong></span> <span class='ocrx_word' id='word_1_914' title='bbox 2305 5753 2372 5807; x_wconf 88' lang='lat' dir='ltr'><strong>ad</strong></span> <span class='ocrx_word' id='word_1_915' title='bbox 2422 5751 2820 5807; x_wconf 89' lang='lat' dir='ltr'><strong>distinctionem</strong></span> <span class='ocrx_word' id='word_1_916' title='bbox 2870 5745 3090 5814; x_wconf 89' lang='lat' dir='ltr'><strong>majoris</strong></span> <span class='ocrx_word' id='word_1_917' title='bbox 3134 5742 3359 5808; x_wconf 83' lang='lat' dir='ltr'><strong>Jacobi,</strong></span> 
     </span>
    </p>
   </div>
   <div class='ocr_carea' id='block_1_118' title="bbox 1781 5834 3360 5911">
    <p class='ocr_par' dir='ltr' id='par_1_118' title="bbox 1781 5834 3360 5911">
     <span class='ocr_line' id='line_1_118' title="bbox 1781 5834 3360 5911; baseline -0.002 -16"><span class='ocrx_word' id='word_1_918' title='bbox 1781 5840 2030 5898; x_wconf 87' lang='lat' dir='ltr'><strong>videlicet</strong></span> <span class='ocrx_word' id='word_1_919' title='bbox 2073 5840 2167 5896; x_wconf 88' lang='lat' dir='ltr'><strong>ﬁlii</strong></span> <span class='ocrx_word' id='word_1_920' title='bbox 2211 5839 2478 5908; x_wconf 66' lang='lat' dir='ltr'><strong>Zebedaai,</strong></span> <span class='ocrx_word' id='word_1_921' title='bbox 2525 5840 2618 5911; x_wconf 90' lang='lat' dir='ltr'><strong>qui</strong></span> <span class='ocrx_word' id='word_1_922' title='bbox 2666 5840 2809 5896; x_wconf 88' lang='lat' dir='ltr'><strong>inter</strong></span> <span class='ocrx_word' id='word_1_923' title='bbox 2847 5838 3051 5907; x_wconf 89' lang='lat' dir='ltr'><strong>primos</strong></span> <span class='ocrx_word' id='word_1_924' title='bbox 3092 5834 3360 5906; x_wconf 88' lang='lat' dir='ltr'><strong>apostolos</strong></span> 
     </span>
    </p>
   </div>
  </div>
