3934 6346
569 455 677 510 M9

1207 449 1560 508 HAYMONIS
1595 449 2073 508 HALBERSTAT.
2115 440 2327 505 EPISC.
2368 446 2517 506 OPP.
2559 451 2736 508 PARS
2772 452 2837 508 ll.
2878 483 2947 495 —
2987 454 3218 511 HOMlL.

3778 458 3889 513 ἐῶ

564 574 789 623 vocatus
814 572 897 620 est
920 579 952 618 a
974 563 1201 620 Domino
1235 572 1291 618 et
1319 564 1543 622 electus.
1593 565 2010 623 Consuetudinis
2047 583 2141 623 au-
2168 565 2217 625 A
2246 563 2610 620 ministrandi.
2660 564 2775 621 Non
2806 568 2951 622 enim
2978 568 3202 638 quilibet
3227 569 3446 641 ignotus
3465 611 3483 637 ,
3513 580 3635 626 aut
3667 575 3883 628 medio—

568 665 675 713 tem
718 656 951 714 Iudaicae
991 662 1093 721 est,
1138 670 1242 712 nec
1285 657 1582 714 ducebatur
1624 658 1679 713 in
1729 658 1963 729 culpam,
1997 677 2147 717 more

563 749 738 821 gentis
765 750 1018 819 antiquae,
1044 755 1105 804 ut
1124 749 1380 806 mulieres
1401 752 1465 807 de
1491 752 1789 808 substantia
1818 769 1915 809 sua
1945 754 2146 811 victum

562 850 617 898 et
662 840 1035 897 vestimentum
1104 843 1521 913 praeceptoribus
1582 843 1969 903 ministrarent.
2032 846 2149 904 Hoc

565 933 689 1004 quia
719 932 1030 990 scandalum
1060 933 1242 991 facere
1281 945 1493 1007 poterat
1528 937 1581 992 in
1624 938 1954 1008 nationibus,
2008 939 2147 997 Pau-

559 1025 642 1081 lus
669 1025 929 1095 abjecisse
963 1041 1021 1083 se
1066 1037 1333 1085 memorat
1362 1048 1375 1084 :
1419 1048 1436 1081 ι
1467 1030 1717 1103 Nunquid
1748 1048 1856 1089 non
1885 1030 2149 1095 habemus

567 1123 890 1187 potestatem
948 1132 1162 1175 sorores
1214 1120 1467 1177 mulieres
1492 1123 1954 1190 circumducendi,
2007 1128 2150 1184 sicut

557 1208 738 1263 caeteri
784 1209 1013 1279 apostoli
1042 1210 1291 1267 faciunt?
1324 1232 1340 1264 ι
1389 1213 1438 1284 (1
1472 1212 1595 1271 Cor.
1628 1215 1729 1289 rx.)
1771 1217 2149 1277 Ministrabant

557 1308 740 1356 autem
772 1300 1001 1356 Domino
1029 1301 1097 1358 de
1133 1303 1433 1360 substantia
1462 1321 1579 1369 sua,
1608 1318 1668 1361 ut
1694 1315 1926 1365 meteret
1959 1324 2147 1367 earum

556 1393 795 1455 carnalia
813 1435 828 1459 ,
852 1395 1005 1465 cujus
1035 1392 1139 1449 illae
1164 1395 1435 1451 metebant
1459 1397 1742 1467 spiritalia.
1794 1398 1909 1456 Non
1933 1416 2040 1473 quo
2065 1401 2149 1456 in-

556 1482 765 1554 digeret
807 1484 942 1539 cibis
979 1484 1235 1541 Dominus
1279 1495 1674 1553 creaturarum,
1719 1490 1813 1546 sed
1857 1498 1916 1545 ut
1959 1500 2146 1564 typum

556 1574 866 1629 ostenderet
893 1575 1294 1647 magistrorum,
1335 1580 1477 1648 quod
1511 1578 1653 1635 victu
1676 1588 1839 1653 atque
1862 1583 2056 1638 vestitu
2077 1599 2146 1639 ex

558 1664 838 1736 discipulis
865 1666 1123 1722 deberent
1145 1682 1266 1724 esse
1288 1669 1546 1726 contenti.
1589 1669 1692 1727 Sed
1716 1672 1994 1731 videamus
2016 1691 2148 1748 qua-

557 1754 637 1812 les
676 1756 903 1813 comites
937 1757 1180 1814 habuerit
1214 1776 1228 1813 :
1258 1759 1480 1817 Mariam
1529 1761 1916 1834 Magdalenam,
1966 1781 1999 1822 a
2039 1782 2146 1837 qua

557 1856 763 1918 septem
785 1851 1047 1906 daemonia
1068 1851 1321 1922 ejeceiat,
1349 1863 1404 1909 et
1424 1853 1646 1911 Mariam
1665 1855 1847 1914 Jacobi
1872 1868 1926 1915 et
1948 1858 2145 1931 Ioseph

2249 656 2358 712 eris
2381 656 2447 711 ad
2478 658 2759 728 praesidem
2785 659 3065 727 accedere,
3095 669 3151 717 et
3182 661 3430 719 cruciﬁxi
3455 679 3690 737 corpus
3731 677 3883 736 pote-

2249 757 2332 803 rat
2367 748 2679 819 impetrare.

2323 856 2343 890 ι
2376 836 2573 910 Ioseph
2608 850 2788 898 autem
2818 851 3091 900 mercatus
3126 845 3404 903 sindonem
3430 888 3447 913 ,
3482 856 3543 904 et
3579 848 3871 919 deponens

2254 946 2274 980 ι
2302 944 2445 996 eum,
2474 930 2697 987 involvit
2724 932 2778 988 in
2803 934 3050 989 sindone.
3089 955 3107 988 ι
3154 934 3221 991 Ει
3264 951 3332 992 ex
3376 937 3641 1009 simplici
3691 942 3869 1012 εενυιο

2248 1030 2368 1078 tura
2396 1024 2607 1080 Domini
2646 1026 2868 1083 ambitio
2896 1027 3120 1083 divitum
3160 1028 3592 1095 condemnatur,
3635 1032 3741 1103 qui
3770 1050 3862 1089 nec

2248 1115 2303 1170 in
2331 1115 2552 1171 tumulis
2586 1117 2804 1187 quidem
2853 1127 3083 1188 possunt
3124 1133 3310 1174 carere
3350 1120 3599 1178 divitiis.
3667 1121 3861 1182 Possu-

2248 1226 2369 1267 mus
2390 1219 2569 1268 autem
2591 1211 2745 1283 juxta
2780 1211 3189 1284 intelligentiam
3218 1212 3519 1285 spiritalem
3571 1217 3698 1275 hoc
3744 1235 3857 1274 seno

2248 1298 2385 1365 tire,
2419 1300 2559 1371 quod
2590 1316 2786 1373 corpus
2813 1302 3023 1359 Domini
3055 1318 3164 1359 non
3193 1319 3356 1371 auro,
3393 1321 3586 1376 neque
3636 1313 3859 1379 gemmis

2247 1400 2304 1449 et
2349 1390 2555 1458 serico,
2616 1394 2710 1450 sed
2764 1394 3076 1451 linteamine
3125 1412 3317 1466 purum
3364 1398 3715 1455 obvolutum
3762 1405 3853 1463 sit,

2246 1499 2573 1555 quamquam
2613 1494 2668 1541 et
2708 1486 2807 1541 hoc
2846 1484 3131 1557 signiﬁcet,
3180 1488 3322 1558 quod
3374 1488 3464 1544 ille
3514 1491 3581 1545 in
3636 1492 3853 1550 sindose

2248 1576 2445 1633 munda
2481 1577 2703 1633 involvit
2726 1577 2934 1645 Iesum,
2962 1579 3056 1650 qui
3082 1594 3227 1650 pura
3271 1592 3455 1639 mente
3486 1598 3631 1638 eum
3675 1600 3846 1642 susce-

2246 1666 2405 1738 perit.
2458 1666 2595 1722 Hinc
2652 1666 2910 1723 Ecclesia:
2953 1684 3070 1724 mos
3120 1669 3350 1724 obtinuit
3403 1680 3465 1726 ut
3514 1672 3843 1729 sacriﬁcium

2246 1759 2451 1826 altaris,
2482 1776 2590 1817 non
2627 1760 2681 1814 in
2721 1760 2917 1825 serico,
2957 1774 3131 1830 neque
3169 1761 3224 1817 in
3272 1778 3454 1833 panno
3503 1765 3716 1833 tincto,
3762 1768 3839 1822 sed

2246 1850 2302 1906 in
2328 1849 2437 1905 lino
2465 1857 2681 1905 terreno
2716 1849 3038 1917 celebretur,
3079 1851 3217 1906 sicut
3256 1867 3457 1924 corpus
3504 1852 3735 1911 Domini
3773 1867 3840 1911 est

556 1947 903 1997 materteram
937 1936 1088 1998 suam
1108 1984 1123 2010 ,
1155 1952 1206 1999 et
1233 1944 1368 2002 alias
1393 1962 1529 2017 quas
1562 1947 1616 2003 in
1650 1950 1859 2007 caeteris
1891 1951 2138 2025 Evange-

2249 1941 2299 1996 in
2360 1941 2589 1997 sindone
2634 1940 2833 1996 munda
2874 1939 3159 2012 sepultum,
3209 1942 3362 2014 juxta
3396 1946 3547 2015 quod
3594 1945 3655 2000 in
3693 1951 3840 2019 gestis

554 2029 640 2087 liis
663 2030 911 2103 legimus.

631 2145 650 2178 ι
681 2125 748 2183 Ει
792 2143 913 2184 cum
946 2128 1061 2201 jam
1099 2146 1222 2189 sero
1263 2141 1412 2191 esset
1432 2133 1655 2204 factum,
1682 2141 1809 2208 quia
1832 2147 1952 2195 erat
1978 2154 2137 2211 para-

561 2235 579 2269 r
615 2234 796 2286 sceve,
827 2221 969 2290 quod
999 2231 1082 2277 est
1114 2231 1240 2278 ante
1285 2224 1587 2292 sabbatum,
1639 2228 1785 2283 venit
1831 2228 2030 2301 Ioseph
2073 2233 2141 2289 ab

558 2328 578 2363 σ
614 2310 943 2367 Arimathaea
970 2355 985 2380 ,
1036 2314 1231 2370 nobilis
1277 2315 1516 2373 decurio.
1549 2337 1567 2371 ι
1620 2319 1849 2377 Decurio
1896 2332 2139 2390 vocatur,

552 2402 645 2473 qui
681 2404 752 2458 sit
774 2404 839 2459 de
866 2406 1057 2462 ordine
1094 2408 1282 2477 curia},
1331 2420 1388 2466 et
1429 2410 1661 2468 ofﬁcium
1709 2416 1874 2471 curiae
1919 2416 2145 2473 admini-

552 2502 711 2560 stret,
738 2495 829 2565 qui
858 2496 1020 2553 etiam
1043 2499 1265 2557 curialis
1289 2516 1321 2555 a
1349 2503 1688 2572 procurando
1710 2521 1936 2561 munera
1961 2505 2141 2563 civilia

551 2586 690 2642 solet
728 2589 1007 2659 appellari.
1065 2591 1395 2650 Arimatbaea
1433 2605 1613 2653 autem
1650 2598 1767 2668 ipsa
1807 2609 1891 2655 est
1938 2599 2143 2656 Rama-

556 2677 747 2745 thaim,
783 2680 977 2736 civitas
1018 2682 1237 2739 Eleans:
1275 2694 1331 2739 et
1361 2685 1645 2752 Samuelis,
1679 2687 1734 2743 in
1764 2689 1981 2759 regione
2004 2689 2145 2745 Cha-

551 2769 785 2825 nanitica
806 2768 962 2838 juxta
990 2771 1305 2843 Diospolim,
1335 2783 1635 2849 παρασκιυή
1663 2793 1792 2834 vero
1808 2777 2014 2846 Grece,
2043 2778 2146 2836 La-

554 2860 664 2914 tine
687 2864 1006 2931 prwparatio
1029 2863 1250 2932 dicitur,
1283 2882 1391 2937 quo
1420 2869 1634 2926 nomine
1662 2869 1855 2939 Iudaei,
1882 2872 1974 2942 qui
2003 2872 2147 2931 inter

552 2949 771 3007 Graecos
800 2955 1174 3023 morabantur,
1207 2966 1419 3013 sextam
1447 2960 1656 3016 sabbati
1678 2962 2050 3032 appellabant,
2078 2978 2144 3021 eo

552 3042 695 3111 quod
740 3044 796 3098 in
825 3043 916 3099 illo
944 3059 1028 3112 ea,
1062 3061 1181 3116 qua:
1219 3046 1420 3119 requiei
1458 3047 1668 3105 sabbati
1714 3053 2017 3109 necessaria
2062 3070 2145 3110 es-

556 3144 700 3199 sent,
738 3150 1045 3207 praeparare
1084 3137 1338 3205 solerent,
1368 3141 1523 3213 juxta
1549 3142 1652 3199 hoc
1681 3145 1823 3214 quod
1852 3144 1920 3201 de
1944 3162 2143 3204 manna

552 3222 678 3278 olim
700 3236 1029 3299 praeceptum
1054 3238 1153 3285 est.
1193 3251 1210 3283 ι
1238 3230 1401 3288 Sexta
1435 3242 1614 3291 autem
1644 3236 1729 3291 die
1754 3236 2018 3310 colligetis
2046 3239 2143 3294 dn-

550 3315 698 3387 plum
737 3316 933 3389 (Exod.
976 3322 1110 3395 xvi),
1144 3343 1162 3376 ι
1203 3332 1311 3380 etc.
1355 3324 1489 3394 Quia
1514 3342 1644 3400 ergo
1672 3330 1833 3387 homo
1861 3341 2013 3388 sexta
2058 3334 2146 3390 die

552 3405 726 3466 factus
747 3450 763 3476 ,
792 3418 847 3466 et
879 3420 988 3468 tota
1013 3422 1097 3469 est
1124 3417 1308 3472 mundi
1336 3429 1583 3475 creatura
1612 3420 1876 3490 perfecta,
1917 3425 2148 3496 septima

552 3508 733 3557 autem
771 3503 1033 3561 Conditor
1059 3507 1128 3563 ab
1160 3522 1325 3580 opere
1355 3525 1453 3566 suo
1481 3512 1766 3582 requievit,
1793 3513 1936 3571 unde
1961 3524 2017 3570 et
2047 3516 2148 3573 hoc

552 3594 859 3664 sabbatum,
911 3598 1016 3655 hoc
1059 3608 1145 3655 est
1193 3603 1437 3673 requiem
1482 3603 1648 3660 voluit
1694 3605 1942 3679 intelligi,
1997 3615 2146 3664 recte

553 3686 805 3746 Salvator
825 3692 1012 3747 eadem
1041 3702 1194 3749 sexta
1216 3695 1300 3751 die
1323 3695 1639 3765 crucifixus,
1661 3698 1914 3756 humanae
1938 3710 2146 3757 restau-

553 3780 782 3836 rationis
822 3782 1063 3852 implevit
1088 3800 1366 3841 arcanum.
1426 3787 1657 3859 ideoque
1688 3806 1811 3846 cum
1846 3794 2148 3864 accepisset

551 3865 710 3925 Iesus
733 3881 967 3938 acetum,
1000 3873 1139 3931 dixit
1171 3894 1183 3930 :
1219 3894 1237 3927 ‹
1268 3875 1707 3937 Consummatum
1736 3891 1850 3951 est,
1887 3904 1905 3936 ι
1934 3884 2036 3941 hoc
2062 3894 2148 3943 est

550 3970 705 4017 sexta
731 3963 841 4031 die,
873 3966 1016 4035 quod
1050 3982 1148 4037 pro
1173 3970 1358 4025 mundi
1406 3971 1698 4030 refectione
1735 3977 1991 4048 suscepit,
2029 3979 2145 4048 jam

553 4058 727 4106 totum
780 4066 864 4109 est
912 4056 1204 4127 expletum.
1284 4058 1522 4119 Sabbato
1566 4072 1746 4120 autem
1792 4067 1845 4122 in
1898 4068 2145 4139 sepulcro

553 4143 922 4214 requiescens,
977 4150 1391 4209 resurrectionis
1421 4169 1540 4224 quae
1571 4165 1766 4213 octava
1800 4158 1888 4214 die
1914 4169 2142 4216 ventura

547 4242 686 4301 erat,
715 4238 1064 4307 exspectabat
1090 4251 1362 4298 eventum.
1404 4241 1503 4300 Ubi
1543 4254 1739 4303 nostra
1776 4249 1935 4303 simul
1976 4249 2140 4307 devo-

550 4325 712 4382 tionis
728 4342 793 4383 ac
805 4328 977 4385 beatae
992 4331 1363 4389 retributionis
1373 4336 1630 4405 pra-lucet
1654 4339 1982 4408 exemplum,
2005 4357 2141 4412 quos

548 4416 600 4472 in
635 4418 738 4473 hac
768 4419 987 4491 quidem
1037 4423 1217 4479 saeculi
1261 4434 1420 4482 atate
1471 4444 1567 4498 pro
1626 4430 1851 4485 Domino
1897 4433 2031 4502 pati,
2087 4443 2143 4492 et

546 4510 690 4566 velut
718 4513 917 4568 mundo
948 4529 1171 4571 necesse
1200 4525 1284 4572 est
1309 4517 1573 4590 crttciligi.
1633 4519 1690 4574 ln
1734 4522 1961 4593 septima
2015 4540 2141 4582 vero

544 4612 735 4670 mtate,
770 4604 822 4659 id
849 4612 933 4661 est
956 4621 1079 4660 cum
1110 4606 1240 4662 lethi
1264 4607 1385 4678 quis
1412 4607 1650 4665 debitum
1696 4612 1877 4680 solvit,
1911 4611 2139 4686 corpora

2172 4659 2219 4718 D

2241 2030 2639 2104 pontiﬁcalibus
2675 2047 2708 2088 a
2751 2032 2911 2088 beato
2953 2048 3090 2103 papa
3144 2030 3407 2089 Silvestro
3454 2034 3703 2107 legimus
3735 2052 3837 2092 esse

2243 2135 2526 2182 statutum.
2584 2126 2662 2182 De
2699 2135 3048 2183 monumento
3076 2124 3288 2182 Domini
3334 2124 3565 2195 ferunt,
3623 2132 3716 2200 qui
3753 2146 3834 2187 no-
3930 2162 3931 2193 ι

2243 2227 2354 2274 stra
2392 2225 2548 2273 aetate
2596 2216 2983 2288 Hierosolymis
3037 2216 3371 2273 Britanniam
3421 2236 3655 2289 venere,
3703 2223 3827 2294 quod
3930 2240 3931 2245 ‘

2245 2308 2437 2375 domus
2487 2306 2651 2363 fuerit
2700 2306 2955 2372 rotunda,
3003 2308 3069 2364 de
3120 2307 3434 2377 subjaeente
3468 2327 3610 2384 rupe
3647 2314 3823 2377 excisa,

2247 2408 2408 2455 tanta:
2458 2397 2779 2467 altitudinis,
2836 2407 2895 2454 ut
2942 2396 3083 2457 intro
3147 2401 3449 2458 consistens
3502 2403 3705 2468 homo,
3754 2406 3827 2458 vix

2244 2506 2407 2548 manu
2429 2500 2647 2549 extenta
2674 2490 2887 2549 culmen
2915 2489 3088 2565 possit
3110 2491 3405 2562 attingere,
3432 2508 3539 2564 qua
3574 2494 3741 2549 habet
3764 2495 3832 2547 in-

2249 2584 2472 2639 troitum
2522 2586 2590 2639 ab
2626 2582 2865 2649 Oriente,
2895 2582 2983 2636 cui
3026 2581 3159 2653 lapis
3190 2581 3279 2636 ille
3305 2598 3528 2656 magnus
3557 2585 3834 2640 advolutus

2247 2687 2409 2749 atque
2439 2678 2716 2748 appositus
2745 2686 2846 2733 est.
2875 2675 2933 2730 In
2962 2673 3115 2744 cujus
3139 2678 3469 2731 monumenti
3490 2686 3654 2747 parte
3681 2678 3836 2749 aqui-

2244 2768 2417 2825 lonari
2447 2770 2750 2843 sepulcrum
2779 2771 2976 2840 ipsum,
3006 2769 3109 2825 hoc
3140 2779 3224 2826 est
3250 2769 3395 2827 locus
3415 2769 3679 2824 Dominici
3700 2786 3839 2824 cor-

2245 2862 2419 2933 poris,
2454 2861 2521 2917 de
2564 2860 2753 2917 eadem
2798 2870 2949 2934 petra
2998 2860 3176 2918 factus
3222 2872 3327 2927 est,
3379 2869 3572 2931 septem
3612 2858 3842 2916 habens

2245 2954 2409 3024 pedes
2436 2952 2804 3025 longitudinis,
2836 2954 2998 3008 trium
3042 2968 3171 3010 vero
3210 2953 3507 3024 palmarum
3553 2967 3829 3017 mensura,

2246 3052 2444 3099 caetero
2480 3042 2789 3113 pavimento
2812 3042 2973 3098 altius
3003 3043 3268 3099 eminens.
3320 3042 3426 3111 Qui
3464 3042 3715 3099 videlicet
3758 3042 3831 3100 lo-

2246 3149 2343 3191 cus
2369 3150 2477 3192 non
2507 3135 2739 3207 desuper
2758 3176 2773 3203 ,
2805 3135 2896 3192 sed
2924 3151 2956 3190 a
2977 3135 3145 3191 latere
3174 3136 3475 3192 meridiano
3522 3151 3619 3208 per
3672 3146 3828 3193 totum

2246 3227 2461 3299 patulus
2513 3237 2620 3296 est,
2662 3229 2805 3286 unde
2846 3244 3042 3301 corpus
3088 3228 3354 3286 inferebat
3400 3249 3412 3284 :
3464 3229 3613 3286 color
3660 3239 3825 3313 autem

2248 3319 2491 3392 ejusdem
2532 3320 2870 3377 monumenti
2916 3337 2979 3377 ac
3030 3319 3211 3388 loculi,
3265 3320 3570 3379 rubicundo
3618 3330 3677 3376 et
3721 3320 3827 3376 albo

2251 3410 2451 3468 dicitur
2497 3427 2619 3470 esse
2658 3414 2976 3487 permistus.

2763 3550 3048 3609 HOMILIA
3107 3550 3314 3607 LXVII.

2390 3677 2545 3719 FER“
2582 3679 2776 3727 QUINTA
2821 3678 3104 3719 PALIARUI
3143 3706 3157 3731 ,
3197 3679 3252 3719 IN
3289 3679 3451 3721 CGNA
3489 3680 3696 3723 DOIINI.

2321 3771 2497 3846 (IOAN.
2529 3774 2674 3846 xm.)
2721 3796 2735 3826 ι
2766 3775 2822 3830 In
2856 3775 2947 3831 illo
2981 3785 3222 3848 tempore
3255 3776 3439 3834 :Ante
3469 3778 3615 3835 diem
3642 3778 3824 3835 festum

2254 3885 2270 3919 ι
2300 3864 2541 3933 Pascbze,
2571 3868 2747 3923 sciens
2766 3867 2923 3925 Iesus
2943 3872 3071 3941 quia
3111 3872 3259 3926 venit
3284 3870 3418 3927 hora
3446 3873 3587 3946 ejus,
3612 3885 3670 3929 ut
3694 3886 3825 3929 tran-

2254 3976 2271 4007 ι
2302 3966 2421 4012 seat
2440 3973 2504 4012 ex
2527 3958 2628 4013 hoc
2656 3959 2854 4014 mundo
2883 3960 2948 4014 ad
2980 3960 3214 4028 Patrem,
3252 3981 3271 4015 ι
3297 3973 3353 4019 ει
3376 3964 3607 4035 reliqua.
3632 3964 3824 4021 Pascha

2247 4064 2379 4117 non,
2414 4050 2553 4105 sicut
2583 4048 2801 4121 quidam
2832 4051 3167 4120 existimant,
3200 4053 3449 4112 Gnaeum
3493 4074 3692 4115 nomen
3734 4068 3825 4126 est,

2247 4140 2342 4196 sed
2372 4141 2673 4198 Hebraeum.
2732 4143 2938 4200 Pascha
2968 4149 3223 4204 transitus
3259 4150 3458 4205 dicitur
3501 4152 3556 4206 in
3604 4169 3697 4207 sua
3742 4154 3826 4207 lino

2246 4250 2370 4305 gua,
2398 4246 2703 4307 propterea,
2732 4239 2858 4310 quia
2888 4247 3013 4296 tunc
3039 4242 3276 4312 primum
3308 4244 3515 4302 Pascha
3544 4248 3827 4304 celebravit

2245 4324 2473 4396 populus
2503 4325 2752 4395 Domini,
2793 4331 3007 4401 quando
3043 4346 3111 4388 ex
3146 4332 3379 4407 Egypto
3406 4334 3702 4409 fugientes,
3733 4338 3825 4394 Ru-

2246 4422 2401 4477 brum
2455 4437 2605 4477 mare
2648 4424 2999 4482 transierunt.
3051 4426 3181 4495 Quae
3212 4429 3381 4501 figura
3415 4431 3469 4486 in
3512 4431 3731 4488 Christo
3760 4449 3827 4488 se

2247 4516 2481 4571 cundum
2512 4517 2793 4574 veritatem
2824 4519 3040 4591 impleta
3078 4532 3184 4589 est,
3222 4541 3342 4578 cum
3383 4540 3482 4595 per
3526 4529 3823 4598 passionem

2248 4622 2398 4662 suam
2428 4608 2687 4664 transiret
2718 4624 2787 4666 ex
2826 4612 2929 4667 hoc
2955 4614 3155 4669 mundo
3183 4616 3250 4670 ad
3278 4615 3521 4674 Patrem.
3579 4620 3659 4676 ita
3686 4622 3825 4676 nobis

544 4697 763 4765 quidem
799 4697 851 4750 in
893 4698 1135 4765 tumulis,
1181 4700 1391 4755 animas
1428 4709 1605 4757 autem
1649 4712 1856 4759 secreta
1907 4706 1959 4761 in
2000 4723 2134 4777 pace

2249 4714 2461 4771 quoque
2499 4703 2885 4760 transeundum
2925 4717 3008 4761 est
3039 4722 3106 4762 ex
3129 4709 3232 4764 hoc
3261 4712 3462 4766 mundo
3492 4714 3561 4769 ad
3590 4713 3825 4779 Patrem,

544 4804 668 4842 cum
707 4789 932 4845 Domino
974 4808 1215 4858 manere,
1252 4804 1308 4848 et
1352 4803 1474 4865 post
1521 4796 1657 4851 bona
1714 4808 1925 4870 oportet
1969 4817 2134 4873 opera

544 4880 826 4949 quiescere
858 4922 874 4948 ,
920 4883 1092 4939 donec
1136 4895 1324 4940 octava
1382 4886 1592 4944 tandem
1647 4890 1893 4948 veniente
1941 4903 2131 4962 aetate,

543 4970 705 5024 etiam
752 4986 978 5042 corpora
1028 4973 1142 5045 ipsa
1188 4979 1587 5036 resurrectione
1638 4980 1965 5052 gloriﬁcata,
2006 5002 2128 5042 cum

546 5062 829 5117 animabus
856 5064 1013 5120 simul
1054 5067 1512 5141 incorruptionem
1543 5080 1757 5128 aeternae
1799 5074 2130 5132 limreditatis

547 5152 833 5223 accipiant.
897 5175 914 5206 ι
951 5158 1127 5226 Venit,
1176 5160 1370 5232 inquit,
1423 5160 1623 5232 Ioseph
1669 5164 1737 5220 ab
1776 5166 2128 5235 Arimathaea,

544 5244 737 5300 nobilis
764 5246 1004 5321 decurio,
1030 5251 1123 5321 qui
1152 5259 1204 5306 et
1240 5252 1353 5322 ipse
1380 5261 1533 5307 erant
1555 5265 1874 5326 exspectans
1902 5273 2127 5331 regnum

544 5334 659 5393 Dei.
718 5338 784 5394 Et
811 5342 1067 5399 audacter
1090 5342 1335 5399 introivit
1377 5343 1442 5398 ad
1470 5342 1724 5414 Pilatum,
1750 5355 1805 5403 et
1824 5348 1984 5419 petiit
2008 5365 2129 5406 cor-

539 5442 643 5497 pus
677 5426 823 5487 Iesn.
858 5452 877 5485 »
946 5432 1150 5506 Magna:
1197 5433 1414 5503 quidem
1458 5434 1655 5508 Ioseph
1700 5439 1802 5495 iste
1851 5439 2130 5512 dignitatis

543 5520 610 5574 ad
636 5522 912 5590 saeculum,
954 5524 1048 5580 sed
1096 5522 1318 5593 majoris
1364 5526 1501 5596 apud
1533 5527 1697 5583 Deum
1744 5531 1924 5587 meriti
1965 5533 2129 5591 fuisse

541 5611 809 5673 laudatur.
845 5617 1032 5673 Talem
1066 5633 1300 5688 namque
1330 5620 1594 5675 exsistere
1618 5622 1860 5692 decebat,
1888 5626 1978 5696 qui
2010 5643 2129 5686 cor-

539 5715 640 5771 pus
677 5705 888 5761 Domini
935 5707 1205 5779 sepeliret,
1245 5710 1335 5779 qui
1381 5719 1436 5765 ct
1469 5726 1569 5782 per
1600 5709 1865 5781 justitiam
1910 5719 2127 5775 merito-

543 5812 663 5853 rum
697 5800 787 5855 tali
828 5802 1127 5858 ministerio
1156 5804 1350 5877 dignus
1378 5805 1592 5873 fuisset,
1637 5818 1691 5864 et
1735 5824 1830 5879 per
1878 5812 2127 5869 nobilita-

544 5897 648 5943 tem
686 5894 934 5960 potentia:
980 5896 1269 5961 sarculatis,
1314 5899 1619 5975 facultatem
1672 5904 1836 5971 pOSsit
1877 5906 2125 5962 obtinere

2126 6056 2176 6087 μς.

2242 4807 2271 4846 a
2313 4793 2697 4864 temporalibus
2726 4797 2793 4852 ad
2823 4811 3062 4865 aaterna,
3119 4802 3186 4856 ab
3237 4802 3528 4873 iniquitate
3577 4808 3647 4862 ad
3683 4807 3825 4876 justi-

2243 4879 2370 4935 tiam
2402 4924 2418 4950 ,
2476 4900 2506 4938 a
2552 4885 2841 4957 deceptore
2902 4890 3114 4947 diabolo
3164 4893 3231 4947 ad
3287 4893 3634 4952 Salvatorem
3680 4898 3822 4954 Chri-

2240 4980 2402 5027 stum.
2453 4994 2469 5025 ι
2499 4974 2633 5030 Cum
2663 4977 2937 5035 dilexisset
2982 4997 3131 5048 suos,
3180 4983 3272 5053 qui
3318 4995 3474 5040 erant
3515 4989 3572 5043 in
3618 4990 3821 5054 mundo.

2246 5084 2265 5118 σ
2290 5082 2461 5137 usque
2490 5068 2541 5123 in
2567 5069 2729 5126 ﬁnem
2760 5072 2948 5128 dilexit
2968 5090 3081 5130 eos.
3116 5096 3133 5129 ι
3172 5074 3368 5147 Utique
3397 5088 3454 5133 ut
3481 5080 3587 5150 ipsi
3612 5082 3678 5137 de
3714 5084 3821 5145 hoc,

2242 5162 2332 5218 ubi
2380 5173 2556 5231 erant,
2607 5166 2674 5220 ad
2721 5182 2878 5223 suum
2925 5172 3117 5241 caput;
3165 5172 3307 5241 quod
3344 5172 3471 5228 hinc
3526 5176 3821 5239 transis-et,

2242 5256 2357 5326 ejus
2381 5256 2670 5314 dilectione
2694 5260 3033 5318 transissent.
3078 5262 3135 5317 In
3180 5262 3361 5330 ﬁnem,
3392 5265 3444 5321 id
3475 5277 3562 5323 est
3594 5270 3648 5324 in
3682 5280 3821 5324 ιειετο

2242 5365 2371 5405 num
2401 5349 2590 5406 dilexit
2613 5366 2724 5407 eos.
2774 5352 2869 5410 Vel
2905 5354 2958 5410 in
2988 5354 3173 5423 finem,
3204 5355 3257 5410 in
3293 5355 3533 5423 Christo,
3561 5362 3691 5430 quia
3716 5362 3825 5415 ﬁnis

2240 5439 2374 5513 legis
2398 5450 2483 5498 est
2508 5441 2774 5499 Christus.

2317 5554 2334 5586 ι
2361 5535 2429 5591 Ει
2476 5551 2630 5593 omna
2663 5537 2774 5609 jam
2818 5537 2977 5594 facta.
3004 5558 3022 5592 ι
3072 5538 3188 5595 Non
3227 5541 3300 5595 ita
3333 5540 3604 5598 debemus
3640 5544 3823 5600 intelli.

2237 5642 2365 5700 gere
2418 5640 2629 5683 caenam
2683 5626 2881 5684 factam
2915 5671 2930 5697 ,
2972 5629 3133 5686 veluti
3188 5629 3299 5701 jam
3353 5645 3736 5706 consumptam
3774 5647 3824 5692 et

2236 5726 2589 5777 transactam.
2640 5718 2828 5775 Adhuc
2856 5722 3000 5775 enim
3027 5721 3367 5788 cmnabatur,
3403 5738 3527 5778 cum
3572 5724 3824 5782 Dominus

2235 5814 2493 5880 surrexit,
2524 5821 2577 5869 et
2605 5813 2769 5883 pedes
2806 5813 2934 5868 lavit
2966 5813 3241 5884 discipulis
3270 5815 3383 5870 suis
3424 5834 3434 5867 :
3474 5832 3602 5872 nam
3643 5830 3819 5888 postea

2231 5907 2428 5961 iterum
2446 5904 2711 5971 recubuit,
2726 5915 2778 5959 et
2796 5904 3088 5961 buccellam
3105 5922 3202 5962 suo
3219 5905 3647 5970 traditoridedig
3659 5908 3823 5974 cum;
