3934 6346
104 446 219 505 421

1336 446 1638 505 ΗΟΜΙιΙιΕ
1682 448 1771 505 DE
1809 447 2152 506 TEMPORE.

3271 456 3374 512 422

109 564 263 617 dicta
288 568 371 615 est
390 560 501 631 jam
532 569 715 631 parata
734 562 1425 633 convivantibusdiscipulis
1438 580 1557 619 cum
1576 580 1694 620 ma-
1722 573 1772 631 Α
1806 584 1824 616 ι
1867 574 2150 621 aeternum.
2191 586 2208 617 ι
2242 564 2551 633 ΑΞιει-ιιιιιιι,
2588 583 2686 637 pro
2717 584 2991 640 nunquam
3024 570 3201 641 posuit
3230 589 3244 627 :
3279 575 3374 629 sed

110 654 310 723 gistro.

198 765 217 795 ι
262 746 397 802 Cum
425 747 669 803 diabolus
699 747 815 817 jam
854 749 1092 804 misisset
1130 748 1184 803 in
1223 763 1319 804 cor
1347 757 1405 803 ut
1455 750 1696 805 traderet

116 855 140 886 ι
189 828 319 891 eum
345 834 510 893 Judas
565 837 801 895 Simonis
833 837 1150 894 Scariotbis.
1185 858 1204 890 ι
1248 838 1305 895 Si
1339 838 1538 909 quieris
1567 840 1697 910 quid

111 929 346 984 missum
368 930 438 984 sit
461 929 515 984 in
541 946 636 985 cor
656 928 829 994 ludas,
861 932 965 987 hoc
991 931 1178 1001 utique
1204 939 1265 987 ut
1287 931 1526 987 traderet
1549 947 1693 988 eum.

110 1022 309 1078 Missio
357 1022 485 1088 ista,
535 1024 796 1094 spiritalis
845 1027 1118 1097 suggestio
1152 1036 1237 1083 est
1269 1045 1283 1083 ε
1315 1042 1420 1082 non
1449 1028 1503 1082 in
1538 1040 1699 1082 aures

110 1112 453 1182 corporales,
502 1114 595 1168 sed
640 1115 692 1168 in
750 1131 844 1171 cor
896 1118 1239 1173 consentiens
1293 1118 1502 1187 iniqua.
1549 1116 1701 1172 Sicut

111 1202 269 1257 enim
300 1202 467 1258 bonas
491 1204 845 1275 cogitationes
870 1206 1136 1278 benignus
1171 1207 1391 1276 spiritus
1436 1206 1697 1272 immittit,

112 1295 203 1351 sic
234 1296 402 1352 malas
427 1297 784 1368 cogitationes
807 1298 1076 1370 malignus
1102 1300 1360 1371 suggerit.
1402 1298 1506 1356 Sed
1536 1299 1698 1354 inter-

111 1395 209 1442 est
254 1387 578 1457 quibusnam
626 1405 814 1447 eorum
883 1407 1035 1448 mens
1094 1393 1329 1446 humana
1374 1392 1698 1456 consentiat,

112 1479 310 1536 divino
338 1479 561 1547 auxilio,
598 1481 683 1535 vel
725 1482 940 1538 deserta
978 1498 1073 1553 per
1107 1483 1376 1549 meritum,
1400 1480 1483 1536 vel
1517 1482 1703 1553 adjuta

110 1586 223 1641 per
248 1573 493 1644 gratiam.
524 1573 651 1630 Sine
673 1576 776 1631 fide
798 1576 890 1631 Dei
915 1577 1157 1647 proditor
1183 1577 1251 1632 ad
1265 1576 1571 1633 convivium
1595 1591 1702 1630 non

111 1665 354 1721 credens
400 1666 569 1723 Deum
610 1684 750 1735 esse,
794 1654 954 1739 quem
1004 1671 1217 1726 tradere
1262 1686 1367 1726 non
1412 1670 1699 1741 cogitabat,

111 1757 411 1818 videbatur
450 1768 505 1815 et
548 1760 882 1817 tolerabatur
916 1762 972 1818 in
1011 1778 1076 1819 eo
1105 1779 1264 1833 quem
1306 1763 1416 1819 falli
1454 1763 1703 1834 putabat,

108 1846 438 1916 fallebatur,
467 1850 619 1921 cujus
649 1853 853 1910 malitia
876 1854 1093 1912 bonitas
1126 1856 1219 1911 Dei
1251 1856 1503 1913 utebatur
1525 1855 1593 1911 ad
1618 1871 1706 1911 sa~

109 1938 173 1994 lu
183 1949 296 1996 tem
326 1941 574 1997 aliorum.

198 2053 223 2085 ε
269 2032 460 2090 Sciens
492 2038 619 2106 quia
650 2039 833 2094 omnia
860 2040 1009 2096 dedit
1047 2041 1096 2095 ei
1147 2041 1310 2097 Pater
1346 2040 1400 2096 in
1430 2056 1645 2107 manus,
1682 2061 1699 2091 ι

107 2139 263 2195 ergo
291 2132 346 2180 et
376 2126 549 2196 ipsum
604 2129 942 2185 lraditorem.
974 2130 1109 2186 Nam
1149 2133 1194 2188 si
1230 2148 1352 2188 eum
1380 2132 1433 2187 in
1460 2132 1712 2188 manibus

104 2229 239 2270 non
287 2215 560 2283 haberet,
612 2234 719 2273 non
756 2220 943 2290 utique
1008 2221 1100 2277 illo
1145 2233 1388 2280 uteretur
1420 2235 1479 2281 ut
1532 2226 1707 2283 vellet.

105 2307 354 2364 Sciebat
399 2310 542 2365 enim
574 2310 836 2367 Dominus
864 2314 994 2383 quid
1020 2314 1224 2372 faceret
1256 2333 1355 2387 pro
1382 2320 1590 2387 amicis,
1620 2321 1712 2393 qui

95 2404 405 2473 patienter
435 2403 691 2460 utebatur
742 2405 998 2463 inimicis.
1044 2408 1236 2465 Sciens
1265 2412 1432 2467 etiam
1466 2431 1483 2463 ι
1522 2414 1648 2483 quia
1681 2430 1713 2470 a

108 2510 132 2545 ι
200 2494 313 2549 Deo
336 2494 490 2560 exiit,
526 2505 582 2550 et
634 2496 701 2551 ad
743 2496 914 2552 Deum
960 2499 1125 2555 vadit.
1165 2521 1183 2551 ι
1228 2500 1337 2556 Nec
1366 2502 1556 2568 Deum.
1587 2520 1710 2560 cum

108 2586 256 2641 inde
275 2587 473 2654 exiret,
500 2602 600 2644 nec
635 2606 734 2645 nos
762 2591 1037 2659 deserens,
1062 2610 1183 2649 cum
1209 2597 1432 2653 rediret.

204 2697 226 2728 ι
275 2676 459 2749 Surgit
494 2695 522 2734 a
572 2696 750 2748 caena,
782 2691 839 2739 et
885 2686 1034 2753 ponit
1064 2687 1383 2743 vestimenta
1406 2704 1522 2744 sua.
1557 2709 1576 2742 ι
1609 2690 1712 2747 Lo—

115 2778 357 2826 cuturus
398 2774 730 2843 evangelista
779 2775 845 2830 de
891 2783 1038 2831 tanta
1096 2778 1310 2834 Domini
1372 2782 1712 2850 humilitate,

118 2861 282 2932 prius
310 2861 427 2930 ejus
450 2863 835 2920 celsitudinem
862 2866 1030 2922 voluit
1066 2870 1464 2926 commendare.
1504 2869 1587 2926 Ad
1608 2873 1712 2929 hoc

121 2953 367 3023 pertinet
407 2955 549 3024 quod
596 2956 673 3011 ait
715 2975 728 3010 :
785 2976 803 3008 ι
857 2956 1049 3015 Sciens
1086 2961 1211 3029 quia
1251 2962 1431 3017 omnia
1476 2962 1624 3017 dedit
1659 2964 1711 3020 ei

125 3043 296 3099 Pater
337 3044 391 3100 in
439 3062 653 3107 manu.
713 3067 733 3101 ο
777 3048 895 3105 Νοιι
934 3050 1029 3106 Dei
1077 3051 1311 3118 Domini,
1342 3054 1434 3108 sed
1478 3053 1715 3112 hominis

129 3135 278 3190 servi
316 3137 553 3207 implevit
592 3139 848 3197 cilicium.
884 3142 1056 3199 Tanta
1098 3154 1182 3201 est
1228 3146 1426 3217 quippe
1466 3149 1714 3219 humana:

134 3226 459 3285 humilitatis
491 3230 719 3298 utilitas,
745 3243 805 3288 ut
833 3249 952 3290 eam
984 3238 1388 3294 commendaret
1411 3255 1509 3295 suo
1529 3255 1713 3297 exem-

119 3316 232 3386 ‘plo
282 3319 439 3375 etiam
486 3322 667 3378 divina
708 3324 1033 3384 sublimitas.
1084 3346 1104 3378 α
1158 3328 1344 3401 Surgit
1396 3347 1426 3384 ει
1472 3346 1649 3399 caena.
1685 3354 1705 3387 ι

145 3407 423 3465 descendit
449 3413 511 3468 de
540 3414 873 3472 cmlestibus.
908 3438 926 3470 ι
975 3418 1162 3475 Posuit
1190 3422 1508 3478 vestimenta
1532 3438 1648 3489 sua,
1684 3444 1705 3477 ι

141 3494 198 3550 id
225 3508 325 3563 est,
350 3503 693 3573 semetipsum
722 3506 1045 3562 exinanivit.
1077 3528 1094 3560 ι
1126 3507 1260 3565 Cum
1292 3510 1593 3580 accepisset
1612 3512 1715 3567 lin-

138 3608 161 3640 ι
208 3596 373 3657 tcum,
396 3595 682 3663 praecinxit
711 3611 792 3664 se,
823 3617 839 3648 ι
867 3595 1099 3653 formam
1131 3601 1273 3655 servi
1298 3598 1545 3657 indue'ns.

212 3696 233 3731 ‹
278 3680 441 3738 Mittit
472 3697 669 3753 aquam
708 3686 762 3741 in
789 3686 1010 3756 pelvim,
1050 3709 1069 3740 ι
1103 3689 1156 3746 id
1183 3699 1286 3755 est,
1318 3689 1455 3747 fudit
1498 3695 1713 3763 sangui-

132 3785 261 3826 nem
302 3787 459 3829 suum
494 3775 547 3829 in
595 3785 817 3842 terram,
870 3786 928 3831 ut
956 3780 1245 3835 mundaret
1281 3781 1334 3835 in
1390 3796 1447 3836 se
1488 3783 1712 3838 creden-

133 3860 270 3918 tium
294 3865 517 3937 vestigia
542 3883 662 3937 qua:
698 3868 931 3924 terrenis
964 3871 1200 3939 peccatis
1231 3872 1447 3927 sordida
1475 3871 1711 3941 fuerant,

130 3960 192 4009 et
214 3963 527 4026 extergeret
561 3958 749 4025 linteo,
792 3975 900 4030 quo
945 3970 1087 4027 erat,
1133 3963 1185 4017 id
1224 3970 1329 4029 est,
1360 3966 1600 4035 corporis
1629 3967 1713 4023 sui

130 4041 305 4101 linteo
333 4061 442 4116 quo
470 4058 588 4105 erat
614 4051 964 4121 praecinctus,
988 4063 1268 4124 purgaret,
1295 4056 1423 4127 quia
1461 4065 1569 4113 tota
1596 4059 1714 4130 ejus

133 4139 316 4208 passio
347 4149 430 4197 cst
456 4143 725 4214 purgatio.
754 4142 890 4198 Dum
926 4144 1157 4202 formam
1184 4148 1327 4202 servi
1353 4150 1578 4220 accepit,
1606 4168 1713 4208 non

132 4229 279 4297 quod
308 4228 543 4285 habebat
563 4230 790 4300 dimisit,
830 4234 924 4289 sed
953 4238 1095 4306 quod
1119 4252 1226 4293 non
1248 4238 1482 4295 habebat
1507 4256 1714 4298 assum-

132 4319 261 4389 psit.
1130 4378 1137 4387 ,

216 4431 234 4463 ι
282 4411 441 4470 Venit
469 4427 598 4483 ergo
628 4416 696 4471 ad
737 4416 1011 4474 Simonem
1043 4419 1284 4477 Petrum.
1322 4442 1341 4475 ι
1374 4422 1490 4478 Νοιι
1524 4424 1599 4479 ita
1633 4425 1716 4480 in-

135 4501 480 4575 telligendum
506 4519 588 4561 est
608 4506 785 4577 quasi,
813 4507 1038 4563 aliorum
1062 4510 1513 4582 pedibuslavatis,
1542 4514 1716 4571 venis-

133 4606 220 4650 set
261 4597 329 4653 ad
375 4597 605 4667 primum
656 4601 987 4672 apostolum,
1024 4604 1115 4660 sed
1168 4605 1293 4675 quia
1332 4606 1455 4662 inde
1482 4609 1715 4678 primum

132 4688 321 4757 cmpit,
349 4687 468 4744 ideo
489 4691 796 4762 expavescit
822 4691 1037 4761 Petrus,
1070 4705 1128 4749 ut
1156 4696 1249 4751 Dei
1273 4696 1439 4753 Filius
1475 4698 1525 4755 ei
1552 4701 1713 4770 pedes

133 4778 360 4847 iuvaret,
391 4780 653 4840 Dominus
693 4800 873 4853 servo,
914 4787 1056 4842 Deus
1081 4787 1304 4844 homini.
1338 4789 1560 4858 Quando
1584 4807 1711 4861 ergo

131 4872 298 4941 pedes
341 4872 724 4946 discipulorum
779 4877 959 4934 lavare
1002 4880 1186 4950 cmpit,
1216 4882 1358 4936 venit
1404 4882 1469 4936 ad
1506 4898 1652 4949 eum,
1679 4898 1711 4938 a

132 4985 240 5039 quo
272 4972 456 5041 C(epit,
487 4972 539 5028 id
566 4981 670 5041 est,
711 4973 778 5029 ad
806 4972 1044 5031 Petrum.
1072 4975 1139 5030 Et
1171 4984 1296 5032 tunc
1328 4976 1522 5033 Petrus
1546 4976 1711 5050 (quod

133 5062 300 5116 etiam
326 5062 551 5133 quilibet
575 5078 760 5120 eorum
787 5065 1111 5139 expavisset)
1141 5067 1377 5136 expavit,
1402 5077 1563 5138 atque
1590 5068 1661 5122 ait
1693 5084 1705 5121 :

139 5172 156 5206 ι
204 5156 458 5224 Domine,
509 5165 566 5213 tu
618 5159 749 5215 mihi
799 5159 946 5224 lavas
986 5159 1185 5230 pedes?
1227 5180 1245 5209 ι
1292 5158 1368 5213 Tu
1409 5159 1570 5226 Deus,
1611 5174 1711 5233 ego

134 5249 327 5316 homo;
364 5260 418 5305 tu
457 5249 735 5318 Dominus,
759 5267 859 5323 ego
891 5268 1106 5318 servus;
1160 5262 1213 5307 tu
1237 5250 1587 5320 Redemptor,
1611 5267 1710 5324 ego

133 5332 407 5414 peccator.

210 5452 229 5486 ι
277 5430 768 5504 ResponditJesus,
799 5440 853 5488 et
877 5432 1007 5488 dixit
1038 5434 1086 5488 ei
1118 5452 1129 5487 :
1159 5432 1309 5502 Quod
1337 5449 1436 5507 ego
1466 5432 1626 5499 facio,
1660 5442 1712 5488 tu

140 5543 159 5580 ι
206 5526 387 5582 ιιεεείε
430 5526 607 5591 modo,
660 5526 797 5582 scies
825 5535 1005 5580 autem
1052 5536 1253 5597 postea.
1308 5549 1325 5581 ι
1381 5525 1549 5596 Hujus
1586 5526 1712 5583 facti

136 5618 453 5689 mysterium
518 5602 747 5673 necdum
808 5616 1062 5689 intelligis
1091 5659 1105 5685 ,
1160 5620 1254 5674 sed
1308 5627 1494 5690 postea
1553 5619 1710 5675 intel-

138 5707 292 5781 liges.

214 5823 231 5853 ε
279 5802 414 5871 Quia
455 5803 496 5859 si
523 5812 572 5857 te
613 5819 715 5859 non
744 5804 945 5871 lavero,
972 5820 1076 5860 non
1113 5805 1334 5862 habebis
1363 5816 1574 5877 partem
1601 5823 1712 5864 me-

147 5912 164 5941 ι
211 5911 352 5949 cuin.
404 5895 547 5953 Dixit
592 5894 826 5949 Petrus:
871 5895 987 5950 Non
1034 5896 1233 5951 Iavabis
1290 5896 1417 5950 mihi
1464 5898 1623 5967 pedes
1658 5899 1710 5952 in

1798 656 2021 710 territus
2051 657 2398 726 responsione
2427 657 2661 725 Domini,
2688 660 2825 716 dixit
2852 678 2865 714 :

1876 768 1893 799 ι
1935 749 2179 816 Domine,
2230 766 2333 805 non
2365 759 2574 806 tantum
2626 753 2809 822 pedes,
2854 753 2948 810 sed
2994 765 3048 810 et
3096 772 3286 813 manus
3323 766 3377 813 et

1805 860 1823 893 ι
1869 849 2051 913 caput.
2097 861 2115 893 ›
2159 841 2603 911 Quandoquidem
2640 843 2720 899 sic
2748 844 2974 900 minaris
3012 845 3240 902 lavanda
3278 848 3377 903 tibi

1801 945 1920 985 mea
1948 933 2213 998 membra,
2261 947 2369 986 non
2408 930 2576 987 solum
2611 932 2718 987 ima
2741 950 2846 990 non
2883 937 3164 1001 subtraho,
3191 954 3377 995 verum

1802 1023 1963 1078 etiam
2008 1024 2181 1094 prima
2213 1022 2516 1079 substerno.
2567 1020 2646 1079 Ne
2675 1023 2808 1079 mihi
2860 1042 3024 1097 neges
3063 1029 3377 1099 capiendam

1804 1125 1981 1173 tecum
2027 1126 2259 1187 partem,
2318 1116 2521 1173 nullam
2587 1116 2683 1175 tibi
2725 1134 2861 1189 nego
2916 1121 3238 1180 abluendam
3272 1124 3379 1180 mei

1803 1212 2045 1281 corporis
2071 1224 2300 1281 partem.

1879 1323 1897 1355 ‹
1940 1302 2242 1374 Respondit
2280 1303 2331 1358 ei
2378 1302 2536 1359 ΙΙεειιε
2568 1318 2582 1358 :
2611 1302 2713 1371 Qui
2762 1304 2905 1360 lotus
2934 1314 3037 1370 est,
3081 1323 3188 1364 non
3220 1310 3383 1366 habet

1811 1413 1829 1447 ι
1876 1409 2014 1464 opus
2053 1394 2157 1449 nisi
2203 1394 2366 1465 pedes
2406 1394 2607 1460 lavare,
2659 1396 2753 1452 sed
2791 1406 2875 1452 εει
2902 1398 3135 1454 mundus
3161 1408 3321 1455 totus.
3360 1421 3378 1452 ι

1804 1487 2087 1555 Quomodo
2117 1496 2262 1542 totus
2286 1496 2370 1543 est
2398 1488 2650 1553 mundus,
2702 1500 2759 1544 et
2802 1490 2988 1561 utique
3014 1498 3192 1547 tamen
3224 1493 3388 1562 pedes

1804 1579 1853 1635 ei
1892 1578 2106 1634 lavandi
2157 1588 2300 1646 sunt,
2347 1580 2450 1636 nisi
2499 1581 2625 1652 quia
2670 1581 2905 1638 mundus
2938 1592 3022 1637 est
3065 1584 3120 1637 in
3175 1582 3388 1640 lavacro

1806 1674 1979 1730 sancti
2024 1672 2401 1743 baptismatis?
2430 1674 2487 1729 ln
2532 1673 2801 1745 baptismo
2851 1689 3086 1744 namque
3116 1675 3388 1730 donantur

1806 1765 1962 1821 nobis
1989 1766 2168 1821 omnia
2199 1764 2413 1820 delicta.
2472 1764 2756 1820 Sed.sicut
2782 1780 2903 1836 pes,
2930 1766 3022 1835 qui
3054 1774 3253 1820 terram
3281 1765 3390 1821 cal-

1808 1864 1915 1923 cat,
1935 1872 2054 1910 non
2083 1863 2260 1925 potest
2291 1855 2494 1926 absque
2537 1854 2792 1912 sordibus
2838 1871 2979 1922 esse,
3008 1857 3087 1912 sic
3115 1871 3275 1912 nemo
3302 1872 3393 1927 po-

1733 1946 1780 2004 B
1810 1957 1913 2005 test
1942 1953 2123 2005 vivere
2169 1949 2286 2005 sine
2330 1948 2592 2019 peccatis,
2620 1964 2720 2019 pro
2761 1950 2957 2019 quibus
2994 1950 3235 2019 quotidie
3263 1965 3390 2005 ora-

1817 2059 1935 2099 mus
1983 2061 1995 2096 :
2027 2061 2045 2093 ι
2103 2042 2318 2097 Dimitte
2351 2041 2507 2097 nobis
2536 2042 2716 2097 debita
2747 2050 2931 2098 nostra
2980 2039 3193 2113 (Matth.
3228 2045 3325 2104 vi).
3366 2061 3386 2094 ι

1810 2133 2009 2187 lterum
2061 2131 2281 2202 pulvere
2318 2139 2548 2187 terrena:
2578 2131 2927 2187 habitationis
2956 2130 3118 2186 homo
3149 2129 3394 2187 sordida-

1816 2233 1919 2289 tus,
1946 2237 2169 2280 necesse
2198 2224 2360 2279 habet
2386 2224 2580 2277 iterum
2616 2222 2782 2277 lavari
2812 2237 2909 2293 per
2934 2222 3163 2293 gratiam
3200 2221 3395 2278 divinat

1814 2314 2053 2385 pietatis,
2105 2313 2232 2370 licet
2276 2316 2427 2384 prius
2466 2315 2654 2371 eadem
2677 2314 2849 2385 gratia
2888 2321 3032 2369 esset
3070 2322 3212 2369 totus
3239 2328 3396 2368 inun-

1816 2409 1998 2476 datus,
2028 2409 2274 2480 apostolo
2323 2408 2528 2464 Joanne
2574 2415 2862 2463 attestante
2894 2422 2909 2461 :
2946 2424 2965 2458 ι
3004 2405 3061 2463 Si
3099 2405 3396 2463 dixerimus

1816 2499 1943 2570 quia
1986 2508 2266 2570 peccatum
2300 2514 2404 2555 non
2449 2500 2730 2565 habemus,
2778 2498 3022 2568 nosipsos
3074 2498 3392 2568 decipimus,

1818 2598 1873 2646 et
1906 2591 2105 2646 veritas
2133 2590 2186 2644 in
2219 2589 2373 2645 nobis
2405 2605 2512 2646 non
2562 2597 2647 2645 est
2680 2587 2735 2662 (Ι
2776 2588 2939 2644 Joan.
2980 2590 3041 2661 ι).
3083 2609 3101 2642 ι
3144 2587 3396 2657 Quotidie

1815 2684 1979 2756 igitur
2009 2684 2173 2754 pedes
2210 2683 2356 2738 lavat
2397 2683 2575 2749 nobis,
2615 2683 2706 2752 qui
2740 2681 3045 2753 interpellat
3069 2697 3166 2752 pro
3195 2682 3389 2737 nobis:

1811 2782 1866 2829 et
1899 2773 2137 2843 quotidie
2191 2788 2290 2828 nos
2327 2772 2528 2828 habere
2561 2786 2715 2842 opus,
2746 2780 2807 2826 ut
2840 2773 3004 2841 pedes
3044 2773 3307 2837 lavemus,
3340 2772 3394 2827 in

1812 2863 1928 2932 ipsa
1968 2862 2214 2917 oratione
2256 2862 2537 2917 Dominica
2583 2861 2925 2929 confitemur,
2967 2878 3089 2918 cum
3119 2862 3391 2919 dicimus:

1819 2970 1838 3002 ‹
1875 2951 2097 3007 Dimitte
2144 2951 2301 3007 nobis
2331 2952 2513 3008 debita
2543 2961 2750 3018 nostra,
2788 2953 2930 3008 sicut
2955 2960 3012 3007 et
3050 2967 3149 3008 nos
3179 2952 3396 3008 dimitti-

1814 3059 1933 3099 ntus
1957 3043 2294 3099 debitoribus
2322 3044 2546 3100 nostris.
2583 3063 2602 3094 ι
2647 3064 2665 3095 ι
2690 3044 2758 3099 Ει
2786 3059 2881 3099 vos
2912 3044 3097 3099 mundi
3117 3044 3271 3109 estis,
3297 3043 3395 3099 sed

1818 3157 1837 3189 ι
1868 3153 1973 3193 ιιοιι
1997 3152 2205 3194 οιιιιιεε.
2246 3156 2266 3190 ι
2294 3138 2448 3206 Quod
2477 3138 2818 3210 Evangelista
2839 3139 3192 3209 sequentibus
3215 3138 3394 3196 verbis

1814 3230 2056 3300 exponit,
2100 3230 2224 3284 ideo
2253 3237 2596 3285 transeamus
2621 3229 2687 3283 ad
2717 3238 2932 3284 cratera.

1891 3343 1910 3374 ι
1956 3321 2247 3392 Postquam
2283 3336 2413 3389 ergo
2437 3323 2568 3376 lavit
2594 3323 2757 3393 pedes
2786 3337 2992 3377 eorum.
3026 3341 3044 3374 ι
3078 3322 3134 3376 ld
3155 3331 3261 3387 est,
3288 3322 3393 3377 im-

1813 3410 1960 3482 pleta
1987 3410 2377 3479 redemptionis
2402 3419 2601 3466 nostra:
2629 3411 2970 3481 purgatione,
2998 3426 3094 3482 per
3113 3408 3391 3481 sanguinis

1813 3503 1896 3558 sui
1925 3502 2268 3569 ell'usionem,
2303 3504 2511 3574 accepit
2538 3503 2860 3560 vestimenta
2888 3517 3008 3567 sua,
3033 3501 3193 3557 tertio
3219 3502 3306 3558 die
3326 3503 3393 3557 de

1814 3594 2063 3664 sepulcro
2113 3609 2428 3667 resurgens,
2459 3604 2515 3651 et
2557 3595 2747 3651 eodem
2786 3609 3013 3666 corpore
3049 3611 3157 3665 quo
3194 3596 3392 3651 morie-

1810 3687 1973 3741 batur
1999 3686 2053 3741 in
2092 3702 2275 3752 cruce,
2318 3686 2642 3742 immortalis
2688 3685 2863 3742 factus
2898 3696 2954 3742 et
2981 3687 3230 3742 vestitus.
3270 3704 3289 3738 ι
3323 3686 3390 3740 Et

1813 3792 1934 3832 cum
1962 3777 2322 3843 recubuisset,
2359 3797 2378 3829 ι
2411 3778 2516 3834 hoc
2557 3790 2661 3845 est,
2688 3778 2885 3834 iterum
2911 3778 3157 3835 ascendit
3196 3778 3250 3833 in
3281 3792 3391 3834 coe-

1812 3866 1943 3933 lum,
1992 3868 2049 3923 in
2093 3869 2371 3925 dexteram
2411 3868 2507 3925 Dei
2548 3870 2762 3936 sedens,
2801 3879 2857 3925 et
2896 3870 2949 3925 in
2979 3869 3263 3940 majestate
3292 3883 3389 3939 pa-

1815 3958 1982 4016 terna:
2007 3962 2305 4019 divinitatis
2357 3964 2698 4030 recumbens,
2722 3965 2864 4021 unde
2908 3966 3102 4021 iterum
3133 3970 3392 4020 venturus

1812 4061 1896 4108 est
1948 4052 2193 4125 judicare
2247 4055 2396 4111 vivos
2443 4064 2498 4110 et
2546 4065 2806 4112 mortuos.
2866 4055 3123 4128 Sequitur
3174 4056 3319 4113 enim
3373 4073 3389 4112 :

1818 4161 1836 4194 ι
1872 4143 2020 4201 Dixit
2068 4146 2148 4201 eis
2190 4164 2203 4201 :
2239 4144 2404 4202 Scitis
2452 4147 2580 4217 quid
2625 4146 2845 4205 fecerim
2870 4149 3055 4205 vobis?
3093 4169 3111 4203 ι
3151 4148 3263 4205 Hoc
3293 4149 3391 4216 ait,

1814 4234 1958 4308 quod
1987 4244 2113 4290 ante
2143 4236 2490 4306 promiserat,
2530 4236 2656 4292 dum
2709 4237 2869 4293 Petro
2897 4238 3139 4309 apostolo
3175 4254 3396 4309 respon-

1814 4330 1895 4387 dit
1926 4349 1937 4384 :
1979 4348 1997 4382 ι
2040 4329 2195 4398 Quod
2224 4345 2324 4403 ego
2352 4330 2514 4397 facio,
2545 4340 2599 4386 tu
2626 4331 2804 4387 nescis
2826 4333 3009 4397 modo,
3043 4332 3183 4388 scies
3214 4342 3393 4387 autem

1813 4431 2020 4493 postea.
2054 4442 2073 4474 ι
2104 4421 2258 4477 Nunc
2284 4430 2366 4478 est
2387 4422 2514 4477 illud
2540 4430 2667 4478 ante
2688 4424 3036 4493 promiSsum.

1893 4532 1910 4564 ι
1959 4513 2066 4568 Vos
2094 4513 2300 4569 vocatis
2342 4529 2428 4568 me
2466 4512 2722 4586 Magister
2762 4522 2818 4568 et
2868 4513 3115 4576 Domine,
3160 4521 3215 4567 et
3254 4514 3391 4566 bene

1823 4623 1841 4656 ι
1890 4604 2091 4660 dicitis.
2153 4625 2172 4659 ι
2232 4606 2470 4676 Utique;
2521 4608 2647 4677 quia
2702 4621 2891 4661 verum
2944 4606 3142 4661 dicitis.
3202 4623 3220 4655 ι
3263 4604 3394 4660 Sum

1744 4667 1794 4727 θ
1826 4715 1843 4747 ι
1887 4696 2107 4752 ειειιῑιιι.
2172 4718 2190 4750 ›
2253 4667 2368 4753 Non
2412 4667 2733 4768 arrogantiae
2782 4707 2941 4768 typo,
3002 4697 3094 4753 sed
3150 4697 3394 4753 veritatis

1818 4788 2077 4858 obsequio
2110 4788 2260 4843 dixit.

1896 4899 1912 4930 ι
1960 4880 2016 4933 Si
2046 4895 2172 4951 ergo
2196 4896 2295 4953 ego
2335 4880 2438 4936 lavi
2460 4890 2668 4936 vestros
2706 4881 2870 4951 pedes
2903 4880 3158 4938 Dominus
3185 4891 3240 4938 et
3279 4881 3393 4938 Ma-

1826 4988 1845 5021 ‹
1891 4969 2081 5041 gister,
2104 4980 2159 5025 et
2188 4987 2282 5028 vos
2308 4973 2515 5029 debetis
2537 4972 2676 5028 alter
2702 4971 2924 5028 alterius
2948 4972 3128 5029 lavare
3149 4975 3331 5044 pedes.
3372 4994 3389 5026 ι

1820 5061 1879 5118 Si
1904 5078 2003 5135 ego
2026 5062 2167 5120 Deus
2196 5073 2250 5118 et
2277 5064 2534 5119 Dominus
2561 5063 2738 5120 dimisi
2766 5064 2918 5121 vobis
2945 5074 3166 5135 peccata
3190 5078 3393 5133 vestra,

1818 5164 1874 5211 et
1908 5170 2002 5210 vos
2042 5154 2251 5210 debetis
2298 5152 2435 5207 alter
2474 5135 2953 5224 alterius'peccata
2991 5155 3282 5214 dimittere.
3330 5158 3396 5213 Et

1818 5246 1919 5302 hoc
1942 5254 2025 5303 est
2046 5246 2186 5317 quod
2198 5244 2486 5317 Apostolus
2508 5244 2583 5301 ait
2607 5263 2620 5300 :
2652 5263 2671 5296 ι
2703 5245 2972 5303 Donantes
2998 5247 3395 5319 vobismetipsis

1818 5338 1863 5393 si
1892 5336 2013 5409 quis
2048 5337 2307 5394 adversus
2341 5336 2574 5409 aliquem
2619 5337 2783 5393 habet
2802 5338 3098 5407 querelam,
3126 5339 3266 5395 sicut
3292 5338 3394 5392 Do-

1819 5431 1994 5486 minus
2022 5430 2242 5485 donavit
2273 5431 2445 5497 vobis,
2477 5431 2548 5485 ita
2581 5439 2636 5487 et
2675 5446 2770 5487 vos
2798 5432 3029 5488 invicem
3054 5431 3190 5502 (Col.
3224 5431 3326 5503 ιιι).
3371 5450 3388 5482 ι

1817 5521 2003 5593 Itaque
2030 5521 2187 5578 nobis
2215 5521 2405 5577 delicta
2431 5522 2710 5591 donemus,
2748 5532 2802 5579 et
2831 5540 2930 5596 pro
2959 5521 3160 5578 nostris
3185 5522 3394 5580 delictis

1818 5616 2050 5671 invicem
2078 5630 2297 5671 oremus
2324 5623 2484 5686 atque
2514 5615 2589 5671 ita
2611 5615 3009 5688 quodammodo
3044 5612 3275 5670 invicem
3298 5629 3391 5683 pe—

1819 5707 1911 5763 des
1940 5692 2154 5761 nostros
2184 5706 2444 5762 lavemus.
2497 5709 2644 5765 Licet
2675 5709 2775 5765 hoc
2818 5706 3173 5779 corporaliter
3215 5707 3392 5763 chari-

1820 5797 1944 5853 tatis
1969 5795 2145 5855 oliicio
2174 5805 2227 5852 et
2257 5797 2574 5854 humilitatis
2600 5799 2846 5870 exemplo
2893 5798 3163 5868 aliquibus
3190 5797 3394 5855 utiliter

1815 5893 1995 5949 facere
2025 5894 2248 5964 placeat,
2285 5905 2459 5951 tamen
2500 5897 2812 5967 spiritaliter
2844 5897 2894 5952 in
2934 5898 3096 5952 corde
3124 5897 3389 5965 omnibus,
