3934 6346
48 417 152 472 425

48 530 314 587 stinando.
351 547 369 579 c
400 527 554 595 Quod
583 526 734 592 facis,
763 528 844 582 fac
875 528 1053 583 citius.
1091 549 1108 579 ι
1143 526 1255 582 Non
1283 527 1407 598 quia
1435 527 1488 580 in
1531 536 1617 580 tua
1649 527 1695 585 A

47 629 311 693 potestate
341 630 426 676 cst
451 636 612 691 quem
635 619 833 687 tradas,
868 620 960 675 sed
991 619 1115 690 quia
1146 621 1246 674 hoc
1269 617 1382 674 vult
1405 617 1625 689 quiom-

48 714 129 768 nia
153 721 350 784 potest.
695 711 700 715 ’

119 826 139 859 ι
187 807 303 862 Hoc
330 815 510 861 autem
535 819 694 860 nemo
716 804 871 860 scivit
907 801 1382 866 discumbentium,
1411 801 1477 855 ad
1498 799 1624 870 quid

51 919 69 951 α
100 898 299 954 dixerit
319 897 389 952 ei.
412 895 640 963 Quidam
671 895 813 950 enim
839 894 1100 964 putabant
1145 892 1271 961 quia
1300 889 1504 945 loculos
1524 890 1624 943 ha-

50 1011 66 1038 ‹
99 990 264 1044 bebat
307 987 495 1052 Judas,
541 987 669 1056 quia
711 986 847 1040 dixit
892 985 942 1040 ei
987 983 1143 1039 Jesus
1177 1001 1190 1036 :
1224 983 1356 1037 Eme
1400 997 1462 1037 ea
1505 995 1626 1050 quae

48 1100 65 1130 ε
79 1096 214 1149 opus
236 1087 362 1134 sunt
383 1077 540 1132 nobis
555 1078 622 1132 ad
635 1077 776 1132 diem
794 1076 1016 1142 festum,
1039 1084 1135 1131 aut
1152 1075 1337 1146 egenis
1351 1083 1413 1129 ut
1425 1073 1625 1144 aliquid

49 1191 64 1221 ς
97 1172 274 1226 daret.
317 1190 335 1222 ›
368 1169 612 1225 Habebat
636 1183 765 1240 ergo
801 1168 1063 1224 Dominus
1090 1167 1315 1232 loculos,
1353 1167 1518 1221 etiam
1558 1165 1624 1218 Ii-

43 1260 249 1316 delibus
279 1259 458 1314 oblata
482 1274 832 1324 conservans,
858 1268 911 1313 et
935 1273 1157 1313 suorum
1189 1256 1623 1321 necessitatibus,

41 1361 90 1406 et
118 1351 242 1406 aliis
279 1350 642 1421 indigentibus
676 1349 964 1404 tribuebat.
1003 1347 1155 1404 Tunc
1183 1348 1416 1418 primum
1455 1348 1628 1403 eccle-

42 1442 272 1497 siasticae
302 1440 546 1510 pecuniae
588 1439 761 1494 forma
793 1446 876 1493 est
904 1439 1172 1504 instituta,
1201 1446 1258 1492 ut
1299 1437 1626 1506 intelligere-

40 1547 158 1586 mus
187 1531 329 1600 quod
355 1531 612 1601 praecepit
636 1544 742 1585 non
773 1529 1122 1600 cogitandum
1143 1543 1262 1583 esse
1282 1529 1348 1584 de
1368 1519 1624 1596 craStino,

40 1638 136 1677 nec
179 1622 246 1678 ad
278 1623 382 1678 hoc
406 1620 572 1676 fuisse
596 1629 949 1692 praeceptum,
986 1636 1055 1676 ne
1083 1620 1214 1690 quid
1246 1621 1485 1690 pecuniae
1512 1637 1627 1678 ser-

41 1725 196 1769 vetur
224 1731 255 1769 a
290 1715 512 1780 sanctis,
543 1715 637 1770 sed
667 1730 735 1770 ne
761 1713 873 1769 Deo
892 1728 992 1784 pro
1019 1714 1122 1769 ista
1145 1714 1435 1770 serviatur.

107 1824 125 1855 ε
166 1803 302 1860 Cum
331 1820 460 1876 ergo
487 1805 786 1875 accepisset
815 1803 905 1859 ille
934 1803 1255 1870 buccellam,
1289 1805 1460 1860 exivit
1491 1821 1624 1861 con-

41 1913 55 1943 ι
95 1894 271 1948 tinuo.
303 1893 434 1948 Erat
466 1903 644 1949 autem
675 1910 801 1949 nox.
840 1913 858 1946 ι
885 1893 1017 1948 Erat
1041 1894 1184 1948 enim
1211 1896 1484 1965 nox,quia
1528 1910 1624 1952 ex-

35 1981 126 2035 ivit
163 1981 311 2036 tilius
337 1983 702 2038 tenebrarum.
734 1982 913 2037 Exivit
935 1996 1064 2054 ergo
1086 1983 1155 2038 ad
1178 1999 1288 2040 suae
1310 1985 1628 2054 perditionis

32 2073 399 2130 ministerium
443 2083 500 2129 et
528 2075 596 2129 ad
643 2084 846 2130 nostra:
884 2075 1077 2131 salutis
1125 2076 1625 2146 dispensationem:

31 2183 132 2221 non
166 2175 370 2222 nostra:
394 2167 586 2223 salutis
615 2168 1072 2234 consideratione,
1103 2169 1197 2226 sed
1235 2186 1346 2226 sua:
1389 2174 1627 2243 negotia-

31 2259 200 2314 tionis
227 2259 544 2315 intentione.
574 2259 712 2314 IIinc
748 2259 1004 2329 impletur
1038 2262 1180 2332 quod
1217 2259 1508 2319 Psalmista
1551 2265 1628 2319 ait

29 2349 213 2412 (Psal.
239 2352 340 2422 im)
366 2369 379 2404 :
407 2370 425 2403 ‹
445 2351 571 2407 Dies
598 2352 706 2407 diei
727 2360 937 2408 eructat
961 2354 1204 2418 verbum,
1241 2372 1258 2404 ι
1287 2354 1342 2409 id
1357 2363 1440 2410 est
1463 2355 1623 2411 Chri-

30 2451 137 2498 stus
205 2443 484 2514 discipulis
531 2445 816 2514 promebat
843 2444 1069 2498 verbum
1109 2443 1338 2510 salutis;
1385 2465 1402 2496 ‹
1438 2454 1494 2500 et
1520 2462 1627 2502 nox

31 2537 172 2592 nocti
221 2535 427 2590 indicat
458 2537 765 2603 scientiam,
803 2558 821 2591 ι
855 2537 910 2592 id
960 2546 1045 2594 est
1076 2537 1244 2594 Judas
1267 2537 1467 2595 Judzeis
1500 2557 1627 2610 pro-

32 2627 229 2681 ditoris
283 2625 545 2681 malitiam
598 2626 854 2683 ostendit.
894 2626 1050 2684 Nunc
1083 2628 1274 2700 majori
1329 2631 1627 2689 intentione

37 2721 200 2776 verba
232 2719 444 2774 Domini
461 2720 858 2776 consideranda
881 2730 1028 2786 sunt,
1059 2737 1178 2792 qua:
1193 2723 1308 2793 ipsa
1330 2733 1488 2779 nocte
1503 2735 1626 2781 ante

38 2809 346 2866 traditionis
372 2809 563 2865 horam
591 2810 871 2882 discipulis
898 2813 1252 2882 singulariter
1276 2814 1621 2884 loquebatur,

37 2904 454 2974 profundissima
483 2914 609 2961 sunt
647 2907 700 2961 in
741 2908 1034 2978 mysteriis.
1082 2908 1208 2964 ldeo
1254 2909 1345 2965 ubi
1395 2910 1622 2964 multum

38 2994 377 3051 laboraturus
403 3005 488 3052 est
513 2996 842 3066 disputator,
875 3015 982 3054 non
1012 3001 1276 3056 remissus
1307 3001 1466 3057 debet
1503 3016 1623 3058 esse

41 3088 272 3142 auditor.
318 3087 494 3143 Altius
541 3089 937 3145 consideranda
983 3099 1111 3145 sunt
1149 3090 1415 3146 Altissimi
1455 3091 1621 3159 dicta,

39 3181 131 3250 qui
182 3181 415 3236 occultat
458 3191 520 3237 ut
551 3197 878 3253 quaeramus,
921 3192 977 3239 et
1013 3182 1328 3240 manifestat
1361 3192 1423 3240 ut
1475 3185 1624 3241 inve-

1246 413 1547 470 HOMILI.E
1593 414 1678 467 DE
1716 410 2062 467 'I'EMPORE.

2785 486 2790 491 ι
3202 415 3303 469 ωδ

1802 543 1819 575 ‹
1858 523 1915 578 Si
1948 525 2088 578 Deus
2116 523 2442 580 clarilicatus
2469 535 2552 580 cst
2574 527 2627 580 in
2660 542 2746 591 co,
2774 534 2827 580 et
2859 527 2999 580 Deus
3040 527 3310 583 clariﬁca-

1737 635 1753 665 α
1777 616 1855 670 vit
1875 631 1997 671 eum
2017 616 2072 670 in
2100 618 2409 686 semetipso.
2442 637 2460 670 ι
2492 617 2605 674 Hoc
2626 629 2740 675 cst:
2767 621 2810 675 si
2829 620 2967 675 Deus
2981 619 3309 679 clarilicatus

1729 718 1811 764 est
1834 709 1887 764 in
1915 724 2002 774 eo,
2033 710 2124 778 qui
2153 724 2260 764 non
2284 706 2627 766 venitfacere
2647 711 2979 767 voluntatem
3009 728 3184 779 suam,
3213 713 3308 770 sed

1729 802 2063 856 voluntatem
2093 801 2211 872 ejus
2235 801 2327 872 qui
2369 802 2516 858 misit
2546 816 2692 866 eum,
2716 811 2770 857 et
2817 803 2959 859 Deus
2989 805 3311 862 clariﬁcavit

1729 907 1853 947 eum
1874 893 1929 947 in
1943 893 2232 964 semetipso
2246 910 2259 958 ;
2287 901 2344 947 ut
2364 902 2556 947 natura
2575 895 2831 958 humana,
2849 894 2902 949 in
2917 911 3022 965 qua
3035 905 3119 951 est
3139 896 3310 952 Filius

1729 982 1985 1048 hominis,
2007 998 2127 1052 quae
2149 1000 2178 1036 a
2203 983 2380 1038 Verbo
2399 991 2602 1038 aeterno
2626 993 2874 1053 suscepta
2895 992 2998 1049 est,
3032 985 3194 1041 etiam
3217 986 3315 1040 im-

1730 1073 1942 1130 mortali
1987 1073 2288 1130 aeternitate
2329 1075 2561 1130 donetur
2592 1091 2606 1129 :
2637 1093 2652 1124 ‹
2692 1073 2758 1128 Et
2786 1075 3064 1142 continuo,
3111 1077 3309 1148 inquit,

1730 1163 2046 1220 clariﬁcabit
2092 1181 2233 1229 eum,
2270 1184 2288 1217 ι
2333 1167 2734 1221 resurrectione
2779 1164 2987 1244 scilicet
3035 1181 3151 1233 sua,
3203 1184 3313 1222 non

1731 1258 1872 1314 sicut
1896 1266 2080 1314 nostra
2112 1259 2165 1313 in
2194 1257 2298 1314 line
2329 1258 2531 1325 saeculi,
2562 1258 2659 1314 sed
2687 1259 2945 1315 continuo
2967 1259 3165 1315 futura.

2249 1390 2528 1447 HOMILIA
2559 1390 2786 1447 LXVIII.

2144 1496 2302 1538 FEBIA
2341 1499 2510 1539 SEXTA
2552 1499 2903 1540 PABASCEVES.

1860 1591 2048 1648 Passio
2073 1591 2286 1647 Domini
2312 1593 2478 1648 nostri
2506 1593 2635 1669 Iesu
2669 1594 2865 1649 Christi
2893 1597 3180 1652 secundum

2389 1684 2670 1739 Joannem.

1822 1797 1998 1870 (Joxs.
2021 1815 2178 1867 xvm,
2201 1800 2340 1872 xix.)
2367 1819 2386 1853 ‹
2407 1799 2465 1855 In
2483 1801 2575 1858 illo
2591 1809 2858 1872 tempore:
2883 1819 3134 1877 egressus
3155 1804 3317 1863 Jesus

1653 1901 1701 1962 Β
1734 1909 1753 1943 ι
1789 1906 1911 1946 cum
1947 1891 2226 1963 discipulis
2255 1893 2369 1948 suis
2413 1902 2564 1948 trans
2593 1903 2890 1953 torrentem
2921 1898 3152 1964 Cedron,
3201 1892 3310 1954 i'et

1733 1983 1961 2053 reliqua.
1994 1983 2197 2061 Κιδρῷν
2221 1985 2488 2056 genitivus
2511 1986 2734 2058 pluralis
2753 1999 2837 2044 est
2858 1989 2912 2044 in
2936 1987 3146 2054 Graeco,
3164 1991 3306 2059 quod

1731 2082 1908 2144 potest
1931 2073 2130 2131 Latine
2159 2076 2456 2133 Cedrorum
2499 2079 2624 2134 dici.
2667 2078 2818 2135 Tunc
2854 2080 3311 2150 appropinquavit

1732 2175 1944 2238 tempus
1968 2169 2034 2225 de
2056 2185 2162 2239 quo
2175 2170 2462 2226 Psalmista
2488 2172 2716 2244 legitur:
2740 2191 2759 2224 ι
2782 2173 2858 2228 De
2879 2182 3122 2229 torrente
3137 2175 3193 2229 in
3217 2175 3306 2228 via

1730 2259 1900 2325 bibet,
1947 2279 1964 2311 ι
1997 2261 2050 2316 id
2072 2271 2175 2328 est,
2193 2263 2245 2316 in
2265 2264 2352 2318 via
2378 2264 2537 2334 hujus
2563 2265 2689 2320 vitae
2719 2265 2786 2321 de
2827 2273 3069 2322 torrente
3094 2267 3305 2336 passio-

1733 2351 1821 2406 nis
1857 2351 2012 2417 bibit,
2048 2371 2067 2404 ς
2104 2363 2389 2424 propterea
2411 2355 2672 2412 exaltabit
2715 2367 2875 2427 caput
2925 2357 3257 2429 (Psal.c1x),
3290 2377 3306 2409 ι

1732 2441 1873 2512 quod
1933 2443 2218 2513 Apostolus
2247 2446 2321 2500 ita
2357 2448 2607 2517 exposuit
2645 2466 2658 2500 :
2695 2466 2713 2500 ι
2753 2447 3006 2506 Christus
3053 2451 3314 2507 obediens

1729 2538 1876 2594 Patri
1937 2555 2108 2610 usque
2149 2541 2217 2596 ad
2261 2551 2518 2609 mortem,
2577 2552 2808 2599 mortem
2869 2553 3053 2601 autem
3108 2547 3309 2611 crucis,

1728 2641 1950 2702 propter
1977 2636 2120 2704 quod
2149 2645 2204 2691 et
2235 2636 2378 2693 Deus
2418 2638 2678 2694 exaltavit
2705 2639 2858 2694 illum
2883 2638 3104 2711 (Philip.
3155 2642 3241 2710 ιι).
3292 2663 3310 2696 ι

1735 2741 1753 2773 ε
1790 2721 1891 2778 Ubi
1920 2734 2038 2778 erat
2061 2727 2274 2792 hortus,
2302 2727 2354 2782 in
2385 2743 2546 2798 quem
2574 2730 2820 2784 introivit
2847 2732 2962 2802 ipse
2983 2740 3037 2787 et
3065 2733 3315 2803 discipuli

1735 2831 1752 2863 ‹
1790 2815 1926 2884 ejus.
1964 2835 1981 2866 ι
2017 2815 2163 2872 Bene
2198 2817 2253 2872 in
2285 2819 2442 2874 horto
2473 2821 2706 2876 miseria:
2726 2832 2924 2877 nostra:
2948 2826 3311 2893 comprehen-

1728 2919 1820 2960 sus
1848 2914 1950 2971 est,
1983 2915 2044 2961 ut
2069 2923 2168 2963 nos
2199 2909 2253 2962 in
2277 2909 2496 2965 hortum
2511 2912 2860 2970 beatitudinis
2882 2930 2992 2970 suae
3013 2916 3312 2972 induceret.

1725 2996 1894 3066 Igitur
1917 2997 1970 3052 in
2001 2997 2160 3055 horto
2189 2999 2532 3069 deliciarum,
2566 3001 2618 3057 id
2641 3012 2724 3059 est
2753 3004 2808 3059 in
2832 3007 3085 3074 paradiso
3108 3007 3316 3077 primus

1725 3096 1882 3155 pater
1905 3088 2125 3144 humani
2152 3093 2366 3160 generis
2391 3093 2656 3162 peccavit,
2684 3103 2741 3150 et
2769 3095 2893 3150 inde
2917 3097 3120 3167 ejectus
3147 3107 3231 3154 est
3262 3099 3316 3154 in

1727 3177 1869 3232 hanc
1922 3178 2111 3233 vallem
2143 3180 2529 3251 Iacrymarum.
2573 3184 2699 3239 Ideo
2728 3184 3000 3253 Christus,
3047 3190 3318 3245 secundus

40 3274 276 3328 niamus.
307 3273 425 3344 Ipse
474 3284 559 3331 est
594 3276 688 3346 qui
733 3277 934 3333 claudit
962 3284 1017 3332 et
1055 3277 1232 3346 aperit
1263 3294 1275 3330 :
1323 3277 1526 3333 claudit
1568 3286 1626 3332 ut
1656 3279 1699 3342 C
1730 3268 1921 3333 Adam,
1956 3285 2013 3324 Se
2037 3271 2090 3324 ίη
2129 3271 2287 3327 1101⁸ῑο
2316 3276 2701 3344 comprehendi
2727 3277 2916 3344 V010“:
2947 3288 3006 3334 υῑ
3034 3289 3314 3349 Peccatum

44 3381 397 3435 quaeramus;
446 3369 616 3438 aperit
661 3378 722 3424 ut
780 3369 1123 3426 inveniamus
1173 3388 1185 3424 :
1236 3378 1296 3425 ut
1343 3369 1632 3441 inquisitor

49 3454 294 3511 fructum
324 3460 549 3530 accipiat
587 3461 804 3518 sudoris
834 3463 935 3528 sui,
979 3471 1034 3519 et
1063 3463 1289 3535 largitor
1327 3463 1539 3520 Iaudem
1581 3471 1636 3519 et

50 3549 285 3619 gratiam
313 3549 569 3608 bonitatis
597 3569 708 3608 suae
737 3553 949 3609 habeat.

117 3661 136 3693 ‹
172 3641 235 3696 Et
269 3642 403 3697 dixit
428 3643 585 3700 Jesus
618 3664 629 3698 :
663 3644 814 3701 Nunc
842 3645 1172 3701 clariﬁcatus
1198 3654 1282 3702 est
1323 3645 1492 3702 Filius
1536 3647 1633 3702 ho-

51 3755 68 3787 ι
105 3735 284 3803 minis,
307 3745 361 3791 et
391 3736 534 3794 Deus
562 3737 897 3793 clariﬁcatus
925 3746 1010 3792 est
1037 3738 1091 3791 in
1130 3752 1216 3792 eo.
1253 3757 1272 3790 ι
1308 3737 1408 3793 Hic
1432 3738 1634 3807 aliquid

48 3845 294 3900 magnum
343 3830 614 3901 signiﬁcat
660 3831 711 3884 in
744 3831 850 3885 hac
884 3830 1295 3886 clariﬁcatione.
1329 3831 1513 3885 Exivit
1541 3829 1632 3885 .lu-

51 3926 160 3991 das,
190 3935 243 3980 et
270 3925 599 3980 clariticatus
619 3918 879 3980 esthsus
916 3943 928 3976 :
975 3925 1144 3980 exivit
1187 3924 1329 3980 Iilius
1371 3925 1633 3996 perditio-

51 4017 150 4083 nis,
182 4029 238 4072 et
273 4018 604 4073 clarilicatus
635 4026 721 4074 est
749 4017 919 4073 Filius
966 4017 1217 4073 hominis.
1249 4017 1495 4073 Exeunte
1530 4019 1631 4072 ita-

51 4126 147 4184 que
187 4113 240 4168 in
274 4113 476 4169 mundo
501 4129 690 4168 omnes
721 4111 909 4168 mundi
948 4118 1356 4178 remanserunt,
1409 4119 1464 4167 et
1507 4128 1630 4167 cum

51 4218 142 4258 suo
165 4205 487 4260 mundatore
512 4211 910 4259 remanserunt.
955 4200 1084 4257 Tale
1113 4201 1320 4272 aliquid
1348 4201 1473 4267 erit,
1506 4217 1628 4256 cum

53 4293 218 4350 victus
246 4310 276 4348 a
312 4293 530 4350 Christo
561 4301 800 4348 transeat
841 4293 933 4348 hic
963 4292 1196 4347 mundus
1229 4307 1373 4357 cum,
1403 4292 1629 4347 zizaniis

54 4402 78 4437 a
113 4385 289 4441 tritico
317 4386 599 4457 separatis,
623 4386 758 4456 justi.
798 4385 1081 4457 fulgebunt
1129 4385 1272 4439 sicut
1322 4383 1402 4440 sol
1446 4381 1499 4438 in
1543 4398 1628 4439 re-

55 4492 148 4546 gno
190 4477 369 4532 Patris
422 4477 526 4532 sui.
575 4477 652 4532 De
687 4477 788 4532 hac
829 4474 1223 4531 clariﬁcatione
1266 4472 1448 4527 futura
1495 4487 1624 4529 san-

55 4575 252 4621 ctorum
278 4567 579 4632 locuturus,
609 4569 772 4623 verbo
800 4565 1058 4637 praeteriti
1088 4565 1342 4635 temporis
1369 4579 1499 4619 usus
1519 4572 1622 4619 est.

1737 3358 1963 3428 quodin
2002 3361 2161 3415 horto
2206 3364 2460 3430 paradisi,
2511 3366 2604 3435 qui
2650 3367 2841 3422 hortus
2890 3367 3206 3424 deliciarum
3236 3372 3318 3426 in-

1737 3458 2084 3520 terpretatur,
2120 3453 2327 3522 primus
2354 3456 2517 3510 homo
2545 3458 2838 3523 commisit,
2870 3458 3158 3515 deleretur.

1813 3561 1832 3594 ‹
1869 3542 2086 3599 Sciebat
2113 3555 2290 3601 autem
2321 3555 2376 3601 ct
2401 3543 2589 3614 Judas,
2634 3549 2726 3620 qui
2781 3549 3028 3606 tradebat
3060 3567 3207 3619 eum,
3241 3553 3315 3609 lo-

1741 3656 1759 3686 ‹
1787 3651 1910 3691 cum
1936 3653 1951 3702 ;
1985 3637 2112 3707 quia
2133 3635 2448 3708 frequenter
2472 3639 2628 3696 Jesus
2657 3651 2985 3698 convenerat
3030 3643 3154 3700 illuc
3195 3661 3318 3700 cum

1742 3748 1759 3780 ‹
1797 3729 2074 3799 discipulis
2088 3731 2220 3786 suis.
2254 3751 2272 3783 ι
2299 3730 2413 3787 Hoc
2439 3733 2581 3802 quod
2603 3743 2790 3789 narrat
2812 3735 3116 3805 ingressum
3140 3737 3319 3792 Domi-

1736 3839 1864 3878 num
1895 3816 2018 3879 cum
2047 3823 2325 3895 discipulis
2375 3825 2486 3881 suis
2532 3827 2586 3881 in
2632 3827 2870 3893 hortum,
2919 3843 3027 3884 non
3065 3829 3321 3884 continuo

1737 3916 1937 3970 factum
1964 3924 2065 3981 est,
2099 3932 2222 3971 cum
2253 3917 2371 3988 ejus
2395 3917 2484 3972 illa
2517 3918 2665 3973 [inita
2690 3928 2835 3976 esset
2857 3921 3052 3987 oratio,
3070 3921 3135 3976 de
3165 3921 3320 3990 cujus

1734 4007 1915 4062 verbis
1938 4007 2047 4061 ait:
2078 4025 2096 4058 ‹
2120 4006 2247 4064 Haec
2266 4024 2390 4064 cum
2417 4009 2643 4065 dixisset
2663 4008 2852 4078 Jesus;
2878 4031 2894 4062 ι
2923 4011 3018 4067 sed
3046 4011 3152 4067 alia
3172 4028 3318 4083 quaa-

1734 4099 1856 4153 dam
1889 4107 2016 4153 sunt
2041 4099 2380 4171 interposita,
2419 4115 2537 4169 quae
2561 4101 2630 4156 ab
2656 4101 2763 4157 isto
2793 4103 3153 4172 praetermissa
3177 4104 3317 4173 apud

1731 4188 1864 4244 alios
1910 4187 2272 4260 evangelistas
2333 4189 2608 4262 leguntur,
2655 4192 2794 4248 sicut
2831 4193 2922 4250 hic
2968 4193 3316 4251 inveniuntur

1730 4281 1900 4337 multa
1942 4296 2064 4351 qua:
2110 4281 2185 4336 illi
2233 4281 2482 4337 similiter
2529 4284 2585 4338 in
2640 4299 2737 4339 sua
2774 4286 3087 4342 narratione
3119 4294 3307 4341 tacue-

1740 4380 1885 4427 runt.
1924 4371 2004 4426 Ad
2052 4373 2155 4428 hoc
2178 4387 2309 4429 vero
2357 4375 2496 4431 valet
2521 4375 2667 4446 quod
2693 4375 2898 4432 dictum
2945 4385 3031 4433 est
3083 4397 3094 4431 :
3134 4395 3154 4428 ‹
3192 4376 3317 4432 Haec

1729 4480 1852 4522 cum
1877 4453 2105 4522 dixisset
2123 4466 2300 4535 Jesus,
2338 4490 2356 4522 ι
2389 4477 2450 4524 ut
2479 4485 2584 4524 non
2606 4474 2740 4525 eum'
2759 4477 2884 4525 ante
2903 4471 3189 4540 opinemur
3218 4483 3310 4523 ve-

1727 4559 1847 4612 nire
1877 4557 1934 4611 in
1964 4558 2202 4624 hortum,
2231 4576 2392 4630 quam
2420 4560 2509 4616 illa
2537 4561 2701 4616 verba
2725 4561 2908 4616 ﬁniret
2940 4569 2994 4615 et
3019 4561 3166 4615 illam
3196 4575 3320 4615 ora-

56 4656 194 4723 Quod
236 4660 378 4714 enim
410 4659 648 4714 futurum
679 4660 733 4714 in
772 4659 975 4714 sanctis
1003 4667 1104 4725 est,
1136 4658 1240 4712 hoc
1263 4657 1316 4710 in
1340 4656 1623 4727 praedesti-
1651 4661 1704 4721 D
1730 4649 1952 4713 tionem,
1979 4665 2100 4718 quae
2127 4649 2396 4720 1880M!"-
2434 4670 2451 4702 σ
2480 4651 2546 4705 El
2571 4651 2758 4717 JUdaS,
2786 4651 2877 4720 (Ιυί
2906 4651 3152 4706 tradebal
3175 4666 3320 4717 eum,

53 4750 258 4805 natione
289 4751 385 4805 Dei
407 4751 609 4806 factum
640 4766 761 4806 esse
782 4749 980 4810 dieitur
1007 4767 1018 4802 :
1058 4766 1076 4800 ι
1114 4748 1269 4802 Nunc
1295 4746 1622 4802 clarilicatus

54 4850 128 4895 est
150 4841 316 4897 Filius
347 4843 613 4908 hominis;
653 4863 672 4895 ι
709 4850 965 4912 tanquam
1017 4842 1220 4897 diceret
1251 4859 1262 4894 :
1291 4840 1432 4896 Ecce
1456 4841 1508 4895 in
1531 4841 1619 4894 illa

54 4947 163 4987 mea
207 4933 600 4991 clarificatione
645 4935 772 5005 quid
811 4936 933 4999 erit,
994 4936 1083 4990 ubi
1135 4935 1401 4991 malorum
1451 4935 1628 4990 nullus

54 5026 170 5092 erit,
196 5029 289 5084 ubi
314 5029 580 5084 honorum
628 5029 807 5084 nullus
835 5029 996 5098 perit.
1046 5027 1138 5084 Sic
1184 5037 1364 5083 autem
1402 5046 1509 5084 non
1548 5038 1634 5086 est

53 5116 270 5184 dictum,
304 5136 446 5175 nunc
477 5120 813 5191 significatus
838 5130 924 5175 est
953 5119 1120 5175 Filius
1166 5120 1400 5175 hominis
1430 5120 1634 5192 signiﬁ-

53 5209 279 5278 catione,
313 5211 772 5280 queamdmodum
810 5227 919 5268 non
967 5220 1048 5268 est
1097 5212 1302 5267 dictum
1337 5229 1351 5266 z
1385 5220 1538 5282 petra
1567 5212 1636 5266 si-

51 5300 341 5369 gnificabat
369 5301 672 5370 Christum,
719 5302 812 5358 sed
859 5312 1010 5374 petra
1056 5310 1177 5358 erat
1202 5302 1466 5358 Christus.
1501 5301 1634 5356 Cum

53 5402 228 5448 autem
255 5394 486 5450 dixisset
514 5410 527 5446 :
567 5411 587 5444 ‹
625 5392 779 5449 Nunc
799 5393 1130 5450 clariﬁcatus
1154 5402 1238 5450 cst
1268 5393 1436 5450 Filius
1457 5393 1637 5450 homi-

53 5486 149 5550 nis,
202 5505 222 5537 ι
257 5485 503 5554 adjunxit
532 5503 546 5541 :
578 5503 597 5538 ‹
646 5485 714 5540 Et
741 5485 886 5542 Deus
915 5484 1245 5540 clariﬁcatus
1271 5493 1356 5541 est
1393 5485 1448 5540 in
1486 5500 1571 5540 eo.
1611 5503 1629 5536 ι

52 5575 141 5632 Est
174 5579 323 5633 enim
351 5577 670 5633 clariﬁcatio
692 5577 814 5632 Filii
843 5577 1097 5642 hominis,
1123 5585 1183 5631 ut
1207 5578 1348 5634 Deus
1374 5577 1636 5634 clariﬁce-

55 5676 138 5724 tur
166 5671 224 5726 in
253 5686 340 5727 eo.
374 5670 492 5727 Non
523 5671 668 5726 enim
699 5671 812 5741 ipse
831 5669 1133 5740 ,infseipso,
1159 5670 1252 5724 sed
1282 5669 1424 5725 Deus
1455 5669 1506 5724 in
1544 5669 1634 5726 illo

56 5766 401 5832 clariﬁcatur,
447 5775 574 5822 tunc
601 5775 656 5823 et
700 5766 848 5820 illum
883 5766 1022 5822 Deus
1042 5765 1096 5820 in
1120 5779 1178 5821 se
1204 5763 1486 5821 clarificat.
1535 5765 1635 5823 De-

53 5861 214 5932 niquc
246 5871 502 5932 tanquam
532 5863 634 5918 ista
666 5875 942 5932 exponens
980 5857 1240 5929 adiungit,
1274 5866 1328 5916 et
1356 5859 1486 5917 dicit
1512 5879 1524 5914 :

335 5975 606 6039 Ρηιιοι.
655 5975 930 6036 CXVIII.

1729 4742 1934 4798 sciebat
1987 4742 2187 4798 locum.
2249 4763 2278 4805 ι,
2317 4744 2461 4799 Ordo
2508 4744 2798 4798 verborum
2832 4754 2913 4799 est
2948 4761 2962 4800 :
2999 4743 3218 4800 Sciebat
3244 4745 3322 4800 lo-

1731 4851 1882 4902 cum,
1919 4836 2011 4906 qui
2041 4837 2288 4893 tradebat
2317 4853 2461 4903 cum,
2510 4838 2652 4908 quod
2692 4837 3004 4908 frequenter
3030 4836 3207 4906 Jesus,
3236 4840 3321 4895 in-

1734 4929 1873 4999 quit,
1901 4938 2233 4984 convenerat
2267 4929 2394 4985 illuc
2427 4945 2548 4985 cum
2596 4930 2878 5002 discipulis
2915 4932 3050 4987 suis.
3082 4931 3156 4986 Ibi
3193 4947 3322 5002 ergo

1732 5022 1890 5092 lupus
1925 5023 2084 5077 ovina
2131 5023 2269 5094 pelle
2302 5031 2601 5088 contectus,
2651 5031 2706 5078 et
2756 5022 2899 5080 inter
2927 5038 3055 5081 oves
3088 5023 3197 5079 alto
3226 5040 3321 5093 pa-

1741 5113 2077 5170 trisfamilias
2130 5115 2356 5173 consilio
2387 5115 2670 5181 toleratus,
2697 5115 2887 5172 didicit
2922 5125 2982 5172 ut
3011 5117 3079 5172 ad
3106 5127 3320 5189 tempus

1738 5208 1993 5279 exiguum
2025 5209 2364 5280 dispergeret
2391 5223 2632 5281 gregem,
2662 5209 2873 5268 insidiis
2899 5211 3198 5283 appetendo
3227 5227 3321 5281 pa-

1739 5309 1965 5355 storem.

1816 5413 1834 5446 ‹
1868 5392 2035 5450 Judas
2055 5408 2203 5464 ergo,
2230 5393 2422 5464 inquit,
2447 5409 2571 5449 cum
2606 5393 2904 5466 accepisset
2933 5395 3233 5457 cohortem,
3265 5403 3322 5449 et

1749 5504 1767 5537 ‹
1789 5501 1818 5540 a
1832 5485 2176 5558 pontiﬁcibus
2191 5485 2541 5542 etPharisaeis
2557 5487 2851 5554 ministros,
2874 5487 3021 5543 venit
3048 5486 3174 5541 illuc
3195 5501 3317 5540 cum

1742 5578 1986 5644 laternis,
2032 5587 2088 5633 et
2115 5576 2338 5644 facibus,
2365 5587 2418 5633 et
2443 5579 2629 5634 armis.
2675 5600 2694 5632 ι
2738 5579 2946 5635 Cohors
2977 5593 3080 5634 non
3110 5574 3322 5649 Iudaeo-

1743 5687 1882 5739 rum,
1908 5671 2004 5726 sed
2029 5669 2260 5725 militum
2297 5671 2415 5727 fuit.
2452 5671 2496 5727 A
2521 5673 2752 5744 praeside
2777 5672 2962 5741 itaque
2987 5668 3319 5739 intelligatur

1743 5773 1963 5835 accepta
1999 5773 2255 5836 tanquam
2279 5767 2344 5821 ad
2374 5767 2661 5823 tenendum
2690 5781 2864 5830 reum,
2892 5771 3106 5820 servato
3130 5761 3322 5818 ordine

1746 5858 1995 5931 legitima:
2023 5860 2326 5929 potestatis,
2353 5870 2412 5916 ut
2440 5860 2616 5917 nullus
2645 5858 2949 5914 tenentibus
2979 5855 3197 5911 auderet
3225 5853 3320 5909 oh-

2791 5971 2865 6033 1ἱι
