3934 6346
640 386 745 441 427

1283 378 1633 435 ΗΑγΜοΜε
1669 376 2148 433 HALBlz'BSTAT.
2191 374 2401 434 EPISC.
2442 376 2593 434 ore.
2632 335 2812 435 rans
2847 378 2911 435 ιι.
2947 409 3020 421 -
3061 378 3291 437 nonus.
3878 383 3923 438 ι

614 500 859 567 ,sistere.
900 498 1020 553 ideo
1069 503 1215 550 tanta
1256 511 1447 550 manus
1504 496 1845 551 inimicorum
1894 502 2213 565 congregata
2243 498 2293 559 Α
2320 491 2476 560 hujus
2515 494 2801 563 expressit,
2840 494 2980 549 sicut
2999 494 3176 549 Lucas
3197 494 3364 560 solus,
3394 494 3545 565 quod
3564 494 3705 563 ejus
3730 498 3925 552 aur-it

640 599 742 653 est,
776 599 834 644 ut
852 588 1027 643 nullus
1048 587 1598 657 apprehendentibus,
1616 587 1698 642 vel
1722 587 2111 649 contradicere,
2128 586 2214 640 vel

641 678 926 735 defendere
950 675 1134 733 Jesum
1166 678 1409 733 auderet.
1438 678 1515 737 Ita
1546 679 1741 748 quippe
1770 678 1887 748 ejus
1921 677 2215 733 absconde-

639 775 797 829 hatur
844 778 1106 841 potestas,
1151 778 1205 825 et
1246 770 1642 831 obtendebatur
1676 770 1983 837 infirmitas,
2016 778 2075 825 ut
2104 770 2216 823 haec

640 862 872 919 inimicis
917 861 1221 917 necessaria
1258 862 1574 919 viderentur
1604 861 1864 916 adversus
1893 875 2037 915 eum.
2068 859 2214 916 Bene

637 964 795 1011 utens
821 953 996 1009 bonus
1041 953 1217 1019 malis,
1251 961 1307 1008 et
1332 952 1538 1009 faciens
1564 954 1703 1007 bona
1726 953 1793 1008 de
1815 952 1989 1009 malis.

712 1067 729 1099 ι
756 1046 917 1103 Jesus
955 1053 1157 1110 autem,
1229 1065 1249 1098 ι
1298 1044 1438 1100 sicut
1490 1042 1817 1114 evangelista
1865 1052 2082 1099 secutus
2123 1043 2215 1099 ad-

627 1138 829 1209 junxit,
864 1157 883 1191 t
906 1139 1084 1194 sciens
1102 1138 1284 1193 omnia
1297 1151 1417 1207 qua:
1430 1144 1654 1192 ventura
1668 1144 1824 1193 erant
1837 1152 1998 1207 super
2009 1151 2152 1191 eum.
2186 1155 2205 1190 ι

635 1230 855 1287 Sciebat
878 1239 935 1286 et
952 1230 1119 1285 voluit
1148 1237 1207 1284 ut
1246 1227 1814 1300 comprehenderetur,
1855 1228 1981 1299 quia
2016 1228 2085 1282 ad
2111 1229 2213 1285 hoc

546 1378 551 1381 ,
635 1322 784 1378 venit
823 1322 877 1376 in
904 1321 1185 1385 mundum,
1208 1329 1269 1375 ut
1296 1320 1400 1375 hoc
1429 1319 1583 1374 ﬁeret
1616 1319 1759 1390 quod
1793 1318 1996 1384 voluit;
2035 1338 2051 1369 ι
2087 1333 2213 1388 pro-

633 1416 865 1472 cessitet
877 1414 1011 1470 dixit
1038 1432 1049 1467 :
1076 1412 1246 1481 Quem
1263 1412 1539 1482 qumritis?
1562 1431 1579 1463 ι
1599 1411 1872 1467 Processit
1899 1419 2122 1480 paratus
2145 1410 2214 1466 ad

632 1506 959 1578 passionem,
1007 1512 1063 1559 et
1116 1511 1455 1573 interrogans
1504 1516 1665 1571 quem
1718 1510 2057 1570 quaererent,
2104 1515 2211 1555 non

635 1598 789 1668 quasi
820 1599 1040 1667 ignarus
1077 1610 1266 1651 eorum
1319 1594 1627 1661 voluntatis,
1673 1593 1770 1650 sed
1812 1600 1872 1647 ut
1900 1594 2105 1649 scirent
2135 1594 2212 1663 ip-

632 1706 751 1746 sum
789 1704 910 1745 esse
943 1693 1102 1758 quem
1127 1697 1451 1757 quazrerent.

708 1805 728 1843 ι
756 1782 1172 1853 Responderunt
1204 1797 1218 1833 :
1249 1778 1432 1836 Iesum
1459 1779 1818 1839 Nazarenum.
1870 1799 1888 1833 ι
1928 1776 2088 1832 Jesus
2111 1776 2210 1831 Na-

2324 585 2429 639 lam
2471 584 2730 641 Dominus
2779 585 3033 658 tetigerit,
3070 595 3127 642 et
3166 587 3437 641 sanaverit
3476 602 3639 642 eum.
3692 586 3919 644 Malch

2322 687 2497 731 autem
2527 676 2913 747 interpretatur
2941 687 3274 748 regnaturus.
3303 676 3442 745 Quid
3467 692 3613 749 ergo
3640 679 3839 734 auris
3874 697 3925 750 p1

2322 770 2548 826 Domino
2568 778 2841 840 amputata
2880 780 2936 826 et
2964 786 2995 824 a
3026 770 3254 827 Domino
3278 778 3464 824 sanata
3489 768 3843 843 signiﬁcat,
3868 772 3926 825 ni

2322 858 2565 914 auditum
2588 868 2862 929 amputata
2894 867 3162 921 vetustate
3191 869 3531 925 renovatum,
3549 870 3618 917 ut
3643 860 3728 915 sit
3754 862 3828 916 in
3868 880 3925 918 Di

2319 950 2486 1007 vitate
2517 950 2762 1022 spiritus,
2787 960 2843 1029 et
2866 967 2975 1011 non
3010 952 3064 1006 in
3094 960 3360 1008 vetustate
3386 951 3636 1008 litterae?
3666 950 3856 1019 Quod
3882 969 3926 1007 ei

2321 1042 2623 1112 praestitum
2647 1058 2677 1097 a
2708 1041 2926 1099 Christo
2954 1042 3142 1110 fuerit,
3167 1044 3288 1115 quis
3324 1043 3535 1099 dubitet
3560 1054 3926 1119 regnatura;

2320 1140 2448 1188 tunc
2468 1148 2587 1188 esse
2613 1147 2734 1187 cum
2753 1132 3007 1195 Christo?
3031 1132 3234 1191 Servus
3257 1133 3433 1190 dictus
3457 1143 3547 1193 est
3566 1144 3833 1207 propter
3844 1151 3926 1189 se:

2320 1224 2548 1281 vitutem
2604 1224 2861 1299 legalem;
2916 1238 3139 1281 sanatus
3185 1237 3363 1282 autem
3425 1226 3667 1293 dicitur,
3715 1243 3925 1300 propte

2318 1318 2683 1390 evangelicam
2714 1318 3039 1377 libertatem.
3071 1318 3296 1376 Factum
3326 1328 3509 1377 tamen
3545 1317 3716 1376 Petri
3757 1320 3925 1376 Domi

2318 1425 2421 1468 nus
2463 1410 2805 1483 improbavit,
2862 1420 2917 1466 et
2967 1410 3220 1483 progredi
3270 1410 3414 1467 ultra
3466 1413 3807 1483 prohibuit,
3865 1414 3926 1467 di-

2318 1514 2448 1558 cens
2463 1516 2479 1557 2

2394 1613 2414 1646 ι
2443 1593 2593 1650 Mitte
2616 1594 2854 1669 gladium
2889 1603 3036 1655 tuum
3067 1596 3122 1652 in
3160 1595 3434 1668 vaginam.
3468 1594 3737 1653 Calicem
3771 1614 3921 1670 quem

2322 1705 2341 1737 ‹
2382 1685 2533 1741 dedit
2556 1686 2689 1741 mihi
2726 1685 2916 1753 Pater,
2950 1702 3057 1742 non
3098 1687 3277 1744 bibam
3312 1687 3482 1742 illum.
3526 1708 3547 1741 ι
3584 1687 3717 1745 Non
3750 1691 3919 1745 bibam

2315 1776 2485 1844 illum,
2531 1777 2942 1848 interrogative,
2990 1776 3075 1833 vel
3116 1776 3447 1849 increpative
3485 1777 3797 1851 legendum
3825 1792 3913 1843 εει,

630 1886 860 1931 zarenus
886 1873 1187 1937 dicebatur,
1212 1870 1337 1940 quia
1376 1871 1429 1925 in
1461 1869 1726 1927 Nazereth
1756 1870 1995 1925 nutritus
2020 1875 2125 1935 est,
2151 1876 2211 1927 ut
2238 1866 2288 1927 B
2314 1869 2469 1940 quasi
2501 1868 2730 1927 dixisset
2763 1888 2775 1924 :
2804 1867 2993 1927 Nonne
3038 1869 3217 1925 bibam
3264 1868 3417 1927 illum
3464 1868 3712 1927 calicem
3765 1889 3911 1944 quem

631 1963 947 2034 impleretur
973 1960 1255 2033 prophetia
1283 1974 1298 2014 :
1329 1978 1347 2011 t
1381 1958 1649 2027 Quoniam
1673 1958 1961 2015 Nazarteus
1993 1957 2213 2015 vocabi-

629 2068 735 2115 tur.
769 2077 789 2111 ι
827 2074 846 2109 ι
883 2055 1025 2117 Dicit
1044 2053 1163 2109 eis:
1196 2053 1309 2124 Ego
1329 2068 1467 2109 sum.
1507 2072 1527 2106 ι
1556 2051 1672 2107 Non
1699 2052 1985 2107 abscondit
2000 2060 2088 2117 se,
2117 2050 2212 2106 sed

628 2150 886 2213 ostendit,
930 2148 1057 2217 quia
1100 2146 1377 2203 voluntate
1422 2159 1518 2202 sua
1564 2144 1745 2215 posuit
1774 2144 2011 2199 animam
2054 2158 2210 2199 suam

627 2257 727 2313 pro
747 2239 967 2297 mundo.

704 2352 722 2385 ι
770 2331 961 2388 Stabat
986 2338 1167 2385 autem
1192 2336 1247 2384 et
1274 2327 1441 2384 Judas
1459 2368 1474 2393 ,
1499 2328 1594 2399 qui
1620 2326 1871 2391 tradebat
1902 2341 2051 2395 eum,
2084 2340 2208 2381 cum

630 2446 648 2478 ι
697 2426 847 2496 ipsis.
884 2424 955 2481 Ut
992 2438 1123 2495 ergo
1168 2422 1306 2477 dixit
1332 2422 1411 2477 eis
1444 2436 1459 2476 :
1488 2421 1602 2493 Ego
1644 2436 1799 2485 sum,
1828 2419 2075 2477 abierunt
2118 2432 2205 2474 re-

630 2536 646 2568 ι
700 2524 935 2572 trorsum
957 2554 973 2581 ,
1004 2523 1060 2569 et
1086 2513 1396 2571 ceciderunt
1428 2514 1481 2567 in
1507 2520 1727 2584 terrajn.
1764 2530 1782 2569 ι
1828 2510 1926 2567 Ubi
1959 2519 2085 2566 tunc
2106 2511 2210 2565 mi-

624 2609 779 2667 litum
802 2608 1018 2672 cohors,
1040 2614 1096 2662 et
1119 2605 1349 2660 ministri
1373 2604 1675 2677 principum
1698 2619 1763 2659 ac
1783 2602 2209 2661 Pharisaeorum?

625 2701 714 2755 ubi
741 2708 917 2755 terror
951 2706 1006 2752 et
1045 2696 1321 2751 munimen
1359 2694 1677 2749 armorum?
1705 2692 1907 2765 Nempe
1951 2708 2057 2751 una
2105 2708 2208 2748 vox

625 2790 893 2847 dicentis:
931 2807 948 2839 ι
982 2788 1094 2857 Ego
1123 2802 1264 2851 sum,
1299 2804 1315 2837 ι
1355 2794 1558 2839 tantam
1585 2784 1798 2838 turbam
1820 2782 1928 2838 odii
1949 2781 2205 2850 ferocem,

627 2881 902 2952 armisque
937 2877 1233 2933 terribilem
1257 2917 1271 2940 ,
1298 2876 1412 2931 sive
1437 2875 1542 2931 ullo
1575 2875 1684 2930 telo
1705 2872 1974 2946 percussit
2002 2914 2017 2938 ,
2050 2888 2208 2944 repu-

627 2971 708 3037 lit,
738 2980 793 3026 et
818 2969 1032 3027 stravit.
1062 2968 1207 3024 Deus
1234 2967 1378 3023 enim
1403 2966 1606 3023 latebat
1636 2965 1688 3019 in
1720 2979 1904 3031 carne,
1928 2972 1985 3019 et
2006 2965 2207 3034 sempi-

628 3078 813 3125 ternus
862 3066 980 3122 dies
1020 3066 1095 3121 ita
1133 3065 1394 3125 membris
1427 3063 1799 3121 occultabatur
1837 3062 2115 3127 humanis,
2149 3069 2210 3117 ut

624 3159 850 3221 latcrnis
876 3168 931 3215 et
952 3158 1162 3223 facibus
1186 3165 1522 3229 quaereretur
1546 3155 1874 3213 occidendus
1893 3172 1925 3211 a
1949 3156 2202 3211 tenebris.

631 3269 649 3303 ι
684 3250 799 3322 Ego
817 3266 959 3318 sum,
992 3270 1011 3303 ι
1047 3225 1282 3317 όίοἱιίθι
1304 3248 1498 3320 impios
1527 3246 1739 3318 dejecit.
1770 3247 1908 3316 Quid
1929 3246 2202 3318 judicatu-
2233 3225 2280 3288 (ἶ

624 3358 717 3397 rus
734 3340 918 3407 faciet,
943 3342 1033 3412 qui
1049 3339 1377 3411 judicandus
1397 3342 1498 3396 hoc
1536 3339 1705 3394 fecit?
1733 3339 1862 3409 quid
1889 3347 2211 3409 regnaturus

623 3433 841 3503 poterit,
869 3433 964 3504 qui
991 3432 1291 3491 moriturus
1323 3430 1426 3486 hoc
1472 3431 1683 3502 potuit?
1724 3429 1791 3484 Et
1831 3444 1975 3484 nunc
2011 3429 2212 3500 ubique

621 3539 720 3594 per
744 3523 1096 3596 Evangelium
1135 3541 1148 3577 :
1187 3540 1207 3573 ι
1246 3521 1357 3593 Ego
1380 3538 1523 3588 sum,
1559 3541 1576 3574 ι
1620 3522 1749 3577 dicit
1780 3520 2056 3586 Christus,
2084 3528 2139 3575 et
2180 3534 2211 3573 a

620 3616 822 3674 Judaeis
862 3624 1208 3688 exspectatur
1246 3614 1636 3680 Antichristus,
1672 3624 1732 3670 ut
1776 3623 1921 3671 retro
1964 3614 2206 3678 redeant,

624 3720 677 3765 et
704 3711 758 3765 in
786 3719 990 3767 terram
1017 3708 1235 3763 cadant.
1262 3706 1441 3775 Quare
1468 3708 1561 3777 qui
1590 3715 1853 3765 venerunt
1877 3706 1945 3763 ad
1967 3721 2212 3777 compre—

623 3799 967 3856 hendendum
996 3815 1105 3856 non
1133 3808 1450 3863 tenuerunt,
1482 3814 1512 3851 a
1537 3812 1646 3867 quo
1678 3798 1967 3857 audierunt
1998 3815 2010 3851 :
2045 3815 2061 3847 ι
2099 3797 2212 3869 Ego

623 3891 781 3947 sum?
816 3910 838 3944 ι
872 3890 950 3946 llli
973 3890 1290 3962 quaerebant
1317 3904 1439 3945 eum
1481 3888 1939 3959 comprehendere
1975 3897 2030 3943 et
2066 3888 2212 3943 occi-

624 3981 784 4046 dere,
813 3980 902 4036 ille
924 3981 1201 4052 quaerebat
1226 3994 1321 4035 eos
1354 3979 1624 4034 redimere
1657 3988 1713 4034 et
1741 3978 2047 4044 vivificare,
2080 3994 2208 4049 pro-

619 4084 743 4146 pter
780 4077 922 4147 quod
953 4076 1102 4132 venit
1127 4076 1198 4137 ad
1225 4091 1343 4131 nos.
1385 4073 1635 4130 Ostendit
1665 4073 2033 4144 quaerentibus
2061 4080 2209 4143 pote-

622 4180 852 4239 statem,
882 4172 1010 4243 quia
1038 4170 1227 4231 habuit
1259 4169 1311 4223 in
1352 4175 1618 4239 potestate
1648 4165 1886 4223 animam
1920 4181 2071 4221 suam
2110 4178 2206 4236 po-

618 4281 773 4333 nere,
800 4266 1016 4337 quando
1042 4264 1242 4335 posuit,
1286 4264 1418 4318 hora
1445 4261 1713 4332 passionis
1740 4259 1994 4325 ostendit,
2026 4267 2084 4315 ut
2107 4274 2204 4317 no-

618 4365 744 4415 stra:
768 4353 1156 4426 redemptionis
1186 4351 1505 4425 impleretur
1535 4349 1878 4422 mysterium.

693 4470 710 4500 ι
744 4450 944 4511 lterum
963 4461 1096 4519 ergo
1123 4460 1220 4502 eos
1250 4443 1603 4514 interrogavit
1631 4460 1644 4495 :
1674 4441 1846 4510 Quem
1883 4441 2194 4511 quaeritis?»

618 4544 677 4599 Si
698 4541 966 4613 quaeritis,
996 4553 1169 4611 quare
1195 4552 1301 4593 non
1327 4534 1762 4607 apprehenditis,
1800 4535 1903 4590 nisi
1926 4535 2051 4606 quia
2091 4551 2198 4593 non

615 4643 701 4691 est
732 4635 787 4690 in
824 4642 1005 4689 vestra
1034 4638 1304 4702 potestate
1341 4625 1778 4700 apprehendendi
1818 4628 1985 4694 hora,
2021 4627 2115 4684 sed
2148 4628 2204 4684 in

615 4723 733 4793 ejus
754 4724 845 4793 qui
866 4722 1014 4778 venit
1038 4729 1096 4776 ut
1124 4718 1600 4791 apprehendatur?

695 4831 713 4864 ι
748 4811 831 4867 llli
854 4820 1035 4869 autem
1057 4812 1346 4867 dixerunt:
1370 4806 1553 4864 Jesum
1582 4806 1937 4863 Nazarenum.
1966 4806 2203 4879 Respon-

624 4923 643 4955 ι
687 4902 765 4957 dit
797 4899 991 4959 Jesus:
1024 4898 1147 4955 Dixi
1184 4900 1339 4955 vobis
1368 4898 1495 4971 quia
1526 4914 1627 4970 ego
1674 4914 1813 4954 sum.
1844 4898 1899 4953 Si
1943 4915 2071 4971 ergo
2116 4915 2202 4955 me

627 5016 644 5049 ι
692 4996 964 5066 (ιιιωτίιίς,
1001 4995 1162 5051 sinite
1208 4995 1308 5051 hos
1353 4996 1527 5050 abire.
1569 5014 1587 5046 ι
1622 4994 1874 5051 Inimicos
1921 4996 2117 5058 videte,
2148 5004 2205 5052 et

622 5088 727 5147 hoc
746 5086 953 5143 faciunt
985 5086 1127 5154 quod
1169 5084 1323 5154 jubet
1352 5103 1364 5139 :
1396 5086 1557 5141 sinite
1589 5086 1687 5141 hos
1726 5087 1875 5142 abire
1922 5102 2058 5156 quos
2095 5102 2200 5143 non

624 5181 739 5243 vult
761 5179 960 5252 perire.
994 5178 1244 5249 Nunquid
1280 5188 1458 5234 autem
1492 5195 1598 5235 non
1632 5189 1788 5235 erant
1815 5189 2001 5250 postea
2035 5182 2204 5236 mori-

631 5271 775 5327 turi?
823 5268 930 5325 Cur
960 5283 1088 5340 ergo
1133 5268 1177 5323 si
1229 5277 1353 5323 tunc
1394 5279 1753 5335 morerentur,
1798 5272 2049 5341 perderet
2090 5288 2202 5339 eos,

626 5365 732 5423 nisi
767 5362 896 5433 quia
941 5360 1178 5415 nondum
1209 5360 1260 5414 in
1293 5376 1414 5415 eum
1455 5363 1533 5416 sic
1572 5363 1885 5426 credebant,
1936 5365 2205 5432 quomodo

620 5457 849 5515 credunt
870 5452 1174 5523 quicunque
1198 5466 1302 5505 non
1334 5454 1592 5522 pereunt?
2118 5501 2125 5507 .

696 5566 717 5603 ι
752 5545 939 5603 Simon
956 5557 1086 5615 ergo
1105 5542 1317 5610 Petrus,
1343 5545 1545 5601 habens
1561 5546 1815 5617 gladium,
1842 5547 2026 5603 eduxit
2052 5562 2198 5614 eum,

627 5662 648 5697 ι
692 5639 1034 5714 etpercussit
1055 5637 1327 5710 pontiﬁcis
1362 5656 1598 5705 servum,
1620 5649 1675 5695 et
1702 5642 1934 5698 abscidit
1962 5641 2077 5712 ejus
2105 5658 2197 5695 au-

630 5752 650 5788 t
689 5733 919 5791 ricnlam
943 5732 1241 5788 dexteram.
1275 5731 1407 5786 Erat
1441 5742 1621 5787 autem
1658 5751 1851 5790 nomen
1886 5750 2041 5791 servo
2066 5735 2199 5789 Mal-

631 5844 651 5881 t
694 5826 843 5884 chus.
893 5845 911 5878 ι
948 5823 1107 5881 Solus
1143 5825 1231 5881 hic
1266 5825 1593 5895 evangelista
1638 5829 1799 5881 etiam
1835 5845 2029 5884 nomen
2063 5828 2204 5883 servi

2313 1961 2475 2019 Pater
2506 1962 2640 2021 mihi
2670 1961 2858 2023 bibere
2885 1961 3174 2035 praecepit?
3208 1960 3387 2029 Quare
3425 1963 3702 2021 resistere
3740 1965 3911 2020 volun-

2312 2056 2410 2111 tati
2440 2055 2521 2111 vis
2555 2055 2942 2127 omnipotentis
2970 2054 3171 2121 Patris,
3213 2055 3321 2111 imo
3360 2064 3416 2115 et
3454 2055 3661 2112 salutis
3700 2066 3809 2112 tua:
3832 2073 3907 2111 ca-

2311 2143 2440 2200 lici?
2486 2144 2544 2199 ln
2568 2160 2666 2199 suo
2711 2145 2910 2215 quippe
2954 2144 3099 2200 facto
3128 2144 3220 2201 illo
3261 2144 3567 2216 discipulus
3596 2148 3904 2219 magistrum

2312 2235 2600 2293 defendere
2633 2236 2835 2302 voluit,
2867 2237 3084 2293 nescius
3111 2237 3288 2293 adhuc
3323 2236 3800 2306 dispensationem
3822 2253 3899 2309 pa-

2313 2336 2480 2385 ternae
2509 2327 2821 2395 voluntatis,
2847 2328 2989 2399 quod
3012 2343 3079 2384 ex
3106 2328 3208 2385 hoc
3246 2328 3367 2384 fieri
3392 2337 3697 2386 venturum
3724 2330 3899 2385 vetuis-

2310 2431 2410 2478 set.
2440 2420 2595 2488 Quod
2633 2428 2814 2477 autem
2859 2435 2890 2475 a
2939 2420 3100 2476 Patre
3139 2419 3241 2479 sibi
3283 2419 3417 2475 dicit
3455 2418 3648 2476 datum
3688 2419 3887 2477 calicem

2309 2512 2598 2583 passionis,
2650 2511 2893 2585 profecto
2926 2511 3056 2569 illud
3094 2521 3200 2577 est,
3245 2512 3390 2585 quod
3444 2513 3523 2567 ait
3562 2512 3887 2584 Apostolus:

2315 2625 2334 2659 ι
2376 2605 2435 2661 Si
2459 2606 2600 2663 Deus
2626 2621 2723 2676 pro
2754 2605 2926 2669 nobis,
2956 2606 3078 2676 quis
3104 2614 3293 2665 contra
3343 2606 3479 2661 nos?
3499 2607 3594 2679 qui
3626 2606 3771 2661 Filio
3794 2622 3891 2678 pro

2309 2697 2429 2767 prio
2450 2714 2558 2754 non
2588 2698 2848 2771 pepercit,
2877 2698 2975 2753 sed
2995 2712 3093 2769 pro
3119 2697 3276 2752 nobis
3304 2698 3551 2752 omnibus
3577 2698 3814 2753 tradidit
3844 2696 3895 2750 ilo

2309 2788 2422 2845 lum
2465 2787 2636 2861 (Rom.
2670 2786 2810 2858 Vill).
2852 2807 2870 2841 ι
2904 2786 3104 2845 Verum
3146 2797 3342 2855 auctor
3377 2788 3523 2858 hujus
3561 2787 3764 2843 calicis
3799 2796 3894 2851 est,

2310 2881 2473 2936 etiam
2491 2881 2607 2954 ipse
2626 2882 2714 2957 qui
2733 2881 2888 2946 bibit,
2916 2883 3055 2937 unde
3079 2881 3219 2936 idem
3243 2877 3509 2950 Apostolus
3530 2878 3605 2932 ait
3633 2893 3650 2932 :
3681 2897 3702 2929 ι
3731 2877 3899 2933 Chri-

2311 2982 2427 3031 stus
2459 2973 2652 3031 dilexit
2698 2988 2831 3040 nos,
2881 2982 2936 3030 et
2973 2974 3196 3030 tradidit
3229 2974 3577 3044 semetipsum
3602 2988 3712 3044 pro
3742 2973 3891 3028 nobis

2311 3064 2638 3125 oblationem
2680 3073 2734 3121 et
2781 3066 3014 3125 hostiam
3056 3065 3188 3132 Deo,
3240 3065 3296 3120 in
3352 3064 3576 3129 odorem
3620 3065 3885 3120 suavitatis

2311 3154 2653 3302 (hyalino;
2680 3260 2828 3318 ergo,
2861 3254 2921 3300 et
2943 3245 3195 3301 tribunus
3214 3286 3230 3312 ,
3256 3254 3310 3300 et
3333 3244 3573 3300 ministri
3599 3244 3874 3301 ludzorum

2318 3360 2336 3391 ‹
2396 3338 2926 3417 comprehenderunt
2969 3337 3154 3394 Jesum
3204 3346 3261 3394 et
3326 3336 3639 3411 ligaverunt
3696 3353 3821 3393 eum.
3856 3356 3871 3383 ›

2313 3430 2855 3504 Comprehenderunt
2898 3430 2967 3486 ad
3020 3445 3178 3502 quem
3221 3438 3610 3496 accesserunt,
3653 3429 3867 3502 quoniam

2314 3526 2429 3581 dies
2454 3524 2564 3591 ille,
2593 3523 2667 3578 illi
2698 3538 2828 3579 vero
2858 3522 3095 3579 tenebrae
3114 3531 3564 3595 permanserunt,
3602 3538 3705 3579 nec
3729 3521 3866 3577 autﬁ-

2315 3625 2466 3673 runt:
2482 3635 2499 3668 t
2513 3615 2765 3674 Accedite
2776 3616 2841 3670 ad
2856 3624 3062 3681 eum,et
3074 3613 3452 3670 illuminamini
3468 3614 3647 3685 (Paul.
3658 3628 3859 3679 nmen

2316 3710 2468 3766 Tunc
2494 3719 2674 3766 autem
2694 3749 2710 3774 ,
2763 3707 2980 3779 quando
3011 3706 3102 3764 illo
3133 3707 3292 3763 modo
3318 3722 3444 3762 eum
3475 3704 3861 3778 comprehende-

2315 3810 2461 3868 ruut,
2486 3810 2616 3857 tunc
2642 3800 2712 3855 ab
2732 3815 2796 3856 eo
2823 3800 3033 3873 longius
3052 3797 3440 3855 discesserunt.
3467 3819 3485 3851 t
3509 3798 3583 3854 Et
3610 3800 3858 3869 ligaverunt

2312 3911 2461 3960 eum,
2487 3914 2503 3945 ι
2540 3910 2568 3948 a
2593 3908 2702 3965 quo
2722 3892 2855 3949 solvi
2886 3892 3065 3963 potius
3095 3891 3231 3947 velle
3258 3889 3594 3946 debuerunt.
3621 3891 3860 3959 Postquam

2310 3993 2706 4059 persecutores,
2725 3985 2969 4039 tradente
2982 3982 3609 4053 Juda,comprehensum
3626 3983 3853 4038 Dominum

2310 4077 2630 4151 ligaverunt,
2654 4077 2744 4149 qui
2770 4092 2867 4132 nos
2890 4076 3077 4133 dilexit
3102 4086 3157 4133 et
3180 4076 3399 4131 tradidit
3422 4077 3769 4146 semetipsum
3791 4083 3856 4142 pro

2308 4169 2485 4234 nobis,
2509 4178 2564 4223 et
2584 4169 2673 4224 cui
2694 4167 2855 4223 Pater
2880 4183 2987 4225 non
3013 4168 3271 4242 pepercit,
3302 4167 3398 4224 sed
3428 4183 3534 4239 pro
3556 4167 3719 4223 nobis
3736 4163 3853 4220 oraui-
3900 4168 3901 4177 ‘

2305 4259 2408 4317 bus
2446 4260 2666 4317 tradidit
2695 4276 2818 4316 eum
2850 4278 2862 4315 ξ

2384 4374 2402 4405 ι
2434 4353 2790 4411 Adduxerunt
2832 4354 2900 4410 ad
2948 4353 3162 4410 Annam
3218 4355 3483 4426 primum.
3537 4376 3558 4408 ι
3606 4356 3717 4410 Nec
3756 4350 3849 4406 ευὶτι
3893 4370 3895 4427 Α

2301 4446 2535 4505 Joannes
2563 4448 2722 4503 istam
2754 4456 2897 4505 tacet
2924 4462 3148 4502 causam
3191 4462 3362 4519 quare
3382 4448 3493 4505 hoc
3514 4441 3847 4507 fecissentnﬁ-

2311 4556 2439 4596 cens
2469 4555 2484 4594 ζ

2391 4653 2409 4685 t
2444 4633 2573 4688 Erat
2600 4633 2745 4699 enim
2775 4648 2930 4689 socer
2955 4633 3196 4704 Caiphte,
3223 4634 3316 4705 qui
3359 4645 3487 4691 erat
3509 4639 3749 4708 pontifex
3766 4636 3843 4692 aui

2320 4745 2339 4777 ι
2383 4725 2542 4780 illius.
2572 4725 2701 4781 Erat
2731 4734 2910 4781 autem
2932 4725 3166 4796 Caiphas
3190 4726 3282 4795 qui
3305 4728 3606 4785 consilium
3633 4731 3766 4787 dedit
3785 4726 3839 4782 lu-

2317 4834 2337 4867 ι
2383 4816 2544 4881 dazis,
2574 4816 2699 4885 quia
2732 4816 2950 4888 expedit
2987 4832 3151 4871 unum
3191 4817 3472 4874 hominem
3502 4822 3647 4878 mori
3682 4834 3839 4894 prope

2315 4928 2334 4961 ι
2382 4908 2527 4979 pulo.
2572 4928 2590 4961 ο
2628 4907 2829 4965 Ductus
2855 4916 2939 4962 est
2979 4910 3045 4963 ad
3092 4908 3303 4964 Annam
3330 4910 3600 4981 primum,
3629 4922 3685 4969 et
3719 4922 3837 4986 positj

2311 5001 2378 5057 ad
2402 5000 2684 5073 Caipham,
2717 5010 2776 5057 ut
2796 5002 3048 5073 cognatio
3104 5002 3382 5073 sanguinis
3433 5005 3673 5062 sceleris
3706 5002 3835 5062 easil-

2310 5099 2460 5147 ceret
2485 5100 2783 5147 consortes.
2815 5091 2994 5164 Moyse
3029 5091 3274 5163 jubente,
3321 5104 3668 5167 praeceptum
3693 5104 3780 5152 erat
3806 5096 3836 5139 nt

2309 5184 2591 5256 pontifices
2628 5185 2871 5255 patribus
2906 5184 3289 5248 succederent,
3334 5193 3393 5239 ut
3429 5186 3782 5257 generationis
3804 5180 3834 5231 il

2310 5274 2682 5332 sacerdotibus
2709 5274 2878 5331 series
2919 5285 3357 5331 conservaretur.
3388 5275 3591 5334 Refert
3639 5276 3835 5348 Joscpbus

2309 5372 2471 5429 istum
2507 5370 2768 5440 Caipham
2791 5371 2952 5425 unius
2978 5379 3187 5447 tantum
3218 5371 3343 5435 anni
3378 5372 3447 5426 ab
3482 5371 3705 5431 Herode
3724 5366 3833 5445 pretio

2312 5461 2604 5523 redemisse
2635 5460 3016 5519 sacerdotium.
3052 5459 3169 5523 Non
3194 5469 3278 5527 est
3305 5476 3436 5532 ergo
3468 5464 3676 5519 mirum
3707 5463 3741 5518 si
3776 5454 3834 5512 ini-

2309 5568 2449 5624 quus
2472 5551 2712 5625 pontifex
2742 5552 2985 5623 iniquum
3028 5550 3317 5623 judicaret.
3351 5552 3513 5624 Saepe
3542 5572 3643 5628 qui
3665 5560 3832 5627 perau-

2313 5645 2489 5700 ritiam
2516 5645 2578 5701 ad
2608 5644 2967 5713 sacerdotium
2990 5644 3219 5709 accedit,
3243 5661 3338 5723 per
3364 5642 3698 5714 injustitiam
3717 5653 3832 5697 mst-

2314 5745 2399 5792 tur
2430 5736 2483 5792 in
2520 5752 2607 5801 eo,
2646 5745 2703 5791 ut
2741 5735 3059 5792 sceleratum
3105 5736 3311 5791 initium
3344 5735 3562 5791 funesto
3616 5738 3718 5795 fine
3751 5742 3827 5787 cor

2311 5837 2629 5885 summetur.
