3934 6346
33 390 152 446 £29

1263 393 1567 453 HOlllLl/E
1608 392 1696 450 DE
1735 393 2077 451 TEMPORE.

3213 403 3321 457 450

118 527 137 560 ι
176 485 525 578 Sequebatur
560 515 761 575 autem,
786 509 982 582 inquit,
1003 509 1185 566 Jesum
1209 511 1397 569 Simon
1426 514 1636 578 Petrus,
1666 515 1718 574 Α
1749 532 1766 564 ι
1812 514 2024 570 loculus
2047 530 2165 570 sum
2200 515 2353 569 nihil.
2394 535 2411 568 ι
2447 514 2586 584 Quid
2611 525 2693 572 est
2720 518 2861 588 quod
2883 518 3058 588 palam
3089 534 3148 574 se
3177 520 3320 576 dicet

38 616 57 649 ι
107 606 169 651 et
201 596 346 652 alius
374 596 685 669 discipulus.
728 619 745 651 ι
778 599 1035 669 Quisnam
1069 602 1141 657 sit
1178 602 1280 659 iste
1316 603 1630 675 discipulus,

32 708 150 745 non
188 700 399 745 temere
422 689 794 748 alIirmandum
816 703 917 759 est,
937 694 1063 766 quia
1095 705 1317 751 tacetur.
1354 694 1503 752 Solet
1536 714 1633 752 au—

34 792 149 837 lem
222 781 368 836 idem
415 776 649 838 Joannes
705 783 777 838 ita
825 799 882 839 se
936 783 1263 855 significare,
1310 797 1364 841 et
1412 787 1631 853 addere,

36 893 55 924 ι
94 888 274 945 quem
305 872 559 946 diligebat
584 873 740 930 Jesus
780 874 959 947 (Joan.
987 877 1126 948 xm).
1167 875 1480 934 iFortassis
1505 893 1634 950 ergo

30 975 86 1022 et
113 966 215 1021 hic
253 966 370 1041 ipse
393 975 475 1022 est
501 968 591 1038 qui
634 968 785 1040 juxta
812 985 1027 1025 crucem
1058 968 1183 1025 Jesu
1212 972 1409 1038 stabat,
1435 971 1520 1028 cui
1548 970 1635 1028 ille

31 1062 242 1117 matris
287 1062 689 1119 commendavit
727 1065 1050 1120 custodiam.
1091 1065 1231 1121 Dicit
1264 1074 1318 1120 et
1355 1062 1635 1151 Mattlimps

34 1154 103 1208 de
137 1153 314 1210 Petro
343 1169 358 1207 :
398 1174 415 1205 ι
457 1152 651 1211 Petrus
672 1157 999 1226 sequebatur
1026 1172 1151 1213 eum
1182 1156 1389 1227 alonge
1417 1154 1629 1229 (Matth.

28 1244 218 1314 xxvi).
253 1263 273 1295 ι
303 1242 644 1315 Sequebatur
672 1246 955 1300 Dominum
982 1262 1012 1301 a
1042 1247 1215 1320 longe,
1238 1247 1332 1319 qui
1366 1255 1484 1303 erat
1510 1263 1631 1302 eum

30 1344 365 1406 negaturus,
393 1345 451 1391 ut
471 1335 677 1393 videret
710 1337 893 1393 linem.
922 1336 1019 1395 Vel
1046 1356 1230 1396 amore
1251 1341 1521 1413 magistri,
1551 1342 1631 1397 vel

32 1427 287 1482 humana
316 1429 652 1495 curiositate,
688 1432 826 1487 scire
860 1432 1083 1501 cupiens
1126 1433 1253 1503 quid
1279 1433 1522 1504 pontifex
1547 1431 1632 1505 ju-

31 1517 257 1575 dicaret
278 1519 342 1577 de
366 1519 516 1585 Jesu,
547 1531 725 1577 utrum
748 1538 869 1579 eum
893 1525 1011 1579 neci
1033 1523 1327 1591 addiceret,
1355 1542 1422 1581 an
1452 1523 1631 1597 ﬂagel-

28 1608 103 1663 lis
145 1625 350 1666 cazsum
383 1613 695 1669 dimitteret.

114 1720 133 1751 ι
178 1701 483 1773 Discipulus
515 1714 719 1773 autem,
750 1706 944 1776 inquit,
976 1706 1063 1762 ille
1093 1718 1213 1764 erat
1250 1717 1409 1765 notus
1449 1709 1628 1781 ponti-

34 1809 53 1841 ι
109 1791 224 1857 ﬁci,
251 1800 305 1849 et
334 1793 555 1851 intravit
590 1811 711 1851 cum
740 1796 866 1853 Jesu
897 1797 949 1852 in
976 1798 1173 1853 atrium
1210 1799 1496 1871 pontificis.
1523 1800 1625 1856 Pe-

1737 603 1914 676 loqui,
1961 605 2015 660 in
2049 604 2262 661 occulto
2299 606 2432 661 nihil
2486 606 2663 678 loqui,
2700 608 2825 663 dum
2877 608 3013 664 alias
3061 610 3318 679 apostolis

1736 696 1891 763 dixit,
1935 713 2056 753 cum
2087 712 2183 769 per
2215 697 2498 768 parabolas
2524 699 2695 755 turbis
2715 698 3029 772 loqueretur
3055 714 3070 730 ο
3100 719 3117 751 ι
3150 699 3317 756 Vobis

1738 789 1921 845 datum
1950 798 2033 845 est
2057 804 2216 846 nosse
2235 789 2550 863 mysterium
2573 791 2727 862 regni
2754 791 2871 858 Dei,
2901 791 3111 848 cmteris
3137 801 3315 848 autem

1737 879 1789 934 in
1815 881 2087 951 parabolis
2108 878 2300 950 (Marc.
2333 879 2447 953 1v)?
2479 900 2497 933 ι
2530 881 2939 955 Intelligendum
2972 891 3055 939 est
3090 883 3163 938 ita
3191 898 3316 938 eum

1737 971 1937 1029 dixisse
1956 987 2003 1027 ε(
2032 971 2216 1028 Palam
2238 973 2449 1028 locutus
2473 987 2592 1028 sum
2613 974 2833 1040 mundo,
2856 994 2874 1026 ι
2901 990 2963 1030 ac
2987 976 3034 1030 si
3049 975 3275 1032 dixisset
3300 994 3312 1029 :

1736 1061 1886 1117 Multi
1909 1079 1995 1118 me
2016 1063 2196 1134 palam
2224 1066 2512 1119 audierunt
2533 1064 2866 1134 loquentem,
2891 1076 2946 1121 et
2968 1081 3181 1121 rursum
3206 1084 3314 1123 non

1735 1162 1892 1207 erant
1947 1153 2146 1224 palam,
2199 1156 2371 1227 ipsum
2425 1155 2623 1211 etenim
2672 1155 2869 1228 palam,
2920 1157 3317 1227 quodammodo

1736 1244 2077 1314 eratpalam,
2104 1253 2161 1300 et
2185 1247 2415 1316 quodam
2444 1248 2602 1303 modo
2626 1262 2729 1302 non
2762 1256 2881 1303 erat
2908 1248 3104 1319 palam.
3133 1250 3312 1308 Palam

1735 1336 1930 1407 quippe
1980 1344 2095 1392 erat
2134 1339 2262 1409 quia
2316 1339 2466 1393 multi
2513 1339 2831 1407 audiebant,
2877 1350 2931 1395 et
2977 1355 3163 1398 rursus
3208 1361 3313 1400 non

1734 1435 1849 1481 erat
1875 1426 2071 1497 palam,
2104 1428 2231 1499 quia
2257 1446 2363 1484 non
2394 1430 2779 1503 intelligebant.
2811 1431 2877 1485 Et
2899 1433 3043 1502 quod
3068 1448 3310 1490 seorsum

1734 1515 2009 1587 discipulis
2038 1516 2381 1588 loquebatur,
2410 1534 2514 1574 non
2538 1520 2590 1573 in
2614 1520 2824 1576 occulto
2851 1520 3035 1591 utique
3056 1519 3313 1595 loqueba-

1735 1617 1841 1663 tur.
1870 1608 2001 1678 Quis
2040 1626 2274 1682 namque
2303 1610 2357 1665 in
2385 1611 2598 1667 occulto
2621 1611 2881 1682 loquitur,
2912 1613 3002 1682 qui
3023 1627 3206 1667 coram
3234 1622 3313 1669 tot

1733 1700 2043 1756 hominibus
2065 1700 2324 1772 loquitur,
2353 1717 2474 1759 cum
2497 1702 2757 1772 scriptum
2780 1704 2850 1757 sit
2883 1718 2950 1756 :1
2990 1702 3045 1757 ln
3068 1716 3163 1758 ore
3186 1703 3315 1758 duo-

1735 1806 1852 1845 rum
1881 1789 1967 1846 vel
2010 1792 2171 1848 trium
2219 1793 2433 1848 testium
2478 1791 2640 1847 stabit
2668 1808 2827 1849 omne
2870 1793 3091 1848 verbum
3133 1779 3314 1861 (Deut.

32 1899 51 1931 ι
108 1890 234 1938 trus
273 1892 449 1939 autem
482 1888 660 1945 stabat
694 1887 760 1941 ad
787 1890 985 1943 ostium
1008 1889 1171 1945 foras.
1200 1910 1217 1940 ι
1250 1889 1417 1946 Foras
1448 1901 1625 1947 autem
1658 1876 1708 1941 Β
1736 1882 1905 1954 xvu);
1950 1903 1967 1935 ι
1999 1884 2296 1953 praesertim
2328 1884 2373 1939 Si
2406 1884 2506 1939 1100
2535 1883 2775 1954 loquitur
2799 1886 2986 1955 anCiS
3024 1885 3167 1958 quod
3217 1900 3315 1956 per

24 1973 244 2040 stabat,
300 1977 388 2046 qui
429 1989 722 2049 negaturus
770 1989 890 2035 erat
932 1980 1237 2045 Dominum,
1286 1997 1385 2037 nec
1423 1991 1541 2037 erat
1572 1982 1625 2036 in

23 2063 283 2134 Christo,
313 2070 404 2140 qui
433 2069 703 2124 Christum
727 2072 973 2127 confiteri
1001 2088 1107 2127 non
1132 2071 1234 2128 fuit
1261 2089 1445 2130 ausus.

112 2181 130 2212 ι
177 2160 363 2215 Exivit
390 2177 518 2233 ergo
542 2162 835 2235 discipulus
868 2163 1006 2219 alius
1029 2166 1119 2234 qui
1147 2178 1265 2220 erat
1307 2177 1464 2223 notus
1496 2182 1624 2239 pon-

25 2276 41 2308 σ
105 2254 269 2321 tifici,
293 2265 348 2311 et
371 2254 507 2310 dixit
534 2257 792 2324 ostiariaa,
819 2268 872 2311 et
896 2258 1194 2315 introduxit
1215 2258 1453 2317 Petrum.
1484 2263 1627 2317 Dixit

20 2368 40 2410 μ
96 2362 239 2417 ergo
261 2347 423 2402 Petro
450 2348 641 2403 ancilla
663 2348 885 2403 ostiaria
912 2368 924 2402 :
950 2349 1199 2420 Nunquid
1225 2360 1281 2406 et
1305 2363 1357 2406 tu
1380 2369 1445 2407 ex
1471 2353 1626 2408 disci-

27 2457 41 2489 ι
99 2436 256 2509 pulis
281 2452 341 2493 es
366 2437 596 2495 hominis
620 2439 809 2495 istius?
831 2439 975 2495 Dixit
996 2440 1084 2495 ille
1112 2460 1124 2495 :
1152 2441 1268 2497 Non
1296 2460 1436 2499 sum.
1480 2464 1497 2495 ι
1533 2442 1628 2499 Hic

25 2531 358 2603 agnoscitur
386 2548 547 2602 quam
577 2549 761 2588 verum
788 2535 879 2600 sit,
907 2534 1049 2604 quod
1076 2535 1289 2593 Veritas
1314 2537 1473 2608 paulo
1502 2545 1628 2592 ante

29 2623 103 2675 ait
132 2640 145 2673 :
188 2639 207 2670 ι
247 2618 384 2687 Quia
417 2621 533 2676 sine
559 2623 792 2678 menihil
817 2625 1044 2694 potestis
1066 2623 1245 2681 faccre
1273 2625 1451 2697 (Joan.
1478 2626 1621 2697 xv).t

32 2712 178 2768 Ecce
228 2711 485 2768 columna
534 2714 826 2770 fortissima
867 2719 934 2771 ad
964 2718 1121 2772 unius
1151 2733 1296 2771 aura:
1340 2717 1624 2787 impulsum
1657 2736 1662 2743 ·

35 2813 146 2859 tota
170 2804 516 2859 contremuit.
558 2804 661 2860 Ubi
689 2806 777 2860 illa
808 2807 1173 2877 promittentis
1196 2809 1419 2863 audacia
1439 2849 1452 2874 ,
1479 2817 1533 2863 et
1559 2809 1626 2862 de

37 2911 91 2952 se
157 2896 451 2966 plurimum
505 2898 919 2967 praesumentis?
976 2898 1063 2952 ubi
1109 2908 1238 2953 sunt
1287 2900 1448 2955 verba
1509 2900 1620 2963 illa,

40 2988 262 3059 quando
292 2989 368 3043 ait
411 3007 424 3041 :
469 3009 487 3041 ι
534 2989 713 3056 Quare
742 3005 849 3044 non
892 3006 1112 3060 possum
1157 2991 1309 3059 sequi
1347 2998 1399 3045 te
1426 2990 1623 3046 modo?

41 3082 278 3137 animam
308 3097 484 3136 meam
508 3098 607 3153 pro
642 3092 692 3137 te
713 3098 909 3153 ponam
930 3080 1113 3154 (Joan.
1138 3082 1300 3153 xm)?
1326 3102 1343 3137 ι
1376 3082 1491 3138 Hoc
1516 3096 1621 3137 non

46 3183 128 3228 est
157 3176 306 3244 sequi
335 3174 676 3243 magistrum,
716 3189 774 3229 se
797 3189 997 3245 negare
1021 3173 1343 3244 discipulum
1366 3189 1505 3231 esse.
1530 3172 1622 3229 Sic

45 3279 111 3317 ne
138 3278 236 3331 pro
268 3265 493 3320 Domino
537 3266 717 3319 anima
746 3264 986 3334 ponitur,
1032 3276 1092 3319 ut
1134 3265 1238 3320 hoc
1274 3280 1343 3320 ne
1370 3264 1484 3329 fiat,
1515 3280 1621 3320 vox

53 3355 261 3409 ancillae
301 3356 649 3413 formidetur?
690 3357 831 3414 Sane
875 3359 976 3414 hoc
1005 3358 1125 3414 loco
1168 3357 1621 3413 considerandum

52 3455 136 3502 est
190 3463 348 3517 quam
382 3449 736 3519 periculosum
790 3450 862 3505 sit
902 3448 1212 3504 Christiano
1253 3447 1620 3503 Christianum

51 3556 105 3595 se
132 3555 253 3594 esse
283 3556 487 3610 negare.
520 3542 634 3597 Non
665 3544 808 3597 enim
832 3540 1024 3610 Petrus
1055 3541 1109 3594 in
1141 3541 1243 3595 hoc
1265 3538 1385 3596 loco
1405 3539 1543 3595 dixit
1564 3552 1620 3593 se

52 3627 317 3684 Christum
340 3647 557 3703 negare,
586 3633 681 3687 sed
706 3632 1027 3702 discipulum
1047 3630 1275 3696 Christi;
1307 3640 1485 3685 tamen
1508 3630 1621 3699 ipse

53 3719 292 3776 Christus
318 3733 442 3779 ante
476 3725 785 3795 pnedixerit
822 3742 835 3778 :
864 3744 883 3775 ί
925 3723 1031 3778 Ter
1062 3739 1147 3778 me
1168 3731 1458 3793 negaturus
1485 3736 1564 3777 es.
1595 3742 1616 3775 ι

57 3816 146 3883 Qui
163 3817 305 3872 enim
326 3819 647 3893 discipulum
662 3836 719 3875 se
739 3819 942 3875 Christi
965 3817 1178 3889 negavit
1190 3831 1329 3883 esse,
1345 3815 1619 3872 Christum

59 3910 296 3978 negavit;
340 3910 608 3976 similiter,
655 3911 746 3980 qui
783 3925 842 3965 se
886 3909 1254 3965 Christianum
1298 3908 1462 3979 negat
1501 3922 1622 3963 esse

60 4009 263 4070 propter
293 4001 525 4072 aliquem
559 4003 828 4068 timorem,
850 4004 1013 4057 etiam
1045 4001 1318 4057 Christum
1347 4009 1526 4072 negat.

124 4111 142 4143 ι
176 4092 399 4149 Stabant
428 4103 606 4148 autem
636 4094 779 4150 servi
802 4102 857 4148 et
888 4094 1120 4147 ministri
1152 4094 1219 4148 ad
1247 4108 1467 4164 prunas,
1492 4092 1619 4162 quia

67 4204 81 4234 ι
116 4184 283 4255 frigus
301 4195 438 4252 erat,
465 4196 516 4242 et
542 4185 927 4242 calefaciebant
956 4200 1033 4240 se.
1080 4205 1098 4237 ι
1146 4184 1339 4255 Frigus
1360 4192 1481 4239 erat
1500 4182 1621 4238 infi-

65 4277 285 4333 delitatis
328 4281 382 4335 in
412 4280 664 4335 cordibus
710 4279 925 4334 illorum
954 4279 1219 4333 intantum
1248 4278 1412 4333 etiam
1450 4286 1510 4331 ut
1532 4276 1621 4331 ille

65 4372 301 4441 princeps
340 4373 704 4443 apostolorum
736 4372 789 4424 in
831 4387 895 4425 eo
925 4370 1125 4440 frigore
1155 4377 1452 4439 torpescat,
1493 4369 1621 4438 quia

68 4464 276 4518 necdum
308 4464 489 4520 calore
530 4464 700 4519 sancti
743 4461 975 4533 Spiritus
1000 4461 1363 4515 inﬂammatus
1404 4457 1534 4525 fuit;
1569 4460 1620 4513 in

70 4570 161 4624 quo
210 4573 311 4612 non
352 4558 522 4613 solum
572 4557 687 4627 ipse
726 4556 920 4610 iterum
963 4561 1083 4623 post
1128 4560 1408 4620 acceptum
1450 4551 1621 4606 sancti

72 4647 286 4719 Spiritus
316 4650 512 4704 donum
540 4665 643 4703 non
670 4648 848 4703 timuit
872 4646 1148 4701 Christum
1178 4659 1361 4699 coram
1389 4645 1621 4714 impera-

72 4751 171 4797 tore
194 4749 243 4796 et
270 4742 463 4812 populo
489 4740 728 4795 Romano
750 4738 1016 4802 confiteri,
1043 4737 1133 4792 sed
1158 4737 1318 4792 etiam
1344 4735 1498 4807 pueri
1520 4735 1623 4790 im-

72 4832 244 4888 berbes
279 4844 331 4888 et
362 4833 572 4903 puellae,
604 4834 772 4888 sancti
801 4831 1036 4903 Spiritus
1078 4831 1258 4886 calore
1284 4828 1620 4895 inﬂammati,

74 4924 325 4980 Christum
356 4925 564 4997 publice
588 4941 758 4996 usque
783 4924 849 4978 ad
881 4934 1106 4978 mortem
1132 4923 1544 4987 confitebantur,
1569 4930 1624 4975 et

73 5031 154 5086 pro
186 5033 248 5074 eo
288 5018 426 5073 mori
468 5034 573 5074 non
623 5018 955 5082 metuebant,
1010 5030 1169 5085 quem
1215 5013 1453 5083 claviger
1499 5012 1622 5068 cmli

74 5110 299 5166 conﬁteri
322 5111 388 5164 ad
413 5111 572 5165 unius
593 5109 798 5164 ancilla:
826 5123 1013 5163 vocem
1043 5105 1373 5161 formidavit.

131 5220 150 5251 ε
182 5199 424 5256 Pontifex
466 5216 595 5271 ergo
640 5198 992 5269 interrogavit
1020 5196 1206 5251 Jesum
1253 5196 1319 5251 de
1348 5194 1624 5264 discipulis

78 5313 91 5343 ι
125 5295 309 5351 suiset
344 5294 411 5350 de
441 5293 679 5349 doctrina
706 5290 842 5359 ejus.
880 5309 900 5340 ι
930 5288 1043 5345 Non
1072 5287 1455 5360 cognoscendae
1484 5286 1623 5340 veri-

76 5388 182 5443 tatis
222 5400 405 5442 amore
452 5383 823 5454 interrogavit,
872 5382 966 5437 sed
1000 5389 1059 5436 ut
1098 5396 1317 5436 causam
1357 5377 1624 5433 inveniret

75 5492 160 5545 qua
198 5478 357 5539 etiam
400 5476 641 5532 accusari
679 5482 880 5546 posset,
915 5480 971 5527 ct
1006 5472 1145 5528 tradi
1195 5471 1439 5526 Romano
1483 5486 1623 5541 pra:-

77 5571 159 5628 sidi
181 5571 247 5626 ad
269 5553 646 5627 damnandum.

133 5684 147 5715 ς
196 5662 485 5733 ltcspondit
524 5662 574 5718 ei
618 5659 775 5716 Jesus
817 5677 830 5713 :
870 5658 982 5729 Ego
1023 5656 1199 5728 palam
1245 5655 1454 5711 locutus
1505 5669 1623 5709 sum

83 5772 96 5805 ‹
133 5759 344 5824 mundo,
380 5774 479 5830 ego
503 5774 715 5828 semper
748 5755 903 5811 docui
934 5755 985 5808 in
1023 5767 1291 5825 synagoga
1319 5760 1371 5806 et
1407 5750 1459 5804 in
1493 5756 1625 5804 tem-

84 5866 99 5901 ι
133 5852 246 5923 pio,
277 5868 381 5922 quo
403 5867 589 5908 omnes
612 5850 779 5907 Judzei
805 5856 1167 5905 convenerant
1192 5887 1204 5913 ,
1234 5854 1287 5900 et
1321 5844 1376 5901 in
1413 5841 1624 5899 occulto

1730 1990 1824 2032 eos
1872 1976 2032 2031 vellet
2074 1978 2413 2033 innotescere
2448 1977 2663 2043 multis,
2699 1993 2827 2049 ergo
2871 1987 2924 2033 et
2965 1980 3066 2034 hoc
3116 1979 3311 2048 ipsum,

1730 2069 1871 2142 quod
1903 2069 1973 2126 a‘b
2002 2085 2065 2126 eo
2099 2070 2301 2127 dictum
2328 2072 2613 2127 videbatur
2637 2072 2870 2137 occulte,
2916 2073 3311 2142 quodammodo

1729 2175 1835 2216 non
1860 2162 2141 2218 dicebatur
2170 2163 2223 2217 in
2254 2163 2485 2219 occulto.
2520 2163 2654 2233 Quia
2688 2180 2793 2221 non
2826 2164 2897 2219 ita
2932 2165 3211 2220 dicebatur
3254 2177 3312 2220 ut

1730 2250 1797 2306 ab
1827 2250 1911 2307 his
1948 2253 2143 2321 quibus
2173 2254 2372 2310 dictum
2404 2254 2577 2309 fuerat
2597 2263 2887 2320 taceretur,
2916 2255 3009 2312 sed
3037 2256 3111 2310 ita
3131 2256 3311 2327 potius

1728 2352 1789 2399 ut
1816 2360 2205 2417 usquequaque
2227 2345 2571 2416 praedicatur.

1808 2457 1826 2491 ι
1860 2438 2000 2505 Quid
2033 2455 2120 2494 me
2165 2440 2506 2510 interrogas?
2546 2439 2823 2511 Interroga
2862 2455 2955 2495 eos
2982 2442 3071 2512 qui
3122 2441 3309 2496 audie-

1735 2548 1753 2581 ‹
1804 2536 1929 2583 runt
1969 2529 2095 2600 quid
2126 2529 2334 2585 locutus
2390 2545 2507 2584 sum
2536 2531 2684 2601 ipsis.
2716 2531 2855 2587 Ecce
2887 2532 2939 2587 hi
2974 2533 3150 2587 sciunt
3187 2548 3306 2603 qua:

1736 2638 1754 2670 ι
1798 2619 2022 2674 dixerim
2051 2635 2169 2692 ego.
2198 2640 2217 2673 ι
2244 2619 2407 2689 Quasi
2431 2620 2653 2677 dixisset
2678 2636 2692 2675 :
2717 2621 2856 2691 Quid
2881 2623 3309 2695 meinlerrogas,

1729 2725 1758 2765 a
1791 2727 1899 2781 quo
1949 2712 2230 2767 veritatem
2280 2713 2467 2767 audire
2516 2729 2622 2768 non
2671 2714 2968 2782 desideras,
3002 2717 3097 2772 sed
3145 2733 3303 2787 quem

1728 2802 1985 2856 damnare
2032 2802 2223 2871 cupis?
2268 2802 2541 2874 Interroga
2590 2805 2762 2876 magis
2797 2820 2921 2871 eos,
2965 2804 3032 2859 de
3079 2822 3307 2876 quorum

1727 2891 1887 2946 dictis
1917 2907 2021 2946 non
2048 2891 2252 2948 habeas
2273 2893 2551 2948 invidiam.
2582 2894 2658 2948 lta
2691 2897 3015 2967 temperavit
3046 2896 3307 2953 Dominus

1724 2997 1877 3037 suam
1907 2984 2309 3053 responsionem
2328 3025 2344 3051 ,
2376 2992 2433 3039 ut
2457 3001 2554 3042 nec
2577 2987 2861 3042 veritatem
2892 2995 3099 3054 tacere,
3130 3004 3229 3045 nec
3251 3004 3310 3046 se

1725 3071 2014 3129 defendere
2036 3075 2328 3130 videretur.

1801 3186 1818 3218 ι
1856 3167 1980 3223 llaec
2020 3177 2197 3225 autem
2246 3186 2369 3225 cum
2412 3168 2658 3240 dixisset,
2694 3189 2833 3230 unus
2854 3174 3114 3231 assistens
3143 3176 3307 3232 mini-

1648 3234 1693 3299 (ἶ
1730 3275 1747 3308 ι
1794 3265 2026 3312 strorum
2080 3258 2230 3314 dedit
2257 3260 2467 3330 alapam
2493 3234 2656 3329 Jesu,
2679 3262 2902 3319 dicens:
2956 3262 3047 3319 Sic
3076 3281 3304 3338 respon-

1731 3368 1747 3399 ι
1796 3348 1889 3403 des
1934 3348 2221 3419 pontifici?
2257 3370 2274 3402 ι
2312 3350 2411 3405 Hic
2445 3352 2696 3423 impletur
2744 3356 2885 3424 quod
2926 3357 3304 3428 prophetatum

1723 3441 1891 3497 estde
1913 3456 2017 3498 eo:
2053 3462 2071 3494 ι
2112 3443 2241 3498 Dedi
2267 3442 2516 3500 maxillas
2544 3460 2693 3501 meas
2719 3447 3146 3519 percutientibus
3170 3447 3303 3522 (Isa.

1722 3533 1797 3606 ι).
1830 3555 1848 3588 ι
1878 3533 2151 3592 Percussit
2176 3552 2302 3593 eum
2324 3537 2475 3609 quasi
2502 3554 2654 3594 reum
2680 3539 3068 3613 responsionis,
3095 3542 3190 3598 sed
3222 3542 3309 3598 ille

1723 3628 1921 3699 injuste
1946 3643 2236 3698 percussus
2262 3639 2540 3686 mansuete
2568 3631 2843 3701 respondit
2874 3650 2887 3686 :

1799 3740 1816 3773 ι
1855 3718 1913 3775 Si
1954 3720 2093 3778 male
2122 3720 2334 3778 locutus
2358 3738 2497 3789 sum,
2551 3722 2931 3780 testimonium
2971 3725 3194 3797 perhibe
3242 3725 3308 3780 de

1726 3836 1747 3870 ι
1794 3817 1955 3875 malo.
1991 3838 2010 3869 ι
2041 3818 2231 3875 Omnis
2262 3821 2442 3890 itaque
2469 3822 2559 3892 qui
2591 3832 2780 3880 contra
2807 3824 3093 3880 veritatem
3136 3820 3308 3895 loqui-

1721 3917 1830 3975 tur,
1863 3909 2001 3965 male
2022 3909 2262 3981 loquitur
2287 3928 2300 3963 :
2333 3911 2375 3965 si
2406 3925 2505 3982 ego
2526 3916 2707 3968 autem
2736 3912 3017 3968 veritatem
3039 3929 3146 3970 non
3170 3914 3304 3980 dixi,

1722 4001 1787 4055 da
1821 4000 2189 4056 testimonium
2216 4012 2404 4059 contra
2432 4018 2519 4059 me
2547 4004 2601 4060 in
2632 4019 2737 4075 quo
2778 4006 3117 4063 mendacium
3145 4006 3310 4062 dixis-

1721 4106 1857 4147 sem.
1893 4111 1910 4143 ι
1944 4089 2000 4146 Si
2026 4100 2204 4147 autem
2230 4093 2391 4158 bene,
2424 4112 2442 4144 ι
2480 4093 2532 4147 id
2577 4104 2659 4150 est
2692 4110 2838 4162 vere,
2877 4115 2895 4148 ι
2935 4099 3062 4169 quid
3087 4113 3173 4152 me
3201 4113 3303 4153 cae-

1721 4182 1849 4239 dis?
1882 4201 1900 4233 ›
1932 4181 2070 4248 Quid
2097 4183 2149 4237 in
2174 4183 2279 4238 ista
2308 4184 2657 4255 responsione
2683 4187 2898 4255 verius,
2950 4187 3304 4252 mansuetius,

1716 4270 1956 4340 justius?
2000 4270 2056 4326 Si
2086 4274 2382 4343 cogitemus
2423 4277 2548 4344 quis
2570 4277 2841 4347 acceperit
2862 4278 3095 4348 alapam,
3128 4294 3305 4332 nonne

1720 4363 1983 4421 vellemus
2011 4381 2134 4421 eum
2180 4367 2271 4438 qui
2306 4369 2574 4437 percussit
2622 4377 2711 4423 aut
2757 4369 2966 4424 caelesti
3010 4371 3130 4440 igne
3175 4384 3305 4423 con-

1723 4461 1882 4525 sumi,
1937 4471 2028 4516 aut
2063 4470 2204 4518 terra
2249 4462 2560 4519 dehiscente
2595 4462 2825 4527 sorbcri,
2879 4472 2972 4517 aut
2997 4470 3304 4530 correptum

1648 4594 1700 4655 υ
1726 4551 1991 4608 daemonio
2023 4552 2292 4607 volutari?
2317 4554 2455 4621 Quid
2486 4554 2629 4609 enim
2657 4554 2847 4608 horum
2875 4568 2971 4622 per
3012 4552 3304 4621 potentiam

1727 4659 1831 4699 non
1864 4643 2143 4714 potuisset,
2190 4660 2286 4715 per
2310 4661 2471 4715 quem
2492 4644 2667 4701 factus
2693 4654 2776 4700 est
2803 4645 3057 4710 mundus,
3089 4644 3190 4701 nisi
3215 4661 3306 4715 pa-

1728 4733 1972 4788 tientiam
2013 4749 2111 4788 nos
2142 4732 2336 4789 docere
2362 4734 2655 4799 maluisset,
2698 4749 2727 4788 a
2768 4750 2873 4803 quo
2900 4733 3131 4788 vincitur
3152 4749 3305 4787 mun-

1728 4824 1871 4881 dus?
1913 4824 2077 4880 Forte
2123 4824 2317 4895 aliquis
2347 4827 2435 4882 hic
2479 4827 2608 4883 dicit
2642 4843 2810 4897 quare
2843 4827 3065 4883 alteram
3113 4826 3305 4881 maxil—

1727 4919 1833 4974 lam
1860 4919 2069 4989 percuti
2094 4934 2203 4975 non
2225 4919 2415 4976 daret?
2434 4918 2736 4977 Secundum
2769 4931 3035 4992 prwceptu
3045 4936 3095 4975 m
3122 4937 3298 4984 suum,

1727 5014 1908 5083 itaque
1962 5029 2069 5069 non
2121 5013 2293 5070 solum
2325 5013 2551 5069 alteram
2609 5010 2753 5069 dedit
2801 5014 3074 5070 maxillam
3113 5029 3306 5084 percu-

1730 5105 1882 5161 tienti
1903 5147 1917 5173 ,
1951 5105 2048 5161 sed
2085 5106 2248 5162 etiam
2276 5114 2446 5161 totum
2473 5121 2669 5175 corpus
2697 5120 2854 5161 suum
2896 5106 2963 5160 ad
2993 5105 3306 5176 cruciﬁgen-

1728 5196 1855 5253 dum
1886 5198 2122 5253 tradidit.
2165 5197 2229 5252 Et
2252 5196 2423 5267 magis
2454 5195 2568 5251 vult
2619 5205 2882 5266 praecepta
2928 5212 3021 5251 sua
3050 5196 3310 5251 Dominus

1730 5290 1785 5344 in
1813 5289 1992 5345 cordis
2031 5288 2413 5359 tranquillitate
2464 5302 2702 5353 servare,
2758 5304 2919 5359 quam
2965 5289 3018 5343 in
3068 5289 3301 5360 corporis

1729 5382 2088 5437 ostentatione
2120 5382 2504 5435 demonstrare.

1810 5494 1827 5525 ι
1864 5473 1931 5527 Ει
1955 5473 2101 5528 misit
2129 5488 2253 5528 cum
2277 5472 2463 5527 Aonas
2498 5471 2722 5543 ligatum
2745 5471 2812 5528 ad
2838 5469 3096 5542 Caipham
3126 5469 3303 5539 ponti-

1738 5586 1755 5618 ι
1801 5565 1975 5621 licem.
2012 5586 2030 5617 ι
2082 5564 2147 5620 Hi
2178 5565 2281 5621 duo
2306 5563 2511 5620 'Annas
2540 5572 2592 5620 et
2618 5563 2851 5636 Caiphas
2887 5562 3157 5633 principes
3195 5558 3305 5613 fuc~

1732 5667 1857 5712 runt
1903 5657 2270 5723 sacerdotum,
2318 5666 2370 5712 et
2398 5672 2493 5726 per
2520 5657 2664 5713 vices
2707 5669 2913 5710 annuas
2948 5651 3298 5708 sacerdotium

1734 5750 2213 5807 administrabant:
2267 5762 2321 5806 et
2372 5761 2489 5819 erat
2532 5763 2656 5807 tunc
2696 5766 2867 5804 annus
2899 5746 3133 5816 Caiphae,
3186 5759 3299 5799 cunt

1731 5855 1922 5911 passus
1953 5853 2032 5899 est
2088 5843 2353 5896 (ﬁbris-tus.
2406 5838 2472 5895 Et
2518 5840 2843 5895 credendum
2896 5845 2980 5893 est
3016 5834 3301 5890 secundum
