3934 6346
1171 442 1524 500 HAYMONIS
1559 433 2033 494 HALBERSTAT.
2078 425 2289 482 EPISC.
2331 421 2480 478 OPP.
2523 417 2700 475 PARS
2739 417 2801 471 Il.
2837 445 2907 454 —
2942 411 3172 468 HOMIL.
3750 400 3856 455 ‘32

2217 552 2365 610 gena:
2380 533 2576 605 iudicis
2611 531 2768 586 domo
2802 522 3158 583 contaminari
3204 520 3498 582 timebant,
3561 525 3626 571 et
3654 517 3852 570 tractis

2221 625 2523 683 innocentis
2573 621 2831 692 sanguine
2885 633 2992 672 non
3041 612 3320 669 timebant.
3375 607 3713 665 Sciendum
3773 616 3848 660 est

2221 720 2350 792 quid
2383 717 2452 773 sit
2478 716 2616 772 inter
2648 711 2856 767 Pascha
2885 721 2938 764 et
2968 708 3086 763 dies
3109 705 3463 776 Azymorum.
3497 700 3742 755 Pascha
3769 700 3846 752 di-

2221 814 2443 869 cebatur
2464 808 2679 881 proprie
2705 807 2820 860 dies
2859 803 2948 858 illa
2980 803 3034 855 in
3064 816 3169 870 qua
3212 813 3384 868 agnus
3433 795 3512 851 ad
3542 808 3841 862 vesperam

2223 899 2624 973 quartadecima
2652 897 2779 951 luna
2803 893 3189 957 occidebatur;
3220 897 3428 958 septem
3450 887 3588 942 dies
3614 899 3842 954 seque}

537 459 637 514 43l

542 572 864 627 voluntatem
892 563 1107 631 Caipha:
1133 559 1332 613 factum
1375 557 1518 618 esse,
1563 561 1623 607 ut
1648 549 1800 622 prius
1828 549 2114 602 duceretur
2141 551 2187 608 Α

537 665 606 719 ad
629 662 860 722 Annam,
911 640 969 710 ut
1018 652 1245 708 minoris
1273 650 1440 718 culpae
1489 645 1782 707 videretur,
1819 639 1867 694 si
1895 638 2120 692 alterius

537 769 749 828 quoque
769 746 1175 807 consacerdotis
1203 740 1666 799 sui'damnaretur
1699 733 1987 789 sententia.
2014 728 2122 784 Sed

534 821 680 904 cum
712 842 936 899 dixisset
964 835 1294 908 evangelista
1337 833 1481 905 quod
1517 847 1640 888 eum
1667 830 1888 901 ligatum
1916 821 2122 878 miserit

533 939 718 993 Annas
740 934 809 990 ad
836 932 1121 1002 Caipham,
1149 941 1401 984 reversus
1430 933 1517 981 est
1546 924 1614 979 ad
1636 921 1817 978 locum
1858 914 2123 972 narratio-

533 1030 642 1096 nis,
678 1027 768 1084 ubi
798 1026 1093 1096 reliquerat
1133 1021 1386 1083 Petrum,
1437 1025 1499 1071 ut
1544 1013 1838 1084 explicaret
1885 1005 2025 1077 quod
2070 1003 2140 1058 in”

535 1123 694 1178 domo
718 1119 888 1173 Annae
909 1116 977 1172 de
1008 1115 1152 1169 trina
1180 1109 1298 1180 eius
1323 1107 1613 1179 negatione
1647 1102 1968 1171 contigerat.

611 1233 628 1264 ι
659 1211 791 1266 Erat
839 1217 1056 1271 autem,
1119 1187 1337 1272 inquit,
1365 1197 1552 1254 Simon
1608 1194 1798 1249 Petrus
1848 1199 2017 1251 stans,
2072 1193 2127 1239 et

539 1328 557 1358 ι
604 1301 928 1360 calefaciens
956 1313 1038 1354 se.
1070 1315 1088 1347 ι
1142 1294 1258 1350 Hoc
1299 1286 1620 1358 recapitulat
1670 1282 1814 1354 quod
1847 1289 1973 1335 ante
2014 1275 2124 1345 iam

536 1395 779 1457 dixerat;
821 1389 1014 1446 deinde
1040 1399 1162 1457 quae
1197 1386 1383 1438 secuta
1409 1383 1536 1433 sunt
1561 1373 1738 1444 iungit
1769 1389 1782 1424 :
1818 1389 1835 1421 ι
1864 1369 2128 1453 Dixerunt

541 1505 560 1537 ι
604 1500 734 1556 ergo
767 1450 819 1538 ei
849 1495 865 1536 :
895 1450 1150 1548 Nunquid
1177 1483 1233 1530 et
1259 1481 1316 1527 tu
1342 1486 1410 1527 ex
1438 1463 1716 1536 discipulis
1751 1463 1870 1531 eius
1894 1450 1996 1514 es?
2026 1455 2128 1510 Ne-

542 1595 560 1626 c
609 1551 754 1648 gavit
791 1572 900 1636 ille,
934 1578 989 1626 et
1032 1567 1164 1624 dixit
1193 1583 1206 1618 :
1244 1562 1362 1618 Non
1391 1575 1530 1616 sum.
1570 1577 1589 1608 ι
1623 1555 1742 1612 Jam
1770 1551 1936 1609 semel
1967 1563 2129 1618 nega-

471 1709 474 1711 .
540 1674 696 1721 verat
739 1664 808 1718 ad
842 1659 1050 1717 ancilla:
1078 1671 1287 1718 vocem,
1331 1665 1458 1707 ecce
1479 1650 1678 1704 iterum
1707 1645 1900 1701 eodem
1934 1641 2130 1695 timore

540 1756 863 1829 perterritus
890 1751 1049 1815 dixit,
1083 1747 1168 1803 vel
1209 1727 1451 1816 negavit.
1476 1739 1685 1795 Deinde
1721 1744 1783 1790 ut
1804 1732 1963 1788 tertia
1991 1745 2128 1800 quo-

542 1825 645 1918 que
672 1845 888 1916 negatio
909 1842 1282 1915 perﬁceretur,
1312 1844 1366 1891 et
1415 1833 1468 1888 in
1498 1847 1565 1887 eo
1590 1830 1818 1886 verbum
1872 1825 1968 1881 Dei
1995 1837 2126 1894 prae-

551 1940 779 1996 dicentis
804 1937 1120 2007 impleretur
1159 1950 1170 1984 :

615 2050 635 2084 ι
667 2031 811 2088 Dicit
836 2029 886 2085 ei
911 2041 1047 2083 unus
1089 2040 1155 2079 ex
1182 2021 1358 2078 servis
1383 2015 1674 2089 pontiﬁcis,
1700 2018 1961 2083 cognatus
1991 2007 2127 2078 eius,

548 2144 565 2176 ι
611 2123 767 2194 cujus
825 2117 1058 2175 abscidit
1099 2113 1293 2169 Petrus
1346 2107 1680 2164 auriculam:
1733 2104 1922 2159 Nonne
1945 2116 2043 2172 ego
2079 2107 2132 2152 te

549 2237 566 2268 ι
610 2215 723 2269 vidi
747 2214 800 2268 in
826 2213 986 2267 horto
1014 2223 1138 2264 cum
1177 2205 1310 2260 illo?
1352 2203 1549 2257 lterum
1572 2212 1728 2269 ergo,
1754 2197 1898 2251 sicut
1949 2200 2127 2256 antea,

549 2327 566 2357 ι
614 2303 831 2376 negavit
856 2301 1073 2364 Petrus,
1117 2305 1172 2352 et
1218 2293 1401 2350 statim
1432 2289 1607 2361 gallus
1641 2285 1900 2343 cantavit.
1936 2302 1954 2334 ι
1994 2281 2131 2335 Ecce

543 2395 737 2452 medici
766 2401 850 2450 est
877 2388 1141 2460 completa
1172 2383 1448 2458 praedictio
1465 2422 1479 2446 ,
1506 2380 1694 2452 aegroti
1719 2376 1964 2432 convicta
1988 2386 2129 2442 prae-

544 2487 796 2558 sumptio.
847 2483 966 2539 Non
1005 2481 1151 2536 enim
1180 2478 1382 2533 factum
1410 2481 1496 2529 est
1539 2470 1684 2542 quod
1733 2469 1834 2523 iste
1877 2466 2126 2520 dixerat:

551 2598 568 2628 ι
590 2551 840 2632 Animam
862 2586 1035 2628 meam
1056 2583 1155 2641 pro
1176 2576 1228 2622 te
1248 2579 1468 2636 ponam,
1492 2581 1512 2614 ι
1533 2560 1629 2615 sed
1655 2559 1858 2612 factum
1885 2561 1968 2609 est
1991 2551 2131 2620 quod

546 2667 638 2723 ille
673 2666 1038 2739 praedixerat:
1077 2680 1095 2711 ι
1136 2659 1241 2714 Ter
1270 2670 1357 2711 me
1393 2652 1639 2725 negabis.
1671 2670 1692 2703 ›
1724 2649 1830 2703 Sed
1855 2647 1969 2700 hmo
1992 2643 2130 2697 trina

545 2758 759 2832 negatio
809 2754 1038 2819 timoris,
1072 2751 1210 2805 trina
1263 2745 1601 2802 confessione
1631 2738 1831 2794 amoris
1877 2733 2127 2790 diluitur.

546 2824 787 2910 Necdum
816 2847 918 2902 fuit
944 2858 1096 2899 amor
1144 2840 1236 2910 qui
1264 2839 1408 2892 foras
1443 2834 1681 2889 mitteret
1716 2831 2004 2890 timorem;
2037 2824 2131 2879 sed

547 2945 724 3001 adhuc
768 2941 930 2995 timor
975 2931 1188 2990 servilis
1209 2928 1377 2984 valuit
1406 2928 1462 2980 in
1504 2923 1666 2979 corde
1692 2922 1807 2991 ejus
1833 2936 1846 2971 :
1878 2917 1972 2972 sed
2005 2931 2130 2970 nec-

546 3038 676 3094 dum
715 3030 952 3102 respexit
987 3040 1136 3090 eum,
1173 3023 1264 3092 qui
1309 3021 1424 3074 haec
1468 3015 1721 3087 przedixit
1768 3014 1859 3076 ei;
1910 3011 2006 3065 sed
2031 3009 2132 3063 hoc

547 3142 742 3198 magna
765 3123 865 3179 Dei
896 3115 1296 3190 dispensatione
1324 3120 1532 3183 gestum
1572 3123 1693 3164 esse
1719 3106 1943 3162 credere
1968 3101 2131 3158 debe-

547 3233 691 3283 mus,
716 3222 984 3286 quatenus
1013 3209 1122 3273 ille,
1154 3205 1242 3263 cui
1277 3219 1404 3260 oves
1432 3216 1557 3257 suas
1582 3199 1649 3255 ad
1676 3197 1890 3253 Patrem
1921 3194 2133 3250 rediens

547 3312 794 3367 Christus
828 3302 1303 3362 commendaturus
1357 3305 1494 3362 erat,
1550 3309 1649 3364 per
1698 3307 1850 3347 suam
1899 3288 2208 3361 disceretC

549 3401 896 3476 fragilitatem
945 3395 1035 3450 alii
1083 3391 1352 3454 misereri,
1395 3397 1450 3443 et
1491 3386 1721 3442 fratrum
1767 3379 2139 3450 culpas‘igno-

549 3509 734 3559 scere,
776 3492 904 3547 dum
933 3503 1089 3544 suum
1120 3483 1501 3540 recordaretur
1544 3483 1867 3548 peccatum:
1925 3481 1979 3526 et
2006 3468 2138 3522 alio-

550 3599 672 3639 rum
694 3579 930 3650 compati
951 3576 1122 3648 possit
1158 3569 1470 3643 fragilitati,
1502 3566 1594 3636 qui
1620 3563 1703 3619 sui
1725 3577 1883 3617 casus
1921 3559 2141 3629 ignarus

551 3691 660 3731 non
682 3647 846 3729 esset:
885 3647 1114 3724 Peracta
1151 3666 1334 3731 itaque
1365 3659 1504 3714 trina
1530 3657 1631 3710 hac
1663 3652 1945 3723 negatione
1973 3647 2137 3709 Petri,

558 3778 810 3822 reversus
839 3768 924 3816 est
952 3754 1282 3825 evangelista
1301 3751 1368 3805 ad
1391 3748 1634 3805 ordinem
1659 3741 1982 3798 narrationis
2010 3754 2138 3804 suae,

555 3856 644 3912 ubi
673 3869 793 3909 eam
825 3850 1116 3918 reliquerat
1135 3859 1150 3897 :

633 3965 652 3998 ι
682 3945 970 4001 Adducunt
1012 3951 1142 4008 ergo
1195 3934 1380 3990 Jesum
1419 3929 1488 3984 ad
1536 3926 1793 3996 Caiphain
1850 3923 1906 3978 in
1951 3931 2142 3991 praeto-

567 4061 582 4091 ι
619 4039 779 4094 rium.
818 4054 836 4086 ι
870 4031 951 4087 Ad
972 4028 1230 4099 Caipham
1257 4023 1454 4094 quippe
1477 4019 1545 4075 ab
1572 4019 1723 4073 Anna
1757 4015 1956 4084 collega
1980 4023 2034 4067 ct
2056 4028 2139 4066 so-

558 4144 685 4187 cero
719 4127 838 4198 eius
863 4123 1074 4179 dixerat
1104 4117 1347 4173 missum.
1394 4112 1500 4168 Sed
1551 4110 1596 4166 si
1631 4109 1697 4163 ad
1723 4107 2000 4175 Caipham,
2045 4119 2142 4158 cur

556 4223 614 4277 in
639 4195 996 4292 praetorium?
1041 4209 1184 4281 quod
1205 4204 1339 4262 nihil
1358 4203 1501 4258 aliud
1537 4199 1652 4255 vult
1689 4195 1930 4266 intelligi,
1980 4208 2140 4264 quam

556 4283 870 4384 ubipraeses
900 4304 1102 4362 Pilatus
1126 4299 1438 4361 habitabat,
1469 4302 1560 4349 aut
1587 4286 1954 4346 damnationis
1989 4283 2141 4340 Chri-

557 4409 623 4464 sti
664 4377 829 4462 causa
874 4399 1109 4470 Caipbas
1149 4390 1392 4466 perrexit
1437 4388 1492 4442 in
1533 4383 1844 4457 praetorium
1892 4379 1958 4434 ad
2000 4377 2142 4432 Pila-

559 4509 692 4564 tum,
741 4503 835 4550 aut
861 4491 1068 4548 Pilatus
1094 4487 1148 4541 in
1175 4484 1335 4540 domo
1368 4479 1584 4549 Caiphae
1623 4472 1933 4547 praetorium
1979 4470 2142 4524 habe-

556 4591 669 4644 bat.
702 4587 771 4642 Et
805 4591 954 4640 tanta
985 4579 1087 4634 fuit
1111 4570 1426 4644 amplitudo,
1456 4576 1515 4621 ut
1541 4575 1797 4634 utrosque
1823 4574 2015 4629 capere
2045 4572 2141 4627 po-

559 4681 769 4743 tuisset,
810 4684 867 4731 et
897 4684 1137 4730 seorsum
1170 4664 1505 4722 habitantem
1550 4657 1822 4714 dominum
1859 4667 2036 4716 suum,
2084 4658 2140 4704 et
2167 4666 2218 4726 ι)

560 4741 801 4826 seorsum
822 4765 1058 4834 iudicem
1087 4761 1272 4815 ferret.
1325 4756 1466 4809 Ecce
1494 4758 1692 4821 quanta
1722 4755 1807 4802 est
1835 4741 2139 4800 sollicitudo

561 4861 899 4918 sacerdotum
937 4857 991 4909 in
1043 4851 1203 4914 malo,
1245 4857 1354 4903 tota
1384 4852 1540 4900 nocte
1565 4840 1920 4912 vigilavernnt
1959 4844 2017 4889 ut
2046 4834 2142 4888 ho-

562 4951 839 5008 micidium
889 4947 1146 5001 facerent.
1200 4960 1217 4992 ι
1257 4939 1388 4993 Erat
1416 4943 1596 4990 autem
1633 4946 1810 4987 mane.
1851 4951 1868 4980 ι
1925 4927 1990 4981 Et
2019 4925 2140 4996 ipsi,

564 5049 619 5102 id
673 5056 755 5101 est
802 5041 894 5112 qui
932 5038 1198 5094 ducebant
1244 5032 1424 5088 Jesuin
1452 5071 1467 5096 ,
1519 5050 1536 5080 ‹
1564 5044 1670 5083 non
1719 5024 2041 5080 introierunt
2089 5020 2142 5073 in

570 5158 586 5188 ι
623 5132 953 5206 praetorium,
987 5148 1006 5180 ›
1050 5128 1153 5182 hoc
1177 5133 1260 5179 est
1284 5123 1336 5178 in
1363 5137 1482 5177 eam
1516 5129 1721 5190 partem
1749 5117 1937 5170 domus
1979 5126 2139 5181 quam

563 5228 766 5283 Pilatus
794 5221 1026 5278 tenebat.
1069 5217 1126 5273 Si
1151 5217 1265 5287 ipsa
1309 5215 1496 5270 domus
1523 5219 1640 5266 erat
1659 5207 1893 5276 Caiphte,
1925 5219 2022 5259 cur
2049 5217 2142 5256 au-

569 5331 674 5375 tem
715 5332 819 5372 non
860 5312 1182 5370 introierunt
1214 5308 1268 5362 in
1295 5301 1651 5376 praetorium?
1697 5298 1982 5366 Exponens
2015 5308 2142 5347 cau-

563 5426 678 5466 sam
707 5425 719 5462 :
758 5426 776 5458 ι
798 5404 868 5462 Ut
893 5420 998 5460 non
1030 5397 1546 5458 contaminarentur,
1572 5391 1763 5460 inquit,
1790 5387 1882 5442 sed
1907 5395 1966 5439 ut
1993 5399 2141 5437 man-

571 5521 588 5553 ‹
638 5502 896 5556 ducarent
918 5495 1140 5550 Pascha.
1179 5511 1198 5542 ι
1226 5488 1352 5542 Dies
1377 5485 1518 5538 enim
1543 5482 1628 5551 agi
1657 5487 1893 5548 coeperat
1918 5478 2144 5547 Azymo-

566 5609 705 5656 rum,
746 5589 943 5658 quibus
982 5584 1171 5640 diebus
1214 5570 1602 5632 contaniinatio
1651 5571 1756 5625 illis
1781 5579 1894 5626 erat
1922 5570 1974 5624 in
2017 5567 2144 5621 alie-

564 5700 692 5740 num
713 5678 1076 5739 habitaculum
1108 5677 1324 5729 intrare.
1368 5667 1412 5721 0
1439 5667 1601 5735 impia
1647 5674 1700 5720 et
1725 5665 1884 5719 stulta
1909 5662 2138 5724 caecitas,

565 5775 872 5833 habitaculo
912 5769 1160 5825 videlicet
1191 5763 1363 5818 alieno
1394 5775 1450 5814 se
1491 5757 1676 5811 violari
1707 5763 2044 5826 putaverunt,
2090 5762 2142 5808 et

566 5888 670 5924 non
699 5866 916 5938 proprio
945 5861 1148 5919 scelere
1201 5853 1466 5924 inquinari
1521 5869 1574 5904 sc
1621 5851 1905 5903 videbant!
1950 5847 2144 5900 Alieni-

2226 1003 2328 1058 tes,
2367 992 2482 1046 dies
2539 989 2864 1059 Azymorum
2921 983 3255 1038 dicebantur.
3309 979 3438 1034 Dies
3487 978 3836 1047 Azymonm

2226 1085 2445 1138 fuerunt
2493 1082 2545 1136 in
2596 1079 2789 1150 quibus
2837 1075 2970 1130 nihil
3016 1075 3402 1130 fermentatum
3463 1071 3527 1125 in
3590 1069 3838 1124 domiba:

2227 1180 2439 1236 illorum
2483 1175 2668 1233 debuit
2723 1170 2997 1227 inveniri:
3054 1169 3150 1224 sed
3194 1177 3370 1222 tamen
3402 1166 3529 1220 dies
3565 1161 3834 1233 paschali-

2228 1271 2500 1327 invenitur
2520 1269 2660 1323 inter
2685 1267 2799 1321 dies
2822 1264 3148 1334 Azymorum
3184 1258 3454 1315 nominari
3478 1297 3495 1321 ,
3555 1265 3624 1309 ut
3658 1254 3715 1308 in
3742 1253 3831 1306 alia

2229 1361 2518 1432 Evangelio
2568 1359 2799 1429 legitur:
2857 1375 2874 1406 ‹
2915 1353 3097 1408 Prima
3137 1359 3314 1406 autem
3364 1349 3462 1404 die
3486 1347 3824 1416 Azymonm

2230 1461 2576 1508 accesserunt
2627 1445 2872 1517 discipuli
2925 1444 2991 1498 ad
3031 1442 3234 1504 .Iesum,
3285 1441 3542 1496 dicentes
3570 1454 3587 1488 :
3621 1435 3726 1492 Ubi
3759 1438 3825 1488 vis

2229 1559 2481 1615 paremus
2506 1541 2602 1597 tibi
2629 1538 2914 1597 comedere
2938 1533 3185 1590 Pascha?
3217 1550 3236 1584 ι
3267 1531 3492 1603 (Matth.
3525 1527 3718 1597 xxv-1.)
3744 1527 3825 1582 Sr-

2232 1635 2418 1706 quitur
2443 1651 2456 1687 :

2310 1764 2327 1797 ι
2364 1744 2545 1800 Exivit
2576 1757 2706 1814 ergo
2735 1740 2939 1796 Pilatus
2963 1737 3032 1792 ad
3049 1751 3143 1793 eos
3168 1733 3337 1800 foras,
3369 1742 3429 1787 et
3449 1730 3636 1786 dixit:
3668 1730 3814 1796 Quae:

2239 1860 2258 1890 ι
2303 1834 2708 1893 accusationem
2747 1829 2951 1886 aﬂ‘ertis
2999 1827 3260 1882 adversus
3305 1825 3454 1879 hunc
3504 1820 3814 1876 hominem?

2159 1907 2208 1968 Β
2240 1950 2258 1984 ‹
2297 1926 2710 1999 Responderunt
2764 1931 2819 1977 et
2869 1921 3119 1976 dixerunt
3159 1917 3248 1972 ei:
3301 1915 3360 1971 Si
3407 1929 3521 1970 non
3571 1920 3719 1968 esset
3747 1912 3813 1964 hic

2238 2039 2257 2072 ο
2301 2017 2639 2081 malefactor,
2691 2028 2798 2070 non
2844 2011 2939 2066 tibi
2969 2008 3380 2064 tradidissemus
3416 2020 3571 2061 eum.
3616 2024 3636 2056 ι
3683 2003 3812 2058 Hanc

2232 2112 2375 2168 enim
2399 2123 2606 2165 morem
2638 2104 2906 2160 habebant
2930 2099 3119 2163 Judaei,
3145 2106 3203 2152 ut
3224 2110 3388 2166 quem
3409 2103 3596 2149 morte
3618 2093 3813 2163 dignum
3911 2151 3914 2170 Ι

2233 2203 2611 2275 diiudicarent,
2648 2197 2890 2252 vinctum
2941 2207 3066 2248 eum
3115 2188 3332 2261 praesidi
3382 2188 3689 2242 traderent.
3726 2184 3806 2237 ln-

2234 2301 2598 2364 terrogentur,
2645 2298 2807 2359 atque
2833 2283 3195 2356 respondeant
3229 2281 3300 2336 ab
3341 2277 3650 2334 immundis
3667 2276 3809 2345 spiri-

2234 2391 2376 2446 tibus
2415 2385 2647 2452 liberati,
2670 2381 2908 2454 languidi
2933 2377 3132 2442 sanati,
3160 2374 3365 2447 leprosi
3387 2372 3662 2436 mandati,
3681 2368 3802 2424 surdi

2235 2483 2535 2545 audientes,
2567 2476 2704 2532 muti
2731 2475 3032 2545 loquentes,
3064 2468 3192 2524 caeci
3223 2467 3488 2530 videntes,
3523 2463 3717 2519 mortui
3735 2475 3808 2514 re-

2235 2583 2518 2643 surgentes
2542 2610 2557 2635 ,
2584 2577 2767 2623 utrum
2808 2565 2881 2621 sit
2908 2560 3223 2618 malefactor
3248 2558 3423 2614 Jesus.
3481 2555 3592 2610 Sed
3621 2556 3718 2608 ista
3745 2552 3810 2605 di-

2235 2665 2447 2728 cebant,
2498 2661 2563 2716 de
2596 2658 2791 2728 quibus
2834 2670 2932 2726 per
2957 2652 3287 2720 Prophetam
3319 2648 3426 2718 ipse
3450 2645 3812 2716 praedixerat:

2241 2775 2258 2806 ι
2296 2750 2686 2808 Retribuebant
2713 2747 2845 2802 mihi
2871 2743 3010 2798 mala
3040 2757 3139 2812 pro
3164 2740 3319 2796 bonis
3343 2736 3502 2808 (Paul.
3539 2734 3770 2805 xxx").
3803 2755 3814 2782 ι

2313 2907 2330 2939 ι
2362 2885 2508 2942 Dixit
2525 2897 2654 2954 ergo
2675 2881 2753 2936 eis
2774 2878 2979 2934 Pilatus
3010 2893 3025 2929 :
3057 2873 3304 2944 Accipite
3336 2885 3449 2927 eum
3483 2883 3610 2933 vos,
3641 2878 3704 2921 et
3733 2882 3821 2920 se-

2243 3000 2260 3032 ι
2308 2977 2541 3035 cundum
2589 2974 2760 3042 legem
2810 2977 3047 3025 vestram
3083 2965 3323 3034 iudicate
3370 2975 3511 3016 eum.
3545 2977 3565 3009 ι
3619 2955 3815 3011 Iustior

2237 3071 2338 3126 fuit
2371 3070 2480 3125 illis
2519 3067 2684 3139 iudex
2707 3061 2962 3135 .gentilis.
3007 3057 3174 3126 Quasi
3223 3056 3431 3109 diceret
3457 3068 3472 3103 :
3501 3049 3702 3119 Legem
3728 3048 3812 3101 ha-

2237 3163 2396 3229 betis,
2422 3169 2479 3215 et
2504 3156 2796 3214 secundum
2824 3152 2996 3223 legem
3017 3156 3255 3204 vestram
3278 3143 3521 3216 iudicate
3545 3155 3702 3196 eum:
3730 3152 3811 3189 γε),

2241 3253 2432 3309 melius
2461 3249 2632 3306 nostis
2661 3245 2790 3317 quid
2815 3244 2882 3299 de
2911 3241 3108 3298 talibus
3140 3246 3324 3294 vestra
3360 3235 3446 3291 lex
3463 3233 3704 3304 iudicet:
3735 3243 3808 3283 se-

2246 3341 2478 3398 cundum
2523 3337 2665 3409 quod
2705 3334 2910 3404 iustum
2961 3331 3165 3395 sciatis,
3213 3327 3473 3400 iudicate.
3522 3344 3541 3375 ‹
3572 3323 3806 3378 Dixerunt

2253 3452 2270 3485 ‹
2314 3445 2446 3502 ergo
2469 3417 2677 3484 Judaei:
2739 3422 2906 3478 Nobis
2953 3436 3060 3477 non
3105 3419 3234 3474 licet
3282 3416 3596 3472 interﬁcere
3645 3425 3805 3482 quein-

2250 3544 2267 3576 ‹
2311 3499 2494 3594 quam.
2527 3540 2546 3573 ι
2573 3516 2712 3585 Quid
2734 3522 2818 3570 est
2854 3513 2995 3584 quod
3022 3510 3256 3581 loquitur
3275 3507 3469 3562 insana
3500 3499 3804 3560 crudelitas?

2244 3633 2313 3672 an
2351 3630 2459 3671 non
2511 3607 2911 3667 interﬁciebant
2947 3618 3106 3675 quem
3149 3598 3592 3656 interﬁciendum
3637 3594 3802 3648 odere-

2243 3706 2413 3763 bant?
2436 3704 2519 3758 An
2571 3714 2678 3757 non
2707 3699 2848 3755 forte
2876 3693 3292 3756 interﬁciebant,
3321 3691 3450 3746 dum
3480 3687 3798 3743 clamabant:

2243 3799 2532 3869 Cruciﬁge,
2557 3792 2839 3863 cruciﬁge!
2872 3810 2890 3842 ι
2916 3788 3055 3857 Quid
3075 3782 3327 3854 estquod
3356 3782 3644 3837 dixerunt:
3680 3797 3694 3827 ι
3717 3776 3802 3831 bo-

2244 3892 2326 3947 bis
2353 3907 2458 3947 non
2497 3889 2623 3943 licet
2662 3883 2966 3940 interﬁcere
2992 3891 3340 3950 quemquam,
3369 3894 3390 3926 ›
3420 3876 3551 3929 dum
3582 3873 3663 3928 lex
3685 3887 3802 3926 mai»

2245 3984 2338 4037 dat
2383 3978 2707 4040 homicidas,
2755 3973 3047 4036 adulteros,
3096 3977 3151 4024 et
3176 3967 3365 4022 talium
3412 3981 3542 4020 reos
3573 3964 3799 4018 scelerum

2243 4075 2492 4131 occidere
2541 4070 2626 4124 vel
2655 4067 2915 4139 lapidare,
2955 4063 3055 4119 nisi
3094 4061 3233 4117 forte
3279 4059 3384 4113 hoc
3414 4057 3540 4112 ideo
3574 4056 3804 4111 dixissent

2243 4173 2464 4238 propter
2490 4160 2837 4218 sanctitatem
2873 4155 2978 4212 diei
3008 4153 3156 4218 festi,
3182 4158 3244 4206 ut
3271 4165 3380 4206 non
3413 4149 3606 4204 liceret
3637 4148 3716 4202 eis
3736 4162 3802 4200 se-

2243 4255 2480 4312 cundum
2532 4252 2706 4323 legem
2733 4249 2788 4304 in
2817 4247 2905 4303 die
2938 4245 3076 4301 festo
3121 4242 3369 4299 occidere
3411 4241 3712 4301 hominem,
3753 4238 3805 4292 ob

2243 4346 2395 4416 cuius
2431 4343 2535 4402 diei
2573 4340 2698 4397 festi
2727 4337 3134 4395 venerationem
3171 4333 3336 4387 etiam
3379 4331 3697 4402 praetorium
3735 4330 3803 4396 iu-

2245 4438 2379 4496 dicis
2416 4437 2623 4492 intrare
2669 4429 2997 4487 noluerunt?
3030 4424 3330 4494 Quomodo,
3360 4437 3394 4478 0
3423 4421 3620 4489 Judaei,
3646 4439 3680 4477 ο
3710 4421 3806 4475 falsi

2243 4527 2517 4591 lsraelitaa,
2559 4537 2668 4579 non
2693 4517 2967 4578 occidistis
2999 4531 3124 4573 eum
3165 4529 3322 4585 quem
3370 4512 3806 4583 apprehendistis,

2244 4638 2404 4695 quem
2434 4619 2683 4685 duxistis,
2716 4630 2874 4687 quem
2900 4612 3114 4684 prazsidi
3164 4607 3484 4676 tradidistis,
3517 4624 3678 4679 quem
3709 4623 3806 4662 cru~

2242 4715 2384 4788 ciﬁgi
2419 4708 2779 4784 poposcistis?
2824 4705 3018 4761 Audite
3061 4702 3203 4773 quod
3260 4708 3455 4756 contra
3491 4715 3594 4755 vos
3630 4709 3732 4760 est,
3769 4711 3805 4748 τι

2239 4807 2346 4878 iam
2389 4801 2653 4875 propheta
2695 4797 3000 4853 clamabat:
3065 4813 3083 4844 ι
3125 4791 3246 4847 Filii
3283 4789 3595 4859 hominum,
3645 4790 3806 4844 dentis

2243 4911 2430 4952 eorum
2469 4909 2620 4948 arma
2667 4899 2723 4946 et
2750 4889 2976 4959 sagittae,
3006 4894 3061 4941 et
3090 4885 3270 4956 lingua
3314 4899 3508 4939 eorum
3564 4883 3804 4938 machara

2249 4996 2405 5054 acuta
2427 4986 2599 5058 (Psal.
2639 4984 2767 5056 Lvi).
2796 5003 2814 5035 ι
2848 4983 2984 5036 Ecce
3008 4979 3205 5050 quibus
3226 4977 3409 5042 armis,
3438 4977 3642 5048 quibus
3667 4975 3806 5047 sagit-

2249 5083 2334 5147 tis,
2375 5095 2480 5150 qua
2511 5078 2780 5133 machaera
2824 5072 3034 5143 iustum
3077 5067 3452 5126 interfecistis.
3500 5067 3706 5124 Deinde
3736 5080 3805 5122 se-

2246 5173 2429 5244 quitur
2467 5167 2794 5240 evangelista
2817 5183 2832 5221 :

2319 5309 2337 5341 ‹
2379 5287 2450 5344 Ut
2480 5301 2658 5342 sermo
2685 5283 2810 5338 Jesu
2843 5279 3154 5352 impleretur
3205 5292 3364 5348 quem
3411 5275 3592 5342 dixit,
3634 5274 3810 5347 signiﬁ-

2251 5404 2268 5432 ι
2311 5397 2440 5437 cans
2469 5397 2573 5450 qua
2621 5386 2765 5434 esset
2800 5384 2972 5432 morte
2999 5373 3312 5429 moriturus.
3352 5391 3370 5423 ι
3410 5369 3608 5440 Itaque
3635 5369 3810 5425 intelli-

2246 5474 2476 5544 gendum
2530 5480 2611 5526 est
2661 5468 2945 5526 Dominum
2996 5466 3100 5521 hoc
3151 5461 3457 5534 signiﬁcare
3503 5477 3618 5516 non
3673 5461 3810 5514 aliam

2248 5575 2475 5620 mortem
2501 5563 2700 5627 crucis,
2753 5562 2847 5617 sed
2874 5559 3017 5614 illam
3065 5565 3293 5611 mortem
3338 5570 3445 5625 qua
3492 5554 3664 5609 Judaei
3709 5568 3811 5608 eam

2247 5659 2493 5730 gentibus
2538 5655 2822 5711 tradebant
2849 5653 2914 5708 ad
2952 5650 3328 5714 occidendum,
3378 5647 3597 5702 minore
3655 5657 3811 5701 tamen

2246 5753 2448 5807 scelere
2479 5766 2639 5821 quam
2673 5746 2859 5810 Judaei,
2908 5744 2999 5814 qui
3034 5757 3092 5798 se
3136 5743 3240 5796 isto
3269 5739 3430 5795 modo
3476 5739 3546 5793 ab
3574 5739 3696 5809 eius
3746 5739 3810 5788 in-

2251 5842 2561 5896 terim-tione
2591 5839 2730 5893 velut
2783 5837 2984 5890 alienos
3030 5833 3209 5888 facere
3252 5828 3556 5894 voluerunt,
3622 5843 3730 5883 non
3771 5835 3816 5878 ut
