  <div class='ocr_page' id='page_1' title='image "/cluster/home/n/w/nwhite01/storage/ocr_20150623/118/hvd.32044015466907/222.png"; bbox 0 0 3934 6346; ppageno 0'>
   <div class='ocr_carea' id='block_1_1' title="bbox 75 436 214 491">
    <p class='ocr_par' dir='ltr' id='par_1_1' title="bbox 75 436 214 491">
     <span class='ocr_line' id='line_1_1' title="bbox 75 436 214 491; baseline -0.014 0"><span class='ocrx_word' id='word_1_1' title='bbox 75 436 214 491; x_wconf 70' lang='grc'><strong>453</strong></span> 
     </span>
    </p>
   </div>
   <div class='ocr_carea' id='block_1_2' title="bbox 1338 424 2146 483">
    <p class='ocr_par' dir='ltr' id='par_1_2' title="bbox 1338 424 2146 483">
     <span class='ocr_line' id='line_1_2' title="bbox 1338 424 2146 483; baseline -0.001 0"><span class='ocrx_word' id='word_1_2' title='bbox 1338 425 1638 483; x_wconf 70' lang='grc' dir='ltr'><strong>ΙΙΟΜΙΙιΙᾹΞ</strong></span> <span class='ocrx_word' id='word_1_3' title='bbox 1681 425 1768 482; x_wconf 85' lang='lat' dir='ltr'><strong>DE</strong></span> <span class='ocrx_word' id='word_1_4' title='bbox 1802 424 2146 482; x_wconf 80' lang='lat' dir='ltr'><strong>TEMPORE.</strong></span> 
     </span>
    </p>
   </div>
   <div class='ocr_carea' id='block_1_3' title="bbox 3296 428 3400 484">
    <p class='ocr_par' dir='ltr' id='par_1_3' title="bbox 3296 428 3400 484">
     <span class='ocr_line' id='line_1_3' title="bbox 3296 428 3400 484; baseline -0.029 0"><span class='ocrx_word' id='word_1_5' title='bbox 3296 428 3400 484; x_wconf 69' lang='grc'><strong>434</strong></span> 
     </span>
    </p>
   </div>
   <div class='ocr_carea' id='block_1_4' title="bbox 79 542 3394 614">
    <p class='ocr_par' dir='ltr' id='par_1_4' title="bbox 79 542 3394 614">
     <span class='ocr_line' id='line_1_4' title="bbox 79 542 3394 614; baseline -0.002 -9"><span class='ocrx_word' id='word_1_6' title='bbox 79 565 306 605; x_wconf 80' lang='lat' dir='ltr'><strong>eorum</strong></span> <span class='ocrx_word' id='word_1_7' title='bbox 363 549 666 603; x_wconf 76' lang='lat' dir='ltr'><strong>innocentia</strong></span> <span class='ocrx_word' id='word_1_8' title='bbox 687 588 701 612; x_wconf 96' lang='lat'><strong>,</strong></span> <span class='ocrx_word' id='word_1_9' title='bbox 749 547 842 601; x_wconf 85' lang='lat' dir='ltr'><strong>sed</strong></span> <span class='ocrx_word' id='word_1_10' title='bbox 875 557 932 602; x_wconf 90' lang='lat' dir='ltr'><strong>ut</strong></span> <span class='ocrx_word' id='word_1_11' title='bbox 980 547 1248 601; x_wconf 86' lang='lat' dir='ltr'><strong>dementia</strong></span> <span class='ocrx_word' id='word_1_12' title='bbox 1287 553 1700 602; x_wconf 77' lang='lat' dir='ltr'><strong>monstraretur.</strong></span> <span class='ocrx_word' id='word_1_13' title='bbox 1729 545 1784 605; x_wconf 82' lang='grc' dir='ltr'>Α</span> <span class='ocrx_word' id='word_1_14' title='bbox 1808 545 1970 600; x_wconf 89' lang='lat' dir='ltr'><strong>clesia</strong></span> <span class='ocrx_word' id='word_1_15' title='bbox 2002 555 2121 600; x_wconf 91' lang='lat' dir='ltr'><strong>est:</strong></span> <span class='ocrx_word' id='word_1_16' title='bbox 2151 545 2290 601; x_wconf 91' lang='lat' dir='ltr'><strong>unde</strong></span> <span class='ocrx_word' id='word_1_17' title='bbox 2316 555 2374 600; x_wconf 90' lang='lat' dir='ltr'><strong>et</strong></span> <span class='ocrx_word' id='word_1_18' title='bbox 2401 547 2467 600; x_wconf 89' lang='lat' dir='ltr'><strong>ad</strong></span> <span class='ocrx_word' id='word_1_19' title='bbox 2491 557 2735 602; x_wconf 87' lang='lat' dir='ltr'><strong>sanctam</strong></span> <span class='ocrx_word' id='word_1_20' title='bbox 2765 543 2991 600; x_wconf 87' lang='lat' dir='ltr'><strong>Mariam</strong></span> <span class='ocrx_word' id='word_1_21' title='bbox 3020 542 3244 614; x_wconf 77' lang='lat' dir='ltr'><strong>angelus</strong></span> <span class='ocrx_word' id='word_1_22' title='bbox 3283 544 3394 598; x_wconf 87' lang='lat' dir='ltr'><strong>ait:</strong></span> 
     </span>
    </p>
   </div>
   <div class='ocr_carea' id='block_1_5' title="bbox 83 639 422 709">
    <p class='ocr_par' dir='ltr' id='par_1_5' title="bbox 83 639 422 709">
     <span class='ocr_line' id='line_1_5' title="bbox 83 639 422 709; baseline 0 -15"><span class='ocrx_word' id='word_1_23' title='bbox 83 639 384 709; x_wconf 85' lang='lat' dir='ltr'><strong>Sequitur</strong></span> <span class='ocrx_word' id='word_1_24' title='bbox 405 655 422 694; x_wconf 91' lang='lat'><strong>:</strong></span> 
     </span>
    </p>
   </div>
   <div class='ocr_carea' id='block_1_6' title="bbox 177 729 1705 801">
    <p class='ocr_par' dir='ltr' id='par_1_6' title="bbox 177 729 1705 801">
     <span class='ocr_line' id='line_1_6' title="bbox 177 729 1705 801; baseline 0.002 -19"><span class='ocrx_word' id='word_1_25' title='bbox 177 749 202 782; x_wconf 74' lang='grc' dir='ltr'><em>α</em></span> <span class='ocrx_word' id='word_1_26' title='bbox 242 729 499 785; x_wconf 82' lang='lat' dir='ltr'><strong>Introivit</strong></span> <span class='ocrx_word' id='word_1_27' title='bbox 548 730 741 786; x_wconf 86' lang='lat' dir='ltr'><strong>iterum</strong></span> <span class='ocrx_word' id='word_1_28' title='bbox 793 731 846 786; x_wconf 93' lang='lat' dir='ltr'><strong>in</strong></span> <span class='ocrx_word' id='word_1_29' title='bbox 881 730 1194 801; x_wconf 89' lang='lat' dir='ltr'><strong>praetorium</strong></span> <span class='ocrx_word' id='word_1_30' title='bbox 1221 729 1445 796; x_wconf 88' lang='lat' dir='ltr'><strong>Pilatus,</strong></span> <span class='ocrx_word' id='word_1_31' title='bbox 1473 738 1528 785; x_wconf 88' lang='lat' dir='ltr'><strong>et</strong></span> <span class='ocrx_word' id='word_1_32' title='bbox 1547 746 1705 787; x_wconf 88' lang='lat' dir='ltr'><strong>voca-</strong></span> 
     </span>
    </p>
   </div>
   <div class='ocr_carea' id='block_1_7' title="bbox 91 821 1704 889">
    <p class='ocr_par' dir='ltr' id='par_1_7' title="bbox 91 821 1704 889">
     <span class='ocr_line' id='line_1_7' title="bbox 91 821 1704 889; baseline 0.001 -14"><span class='ocrx_word' id='word_1_33' title='bbox 91 842 112 874; x_wconf 72' lang='grc' dir='ltr'>ι</span> <span class='ocrx_word' id='word_1_34' title='bbox 170 822 262 877; x_wconf 88' lang='lat' dir='ltr'><strong>vit</strong></span> <span class='ocrx_word' id='word_1_35' title='bbox 291 822 500 889; x_wconf 80' lang='lat' dir='ltr'><strong>Jesum,</strong></span> <span class='ocrx_word' id='word_1_36' title='bbox 525 831 580 878; x_wconf 89' lang='lat' dir='ltr'><strong>et</strong></span> <span class='ocrx_word' id='word_1_37' title='bbox 601 823 802 879; x_wconf 85' lang='lat' dir='ltr'><strong>dixitei</strong></span> <span class='ocrx_word' id='word_1_38' title='bbox 830 841 842 876; x_wconf 89' lang='lat'><strong>:</strong></span> <span class='ocrx_word' id='word_1_39' title='bbox 894 823 972 878; x_wconf 89' lang='lat' dir='ltr'><strong>Tu</strong></span> <span class='ocrx_word' id='word_1_40' title='bbox 1003 838 1062 878; x_wconf 90' lang='lat' dir='ltr'><strong>es</strong></span> <span class='ocrx_word' id='word_1_41' title='bbox 1083 839 1177 879; x_wconf 92' lang='lat' dir='ltr'><strong>rex</strong></span> <span class='ocrx_word' id='word_1_42' title='bbox 1207 821 1558 879; x_wconf 63' lang='lat' dir='ltr'><strong>Judaaorum?</strong></span> <span class='ocrx_word' id='word_1_43' title='bbox 1593 843 1611 875; x_wconf 73' lang='grc' dir='ltr'><strong><em>ι</em></strong></span> <span class='ocrx_word' id='word_1_44' title='bbox 1647 823 1704 877; x_wconf 83' lang='grc' dir='ltr'><strong>1η</strong></span> 
     </span>
    </p>
   </div>
   <div class='ocr_carea' id='block_1_8' title="bbox 84 914 1703 986">
    <p class='ocr_par' dir='ltr' id='par_1_8' title="bbox 84 914 1703 986">
     <span class='ocr_line' id='line_1_8' title="bbox 84 914 1703 986; baseline 0.002 -19"><span class='ocrx_word' id='word_1_45' title='bbox 84 914 190 969; x_wconf 83' lang='lat' dir='ltr'><strong>his</strong></span> <span class='ocrx_word' id='word_1_46' title='bbox 219 915 412 970; x_wconf 86' lang='lat' dir='ltr'><strong>verbis</strong></span> <span class='ocrx_word' id='word_1_47' title='bbox 437 916 673 971; x_wconf 88' lang='lat' dir='ltr'><strong>ostendit</strong></span> <span class='ocrx_word' id='word_1_48' title='bbox 720 916 926 972; x_wconf 86' lang='lat' dir='ltr'><strong>Pilatus</strong></span> <span class='ocrx_word' id='word_1_49' title='bbox 955 918 1060 973; x_wconf 90' lang='lat' dir='ltr'><strong>hoc</strong></span> <span class='ocrx_word' id='word_1_50' title='bbox 1096 915 1309 974; x_wconf 82' lang='lat' dir='ltr'><strong>Judaeos</strong></span> <span class='ocrx_word' id='word_1_51' title='bbox 1358 917 1620 986; x_wconf 88' lang='lat' dir='ltr'><strong>objecisse</strong></span> <span class='ocrx_word' id='word_1_52' title='bbox 1653 916 1703 972; x_wconf 90' lang='lat' dir='ltr'><strong>ei</strong></span> 
     </span>
    </p>
   </div>
   <div class='ocr_carea' id='block_1_9' title="bbox 87 1007 1498 1077">
    <p class='ocr_par' dir='ltr' id='par_1_9' title="bbox 87 1007 1498 1077">
     <span class='ocr_line' id='line_1_9' title="bbox 87 1007 1498 1077; baseline 0.003 -19"><span class='ocrx_word' id='word_1_53' title='bbox 87 1007 380 1072; x_wconf 86' lang='lat' dir='ltr'><strong>criminis,</strong></span> <span class='ocrx_word' id='word_1_54' title='bbox 409 1015 470 1061; x_wconf 92' lang='lat' dir='ltr'><strong>ut</strong></span> <span class='ocrx_word' id='word_1_55' title='bbox 497 1008 701 1064; x_wconf 84' lang='lat' dir='ltr'><strong>diceret</strong></span> <span class='ocrx_word' id='word_1_56' title='bbox 725 1023 785 1064; x_wconf 87' lang='lat' dir='ltr'><strong>se</strong></span> <span class='ocrx_word' id='word_1_57' title='bbox 813 1023 994 1077; x_wconf 82' lang='lat' dir='ltr'><strong>regem</strong></span> <span class='ocrx_word' id='word_1_58' title='bbox 1023 1023 1144 1064; x_wconf 92' lang='lat' dir='ltr'><strong>esse</strong></span> <span class='ocrx_word' id='word_1_59' title='bbox 1171 1008 1498 1064; x_wconf 60' lang='lat' dir='ltr'><strong>Iudaeorum.</strong></span> 
     </span>
    </p>
   </div>
   <div class='ocr_carea' id='block_1_10' title="bbox 180 1096 1703 1168">
    <p class='ocr_par' dir='ltr' id='par_1_10' title="bbox 180 1096 1703 1168">
     <span class='ocr_line' id='line_1_10' title="bbox 180 1096 1703 1168; baseline 0.003 -20"><span class='ocrx_word' id='word_1_60' title='bbox 180 1117 202 1148; x_wconf 74' lang='grc' dir='ltr'>ι</span> <span class='ocrx_word' id='word_1_61' title='bbox 238 1097 757 1168; x_wconf 78' lang='lat' dir='ltr'><strong>ResponditJesus:</strong></span> <span class='ocrx_word' id='word_1_62' title='bbox 790 1099 834 1151; x_wconf 86' lang='lat' dir='ltr'><strong>A</strong></span> <span class='ocrx_word' id='word_1_63' title='bbox 861 1097 1144 1168; x_wconf 91' lang='lat' dir='ltr'><strong>temetipso</strong></span> <span class='ocrx_word' id='word_1_64' title='bbox 1170 1098 1273 1153; x_wconf 89' lang='lat' dir='ltr'><strong>hoc</strong></span> <span class='ocrx_word' id='word_1_65' title='bbox 1301 1096 1458 1164; x_wconf 91' lang='lat' dir='ltr'><strong>dicis,</strong></span> <span class='ocrx_word' id='word_1_66' title='bbox 1508 1113 1577 1152; x_wconf 91' lang='lat' dir='ltr'><strong>an</strong></span> <span class='ocrx_word' id='word_1_67' title='bbox 1610 1097 1703 1153; x_wconf 87' lang='lat' dir='ltr'><strong>alii</strong></span> 
     </span>
    </p>
   </div>
   <div class='ocr_carea' id='block_1_11' title="bbox 90 1187 1704 1259">
    <p class='ocr_par' dir='ltr' id='par_1_11' title="bbox 90 1187 1704 1259">
     <span class='ocr_line' id='line_1_11' title="bbox 90 1187 1704 1259; baseline 0.001 -17"><span class='ocrx_word' id='word_1_68' title='bbox 90 1188 203 1243; x_wconf 89' lang='lat' dir='ltr'><strong>tibi</strong></span> <span class='ocrx_word' id='word_1_69' title='bbox 237 1188 496 1243; x_wconf 88' lang='lat' dir='ltr'><strong>dixerunt</strong></span> <span class='ocrx_word' id='word_1_70' title='bbox 518 1187 586 1243; x_wconf 90' lang='lat' dir='ltr'><strong>de</strong></span> <span class='ocrx_word' id='word_1_71' title='bbox 619 1189 746 1244; x_wconf 88' lang='lat' dir='ltr'><strong>me?</strong></span> <span class='ocrx_word' id='word_1_72' title='bbox 776 1209 796 1242; x_wconf 76' lang='grc' dir='ltr'><strong><em>ι</em></strong></span> <span class='ocrx_word' id='word_1_73' title='bbox 848 1187 1069 1244; x_wconf 86' lang='lat' dir='ltr'><strong>Sciebat</strong></span> <span class='ocrx_word' id='word_1_74' title='bbox 1110 1187 1299 1259; x_wconf 89' lang='lat' dir='ltr'><strong>utique</strong></span> <span class='ocrx_word' id='word_1_75' title='bbox 1349 1189 1610 1244; x_wconf 88' lang='lat' dir='ltr'><strong>Dominus</strong></span> <span class='ocrx_word' id='word_1_76' title='bbox 1647 1199 1704 1245; x_wconf 90' lang='lat' dir='ltr'><strong>et</strong></span> 
     </span>
    </p>
   </div>
   <div class='ocr_carea' id='block_1_12' title="bbox 88 1283 1703 1355">
    <p class='ocr_par' dir='ltr' id='par_1_12' title="bbox 88 1283 1703 1355">
     <span class='ocr_line' id='line_1_12' title="bbox 88 1283 1703 1355; baseline 0.001 -19"><span class='ocrx_word' id='word_1_77' title='bbox 88 1283 251 1352; x_wconf 88' lang='lat' dir='ltr'><strong>quod</strong></span> <span class='ocrx_word' id='word_1_78' title='bbox 304 1283 420 1354; x_wconf 89' lang='lat' dir='ltr'><strong>ipse</strong></span> <span class='ocrx_word' id='word_1_79' title='bbox 467 1283 858 1355; x_wconf 78' lang='lat' dir='ltr'><strong>interrogabat,</strong></span> <span class='ocrx_word' id='word_1_80' title='bbox 914 1291 969 1338; x_wconf 93' lang='lat' dir='ltr'><strong>et</strong></span> <span class='ocrx_word' id='word_1_81' title='bbox 1015 1283 1159 1353; x_wconf 86' lang='lat' dir='ltr'><strong>quod</strong></span> <span class='ocrx_word' id='word_1_82' title='bbox 1211 1283 1300 1338; x_wconf 92' lang='lat' dir='ltr'><strong>ille</strong></span> <span class='ocrx_word' id='word_1_83' title='bbox 1344 1299 1703 1354; x_wconf 85' lang='lat' dir='ltr'><strong>responsurus</strong></span> 
     </span>
    </p>
   </div>
   <div class='ocr_carea' id='block_1_13' title="bbox 88 1375 1703 1447">
    <p class='ocr_par' dir='ltr' id='par_1_13' title="bbox 88 1375 1703 1447">
     <span class='ocr_line' id='line_1_13' title="bbox 88 1375 1703 1447; baseline 0 -18"><span class='ocrx_word' id='word_1_84' title='bbox 88 1375 245 1430; x_wconf 83' lang='lat' dir='ltr'><strong>fuit:</strong></span> <span class='ocrx_word' id='word_1_85' title='bbox 294 1375 391 1431; x_wconf 89' lang='lat' dir='ltr'><strong>sed</strong></span> <span class='ocrx_word' id='word_1_86' title='bbox 413 1380 598 1432; x_wconf 88' lang='lat' dir='ltr'><strong>tamen</strong></span> <span class='ocrx_word' id='word_1_87' title='bbox 628 1377 735 1432; x_wconf 91' lang='lat' dir='ltr'><strong>dici</strong></span> <span class='ocrx_word' id='word_1_88' title='bbox 766 1375 955 1440; x_wconf 91' lang='lat' dir='ltr'><strong>voluit,</strong></span> <span class='ocrx_word' id='word_1_89' title='bbox 984 1391 1089 1432; x_wconf 91' lang='lat' dir='ltr'><strong>non</strong></span> <span class='ocrx_word' id='word_1_90' title='bbox 1113 1383 1333 1446; x_wconf 87' lang='lat' dir='ltr'><strong>propter</strong></span> <span class='ocrx_word' id='word_1_91' title='bbox 1359 1391 1437 1441; x_wconf 91' lang='lat' dir='ltr'><strong>se,</strong></span> <span class='ocrx_word' id='word_1_92' title='bbox 1468 1376 1561 1447; x_wconf 87' lang='lat' dir='ltr'><strong>qui</strong></span> <span class='ocrx_word' id='word_1_93' title='bbox 1587 1391 1703 1431; x_wconf 72' lang='lat' dir='ltr'><strong>om-</strong></span> 
     </span>
    </p>
   </div>
   <div class='ocr_carea' id='block_1_14' title="bbox 75 1453 1701 1538">
    <p class='ocr_par' dir='ltr' id='par_1_14' title="bbox 75 1453 1701 1538">
     <span class='ocr_line' id='line_1_14' title="bbox 75 1453 1701 1538; baseline 0.002 -19"><span class='ocrx_word' id='word_1_94' title='bbox 75 1453 190 1520; x_wconf 82' lang='lat' dir='ltr'><strong>nia</strong></span> <span class='ocrx_word' id='word_1_95' title='bbox 223 1466 457 1532; x_wconf 88' lang='lat' dir='ltr'><strong>sciebat,</strong></span> <span class='ocrx_word' id='word_1_96' title='bbox 509 1468 606 1523; x_wconf 90' lang='lat' dir='ltr'><strong>sed</strong></span> <span class='ocrx_word' id='word_1_97' title='bbox 655 1474 881 1538; x_wconf 86' lang='lat' dir='ltr'><strong>propter</strong></span> <span class='ocrx_word' id='word_1_98' title='bbox 919 1481 1036 1532; x_wconf 92' lang='lat' dir='ltr'><strong>nos,</strong></span> <span class='ocrx_word' id='word_1_99' title='bbox 1085 1474 1144 1521; x_wconf 90' lang='lat' dir='ltr'><strong>ut</strong></span> <span class='ocrx_word' id='word_1_100' title='bbox 1183 1467 1514 1522; x_wconf 88' lang='lat' dir='ltr'><strong>scriberetur</strong></span> <span class='ocrx_word' id='word_1_101' title='bbox 1559 1467 1701 1536; x_wconf 93' lang='lat' dir='ltr'><strong>quod</strong></span> 
     </span>
    </p>
   </div>
   <div class='ocr_carea' id='block_1_15' title="bbox 83 1557 599 1614">
    <p class='ocr_par' dir='ltr' id='par_1_15' title="bbox 83 1557 599 1614">
     <span class='ocr_line' id='line_1_15' title="bbox 83 1557 599 1614; baseline 0.004 -4"><span class='ocrx_word' id='word_1_102' title='bbox 83 1558 204 1613; x_wconf 82' lang='lat' dir='ltr'><strong>nos</strong></span> <span class='ocrx_word' id='word_1_103' title='bbox 235 1558 382 1614; x_wconf 87' lang='lat' dir='ltr'><strong>scire</strong></span> <span class='ocrx_word' id='word_1_104' title='bbox 407 1557 599 1612; x_wconf 89' lang='lat' dir='ltr'><strong>voluit.</strong></span> 
     </span>
    </p>
   </div>
   <div class='ocr_carea' id='block_1_16' title="bbox 178 1649 1701 1722">
    <p class='ocr_par' dir='ltr' id='par_1_16' title="bbox 178 1649 1701 1722">
     <span class='ocr_line' id='line_1_16' title="bbox 178 1649 1701 1722; baseline 0.002 -20"><span class='ocrx_word' id='word_1_105' title='bbox 178 1669 199 1702; x_wconf 69' lang='grc' dir='ltr'><em>ς</em></span> <span class='ocrx_word' id='word_1_106' title='bbox 247 1649 549 1722; x_wconf 83' lang='lat' dir='ltr'><strong>Respondit</strong></span> <span class='ocrx_word' id='word_1_107' title='bbox 597 1649 842 1707; x_wconf 88' lang='lat' dir='ltr'><strong>Pilatus:</strong></span> <span class='ocrx_word' id='word_1_108' title='bbox 877 1649 1129 1720; x_wconf 83' lang='lat' dir='ltr'><strong>Nunquid</strong></span> <span class='ocrx_word' id='word_1_109' title='bbox 1160 1650 1502 1722; x_wconf 83' lang='lat' dir='ltr'><strong>egandaeus</strong></span> <span class='ocrx_word' id='word_1_110' title='bbox 1535 1652 1701 1707; x_wconf 88' lang='lat' dir='ltr'><strong>sum?</strong></span> 
     </span>
    </p>
   </div>
   <div class='ocr_carea' id='block_1_17' title="bbox 95 1739 1693 1810">
    <p class='ocr_par' dir='ltr' id='par_1_17' title="bbox 95 1739 1693 1810">
     <span class='ocr_line' id='line_1_17' title="bbox 95 1739 1693 1810; baseline 0.004 -20"><span class='ocrx_word' id='word_1_111' title='bbox 95 1759 114 1790; x_wconf 70' lang='grc' dir='ltr'>ι</span> <span class='ocrx_word' id='word_1_112' title='bbox 165 1754 311 1809; x_wconf 87' lang='lat' dir='ltr'><strong>gens</strong></span> <span class='ocrx_word' id='word_1_113' title='bbox 360 1748 452 1796; x_wconf 89' lang='lat' dir='ltr'><strong>tua</strong></span> <span class='ocrx_word' id='word_1_114' title='bbox 501 1749 556 1795; x_wconf 91' lang='lat' dir='ltr'><strong>et</strong></span> <span class='ocrx_word' id='word_1_115' title='bbox 608 1742 893 1810; x_wconf 84' lang='lat' dir='ltr'><strong>pontiﬁces</strong></span> <span class='ocrx_word' id='word_1_116' title='bbox 925 1741 998 1794; x_wconf 91' lang='lat' dir='ltr'><strong>tui</strong></span> <span class='ocrx_word' id='word_1_117' title='bbox 1047 1739 1384 1794; x_wconf 86' lang='lat' dir='ltr'><strong>tradiderunt</strong></span> <span class='ocrx_word' id='word_1_118' title='bbox 1439 1751 1490 1795; x_wconf 90' lang='lat' dir='ltr'><strong>te</strong></span> <span class='ocrx_word' id='word_1_119' title='bbox 1519 1742 1693 1796; x_wconf 92' lang='lat' dir='ltr'><strong>mihi:</strong></span> 
     </span>
    </p>
   </div>
   <div class='ocr_carea' id='block_1_18' title="bbox 95 1833 1694 1906">
    <p class='ocr_par' dir='ltr' id='par_1_18' title="bbox 95 1833 1694 1906">
     <span class='ocr_line' id='line_1_18' title="bbox 95 1833 1694 1906; baseline 0.005 -24"><span class='ocrx_word' id='word_1_120' title='bbox 95 1851 116 1882; x_wconf 70' lang='grc' dir='ltr'><strong><em>ι</em></strong></span> <span class='ocrx_word' id='word_1_121' title='bbox 148 1835 288 1902; x_wconf 87' lang='lat' dir='ltr'><strong>quid</strong></span> <span class='ocrx_word' id='word_1_122' title='bbox 322 1833 534 1890; x_wconf 82' lang='lat' dir='ltr'><strong>fecisti?</strong></span> <span class='ocrx_word' id='word_1_123' title='bbox 564 1855 581 1888; x_wconf 75' lang='grc' dir='ltr'><strong><em>ι</em></strong></span> <span class='ocrx_word' id='word_1_124' title='bbox 622 1835 858 1891; x_wconf 83' lang='lat' dir='ltr'><strong>Abstulit</strong></span> <span class='ocrx_word' id='word_1_125' title='bbox 890 1852 917 1889; x_wconf 85' lang='lat' dir='ltr'><strong>a</strong></span> <span class='ocrx_word' id='word_1_126' title='bbox 941 1851 1001 1892; x_wconf 91' lang='lat' dir='ltr'><strong>se</strong></span> <span class='ocrx_word' id='word_1_127' title='bbox 1028 1836 1411 1906; x_wconf 87' lang='lat' dir='ltr'><strong>suspicionem,</strong></span> <span class='ocrx_word' id='word_1_128' title='bbox 1437 1851 1542 1906; x_wconf 90' lang='lat' dir='ltr'><strong>qua</strong></span> <span class='ocrx_word' id='word_1_129' title='bbox 1565 1850 1694 1906; x_wconf 90' lang='lat' dir='ltr'><strong>pos-</strong></span> 
     </span>
    </p>
   </div>
   <div class='ocr_carea' id='block_1_19' title="bbox 87 1909 1772 2003">
    <p class='ocr_par' dir='ltr' id='par_1_19' title="bbox 87 1909 1772 2003">
     <span class='ocr_line' id='line_1_19' title="bbox 87 1909 1772 2003; baseline 0.002 -22"><span class='ocrx_word' id='word_1_130' title='bbox 87 1937 183 1982; x_wconf 80' lang='lat' dir='ltr'><strong>set</strong></span> <span class='ocrx_word' id='word_1_131' title='bbox 221 1931 401 2000; x_wconf 91' lang='lat' dir='ltr'><strong>putari</strong></span> <span class='ocrx_word' id='word_1_132' title='bbox 455 1945 486 1984; x_wconf 91' lang='lat' dir='ltr'><strong>a</strong></span> <span class='ocrx_word' id='word_1_133' title='bbox 515 1933 805 2002; x_wconf 89' lang='lat' dir='ltr'><strong>semetipso</strong></span> <span class='ocrx_word' id='word_1_134' title='bbox 852 1931 1054 1988; x_wconf 80' lang='lat' dir='ltr'><strong>dixisse</strong></span> <span class='ocrx_word' id='word_1_135' title='bbox 1109 1933 1252 2002; x_wconf 90' lang='lat' dir='ltr'><strong>quod</strong></span> <span class='ocrx_word' id='word_1_136' title='bbox 1282 1930 1465 1987; x_wconf 83' lang='lat' dir='ltr'><strong>Jesum</strong></span> <span class='ocrx_word' id='word_1_137' title='bbox 1516 1945 1696 2003; x_wconf 85' lang='lat' dir='ltr'><strong>regem</strong></span> <span class='ocrx_word' id='word_1_138' title='bbox 1725 1909 1772 1969; x_wconf 76' lang='grc' dir='ltr'><strong><em>Β</em></strong></span> 
     </span>
    </p>
   </div>
   <div class='ocr_carea' id='block_1_20' title="bbox 84 2023 1699 2094">
    <p class='ocr_par' dir='ltr' id='par_1_20' title="bbox 84 2023 1699 2094">
     <span class='ocr_line' id='line_1_20' title="bbox 84 2023 1699 2094; baseline 0.003 -20"><span class='ocrx_word' id='word_1_139' title='bbox 84 2023 318 2078; x_wconf 81' lang='lat' dir='ltr'><strong>dixerat</strong></span> <span class='ocrx_word' id='word_1_140' title='bbox 344 2038 464 2079; x_wconf 89' lang='lat' dir='ltr'><strong>esse</strong></span> <span class='ocrx_word' id='word_1_141' title='bbox 489 2023 818 2091; x_wconf 63' lang='lat' dir='ltr'><strong>Iudaeorum,</strong></span> <span class='ocrx_word' id='word_1_142' title='bbox 851 2025 902 2078; x_wconf 91' lang='lat' dir='ltr'><strong>id</strong></span> <span class='ocrx_word' id='word_1_143' title='bbox 931 2039 989 2079; x_wconf 90' lang='lat' dir='ltr'><strong>se</strong></span> <span class='ocrx_word' id='word_1_144' title='bbox 1015 2040 1045 2078; x_wconf 90' lang='lat' dir='ltr'><strong>a</strong></span> <span class='ocrx_word' id='word_1_145' title='bbox 1075 2023 1275 2079; x_wconf 76' lang='lat' dir='ltr'><strong>Iudaeis</strong></span> <span class='ocrx_word' id='word_1_146' title='bbox 1298 2024 1573 2094; x_wconf 87' lang='lat' dir='ltr'><strong>accepisse</strong></span> <span class='ocrx_word' id='word_1_147' title='bbox 1607 2025 1699 2079; x_wconf 86' lang='lat' dir='ltr'><strong>de-</strong></span> 
     </span>
    </p>
   </div>
   <div class='ocr_carea' id='block_1_21' title="bbox 86 2114 1699 2183">
    <p class='ocr_par' dir='ltr' id='par_1_21' title="bbox 86 2114 1699 2183">
     <span class='ocr_line' id='line_1_21' title="bbox 86 2114 1699 2183; baseline 0.001 -16"><span class='ocrx_word' id='word_1_148' title='bbox 86 2123 440 2182; x_wconf 89' lang='lat' dir='ltr'><strong>monstrans,</strong></span> <span class='ocrx_word' id='word_1_149' title='bbox 467 2116 732 2171; x_wconf 91' lang='lat' dir='ltr'><strong>dicendo:</strong></span> <span class='ocrx_word' id='word_1_150' title='bbox 763 2134 781 2166; x_wconf 73' lang='grc' dir='ltr'>ι</span> <span class='ocrx_word' id='word_1_151' title='bbox 820 2114 958 2183; x_wconf 88' lang='lat' dir='ltr'><strong>Quid</strong></span> <span class='ocrx_word' id='word_1_152' title='bbox 982 2114 1158 2170; x_wconf 82' lang='lat' dir='ltr'><strong>fecisti</strong></span> <span class='ocrx_word' id='word_1_153' title='bbox 1188 2116 1211 2168; x_wconf 86' lang='lat'><strong>?</strong></span> <span class='ocrx_word' id='word_1_154' title='bbox 1245 2135 1263 2166; x_wconf 77' lang='grc' dir='ltr'><strong><em>ι</em></strong></span> <span class='ocrx_word' id='word_1_155' title='bbox 1298 2114 1442 2170; x_wconf 90' lang='lat' dir='ltr'><strong>Satis</strong></span> <span class='ocrx_word' id='word_1_156' title='bbox 1465 2116 1699 2170; x_wconf 90' lang='lat' dir='ltr'><strong>ostendit</strong></span> 
     </span>
    </p>
   </div>
   <div class='ocr_carea' id='block_1_22' title="bbox 85 2195 1696 2281">
    <p class='ocr_par' dir='ltr' id='par_1_22' title="bbox 85 2195 1696 2281">
     <span class='ocr_line' id='line_1_22' title="bbox 85 2195 1696 2281; baseline -0.001 -17"><span class='ocrx_word' id='word_1_157' title='bbox 85 2209 234 2264; x_wconf 86' lang='lat' dir='ltr'><strong>illud</strong></span> <span class='ocrx_word' id='word_1_158' title='bbox 257 2211 308 2265; x_wconf 94' lang='lat' dir='ltr'><strong>ei</strong></span> <span class='ocrx_word' id='word_1_159' title='bbox 355 2226 456 2281; x_wconf 90' lang='lat' dir='ltr'><strong>pro</strong></span> <span class='ocrx_word' id='word_1_160' title='bbox 493 2210 720 2266; x_wconf 87' lang='lat' dir='ltr'><strong>crimine</strong></span> <span class='ocrx_word' id='word_1_161' title='bbox 749 2209 1042 2279; x_wconf 86' lang='lat' dir='ltr'><strong>objectum,</strong></span> <span class='ocrx_word' id='word_1_162' title='bbox 1083 2195 1338 2280; x_wconf 86' lang='lat' dir='ltr'><strong>tanquam</strong></span> <span class='ocrx_word' id='word_1_163' title='bbox 1364 2210 1606 2266; x_wconf 88' lang='lat' dir='ltr'><strong>diceret:</strong></span> <span class='ocrx_word' id='word_1_164' title='bbox 1639 2208 1696 2264; x_wconf 91' lang='lat' dir='ltr'><strong>Si</strong></span> 
     </span>
    </p>
   </div>
   <div class='ocr_carea' id='block_1_23' title="bbox 82 2299 1698 2372">
    <p class='ocr_par' dir='ltr' id='par_1_23' title="bbox 82 2299 1698 2372">
     <span class='ocr_line' id='line_1_23' title="bbox 82 2299 1698 2372; baseline 0 -18"><span class='ocrx_word' id='word_1_165' title='bbox 82 2315 288 2372; x_wconf 81' lang='lat' dir='ltr'><strong>regem</strong></span> <span class='ocrx_word' id='word_1_166' title='bbox 339 2310 391 2356; x_wconf 90' lang='lat' dir='ltr'><strong>te</strong></span> <span class='ocrx_word' id='word_1_167' title='bbox 445 2315 627 2372; x_wconf 90' lang='lat' dir='ltr'><strong>negas,</strong></span> <span class='ocrx_word' id='word_1_168' title='bbox 675 2301 805 2371; x_wconf 90' lang='lat' dir='ltr'><strong>quid</strong></span> <span class='ocrx_word' id='word_1_169' title='bbox 868 2299 1045 2355; x_wconf 80' lang='lat' dir='ltr'><strong>fecisti</strong></span> <span class='ocrx_word' id='word_1_170' title='bbox 1117 2309 1175 2356; x_wconf 90' lang='lat' dir='ltr'><strong>ut</strong></span> <span class='ocrx_word' id='word_1_171' title='bbox 1230 2301 1464 2359; x_wconf 87' lang='lat' dir='ltr'><strong>traderis</strong></span> <span class='ocrx_word' id='word_1_172' title='bbox 1523 2301 1698 2356; x_wconf 86' lang='lat' dir='ltr'><strong>mihi?</strong></span> 
     </span>
    </p>
   </div>
   <div class='ocr_carea' id='block_1_24' title="bbox 79 2390 1698 2462">
    <p class='ocr_par' dir='ltr' id='par_1_24' title="bbox 79 2390 1698 2462">
     <span class='ocr_line' id='line_1_24' title="bbox 79 2390 1698 2462; baseline -0.001 -17"><span class='ocrx_word' id='word_1_173' title='bbox 79 2393 276 2459; x_wconf 86' lang='lat' dir='ltr'><strong>Quasi</strong></span> <span class='ocrx_word' id='word_1_174' title='bbox 300 2393 497 2448; x_wconf 92' lang='lat' dir='ltr'><strong>mirum</strong></span> <span class='ocrx_word' id='word_1_175' title='bbox 528 2407 634 2447; x_wconf 92' lang='lat' dir='ltr'><strong>non</strong></span> <span class='ocrx_word' id='word_1_176' title='bbox 666 2400 828 2457; x_wconf 90' lang='lat' dir='ltr'><strong>esset,</strong></span> <span class='ocrx_word' id='word_1_177' title='bbox 866 2392 910 2447; x_wconf 92' lang='lat' dir='ltr'><strong>si</strong></span> <span class='ocrx_word' id='word_1_178' title='bbox 933 2392 1236 2462; x_wconf 91' lang='lat' dir='ltr'><strong>puniendus</strong></span> <span class='ocrx_word' id='word_1_179' title='bbox 1255 2390 1425 2461; x_wconf 91' lang='lat' dir='ltr'><strong>judici</strong></span> <span class='ocrx_word' id='word_1_180' title='bbox 1459 2391 1698 2446; x_wconf 89' lang='lat' dir='ltr'><strong>tradere-</strong></span> 
     </span>
    </p>
   </div>
   <div class='ocr_carea' id='block_1_25' title="bbox 83 2483 1696 2563">
    <p class='ocr_par' dir='ltr' id='par_1_25' title="bbox 83 2483 1696 2563">
     <span class='ocr_line' id='line_1_25' title="bbox 83 2483 1696 2563; baseline 0.002 -25"><span class='ocrx_word' id='word_1_181' title='bbox 83 2495 213 2547; x_wconf 81' lang='lat' dir='ltr'><strong>tur,</strong></span> <span class='ocrx_word' id='word_1_182' title='bbox 265 2485 359 2552; x_wconf 89' lang='lat' dir='ltr'><strong>qui</strong></span> <span class='ocrx_word' id='word_1_183' title='bbox 397 2499 454 2538; x_wconf 90' lang='lat' dir='ltr'><strong>se</strong></span> <span class='ocrx_word' id='word_1_184' title='bbox 479 2486 684 2540; x_wconf 88' lang='lat' dir='ltr'><strong>diceret</strong></span> <span class='ocrx_word' id='word_1_185' title='bbox 733 2500 911 2556; x_wconf 78' lang='lat' dir='ltr'><strong>regem</strong></span> <span class='ocrx_word' id='word_1_186' title='bbox 957 2500 1096 2540; x_wconf 90' lang='lat' dir='ltr'><strong>esse.</strong></span> <span class='ocrx_word' id='word_1_187' title='bbox 1143 2483 1202 2540; x_wconf 87' lang='lat' dir='ltr'><strong>Si</strong></span> <span class='ocrx_word' id='word_1_188' title='bbox 1230 2494 1408 2542; x_wconf 91' lang='lat' dir='ltr'><strong>autem</strong></span> <span class='ocrx_word' id='word_1_189' title='bbox 1445 2487 1548 2563; x_wconf 73' lang='lat' dir='ltr'><strong>hoc</strong></span> <span class='ocrx_word' id='word_1_190' title='bbox 1591 2502 1696 2542; x_wconf 92' lang='lat' dir='ltr'><strong>non</strong></span> 
     </span>
    </p>
   </div>
   <div class='ocr_carea' id='block_1_26' title="bbox 84 2575 1725 2648">
    <p class='ocr_par' dir='ltr' id='par_1_26' title="bbox 84 2575 1725 2648">
     <span class='ocr_line' id='line_1_26' title="bbox 84 2575 1725 2648; baseline -0.001 -19"><span class='ocrx_word' id='word_1_191' title='bbox 84 2576 329 2638; x_wconf 86' lang='lat' dir='ltr'><strong>diceret,</strong></span> <span class='ocrx_word' id='word_1_192' title='bbox 369 2576 720 2644; x_wconf 69' lang='lat' dir='ltr'><strong>quaerendum</strong></span> <span class='ocrx_word' id='word_1_193' title='bbox 749 2576 816 2629; x_wconf 85' lang='lat' dir='ltr'><strong>ab</strong></span> <span class='ocrx_word' id='word_1_194' title='bbox 865 2575 955 2631; x_wconf 91' lang='lat' dir='ltr'><strong>illo</strong></span> <span class='ocrx_word' id='word_1_195' title='bbox 999 2586 1145 2632; x_wconf 87' lang='lat' dir='ltr'><strong>esset</strong></span> <span class='ocrx_word' id='word_1_196' title='bbox 1191 2577 1321 2648; x_wconf 90' lang='lat' dir='ltr'><strong>quid</strong></span> <span class='ocrx_word' id='word_1_197' title='bbox 1375 2577 1520 2632; x_wconf 89' lang='lat' dir='ltr'><strong>aliud</strong></span> <span class='ocrx_word' id='word_1_198' title='bbox 1557 2576 1725 2634; x_wconf 84' lang='lat' dir='ltr'><strong>forte.</strong></span> 
     </span>
    </p>
   </div>
   <div class='ocr_carea' id='block_1_27' title="bbox 91 2667 1288 2737">
    <p class='ocr_par' dir='ltr' id='par_1_27' title="bbox 91 2667 1288 2737">
     <span class='ocr_line' id='line_1_27' title="bbox 91 2667 1288 2737; baseline -0.001 -14"><span class='ocrx_word' id='word_1_199' title='bbox 91 2668 348 2731; x_wconf 76' lang='lat' dir='ltr'><strong>fecisset,</strong></span> <span class='ocrx_word' id='word_1_200' title='bbox 381 2669 525 2721; x_wconf 90' lang='lat' dir='ltr'><strong>unde</strong></span> <span class='ocrx_word' id='word_1_201' title='bbox 547 2667 686 2721; x_wconf 90' lang='lat' dir='ltr'><strong>tradi</strong></span> <span class='ocrx_word' id='word_1_202' title='bbox 710 2668 880 2737; x_wconf 92' lang='lat' dir='ltr'><strong>judici</strong></span> <span class='ocrx_word' id='word_1_203' title='bbox 908 2667 1102 2737; x_wconf 87' lang='lat' dir='ltr'><strong>dignus</strong></span> <span class='ocrx_word' id='word_1_204' title='bbox 1127 2678 1288 2724; x_wconf 82' lang='lat' dir='ltr'><strong>esset.</strong></span> 
     </span>
    </p>
   </div>
   <div class='ocr_carea' id='block_1_28' title="bbox 175 2757 1693 2831">
    <p class='ocr_par' dir='ltr' id='par_1_28' title="bbox 175 2757 1693 2831">
     <span class='ocr_line' id='line_1_28' title="bbox 175 2757 1693 2831; baseline 0.004 -20"><span class='ocrx_word' id='word_1_205' title='bbox 175 2782 194 2811; x_wconf 77' lang='grc' dir='ltr'>ιι</span> <span class='ocrx_word' id='word_1_206' title='bbox 244 2759 541 2831; x_wconf 82' lang='lat' dir='ltr'><strong>Respondit</strong></span> <span class='ocrx_word' id='word_1_207' title='bbox 591 2757 788 2814; x_wconf 82' lang='lat' dir='ltr'><strong>Jesus:</strong></span> <span class='ocrx_word' id='word_1_208' title='bbox 845 2758 1090 2830; x_wconf 81' lang='lat' dir='ltr'><strong>Regnum</strong></span> <span class='ocrx_word' id='word_1_209' title='bbox 1130 2776 1306 2814; x_wconf 87' lang='lat' dir='ltr'><strong>meum</strong></span> <span class='ocrx_word' id='word_1_210' title='bbox 1349 2777 1456 2816; x_wconf 89' lang='lat' dir='ltr'><strong>non</strong></span> <span class='ocrx_word' id='word_1_211' title='bbox 1501 2771 1586 2817; x_wconf 90' lang='lat' dir='ltr'><strong>est</strong></span> <span class='ocrx_word' id='word_1_212' title='bbox 1627 2764 1693 2817; x_wconf 91' lang='lat' dir='ltr'><strong>de</strong></span> 
     </span>
    </p>
   </div>
   <div class='ocr_carea' id='block_1_29' title="bbox 98 2849 1689 2924">
    <p class='ocr_par' dir='ltr' id='par_1_29' title="bbox 98 2849 1689 2924">
     <span class='ocr_line' id='line_1_29' title="bbox 98 2849 1689 2924; baseline 0.001 -18"><span class='ocrx_word' id='word_1_213' title='bbox 98 2872 118 2906; x_wconf 74' lang='grc' dir='ltr'>ι</span> <span class='ocrx_word' id='word_1_214' title='bbox 167 2855 275 2908; x_wconf 90' lang='lat' dir='ltr'><strong>hoc</strong></span> <span class='ocrx_word' id='word_1_215' title='bbox 297 2852 511 2907; x_wconf 92' lang='lat' dir='ltr'><strong>mundo.</strong></span> <span class='ocrx_word' id='word_1_216' title='bbox 545 2849 602 2906; x_wconf 90' lang='lat' dir='ltr'><strong>Si</strong></span> <span class='ocrx_word' id='word_1_217' title='bbox 629 2866 695 2905; x_wconf 82' lang='lat' dir='ltr'><strong>ex</strong></span> <span class='ocrx_word' id='word_1_218' title='bbox 713 2850 818 2908; x_wconf 92' lang='lat' dir='ltr'><strong>hoc</strong></span> <span class='ocrx_word' id='word_1_219' title='bbox 839 2851 1040 2906; x_wconf 88' lang='lat' dir='ltr'><strong>mundo</strong></span> <span class='ocrx_word' id='word_1_220' title='bbox 1069 2859 1213 2906; x_wconf 88' lang='lat' dir='ltr'><strong>esset</strong></span> <span class='ocrx_word' id='word_1_221' title='bbox 1237 2868 1462 2924; x_wconf 80' lang='lat' dir='ltr'><strong>regnum</strong></span> <span class='ocrx_word' id='word_1_222' title='bbox 1487 2869 1689 2921; x_wconf 89' lang='lat' dir='ltr'><strong>meum,</strong></span> 
     </span>
    </p>
   </div>
   <div class='ocr_carea' id='block_1_30' title="bbox 101 2943 1692 3012">
    <p class='ocr_par' dir='ltr' id='par_1_30' title="bbox 101 2943 1692 3012">
     <span class='ocr_line' id='line_1_30' title="bbox 101 2943 1692 3012; baseline 0.002 -16"><span class='ocrx_word' id='word_1_223' title='bbox 101 2966 119 2996; x_wconf 76' lang='grc' dir='ltr'>ι</span> <span class='ocrx_word' id='word_1_224' title='bbox 172 2944 408 3000; x_wconf 90' lang='lat' dir='ltr'><strong>ministri</strong></span> <span class='ocrx_word' id='word_1_225' title='bbox 446 2943 552 2999; x_wconf 91' lang='lat' dir='ltr'><strong>mei</strong></span> <span class='ocrx_word' id='word_1_226' title='bbox 584 2943 774 3012; x_wconf 90' lang='lat' dir='ltr'><strong>utique</strong></span> <span class='ocrx_word' id='word_1_227' title='bbox 822 2944 1166 2998; x_wconf 88' lang='lat' dir='ltr'><strong>decertarent</strong></span> <span class='ocrx_word' id='word_1_228' title='bbox 1199 2951 1259 2998; x_wconf 88' lang='lat' dir='ltr'><strong>ut</strong></span> <span class='ocrx_word' id='word_1_229' title='bbox 1310 2959 1417 2998; x_wconf 93' lang='lat' dir='ltr'><strong>non</strong></span> <span class='ocrx_word' id='word_1_230' title='bbox 1449 2943 1692 2999; x_wconf 90' lang='lat' dir='ltr'><strong>traderer</strong></span> 
     </span>
    </p>
   </div>
   <div class='ocr_carea' id='block_1_31' title="bbox 101 3033 1690 3104">
    <p class='ocr_par' dir='ltr' id='par_1_31' title="bbox 101 3033 1690 3104">
     <span class='ocr_line' id='line_1_31' title="bbox 101 3033 1690 3104; baseline 0.001 -16"><span class='ocrx_word' id='word_1_231' title='bbox 101 3055 121 3088; x_wconf 84' lang='grc'><em>‹</em></span> <span class='ocrx_word' id='word_1_232' title='bbox 174 3035 391 3091; x_wconf 69' lang='grc' dir='ltr'><strong>Ιυὸτθὶε.</strong></span> <span class='ocrx_word' id='word_1_233' title='bbox 465 3033 619 3089; x_wconf 84' lang='lat' dir='ltr'><strong>Nunc</strong></span> <span class='ocrx_word' id='word_1_234' title='bbox 674 3043 854 3089; x_wconf 88' lang='lat' dir='ltr'><strong>autem</strong></span> <span class='ocrx_word' id='word_1_235' title='bbox 917 3049 1140 3104; x_wconf 82' lang='lat' dir='ltr'><strong>regnum</strong></span> <span class='ocrx_word' id='word_1_236' title='bbox 1199 3050 1380 3090; x_wconf 91' lang='lat' dir='ltr'><strong>meum</strong></span> <span class='ocrx_word' id='word_1_237' title='bbox 1440 3051 1547 3091; x_wconf 91' lang='lat' dir='ltr'><strong>non</strong></span> <span class='ocrx_word' id='word_1_238' title='bbox 1609 3043 1690 3092; x_wconf 89' lang='lat' dir='ltr'><strong>est</strong></span> 
     </span>
    </p>
   </div>
   <div class='ocr_carea' id='block_1_32' title="bbox 100 3127 1691 3199">
    <p class='ocr_par' dir='ltr' id='par_1_32' title="bbox 100 3127 1691 3199">
     <span class='ocr_line' id='line_1_32' title="bbox 100 3127 1691 3199; baseline 0 -15"><span class='ocrx_word' id='word_1_239' title='bbox 100 3149 122 3184; x_wconf 75' lang='grc' dir='ltr'>ι</span> <span class='ocrx_word' id='word_1_240' title='bbox 171 3130 314 3184; x_wconf 87' lang='lat' dir='ltr'><strong>hinc.</strong></span> <span class='ocrx_word' id='word_1_241' title='bbox 349 3149 366 3182; x_wconf 84' lang='grc'><strong>›</strong></span> <span class='ocrx_word' id='word_1_242' title='bbox 403 3128 514 3184; x_wconf 88' lang='lat' dir='ltr'><strong>Hoc</strong></span> <span class='ocrx_word' id='word_1_243' title='bbox 535 3136 619 3183; x_wconf 90' lang='lat' dir='ltr'><strong>est</strong></span> <span class='ocrx_word' id='word_1_244' title='bbox 644 3128 785 3198; x_wconf 89' lang='lat' dir='ltr'><strong>quod</strong></span> <span class='ocrx_word' id='word_1_245' title='bbox 816 3129 988 3183; x_wconf 90' lang='lat' dir='ltr'><strong>bonus</strong></span> <span class='ocrx_word' id='word_1_246' title='bbox 1025 3127 1282 3199; x_wconf 85' lang='lat' dir='ltr'><strong>magister</strong></span> <span class='ocrx_word' id='word_1_247' title='bbox 1307 3129 1448 3184; x_wconf 84' lang='lat' dir='ltr'><strong>scire</strong></span> <span class='ocrx_word' id='word_1_248' title='bbox 1473 3145 1572 3185; x_wconf 91' lang='lat' dir='ltr'><strong>nos</strong></span> <span class='ocrx_word' id='word_1_249' title='bbox 1596 3145 1691 3184; x_wconf 90' lang='lat' dir='ltr'><strong>vo-</strong></span> 
     </span>
    </p>
   </div>
   <div class='ocr_carea' id='block_1_33' title="bbox 98 3212 1686 3291">
    <p class='ocr_par' dir='ltr' id='par_1_33' title="bbox 98 3212 1686 3291">
     <span class='ocr_line' id='line_1_33' title="bbox 98 3212 1686 3291; baseline 0.001 -16"><span class='ocrx_word' id='word_1_250' title='bbox 98 3221 224 3275; x_wconf 88' lang='lat' dir='ltr'><strong>luit.</strong></span> <span class='ocrx_word' id='word_1_251' title='bbox 257 3220 361 3276; x_wconf 87' lang='lat' dir='ltr'><strong>Sed</strong></span> <span class='ocrx_word' id='word_1_252' title='bbox 382 3222 532 3291; x_wconf 89' lang='lat' dir='ltr'><strong>prius</strong></span> <span class='ocrx_word' id='word_1_253' title='bbox 554 3220 712 3276; x_wconf 89' lang='lat' dir='ltr'><strong>nobis</strong></span> <span class='ocrx_word' id='word_1_254' title='bbox 758 3212 1180 3276; x_wconf 77' lang='lat' dir='ltr'><strong>demonstranda</strong></span> <span class='ocrx_word' id='word_1_255' title='bbox 1211 3221 1388 3275; x_wconf 81' lang='lat' dir='ltr'><strong>fuerat</strong></span> <span class='ocrx_word' id='word_1_256' title='bbox 1408 3236 1546 3276; x_wconf 91' lang='lat' dir='ltr'><strong>vana</strong></span> <span class='ocrx_word' id='word_1_257' title='bbox 1585 3222 1686 3277; x_wconf 90' lang='lat' dir='ltr'><strong>ho-</strong></span> 
     </span>
    </p>
   </div>
   <div class='ocr_carea' id='block_1_34' title="bbox 101 3311 1718 3387">
    <p class='ocr_par' dir='ltr' id='par_1_34' title="bbox 101 3311 1718 3387">
     <span class='ocr_line' id='line_1_34' title="bbox 101 3311 1718 3387; baseline 0.002 -24"><span class='ocrx_word' id='word_1_258' title='bbox 101 3311 312 3387; x_wconf 85' lang='lat' dir='ltr'><strong>minum</strong></span> <span class='ocrx_word' id='word_1_259' title='bbox 335 3311 398 3366; x_wconf 92' lang='lat' dir='ltr'><strong>de</strong></span> <span class='ocrx_word' id='word_1_260' title='bbox 435 3327 600 3383; x_wconf 91' lang='lat' dir='ltr'><strong>regno</strong></span> <span class='ocrx_word' id='word_1_261' title='bbox 627 3312 742 3382; x_wconf 90' lang='lat' dir='ltr'><strong>ejus</strong></span> <span class='ocrx_word' id='word_1_262' title='bbox 767 3313 970 3381; x_wconf 92' lang='lat' dir='ltr'><strong>opinio,</strong></span> <span class='ocrx_word' id='word_1_263' title='bbox 999 3312 1113 3366; x_wconf 87' lang='lat' dir='ltr'><strong>sive</strong></span> <span class='ocrx_word' id='word_1_264' title='bbox 1143 3313 1408 3379; x_wconf 84' lang='lat' dir='ltr'><strong>gentium,</strong></span> <span class='ocrx_word' id='word_1_265' title='bbox 1441 3313 1554 3367; x_wconf 85' lang='lat' dir='ltr'><strong>sive</strong></span> <span class='ocrx_word' id='word_1_266' title='bbox 1597 3312 1718 3368; x_wconf 82' lang='lat' dir='ltr'><strong>Ju--</strong></span> 
     </span>
    </p>
   </div>
   <div class='ocr_carea' id='block_1_35' title="bbox 106 3403 1696 3476">
    <p class='ocr_par' dir='ltr' id='par_1_35' title="bbox 106 3403 1696 3476">
     <span class='ocr_line' id='line_1_35' title="bbox 106 3403 1696 3476; baseline 0.004 -20"><span class='ocrx_word' id='word_1_267' title='bbox 106 3403 370 3468; x_wconf 61' lang='lat' dir='ltr'><strong>decorum,</strong></span> <span class='ocrx_word' id='word_1_268' title='bbox 400 3418 430 3457; x_wconf 89' lang='lat' dir='ltr'><strong>a</strong></span> <span class='ocrx_word' id='word_1_269' title='bbox 451 3405 641 3474; x_wconf 91' lang='lat' dir='ltr'><strong>quibus</strong></span> <span class='ocrx_word' id='word_1_270' title='bbox 667 3405 720 3460; x_wconf 89' lang='lat' dir='ltr'><strong>id</strong></span> <span class='ocrx_word' id='word_1_271' title='bbox 747 3405 953 3460; x_wconf 87' lang='lat' dir='ltr'><strong>Pilatus</strong></span> <span class='ocrx_word' id='word_1_272' title='bbox 981 3405 1232 3460; x_wconf 86' lang='lat' dir='ltr'><strong>audierat</strong></span> <span class='ocrx_word' id='word_1_273' title='bbox 1257 3423 1269 3460; x_wconf 93' lang='lat'><strong>:</strong></span> <span class='ocrx_word' id='word_1_274' title='bbox 1318 3407 1474 3476; x_wconf 90' lang='lat' dir='ltr'><strong>quasi</strong></span> <span class='ocrx_word' id='word_1_275' title='bbox 1504 3406 1696 3462; x_wconf 89' lang='lat' dir='ltr'><strong>fuisset</strong></span> 
     </span>
    </p>
   </div>
   <div class='ocr_carea' id='block_1_36' title="bbox 101 3495 1695 3567">
    <p class='ocr_par' dir='ltr' id='par_1_36' title="bbox 101 3495 1695 3567">
     <span class='ocr_line' id='line_1_36' title="bbox 101 3495 1695 3567; baseline 0.002 -19"><span class='ocrx_word' id='word_1_276' title='bbox 101 3501 391 3565; x_wconf 88' lang='lat' dir='ltr'><strong>propterea</strong></span> <span class='ocrx_word' id='word_1_277' title='bbox 437 3505 604 3552; x_wconf 91' lang='lat' dir='ltr'><strong>morte</strong></span> <span class='ocrx_word' id='word_1_278' title='bbox 638 3496 957 3567; x_wconf 89' lang='lat' dir='ltr'><strong>plectendus</strong></span> <span class='ocrx_word' id='word_1_279' title='bbox 979 3537 993 3562; x_wconf 94' lang='lat'><strong>,</strong></span> <span class='ocrx_word' id='word_1_280' title='bbox 1032 3498 1178 3567; x_wconf 91' lang='lat' dir='ltr'><strong>quod</strong></span> <span class='ocrx_word' id='word_1_281' title='bbox 1207 3496 1450 3552; x_wconf 89' lang='lat' dir='ltr'><strong>illicitum</strong></span> <span class='ocrx_word' id='word_1_282' title='bbox 1478 3495 1695 3553; x_wconf 86' lang='lat' dir='ltr'><strong>affecta-</strong></span> 
     </span>
    </p>
   </div>
   <div class='ocr_carea' id='block_1_37' title="bbox 104 3587 1691 3660">
    <p class='ocr_par' dir='ltr' id='par_1_37' title="bbox 104 3587 1691 3660">
     <span class='ocr_line' id='line_1_37' title="bbox 104 3587 1691 3660; baseline 0.003 -20"><span class='ocrx_word' id='word_1_283' title='bbox 104 3587 248 3640; x_wconf 88' lang='lat' dir='ltr'><strong>verit</strong></span> <span class='ocrx_word' id='word_1_284' title='bbox 291 3602 532 3658; x_wconf 79' lang='lat' dir='ltr'><strong>regnum,</strong></span> <span class='ocrx_word' id='word_1_285' title='bbox 575 3589 661 3643; x_wconf 91' lang='lat' dir='ltr'><strong>vel</strong></span> <span class='ocrx_word' id='word_1_286' title='bbox 705 3590 962 3660; x_wconf 89' lang='lat' dir='ltr'><strong>quoniam</strong></span> <span class='ocrx_word' id='word_1_287' title='bbox 1007 3589 1182 3645; x_wconf 89' lang='lat' dir='ltr'><strong>solent</strong></span> <span class='ocrx_word' id='word_1_288' title='bbox 1221 3590 1526 3660; x_wconf 87' lang='lat' dir='ltr'><strong>regnaturis</strong></span> <span class='ocrx_word' id='word_1_289' title='bbox 1553 3590 1691 3645; x_wconf 91' lang='lat' dir='ltr'><strong>invi-</strong></span> 
     </span>
    </p>
   </div>
   <div class='ocr_carea' id='block_1_38' title="bbox 100 3678 1689 3751">
    <p class='ocr_par' dir='ltr' id='par_1_38' title="bbox 100 3678 1689 3751">
     <span class='ocr_line' id='line_1_38' title="bbox 100 3678 1689 3751; baseline 0.001 -18"><span class='ocrx_word' id='word_1_290' title='bbox 100 3679 233 3733; x_wconf 90' lang='lat' dir='ltr'><strong>dere</strong></span> <span class='ocrx_word' id='word_1_291' title='bbox 258 3688 563 3750; x_wconf 87' lang='lat' dir='ltr'><strong>regnantes.</strong></span> <span class='ocrx_word' id='word_1_292' title='bbox 612 3678 835 3734; x_wconf 90' lang='lat' dir='ltr'><strong>Poterat</strong></span> <span class='ocrx_word' id='word_1_293' title='bbox 878 3688 1058 3734; x_wconf 90' lang='lat' dir='ltr'><strong>autem</strong></span> <span class='ocrx_word' id='word_1_294' title='bbox 1093 3679 1373 3745; x_wconf 91' lang='lat' dir='ltr'><strong>Dominus,</strong></span> <span class='ocrx_word' id='word_1_295' title='bbox 1397 3680 1539 3751; x_wconf 89' lang='lat' dir='ltr'><strong>quod</strong></span> <span class='ocrx_word' id='word_1_296' title='bbox 1571 3680 1648 3735; x_wconf 86' lang='lat' dir='ltr'><strong>ait</strong></span> <span class='ocrx_word' id='word_1_297' title='bbox 1677 3699 1689 3734; x_wconf 93' lang='lat'><strong>:</strong></span> 
     </span>
    </p>
   </div>
   <div class='ocr_carea' id='block_1_39' title="bbox 108 3769 1692 3843">
    <p class='ocr_par' dir='ltr' id='par_1_39' title="bbox 108 3769 1692 3843">
     <span class='ocr_line' id='line_1_39' title="bbox 108 3769 1692 3843; baseline 0.005 -24"><span class='ocrx_word' id='word_1_298' title='bbox 108 3791 124 3819; x_wconf 81' lang='grc' dir='ltr'>ι</span> <span class='ocrx_word' id='word_1_299' title='bbox 162 3769 403 3840; x_wconf 77' lang='lat' dir='ltr'><strong>Regnum</strong></span> <span class='ocrx_word' id='word_1_300' title='bbox 451 3785 628 3824; x_wconf 89' lang='lat' dir='ltr'><strong>meum</strong></span> <span class='ocrx_word' id='word_1_301' title='bbox 658 3786 764 3826; x_wconf 91' lang='lat' dir='ltr'><strong>non</strong></span> <span class='ocrx_word' id='word_1_302' title='bbox 793 3779 876 3826; x_wconf 90' lang='lat' dir='ltr'><strong>est</strong></span> <span class='ocrx_word' id='word_1_303' title='bbox 926 3771 992 3826; x_wconf 92' lang='lat' dir='ltr'><strong>de</strong></span> <span class='ocrx_word' id='word_1_304' title='bbox 1018 3771 1120 3826; x_wconf 91' lang='lat' dir='ltr'><strong>hoc</strong></span> <span class='ocrx_word' id='word_1_305' title='bbox 1147 3771 1366 3837; x_wconf 93' lang='lat' dir='ltr'><strong>mundo,</strong></span> <span class='ocrx_word' id='word_1_306' title='bbox 1407 3791 1426 3824; x_wconf 73' lang='grc' dir='ltr'><strong><em>ι</em></strong></span> <span class='ocrx_word' id='word_1_307' title='bbox 1462 3773 1530 3827; x_wconf 89' lang='lat' dir='ltr'><strong>ad</strong></span> <span class='ocrx_word' id='word_1_308' title='bbox 1575 3772 1692 3843; x_wconf 89' lang='lat' dir='ltr'><strong>pri—</strong></span> 
     </span>
    </p>
   </div>
   <div class='ocr_carea' id='block_1_40' title="bbox 100 3862 1690 3936">
    <p class='ocr_par' dir='ltr' id='par_1_40' title="bbox 100 3862 1690 3936">
     <span class='ocr_line' id='line_1_40' title="bbox 100 3862 1690 3936; baseline 0.001 -18"><span class='ocrx_word' id='word_1_309' title='bbox 100 3879 247 3918; x_wconf 89' lang='lat' dir='ltr'><strong>mam</strong></span> <span class='ocrx_word' id='word_1_310' title='bbox 304 3863 782 3936; x_wconf 83' lang='lat' dir='ltr'><strong>interrogationem</strong></span> <span class='ocrx_word' id='word_1_311' title='bbox 847 3862 1092 3934; x_wconf 77' lang='lat' dir='ltr'><strong>przesidis</strong></span> <span class='ocrx_word' id='word_1_312' title='bbox 1157 3863 1522 3934; x_wconf 87' lang='lat' dir='ltr'><strong>respondere,</strong></span> <span class='ocrx_word' id='word_1_313' title='bbox 1598 3865 1690 3919; x_wconf 92' lang='lat' dir='ltr'><strong>ubi</strong></span> 
     </span>
    </p>
   </div>
   <div class='ocr_carea' id='block_1_41' title="bbox 101 3937 1689 4011">
    <p class='ocr_par' dir='ltr' id='par_1_41' title="bbox 101 3937 1689 4011">
     <span class='ocr_line' id='line_1_41' title="bbox 101 3937 1689 4011; baseline 0 -1"><span class='ocrx_word' id='word_1_314' title='bbox 101 3955 283 4010; x_wconf 79' lang='lat' dir='ltr'><strong>dixit:</strong></span> <span class='ocrx_word' id='word_1_315' title='bbox 320 3974 337 4007; x_wconf 85' lang='grc'><strong>‹</strong></span> <span class='ocrx_word' id='word_1_316' title='bbox 374 3955 455 4010; x_wconf 88' lang='lat' dir='ltr'><strong>Tn</strong></span> <span class='ocrx_word' id='word_1_317' title='bbox 487 3971 548 4011; x_wconf 91' lang='lat' dir='ltr'><strong>es</strong></span> <span class='ocrx_word' id='word_1_318' title='bbox 582 3971 678 4011; x_wconf 84' lang='lat' dir='ltr'><strong>rex</strong></span> <span class='ocrx_word' id='word_1_319' title='bbox 715 3937 1065 4011; x_wconf 75' lang='lat' dir='ltr'><strong>Iudaeorum?</strong></span> <span class='ocrx_word' id='word_1_320' title='bbox 1099 3973 1118 4006; x_wconf 77' lang='grc' dir='ltr'><strong><em>ι</em></strong></span> <span class='ocrx_word' id='word_1_321' title='bbox 1154 3954 1248 4009; x_wconf 88' lang='lat' dir='ltr'><strong>sed</strong></span> <span class='ocrx_word' id='word_1_322' title='bbox 1296 3969 1420 4009; x_wconf 90' lang='lat' dir='ltr'><strong>eum</strong></span> <span class='ocrx_word' id='word_1_323' title='bbox 1449 3955 1689 4011; x_wconf 87' lang='lat' dir='ltr'><strong>vicissim</strong></span> 
     </span>
    </p>
   </div>
   <div class='ocr_carea' id='block_1_42' title="bbox 106 4043 1690 4115">
    <p class='ocr_par' dir='ltr' id='par_1_42' title="bbox 106 4043 1690 4115">
     <span class='ocr_line' id='line_1_42' title="bbox 106 4043 1690 4115; baseline 0 -16"><span class='ocrx_word' id='word_1_324' title='bbox 106 4046 462 4115; x_wconf 87' lang='lat' dir='ltr'><strong>interrogans,</strong></span> <span class='ocrx_word' id='word_1_325' title='bbox 497 4055 676 4100; x_wconf 87' lang='lat' dir='ltr'><strong>utrum</strong></span> <span class='ocrx_word' id='word_1_326' title='bbox 705 4046 808 4102; x_wconf 91' lang='lat' dir='ltr'><strong>hoc</strong></span> <span class='ocrx_word' id='word_1_327' title='bbox 833 4060 863 4099; x_wconf 93' lang='lat' dir='ltr'><strong>a</strong></span> <span class='ocrx_word' id='word_1_328' title='bbox 895 4043 1185 4114; x_wconf 89' lang='lat' dir='ltr'><strong>semetipso</strong></span> <span class='ocrx_word' id='word_1_329' title='bbox 1231 4043 1454 4108; x_wconf 90' lang='lat' dir='ltr'><strong>diceret,</strong></span> <span class='ocrx_word' id='word_1_330' title='bbox 1495 4061 1562 4099; x_wconf 90' lang='lat' dir='ltr'><strong>an</strong></span> <span class='ocrx_word' id='word_1_331' title='bbox 1592 4062 1690 4099; x_wconf 80' lang='lat' dir='ltr'><strong>au-</strong></span> 
     </span>
    </p>
   </div>
   <div class='ocr_carea' id='block_1_43' title="bbox 106 4135 1688 4205">
    <p class='ocr_par' dir='ltr' id='par_1_43' title="bbox 106 4135 1688 4205">
     <span class='ocr_line' id='line_1_43' title="bbox 106 4135 1688 4205; baseline 0 -15"><span class='ocrx_word' id='word_1_332' title='bbox 106 4136 270 4191; x_wconf 89' lang='lat' dir='ltr'><strong>disset</strong></span> <span class='ocrx_word' id='word_1_333' title='bbox 313 4138 381 4191; x_wconf 88' lang='lat' dir='ltr'><strong>ab</strong></span> <span class='ocrx_word' id='word_1_334' title='bbox 434 4137 573 4203; x_wconf 88' lang='lat' dir='ltr'><strong>aliis,</strong></span> <span class='ocrx_word' id='word_1_335' title='bbox 628 4136 720 4190; x_wconf 91' lang='lat' dir='ltr'><strong>illo</strong></span> <span class='ocrx_word' id='word_1_336' title='bbox 759 4135 1140 4205; x_wconf 89' lang='lat' dir='ltr'><strong>respondente,</strong></span> <span class='ocrx_word' id='word_1_337' title='bbox 1194 4135 1477 4190; x_wconf 91' lang='lat' dir='ltr'><strong>ostendere</strong></span> <span class='ocrx_word' id='word_1_338' title='bbox 1522 4135 1688 4190; x_wconf 89' lang='lat' dir='ltr'><strong>voluit</strong></span> 
     </span>
    </p>
   </div>
   <div class='ocr_carea' id='block_1_44' title="bbox 108 4225 1688 4298">
    <p class='ocr_par' dir='ltr' id='par_1_44' title="bbox 108 4225 1688 4298">
     <span class='ocr_line' id='line_1_44' title="bbox 108 4225 1688 4298; baseline 0.001 -16"><span class='ocrx_word' id='word_1_339' title='bbox 108 4227 211 4282; x_wconf 89' lang='lat' dir='ltr'><strong>hoc</strong></span> <span class='ocrx_word' id='word_1_340' title='bbox 232 4227 327 4283; x_wconf 91' lang='lat' dir='ltr'><strong>sibi</strong></span> <span class='ocrx_word' id='word_1_341' title='bbox 359 4228 498 4298; x_wconf 90' lang='lat' dir='ltr'><strong>apud</strong></span> <span class='ocrx_word' id='word_1_342' title='bbox 527 4227 675 4282; x_wconf 91' lang='lat' dir='ltr'><strong>illum</strong></span> <span class='ocrx_word' id='word_1_343' title='bbox 708 4226 874 4282; x_wconf 92' lang='lat' dir='ltr'><strong>fuisse</strong></span> <span class='ocrx_word' id='word_1_344' title='bbox 903 4241 934 4280; x_wconf 93' lang='lat' dir='ltr'><strong>a</strong></span> <span class='ocrx_word' id='word_1_345' title='bbox 959 4225 1156 4281; x_wconf 60' lang='lat' dir='ltr'><strong>Judaais</strong></span> <span class='ocrx_word' id='word_1_346' title='bbox 1198 4226 1346 4282; x_wconf 91' lang='lat' dir='ltr'><strong>velut</strong></span> <span class='ocrx_word' id='word_1_347' title='bbox 1369 4227 1571 4282; x_wconf 91' lang='lat' dir='ltr'><strong>crimen</strong></span> <span class='ocrx_word' id='word_1_348' title='bbox 1598 4230 1688 4284; x_wconf 91' lang='lat' dir='ltr'><strong>ob-</strong></span> 
     </span>
    </p>
   </div>
   <div class='ocr_carea' id='block_1_45' title="bbox 103 4317 1682 4391">
    <p class='ocr_par' dir='ltr' id='par_1_45' title="bbox 103 4317 1682 4391">
     <span class='ocr_line' id='line_1_45' title="bbox 103 4317 1682 4391; baseline 0.002 -17"><span class='ocrx_word' id='word_1_349' title='bbox 103 4317 336 4388; x_wconf 76' lang='lat' dir='ltr'><strong>iectum,</strong></span> <span class='ocrx_word' id='word_1_350' title='bbox 385 4321 714 4391; x_wconf 90' lang='lat' dir='ltr'><strong>patefaciens</strong></span> <span class='ocrx_word' id='word_1_351' title='bbox 772 4320 926 4376; x_wconf 90' lang='lat' dir='ltr'><strong>nobis</strong></span> <span class='ocrx_word' id='word_1_352' title='bbox 981 4319 1332 4390; x_wconf 90' lang='lat' dir='ltr'><strong>cogitationes</strong></span> <span class='ocrx_word' id='word_1_353' title='bbox 1385 4321 1682 4390; x_wconf 92' lang='lat' dir='ltr'><strong>hominum,</strong></span> 
     </span>
    </p>
   </div>
   <div class='ocr_carea' id='block_1_46' title="bbox 109 4410 1686 4482">
    <p class='ocr_par' dir='ltr' id='par_1_46' title="bbox 109 4410 1686 4482">
     <span class='ocr_line' id='line_1_46' title="bbox 109 4410 1686 4482; baseline 0.003 -17"><span class='ocrx_word' id='word_1_354' title='bbox 109 4427 240 4481; x_wconf 86' lang='lat' dir='ltr'><strong>quas</strong></span> <span class='ocrx_word' id='word_1_355' title='bbox 288 4414 399 4482; x_wconf 93' lang='lat' dir='ltr'><strong>ipse</strong></span> <span class='ocrx_word' id='word_1_356' title='bbox 429 4421 653 4468; x_wconf 81' lang='lat' dir='ltr'><strong>noverat</strong></span> <span class='ocrx_word' id='word_1_357' title='bbox 702 4413 953 4482; x_wconf 90' lang='lat' dir='ltr'><strong>quoniam</strong></span> <span class='ocrx_word' id='word_1_358' title='bbox 985 4426 1136 4465; x_wconf 86' lang='lat' dir='ltr'><strong>vanae</strong></span> <span class='ocrx_word' id='word_1_359' title='bbox 1184 4418 1327 4467; x_wconf 91' lang='lat' dir='ltr'><strong>sunt.</strong></span> <span class='ocrx_word' id='word_1_360' title='bbox 1373 4410 1525 4477; x_wconf 89' lang='lat' dir='ltr'><strong>Quod</strong></span> <span class='ocrx_word' id='word_1_361' title='bbox 1556 4429 1686 4469; x_wconf 87' lang='lat' dir='ltr'><strong>vero</strong></span> 
     </span>
    </p>
   </div>
   <div class='ocr_carea' id='block_1_47' title="bbox 111 4501 1683 4576">
    <p class='ocr_par' dir='ltr' id='par_1_47' title="bbox 111 4501 1683 4576">
     <span class='ocr_line' id='line_1_47' title="bbox 111 4501 1683 4576; baseline 0.001 -19"><span class='ocrx_word' id='word_1_362' title='bbox 111 4505 224 4558; x_wconf 89' lang='lat' dir='ltr'><strong>ait:</strong></span> <span class='ocrx_word' id='word_1_363' title='bbox 256 4521 273 4554; x_wconf 83' lang='grc'><em>‹</em></span> <span class='ocrx_word' id='word_1_364' title='bbox 313 4503 554 4576; x_wconf 81' lang='lat' dir='ltr'><strong>Regnum</strong></span> <span class='ocrx_word' id='word_1_365' title='bbox 603 4519 785 4560; x_wconf 87' lang='lat' dir='ltr'><strong>meum</strong></span> <span class='ocrx_word' id='word_1_366' title='bbox 811 4519 919 4556; x_wconf 83' lang='lat' dir='ltr'><strong>non</strong></span> <span class='ocrx_word' id='word_1_367' title='bbox 947 4509 1030 4557; x_wconf 88' lang='lat' dir='ltr'><strong>est</strong></span> <span class='ocrx_word' id='word_1_368' title='bbox 1064 4502 1129 4556; x_wconf 92' lang='lat' dir='ltr'><strong>de</strong></span> <span class='ocrx_word' id='word_1_369' title='bbox 1173 4501 1276 4556; x_wconf 93' lang='lat' dir='ltr'><strong>hoc</strong></span> <span class='ocrx_word' id='word_1_370' title='bbox 1306 4503 1579 4570; x_wconf 65' lang='lat' dir='ltr'><strong>mundo,»</strong></span> <span class='ocrx_word' id='word_1_371' title='bbox 1631 4504 1683 4558; x_wconf 88' lang='lat' dir='ltr'><strong>id</strong></span> 
     </span>
    </p>
   </div>
   <div class='ocr_carea' id='block_1_48' title="bbox 1809 633 3399 707">
    <p class='ocr_par' dir='ltr' id='par_1_48' title="bbox 1809 633 3399 707">
     <span class='ocr_line' id='line_1_48' title="bbox 1809 633 3399 707; baseline 0.002 -20"><span class='ocrx_word' id='word_1_372' title='bbox 1809 655 1826 687; x_wconf 73' lang='grc' dir='ltr'>ι</span> <span class='ocrx_word' id='word_1_373' title='bbox 1852 637 1918 692; x_wconf 83' lang='grc' dir='ltr'><strong>Ει</strong></span> <span class='ocrx_word' id='word_1_374' title='bbox 1937 637 2185 707; x_wconf 88' lang='lat' dir='ltr'><strong>regnabit</strong></span> <span class='ocrx_word' id='word_1_375' title='bbox 2205 637 2263 691; x_wconf 94' lang='lat' dir='ltr'><strong>in</strong></span> <span class='ocrx_word' id='word_1_376' title='bbox 2287 636 2446 692; x_wconf 92' lang='lat' dir='ltr'><strong>domo</strong></span> <span class='ocrx_word' id='word_1_377' title='bbox 2461 635 2628 692; x_wconf 89' lang='lat' dir='ltr'><strong>Jacob</strong></span> <span class='ocrx_word' id='word_1_378' title='bbox 2652 637 2706 691; x_wconf 93' lang='lat' dir='ltr'><strong>in</strong></span> <span class='ocrx_word' id='word_1_379' title='bbox 2734 641 3094 702; x_wconf 69' lang='lat' dir='ltr'><strong>aeternum,‘et</strong></span> <span class='ocrx_word' id='word_1_380' title='bbox 3117 633 3399 706; x_wconf 85' lang='lat' dir='ltr'><strong>regniejus</strong></span> 
     </span>
    </p>
   </div>
   <div class='ocr_carea' id='block_1_49' title="bbox 1805 726 3396 803">
    <p class='ocr_par' dir='ltr' id='par_1_49' title="bbox 1805 726 3396 803">
     <span class='ocr_line' id='line_1_49' title="bbox 1805 726 3396 803; baseline -0.003 -18"><span class='ocrx_word' id='word_1_381' title='bbox 1805 746 1908 785; x_wconf 92' lang='lat' dir='ltr'><strong>non</strong></span> <span class='ocrx_word' id='word_1_382' title='bbox 1939 730 2043 784; x_wconf 91' lang='lat' dir='ltr'><strong>erit</strong></span> <span class='ocrx_word' id='word_1_383' title='bbox 2090 728 2211 784; x_wconf 85' lang='lat' dir='ltr'><strong>ﬁnis</strong></span> <span class='ocrx_word' id='word_1_384' title='bbox 2253 727 2405 800; x_wconf 87' lang='lat' dir='ltr'><strong>(Luc.</strong></span> <span class='ocrx_word' id='word_1_385' title='bbox 2445 729 2526 801; x_wconf 79' lang='lat'><strong>1):</strong></span> <span class='ocrx_word' id='word_1_386' title='bbox 2566 748 2585 780; x_wconf 75' lang='grc' dir='ltr'><strong><em>ι</em></strong></span> <span class='ocrx_word' id='word_1_387' title='bbox 2639 728 2882 799; x_wconf 90' lang='lat' dir='ltr'><strong>spiritale</strong></span> <span class='ocrx_word' id='word_1_388' title='bbox 2911 741 3305 803; x_wconf 85' lang='lat' dir='ltr'><strong>regnum,_quo</strong></span> <span class='ocrx_word' id='word_1_389' title='bbox 3338 726 3396 780; x_wconf 89' lang='lat' dir='ltr'><strong>in</strong></span> 
     </span>
    </p>
   </div>
   <div class='ocr_carea' id='block_1_50' title="bbox 1804 817 3397 889">
    <p class='ocr_par' dir='ltr' id='par_1_50' title="bbox 1804 817 3397 889">
     <span class='ocr_line' id='line_1_50' title="bbox 1804 817 3397 889; baseline -0.003 -13"><span class='ocrx_word' id='word_1_390' title='bbox 1804 820 1959 876; x_wconf 84' lang='lat' dir='ltr'><strong>caelis</strong></span> <span class='ocrx_word' id='word_1_391' title='bbox 1979 829 2186 889; x_wconf 81' lang='lat' dir='ltr'><strong>regnat,</strong></span> <span class='ocrx_word' id='word_1_392' title='bbox 2212 820 2585 876; x_wconf 89' lang='lat' dir='ltr'><strong>demonstrare</strong></span> <span class='ocrx_word' id='word_1_393' title='bbox 2610 819 2817 886; x_wconf 91' lang='lat' dir='ltr'><strong>volens,</strong></span> <span class='ocrx_word' id='word_1_394' title='bbox 2845 835 2955 875; x_wconf 91' lang='lat' dir='ltr'><strong>non</strong></span> <span class='ocrx_word' id='word_1_395' title='bbox 2982 817 3217 882; x_wconf 89' lang='lat' dir='ltr'><strong>carnale,</strong></span> <span class='ocrx_word' id='word_1_396' title='bbox 3251 819 3397 886; x_wconf 88' lang='lat' dir='ltr'><strong>quod</strong></span> 
     </span>
    </p>
   </div>
   <div class='ocr_carea' id='block_1_51' title="bbox 1803 911 3396 985">
    <p class='ocr_par' dir='ltr' id='par_1_51' title="bbox 1803 911 3396 985">
     <span class='ocr_line' id='line_1_51' title="bbox 1803 911 3396 985; baseline -0.004 -16"><span class='ocrx_word' id='word_1_397' title='bbox 1803 929 1946 984; x_wconf 71' lang='lat' dir='ltr'><strong>saepe</strong></span> <span class='ocrx_word' id='word_1_398' title='bbox 1996 914 2146 985; x_wconf 91' lang='lat' dir='ltr'><strong>impii</strong></span> <span class='ocrx_word' id='word_1_399' title='bbox 2174 913 2377 969; x_wconf 89' lang='lat' dir='ltr'><strong>habent</strong></span> <span class='ocrx_word' id='word_1_400' title='bbox 2403 913 2458 968; x_wconf 90' lang='lat' dir='ltr'><strong>in</strong></span> <span class='ocrx_word' id='word_1_401' title='bbox 2485 913 2587 968; x_wconf 88' lang='lat' dir='ltr'><strong>hoc</strong></span> <span class='ocrx_word' id='word_1_402' title='bbox 2630 912 2852 966; x_wconf 91' lang='lat' dir='ltr'><strong>mundo.</strong></span> <span class='ocrx_word' id='word_1_403' title='bbox 2890 911 2966 966; x_wconf 93' lang='lat' dir='ltr'><strong>De</strong></span> <span class='ocrx_word' id='word_1_404' title='bbox 3003 926 3170 982; x_wconf 91' lang='lat' dir='ltr'><strong>regno</strong></span> <span class='ocrx_word' id='word_1_405' title='bbox 3197 911 3396 982; x_wconf 86' lang='lat' dir='ltr'><strong>quippe</strong></span> 
     </span>
    </p>
   </div>
   <div class='ocr_carea' id='block_1_52' title="bbox 1803 1000 3393 1078">
    <p class='ocr_par' dir='ltr' id='par_1_52' title="bbox 1803 1000 3393 1078">
     <span class='ocr_line' id='line_1_52' title="bbox 1803 1000 3393 1078; baseline -0.006 -14"><span class='ocrx_word' id='word_1_406' title='bbox 1803 1023 1901 1064; x_wconf 91' lang='lat' dir='ltr'><strong>suo</strong></span> <span class='ocrx_word' id='word_1_407' title='bbox 1930 1008 2060 1064; x_wconf 92' lang='lat' dir='ltr'><strong>dicit</strong></span> <span class='ocrx_word' id='word_1_408' title='bbox 2082 1006 2244 1078; x_wconf 88' lang='lat' dir='ltr'><strong>paulo</strong></span> <span class='ocrx_word' id='word_1_409' title='bbox 2267 1014 2394 1061; x_wconf 88' lang='lat' dir='ltr'><strong>ante</strong></span> <span class='ocrx_word' id='word_1_410' title='bbox 2421 1024 2434 1060; x_wconf 94' lang='lat'><strong>:</strong></span> <span class='ocrx_word' id='word_1_411' title='bbox 2470 1025 2488 1056; x_wconf 75' lang='grc' dir='ltr'>ι</span> <span class='ocrx_word' id='word_1_412' title='bbox 2525 1005 2601 1060; x_wconf 92' lang='lat' dir='ltr'><strong>De</strong></span> <span class='ocrx_word' id='word_1_413' title='bbox 2631 1003 2831 1059; x_wconf 90' lang='lat' dir='ltr'><strong>mundo</strong></span> <span class='ocrx_word' id='word_1_414' title='bbox 2855 1017 2962 1058; x_wconf 91' lang='lat' dir='ltr'><strong>non</strong></span> <span class='ocrx_word' id='word_1_415' title='bbox 2988 1003 3143 1066; x_wconf 86' lang='lat' dir='ltr'><strong>estis,</strong></span> <span class='ocrx_word' id='word_1_416' title='bbox 3174 1000 3272 1057; x_wconf 83' lang='lat' dir='ltr'><strong>sed</strong></span> <span class='ocrx_word' id='word_1_417' title='bbox 3292 1014 3393 1072; x_wconf 88' lang='lat' dir='ltr'><strong>ego</strong></span> 
     </span>
    </p>
   </div>
   <div class='ocr_carea' id='block_1_53' title="bbox 1802 1097 2784 1171">
    <p class='ocr_par' dir='ltr' id='par_1_53' title="bbox 1802 1097 2784 1171">
     <span class='ocr_line' id='line_1_53' title="bbox 1802 1097 2784 1171; baseline -0.007 -14"><span class='ocrx_word' id='word_1_418' title='bbox 1802 1117 1898 1157; x_wconf 83' lang='lat' dir='ltr'><strong>vos</strong></span> <span class='ocrx_word' id='word_1_419' title='bbox 1921 1101 1987 1156; x_wconf 92' lang='lat' dir='ltr'><strong>de</strong></span> <span class='ocrx_word' id='word_1_420' title='bbox 2011 1101 2210 1155; x_wconf 92' lang='lat' dir='ltr'><strong>mundo</strong></span> <span class='ocrx_word' id='word_1_421' title='bbox 2234 1098 2371 1171; x_wconf 88' lang='lat' dir='ltr'><strong>elegi</strong></span> <span class='ocrx_word' id='word_1_422' title='bbox 2401 1097 2583 1171; x_wconf 83' lang='lat' dir='ltr'><strong>(Joan.</strong></span> <span class='ocrx_word' id='word_1_423' title='bbox 2614 1098 2726 1164; x_wconf 88' lang='lat' dir='ltr'><strong>xv).</strong></span> <span class='ocrx_word' id='word_1_424' title='bbox 2749 1115 2784 1150; x_wconf 74' lang='grc' dir='ltr'><strong>ι.</strong></span> 
     </span>
    </p>
   </div>
   <div class='ocr_carea' id='block_1_54' title="bbox 1880 1184 3387 1262">
    <p class='ocr_par' dir='ltr' id='par_1_54' title="bbox 1880 1184 3387 1262">
     <span class='ocr_line' id='line_1_54' title="bbox 1880 1184 3387 1262; baseline -0.005 -16"><span class='ocrx_word' id='word_1_425' title='bbox 1880 1213 1898 1246; x_wconf 76' lang='grc' dir='ltr'>ι</span> <span class='ocrx_word' id='word_1_426' title='bbox 1935 1194 2080 1250; x_wconf 86' lang='lat' dir='ltr'><strong>Dixit</strong></span> <span class='ocrx_word' id='word_1_427' title='bbox 2123 1193 2308 1262; x_wconf 88' lang='lat' dir='ltr'><strong>itaque</strong></span> <span class='ocrx_word' id='word_1_428' title='bbox 2353 1192 2403 1247; x_wconf 92' lang='lat' dir='ltr'><strong>ei</strong></span> <span class='ocrx_word' id='word_1_429' title='bbox 2453 1189 2697 1245; x_wconf 87' lang='lat' dir='ltr'><strong>Pilatus:</strong></span> <span class='ocrx_word' id='word_1_430' title='bbox 2731 1187 2875 1259; x_wconf 85' lang='lat' dir='ltr'><strong>Ergo</strong></span> <span class='ocrx_word' id='word_1_431' title='bbox 2905 1201 3002 1242; x_wconf 85' lang='lat' dir='ltr'><strong>rex</strong></span> <span class='ocrx_word' id='word_1_432' title='bbox 3058 1199 3119 1241; x_wconf 88' lang='lat' dir='ltr'><strong>es</strong></span> <span class='ocrx_word' id='word_1_433' title='bbox 3147 1185 3249 1239; x_wconf 87' lang='lat' dir='ltr'><strong>tu?</strong></span> <span class='ocrx_word' id='word_1_434' title='bbox 3276 1184 3387 1239; x_wconf 89' lang='lat' dir='ltr'><strong>Re-</strong></span> 
     </span>
    </p>
   </div>
   <div class='ocr_carea' id='block_1_55' title="bbox 1787 1265 3386 1359">
    <p class='ocr_par' dir='ltr' id='par_1_55' title="bbox 1787 1265 3386 1359">
     <span class='ocr_line' id='line_1_55' title="bbox 1787 1265 3386 1359; baseline -0.008 -17"><span class='ocrx_word' id='word_1_435' title='bbox 1787 1265 1826 1342; x_wconf 63' lang='grc' dir='ltr'><strong>Δι</strong></span> <span class='ocrx_word' id='word_1_436' title='bbox 1858 1289 2072 1359; x_wconf 89' lang='lat' dir='ltr'><strong>spondit</strong></span> <span class='ocrx_word' id='word_1_437' title='bbox 2094 1287 2252 1343; x_wconf 85' lang='lat' dir='ltr'><strong>Jesus</strong></span> <span class='ocrx_word' id='word_1_438' title='bbox 2275 1305 2288 1341; x_wconf 89' lang='lat'><strong>:</strong></span> <span class='ocrx_word' id='word_1_439' title='bbox 2320 1285 2399 1341; x_wconf 86' lang='lat' dir='ltr'><strong>Tu</strong></span> <span class='ocrx_word' id='word_1_440' title='bbox 2415 1285 2548 1341; x_wconf 89' lang='lat' dir='ltr'><strong>dicis</strong></span> <span class='ocrx_word' id='word_1_441' title='bbox 2561 1283 2688 1355; x_wconf 90' lang='lat' dir='ltr'><strong>quia</strong></span> <span class='ocrx_word' id='word_1_442' title='bbox 2709 1298 2806 1338; x_wconf 89' lang='lat' dir='ltr'><strong>rex</strong></span> <span class='ocrx_word' id='word_1_443' title='bbox 2821 1296 2938 1336; x_wconf 90' lang='lat' dir='ltr'><strong>sum</strong></span> <span class='ocrx_word' id='word_1_444' title='bbox 2951 1295 3068 1350; x_wconf 87' lang='lat' dir='ltr'><strong>ego.</strong></span> <span class='ocrx_word' id='word_1_445' title='bbox 3090 1299 3109 1331; x_wconf 75' lang='grc' dir='ltr'><strong><em>ι</em></strong></span> <span class='ocrx_word' id='word_1_446' title='bbox 3131 1277 3245 1333; x_wconf 84' lang='lat' dir='ltr'><strong>Non</strong></span> <span class='ocrx_word' id='word_1_447' title='bbox 3262 1277 3386 1349; x_wconf 80' lang='lat' dir='ltr'><strong>quia</strong></span> 
     </span>
    </p>
   </div>
   <div class='ocr_carea' id='block_1_56' title="bbox 1801 1369 3388 1450">
    <p class='ocr_par' dir='ltr' id='par_1_56' title="bbox 1801 1369 3388 1450">
     <span class='ocr_line' id='line_1_56' title="bbox 1801 1369 3388 1450; baseline -0.009 -15"><span class='ocrx_word' id='word_1_448' title='bbox 1801 1395 1861 1435; x_wconf 90' lang='lat' dir='ltr'><strong>se</strong></span> <span class='ocrx_word' id='word_1_449' title='bbox 1885 1395 2063 1450; x_wconf 88' lang='lat' dir='ltr'><strong>regem</strong></span> <span class='ocrx_word' id='word_1_450' title='bbox 2087 1377 2268 1432; x_wconf 89' lang='lat' dir='ltr'><strong>timuit</strong></span> <span class='ocrx_word' id='word_1_451' title='bbox 2289 1375 2558 1440; x_wconf 80' lang='lat' dir='ltr'><strong>confiteri,</strong></span> <span class='ocrx_word' id='word_1_452' title='bbox 2591 1374 2685 1430; x_wconf 91' lang='lat' dir='ltr'><strong>sed</strong></span> <span class='ocrx_word' id='word_1_453' title='bbox 2712 1392 2725 1428; x_wconf 91' lang='lat'><strong>:</strong></span> <span class='ocrx_word' id='word_1_454' title='bbox 2757 1390 2777 1424; x_wconf 74' lang='grc' dir='ltr'>ι</span> <span class='ocrx_word' id='word_1_455' title='bbox 2799 1369 2882 1426; x_wconf 90' lang='lat' dir='ltr'><strong>Tu</strong></span> <span class='ocrx_word' id='word_1_456' title='bbox 2911 1370 3046 1426; x_wconf 90' lang='lat' dir='ltr'><strong>dicis</strong></span> <span class='ocrx_word' id='word_1_457' title='bbox 3078 1389 3097 1421; x_wconf 76' lang='grc' dir='ltr'><strong><em>ι</em></strong></span> <span class='ocrx_word' id='word_1_458' title='bbox 3132 1369 3229 1433; x_wconf 89' lang='lat' dir='ltr'><strong>ait,</strong></span> <span class='ocrx_word' id='word_1_459' title='bbox 3252 1376 3312 1423; x_wconf 92' lang='lat' dir='ltr'><strong>ut</strong></span> <span class='ocrx_word' id='word_1_460' title='bbox 3333 1374 3388 1422; x_wconf 91' lang='lat' dir='ltr'><strong>et</strong></span> 
     </span>
    </p>
   </div>
   <div class='ocr_carea' id='block_1_57' title="bbox 1800 1462 3384 1534">
    <p class='ocr_par' dir='ltr' id='par_1_57' title="bbox 1800 1462 3384 1534">
     <span class='ocr_line' id='line_1_57' title="bbox 1800 1462 3384 1534; baseline -0.008 -9"><span class='ocrx_word' id='word_1_461' title='bbox 1800 1485 1986 1527; x_wconf 91' lang='lat' dir='ltr'><strong>verum</strong></span> <span class='ocrx_word' id='word_1_462' title='bbox 2018 1469 2245 1534; x_wconf 90' lang='lat' dir='ltr'><strong>diceret,</strong></span> <span class='ocrx_word' id='word_1_463' title='bbox 2283 1475 2338 1522; x_wconf 90' lang='lat' dir='ltr'><strong>et</strong></span> <span class='ocrx_word' id='word_1_464' title='bbox 2359 1481 2538 1522; x_wconf 90' lang='lat' dir='ltr'><strong>sermo</strong></span> <span class='ocrx_word' id='word_1_465' title='bbox 2559 1464 2679 1534; x_wconf 87' lang='lat' dir='ltr'><strong>ejus</strong></span> <span class='ocrx_word' id='word_1_466' title='bbox 2705 1462 2991 1519; x_wconf 72' lang='lat' dir='ltr'><strong>calumniae</strong></span> <span class='ocrx_word' id='word_1_467' title='bbox 3014 1475 3123 1516; x_wconf 89' lang='lat' dir='ltr'><strong>non</strong></span> <span class='ocrx_word' id='word_1_468' title='bbox 3152 1466 3384 1531; x_wconf 90' lang='lat' dir='ltr'><strong>pateret.</strong></span> 
     </span>
    </p>
   </div>
   <div class='ocr_carea' id='block_1_58' title="bbox 1801 1551 3386 1624">
    <p class='ocr_par' dir='ltr' id='par_1_58' title="bbox 1801 1551 3386 1624">
     <span class='ocr_line' id='line_1_58' title="bbox 1801 1551 3386 1624; baseline -0.009 -5"><span class='ocrx_word' id='word_1_469' title='bbox 1801 1564 2012 1619; x_wconf 88' lang='lat' dir='ltr'><strong>Dictum</strong></span> <span class='ocrx_word' id='word_1_470' title='bbox 2034 1573 2144 1618; x_wconf 89' lang='lat' dir='ltr'><strong>est:</strong></span> <span class='ocrx_word' id='word_1_471' title='bbox 2177 1580 2196 1613; x_wconf 85' lang='grc'><em>‹</em></span> <span class='ocrx_word' id='word_1_472' title='bbox 2219 1559 2300 1616; x_wconf 87' lang='lat' dir='ltr'><strong>Tu</strong></span> <span class='ocrx_word' id='word_1_473' title='bbox 2331 1560 2488 1624; x_wconf 86' lang='lat' dir='ltr'><strong>dicis,</strong></span> <span class='ocrx_word' id='word_1_474' title='bbox 2512 1578 2530 1611; x_wconf 72' lang='grc' dir='ltr'><strong><em>ι</em></strong></span> <span class='ocrx_word' id='word_1_475' title='bbox 2557 1573 2622 1613; x_wconf 89' lang='lat' dir='ltr'><strong>ac</strong></span> <span class='ocrx_word' id='word_1_476' title='bbox 2643 1558 2689 1612; x_wconf 90' lang='lat' dir='ltr'><strong>si</strong></span> <span class='ocrx_word' id='word_1_477' title='bbox 2718 1556 2961 1612; x_wconf 88' lang='lat' dir='ltr'><strong>diceret:</strong></span> <span class='ocrx_word' id='word_1_478' title='bbox 2993 1551 3241 1609; x_wconf 90' lang='lat' dir='ltr'><strong>Carnalis</strong></span> <span class='ocrx_word' id='word_1_479' title='bbox 3266 1564 3386 1606; x_wconf 88' lang='lat' dir='ltr'><strong>car-</strong></span> 
     </span>
    </p>
   </div>
   <div class='ocr_carea' id='block_1_59' title="bbox 1800 1645 3386 1720">
    <p class='ocr_par' dir='ltr' id='par_1_59' title="bbox 1800 1645 3386 1720">
     <span class='ocr_line' id='line_1_59' title="bbox 1800 1645 3386 1720; baseline -0.007 -11"><span class='ocrx_word' id='word_1_480' title='bbox 1800 1654 1993 1709; x_wconf 87' lang='lat' dir='ltr'><strong>naliter</strong></span> <span class='ocrx_word' id='word_1_481' title='bbox 2039 1653 2195 1709; x_wconf 91' lang='lat' dir='ltr'><strong>dicis.</strong></span> <span class='ocrx_word' id='word_1_482' title='bbox 2229 1651 2433 1707; x_wconf 86' lang='lat' dir='ltr'><strong>Deinde</strong></span> <span class='ocrx_word' id='word_1_483' title='bbox 2476 1648 2790 1720; x_wconf 87' lang='lat' dir='ltr'><strong>subjungit:</strong></span> <span class='ocrx_word' id='word_1_484' title='bbox 2821 1665 2841 1699; x_wconf 72' lang='grc' dir='ltr'><strong><em>ι</em></strong></span> <span class='ocrx_word' id='word_1_485' title='bbox 2875 1647 2989 1719; x_wconf 86' lang='lat' dir='ltr'><strong>Ego</strong></span> <span class='ocrx_word' id='word_1_486' title='bbox 3017 1647 3074 1701; x_wconf 91' lang='lat' dir='ltr'><strong>in</strong></span> <span class='ocrx_word' id='word_1_487' title='bbox 3097 1645 3203 1700; x_wconf 91' lang='lat' dir='ltr'><strong>hoc</strong></span> <span class='ocrx_word' id='word_1_488' title='bbox 3226 1651 3386 1698; x_wconf 88' lang='lat' dir='ltr'><strong>natus</strong></span> 
     </span>
    </p>
   </div>
   <div class='ocr_carea' id='block_1_60' title="bbox 1805 1736 3381 1810">
    <p class='ocr_par' dir='ltr' id='par_1_60' title="bbox 1805 1736 3381 1810">
     <span class='ocr_line' id='line_1_60' title="bbox 1805 1736 3381 1810; baseline -0.006 -13"><span class='ocrx_word' id='word_1_489' title='bbox 1805 1764 1823 1797; x_wconf 85' lang='grc'><strong><em>‹</em></strong></span> <span class='ocrx_word' id='word_1_490' title='bbox 1857 1760 1999 1810; x_wconf 92' lang='lat' dir='ltr'><strong>sum,</strong></span> <span class='ocrx_word' id='word_1_491' title='bbox 2026 1752 2080 1799; x_wconf 88' lang='lat' dir='ltr'><strong>et</strong></span> <span class='ocrx_word' id='word_1_492' title='bbox 2111 1744 2176 1798; x_wconf 87' lang='lat' dir='ltr'><strong>ad</strong></span> <span class='ocrx_word' id='word_1_493' title='bbox 2205 1745 2308 1800; x_wconf 92' lang='lat' dir='ltr'><strong>hoc</strong></span> <span class='ocrx_word' id='word_1_494' title='bbox 2354 1744 2478 1798; x_wconf 86' lang='lat' dir='ltr'><strong>veni</strong></span> <span class='ocrx_word' id='word_1_495' title='bbox 2527 1743 2584 1798; x_wconf 93' lang='lat' dir='ltr'><strong>in</strong></span> <span class='ocrx_word' id='word_1_496' title='bbox 2613 1741 2874 1796; x_wconf 91' lang='lat' dir='ltr'><strong>mundum</strong></span> <span class='ocrx_word' id='word_1_497' title='bbox 2922 1747 2982 1793; x_wconf 93' lang='lat' dir='ltr'><strong>ut</strong></span> <span class='ocrx_word' id='word_1_498' title='bbox 3010 1736 3381 1794; x_wconf 88' lang='lat' dir='ltr'><strong>testimonium</strong></span> 
     </span>
    </p>
   </div>
   <div class='ocr_carea' id='block_1_61' title="bbox 1805 1817 3384 1908">
    <p class='ocr_par' dir='ltr' id='par_1_61' title="bbox 1805 1817 3384 1908">
     <span class='ocr_line' id='line_1_61' title="bbox 1805 1817 3384 1908; baseline -0.006 -20"><span class='ocrx_word' id='word_1_499' title='bbox 1805 1856 1824 1888; x_wconf 71' lang='grc' dir='ltr'>ε</span> <span class='ocrx_word' id='word_1_500' title='bbox 1857 1837 2167 1908; x_wconf 87' lang='lat' dir='ltr'><strong>perhibeam</strong></span> <span class='ocrx_word' id='word_1_501' title='bbox 2216 1835 2452 1892; x_wconf 87' lang='lat' dir='ltr'><strong>veritati.</strong></span> <span class='ocrx_word' id='word_1_502' title='bbox 2480 1854 2498 1886; x_wconf 85' lang='grc'><strong><em>›</em></strong></span> <span class='ocrx_word' id='word_1_503' title='bbox 2551 1831 2669 1888; x_wconf 80' lang='lat' dir='ltr'><strong>Non</strong></span> <span class='ocrx_word' id='word_1_504' title='bbox 2702 1841 2787 1888; x_wconf 87' lang='lat' dir='ltr'><strong>est</strong></span> <span class='ocrx_word' id='word_1_505' title='bbox 2829 1817 3174 1902; x_wconf 85' lang='lat' dir='ltr'><strong>producenda</strong></span> <span class='ocrx_word' id='word_1_506' title='bbox 3224 1826 3384 1896; x_wconf 86' lang='lat' dir='ltr'><strong>hujus</strong></span> 
     </span>
    </p>
   </div>
   <div class='ocr_carea' id='block_1_62' title="bbox 1798 1924 3379 1999">
    <p class='ocr_par' dir='ltr' id='par_1_62' title="bbox 1798 1924 3379 1999">
     <span class='ocr_line' id='line_1_62' title="bbox 1798 1924 3379 1999; baseline -0.006 -16"><span class='ocrx_word' id='word_1_507' title='bbox 1798 1928 2135 1999; x_wconf 90' lang='lat' dir='ltr'><strong>pronominis</strong></span> <span class='ocrx_word' id='word_1_508' title='bbox 2190 1927 2416 1999; x_wconf 84' lang='lat' dir='ltr'><strong>syllaba,</strong></span> <span class='ocrx_word' id='word_1_509' title='bbox 2450 1925 2700 1996; x_wconf 77' lang='lat' dir='ltr'><strong>quod-ait</strong></span> <span class='ocrx_word' id='word_1_510' title='bbox 2732 1942 2745 1978; x_wconf 93' lang='lat'><strong>:</strong></span> <span class='ocrx_word' id='word_1_511' title='bbox 2792 1924 2851 1980; x_wconf 88' lang='lat' dir='ltr'><strong>ln</strong></span> <span class='ocrx_word' id='word_1_512' title='bbox 2880 1925 3004 1985; x_wconf 76' lang='lat' dir='ltr'><strong>hoc</strong></span> <span class='ocrx_word' id='word_1_513' title='bbox 3051 1931 3212 1977; x_wconf 88' lang='lat' dir='ltr'><strong>natus</strong></span> <span class='ocrx_word' id='word_1_514' title='bbox 3240 1935 3379 1981; x_wconf 91' lang='lat' dir='ltr'><strong>sum,</strong></span> 
     </span>
    </p>
   </div>
   <div class='ocr_carea' id='block_1_63' title="bbox 1803 2013 3384 2090">
    <p class='ocr_par' dir='ltr' id='par_1_63' title="bbox 1803 2013 3384 2090">
     <span class='ocr_line' id='line_1_63' title="bbox 1803 2013 3384 2090; baseline -0.005 -16"><span class='ocrx_word' id='word_1_515' title='bbox 1803 2029 2062 2090; x_wconf 89' lang='lat' dir='ltr'><strong>tanquam</strong></span> <span class='ocrx_word' id='word_1_516' title='bbox 2097 2019 2332 2075; x_wconf 82' lang='lat' dir='ltr'><strong>dixerit:</strong></span> <span class='ocrx_word' id='word_1_517' title='bbox 2369 2019 2426 2073; x_wconf 91' lang='lat' dir='ltr'><strong>ln</strong></span> <span class='ocrx_word' id='word_1_518' title='bbox 2453 2018 2555 2072; x_wconf 88' lang='lat' dir='ltr'><strong>hac</strong></span> <span class='ocrx_word' id='word_1_519' title='bbox 2583 2032 2645 2073; x_wconf 90' lang='lat' dir='ltr'><strong>re</strong></span> <span class='ocrx_word' id='word_1_520' title='bbox 2689 2025 2851 2072; x_wconf 82' lang='lat' dir='ltr'><strong>natus</strong></span> <span class='ocrx_word' id='word_1_521' title='bbox 2894 2030 3038 2081; x_wconf 89' lang='lat' dir='ltr'><strong>sum,</strong></span> <span class='ocrx_word' id='word_1_522' title='bbox 3087 2015 3181 2069; x_wconf 88' lang='lat' dir='ltr'><strong>sed</strong></span> <span class='ocrx_word' id='word_1_523' title='bbox 3208 2013 3384 2068; x_wconf 91' lang='lat' dir='ltr'><strong>corri-</strong></span> 
     </span>
    </p>
   </div>
   <div class='ocr_carea' id='block_1_64' title="bbox 1796 2101 3384 2181">
    <p class='ocr_par' dir='ltr' id='par_1_64' title="bbox 1796 2101 3384 2181">
     <span class='ocr_line' id='line_1_64' title="bbox 1796 2101 3384 2181; baseline -0.006 -16"><span class='ocrx_word' id='word_1_524' title='bbox 1796 2111 2011 2181; x_wconf 84' lang='lat' dir='ltr'><strong>pienda,</strong></span> <span class='ocrx_word' id='word_1_525' title='bbox 2045 2121 2302 2181; x_wconf 91' lang='lat' dir='ltr'><strong>tanquam</strong></span> <span class='ocrx_word' id='word_1_526' title='bbox 2324 2109 2522 2165; x_wconf 80' lang='lat' dir='ltr'><strong>dixerit</strong></span> <span class='ocrx_word' id='word_1_527' title='bbox 2548 2127 2558 2161; x_wconf 94' lang='lat'><strong>:</strong></span> <span class='ocrx_word' id='word_1_528' title='bbox 2593 2106 2676 2162; x_wconf 85' lang='lat' dir='ltr'><strong>Ad</strong></span> <span class='ocrx_word' id='word_1_529' title='bbox 2700 2107 2805 2161; x_wconf 91' lang='lat' dir='ltr'><strong>hoc</strong></span> <span class='ocrx_word' id='word_1_530' title='bbox 2827 2115 2989 2162; x_wconf 90' lang='lat' dir='ltr'><strong>natus</strong></span> <span class='ocrx_word' id='word_1_531' title='bbox 3017 2119 3158 2171; x_wconf 89' lang='lat' dir='ltr'><strong>sum,</strong></span> <span class='ocrx_word' id='word_1_532' title='bbox 3187 2102 3273 2158; x_wconf 85' lang='lat' dir='ltr'><strong>vel</strong></span> <span class='ocrx_word' id='word_1_533' title='bbox 3314 2101 3384 2156; x_wconf 91' lang='lat' dir='ltr'><strong>ob</strong></span> 
     </span>
    </p>
   </div>
   <div class='ocr_carea' id='block_1_65' title="bbox 1799 2197 3376 2269">
    <p class='ocr_par' dir='ltr' id='par_1_65' title="bbox 1799 2197 3376 2269">
     <span class='ocr_line' id='line_1_65' title="bbox 1799 2197 3376 2269; baseline -0.005 -11"><span class='ocrx_word' id='word_1_534' title='bbox 1799 2204 1900 2258; x_wconf 92' lang='lat' dir='ltr'><strong>hoc</strong></span> <span class='ocrx_word' id='word_1_535' title='bbox 1919 2212 2075 2258; x_wconf 91' lang='lat' dir='ltr'><strong>natus</strong></span> <span class='ocrx_word' id='word_1_536' title='bbox 2098 2218 2238 2269; x_wconf 91' lang='lat' dir='ltr'><strong>sum,</strong></span> <span class='ocrx_word' id='word_1_537' title='bbox 2265 2203 2404 2257; x_wconf 90' lang='lat' dir='ltr'><strong>sicut</strong></span> <span class='ocrx_word' id='word_1_538' title='bbox 2421 2201 2496 2255; x_wconf 88' lang='lat' dir='ltr'><strong>ait</strong></span> <span class='ocrx_word' id='word_1_539' title='bbox 2519 2216 2534 2254; x_wconf 94' lang='lat'><strong>:</strong></span> <span class='ocrx_word' id='word_1_540' title='bbox 2558 2218 2576 2252; x_wconf 87' lang='grc'><em>‹</em></span> <span class='ocrx_word' id='word_1_541' title='bbox 2597 2200 2680 2254; x_wconf 85' lang='lat' dir='ltr'><strong>Ad</strong></span> <span class='ocrx_word' id='word_1_542' title='bbox 2701 2200 2804 2256; x_wconf 91' lang='lat' dir='ltr'><strong>hoc</strong></span> <span class='ocrx_word' id='word_1_543' title='bbox 2827 2199 2952 2255; x_wconf 91' lang='lat' dir='ltr'><strong>veni</strong></span> <span class='ocrx_word' id='word_1_544' title='bbox 2973 2199 3027 2254; x_wconf 91' lang='lat' dir='ltr'><strong>in</strong></span> <span class='ocrx_word' id='word_1_545' title='bbox 3053 2197 3332 2253; x_wconf 91' lang='lat' dir='ltr'><strong>mundum.</strong></span> <span class='ocrx_word' id='word_1_546' title='bbox 3357 2216 3376 2250; x_wconf 72' lang='grc' dir='ltr'>ι</span> 
     </span>
    </p>
   </div>
   <div class='ocr_carea' id='block_1_66' title="bbox 1798 2286 3384 2364">
    <p class='ocr_par' dir='ltr' id='par_1_66' title="bbox 1798 2286 3384 2364">
     <span class='ocr_line' id='line_1_66' title="bbox 1798 2286 3384 2364; baseline -0.004 -17"><span class='ocrx_word' id='word_1_547' title='bbox 1798 2293 1854 2348; x_wconf 82' lang='grc' dir='ltr'><strong>1η</strong></span> <span class='ocrx_word' id='word_1_548' title='bbox 1869 2291 2057 2348; x_wconf 66' lang='lat' dir='ltr'><strong>Graeco</strong></span> <span class='ocrx_word' id='word_1_549' title='bbox 2084 2307 2318 2364; x_wconf 89' lang='lat' dir='ltr'><strong>namque</strong></span> <span class='ocrx_word' id='word_1_550' title='bbox 2331 2290 2621 2363; x_wconf 88' lang='lat' dir='ltr'><strong>Evangelio</strong></span> <span class='ocrx_word' id='word_1_551' title='bbox 2648 2290 2783 2346; x_wconf 89' lang='lat' dir='ltr'><strong>nihil</strong></span> <span class='ocrx_word' id='word_1_552' title='bbox 2806 2298 2892 2347; x_wconf 87' lang='lat' dir='ltr'><strong>est</strong></span> <span class='ocrx_word' id='word_1_553' title='bbox 2910 2288 3070 2359; x_wconf 89' lang='lat' dir='ltr'><strong>hujus</strong></span> <span class='ocrx_word' id='word_1_554' title='bbox 3094 2286 3384 2343; x_wconf 89' lang='lat' dir='ltr'><strong>locutionis</strong></span> 
     </span>
    </p>
   </div>
   <div class='ocr_carea' id='block_1_67' title="bbox 1799 2381 3377 2458">
    <p class='ocr_par' dir='ltr' id='par_1_67' title="bbox 1799 2381 3377 2458">
     <span class='ocr_line' id='line_1_67' title="bbox 1799 2381 3377 2458; baseline -0.005 -16"><span class='ocrx_word' id='word_1_555' title='bbox 1799 2387 2128 2458; x_wconf 89' lang='lat' dir='ltr'><strong>ambiguum.</strong></span> <span class='ocrx_word' id='word_1_556' title='bbox 2164 2385 2316 2442; x_wconf 88' lang='lat' dir='ltr'><strong>Unde</strong></span> <span class='ocrx_word' id='word_1_557' title='bbox 2352 2384 2699 2441; x_wconf 90' lang='lat' dir='ltr'><strong>manifestum</strong></span> <span class='ocrx_word' id='word_1_558' title='bbox 2729 2393 2814 2440; x_wconf 90' lang='lat' dir='ltr'><strong>est</strong></span> <span class='ocrx_word' id='word_1_559' title='bbox 2862 2399 2987 2438; x_wconf 90' lang='lat' dir='ltr'><strong>eum</strong></span> <span class='ocrx_word' id='word_1_560' title='bbox 3023 2381 3377 2454; x_wconf 89' lang='lat' dir='ltr'><strong>temporalem</strong></span> 
     </span>
    </p>
   </div>
   <div class='ocr_carea' id='block_1_68' title="bbox 1796 2479 3384 2551">
    <p class='ocr_par' dir='ltr' id='par_1_68' title="bbox 1796 2479 3384 2551">
     <span class='ocr_line' id='line_1_68' title="bbox 1796 2479 3384 2551; baseline -0.008 -12"><span class='ocrx_word' id='word_1_561' title='bbox 1796 2485 2136 2540; x_wconf 85' lang='lat' dir='ltr'><strong>nativitatem</strong></span> <span class='ocrx_word' id='word_1_562' title='bbox 2161 2500 2316 2541; x_wconf 90' lang='lat' dir='ltr'><strong>suam</strong></span> <span class='ocrx_word' id='word_1_563' title='bbox 2333 2485 2423 2540; x_wconf 90' lang='lat' dir='ltr'><strong>hic</strong></span> <span class='ocrx_word' id='word_1_564' title='bbox 2448 2497 2922 2548; x_wconf 89' lang='lat' dir='ltr'><strong>commemorasse,</strong></span> <span class='ocrx_word' id='word_1_565' title='bbox 2945 2495 3052 2551; x_wconf 91' lang='lat' dir='ltr'><strong>qua</strong></span> <span class='ocrx_word' id='word_1_566' title='bbox 3073 2479 3384 2533; x_wconf 88' lang='lat' dir='ltr'><strong>incarnatus</strong></span> 
     </span>
    </p>
   </div>
   <div class='ocr_carea' id='block_1_69' title="bbox 1795 2567 3381 2642">
    <p class='ocr_par' dir='ltr' id='par_1_69' title="bbox 1795 2567 3381 2642">
     <span class='ocr_line' id='line_1_69' title="bbox 1795 2567 3381 2642; baseline -0.006 -12"><span class='ocrx_word' id='word_1_567' title='bbox 1795 2577 1943 2632; x_wconf 91' lang='lat' dir='ltr'><strong>venit</strong></span> <span class='ocrx_word' id='word_1_568' title='bbox 1975 2577 2352 2632; x_wconf 88' lang='lat' dir='ltr'><strong>inmundum:</strong></span> <span class='ocrx_word' id='word_1_569' title='bbox 2384 2591 2493 2632; x_wconf 89' lang='lat' dir='ltr'><strong>non</strong></span> <span class='ocrx_word' id='word_1_570' title='bbox 2539 2576 2686 2630; x_wconf 87' lang='lat' dir='ltr'><strong>illam</strong></span> <span class='ocrx_word' id='word_1_571' title='bbox 2733 2576 2851 2630; x_wconf 92' lang='lat' dir='ltr'><strong>sine</strong></span> <span class='ocrx_word' id='word_1_572' title='bbox 2890 2574 3062 2636; x_wconf 90' lang='lat' dir='ltr'><strong>initio,</strong></span> <span class='ocrx_word' id='word_1_573' title='bbox 3109 2584 3216 2642; x_wconf 87' lang='lat' dir='ltr'><strong>qua</strong></span> <span class='ocrx_word' id='word_1_574' title='bbox 3238 2567 3381 2623; x_wconf 88' lang='lat' dir='ltr'><strong>Deus</strong></span> 
     </span>
    </p>
   </div>
   <div class='ocr_carea' id='block_1_70' title="bbox 1794 2660 3382 2740">
    <p class='ocr_par' dir='ltr' id='par_1_70' title="bbox 1794 2660 3382 2740">
     <span class='ocr_line' id='line_1_70' title="bbox 1794 2660 3382 2740; baseline -0.008 -15"><span class='ocrx_word' id='word_1_575' title='bbox 1794 2680 1935 2736; x_wconf 89' lang='lat' dir='ltr'><strong>erat,</strong></span> <span class='ocrx_word' id='word_1_576' title='bbox 1980 2685 2079 2740; x_wconf 89' lang='lat' dir='ltr'><strong>per</strong></span> <span class='ocrx_word' id='word_1_577' title='bbox 2129 2685 2294 2740; x_wconf 89' lang='lat' dir='ltr'><strong>quam</strong></span> <span class='ocrx_word' id='word_1_578' title='bbox 2339 2669 2502 2725; x_wconf 90' lang='lat' dir='ltr'><strong>Pater</strong></span> <span class='ocrx_word' id='word_1_579' title='bbox 2557 2667 2800 2724; x_wconf 86' lang='lat' dir='ltr'><strong>condidit</strong></span> <span class='ocrx_word' id='word_1_580' title='bbox 2850 2665 3148 2721; x_wconf 89' lang='lat' dir='ltr'><strong>mundum:</strong></span> <span class='ocrx_word' id='word_1_581' title='bbox 3195 2660 3382 2728; x_wconf 88' lang='lat' dir='ltr'><strong>utique</strong></span> 
     </span>
    </p>
   </div>
   <div class='ocr_carea' id='block_1_71' title="bbox 1793 2753 3381 2828">
    <p class='ocr_par' dir='ltr' id='par_1_71' title="bbox 1793 2753 3381 2828">
     <span class='ocr_line' id='line_1_71' title="bbox 1793 2753 3381 2828; baseline -0.007 -14"><span class='ocrx_word' id='word_1_582' title='bbox 1793 2761 2064 2815; x_wconf 90' lang='lat' dir='ltr'><strong>nascendo</strong></span> <span class='ocrx_word' id='word_1_583' title='bbox 2099 2760 2165 2814; x_wconf 89' lang='lat' dir='ltr'><strong>de</strong></span> <span class='ocrx_word' id='word_1_584' title='bbox 2194 2759 2435 2828; x_wconf 83' lang='lat' dir='ltr'><strong>Virgine,</strong></span> <span class='ocrx_word' id='word_1_585' title='bbox 2465 2768 2525 2812; x_wconf 90' lang='lat' dir='ltr'><strong>ut</strong></span> <span class='ocrx_word' id='word_1_586' title='bbox 2568 2756 2937 2812; x_wconf 88' lang='lat' dir='ltr'><strong>testimonium</strong></span> <span class='ocrx_word' id='word_1_587' title='bbox 2967 2753 3253 2825; x_wconf 88' lang='lat' dir='ltr'><strong>perhibeat</strong></span> <span class='ocrx_word' id='word_1_588' title='bbox 3285 2763 3381 2803; x_wconf 88' lang='lat' dir='ltr'><strong>ve-</strong></span> 
     </span>
    </p>
   </div>
   <div class='ocr_carea' id='block_1_72' title="bbox 1796 2834 3384 2919">
    <p class='ocr_par' dir='ltr' id='par_1_72' title="bbox 1796 2834 3384 2919">
     <span class='ocr_line' id='line_1_72' title="bbox 1796 2834 3384 2919; baseline -0.008 -14"><span class='ocrx_word' id='word_1_589' title='bbox 1796 2851 1962 2905; x_wconf 88' lang='lat' dir='ltr'><strong>ritati.</strong></span> <span class='ocrx_word' id='word_1_590' title='bbox 2011 2848 2118 2904; x_wconf 79' lang='lat' dir='ltr'><strong>Sed</strong></span> <span class='ocrx_word' id='word_1_591' title='bbox 2168 2849 2295 2919; x_wconf 88' lang='lat' dir='ltr'><strong>quia</strong></span> <span class='ocrx_word' id='word_1_592' title='bbox 2351 2864 2459 2903; x_wconf 92' lang='lat' dir='ltr'><strong>non</strong></span> <span class='ocrx_word' id='word_1_593' title='bbox 2514 2848 2756 2903; x_wconf 90' lang='lat' dir='ltr'><strong>omnium</strong></span> <span class='ocrx_word' id='word_1_594' title='bbox 2799 2856 2883 2903; x_wconf 89' lang='lat' dir='ltr'><strong>est</strong></span> <span class='ocrx_word' id='word_1_595' title='bbox 2930 2834 3100 2909; x_wconf 78' lang='lat' dir='ltr'><strong>fides,</strong></span> <span class='ocrx_word' id='word_1_596' title='bbox 3138 2839 3384 2912; x_wconf 82' lang='lat' dir='ltr'><strong>adjunxit</strong></span> 
     </span>
    </p>
   </div>
   <div class='ocr_carea' id='block_1_73' title="bbox 1793 2936 3381 3014">
    <p class='ocr_par' dir='ltr' id='par_1_73' title="bbox 1793 2936 3381 3014">
     <span class='ocr_line' id='line_1_73' title="bbox 1793 2936 3381 3014; baseline -0.009 -15"><span class='ocrx_word' id='word_1_597' title='bbox 1793 2953 1954 3014; x_wconf 89' lang='lat' dir='ltr'><strong>atque</strong></span> <span class='ocrx_word' id='word_1_598' title='bbox 1995 2943 2070 2997; x_wconf 91' lang='lat' dir='ltr'><strong>ait</strong></span> <span class='ocrx_word' id='word_1_599' title='bbox 2099 2961 2111 2996; x_wconf 91' lang='lat'><strong>:</strong></span> <span class='ocrx_word' id='word_1_600' title='bbox 2146 2960 2164 2994; x_wconf 72' lang='grc' dir='ltr'><strong>ε</strong></span> <span class='ocrx_word' id='word_1_601' title='bbox 2196 2942 2386 2999; x_wconf 89' lang='lat' dir='ltr'><strong>Omnis</strong></span> <span class='ocrx_word' id='word_1_602' title='bbox 2412 2942 2506 3013; x_wconf 86' lang='lat' dir='ltr'><strong>qui</strong></span> <span class='ocrx_word' id='word_1_603' title='bbox 2531 2951 2617 2998; x_wconf 91' lang='lat' dir='ltr'><strong>est</strong></span> <span class='ocrx_word' id='word_1_604' title='bbox 2650 2957 2718 2997; x_wconf 84' lang='lat' dir='ltr'><strong>ex</strong></span> <span class='ocrx_word' id='word_1_605' title='bbox 2743 2941 2994 3005; x_wconf 87' lang='lat' dir='ltr'><strong>veritate,</strong></span> <span class='ocrx_word' id='word_1_606' title='bbox 3021 2936 3172 2993; x_wconf 87' lang='lat' dir='ltr'><strong>audit</strong></span> <span class='ocrx_word' id='word_1_607' title='bbox 3203 2946 3381 2988; x_wconf 88' lang='lat' dir='ltr'><strong>meam</strong></span> 
     </span>
    </p>
   </div>
   <div class='ocr_carea' id='block_1_74' title="bbox 1799 3026 3379 3105">
    <p class='ocr_par' dir='ltr' id='par_1_74' title="bbox 1799 3026 3379 3105">
     <span class='ocr_line' id='line_1_74' title="bbox 1799 3026 3379 3105; baseline -0.006 -18"><span class='ocrx_word' id='word_1_608' title='bbox 1799 3055 1816 3087; x_wconf 87' lang='grc'><strong>‹</strong></span> <span class='ocrx_word' id='word_1_609' title='bbox 1853 3049 2059 3090; x_wconf 90' lang='lat' dir='ltr'><strong>vocem.</strong></span> <span class='ocrx_word' id='word_1_610' title='bbox 2091 3055 2109 3086; x_wconf 69' lang='grc' dir='ltr'><strong><em>ι</em></strong></span> <span class='ocrx_word' id='word_1_611' title='bbox 2139 3034 2303 3090; x_wconf 88' lang='lat' dir='ltr'><strong>Audit</strong></span> <span class='ocrx_word' id='word_1_612' title='bbox 2324 3034 2511 3105; x_wconf 93' lang='lat' dir='ltr'><strong>utique</strong></span> <span class='ocrx_word' id='word_1_613' title='bbox 2556 3033 2905 3089; x_wconf 89' lang='lat' dir='ltr'><strong>interioribus</strong></span> <span class='ocrx_word' id='word_1_614' title='bbox 2931 3029 3178 3093; x_wconf 84' lang='lat' dir='ltr'><strong>auribus,</strong></span> <span class='ocrx_word' id='word_1_615' title='bbox 3199 3026 3253 3081; x_wconf 92' lang='lat' dir='ltr'><strong>id</strong></span> <span class='ocrx_word' id='word_1_616' title='bbox 3276 3031 3379 3087; x_wconf 89' lang='lat' dir='ltr'><strong>est,</strong></span> 
     </span>
    </p>
   </div>
   <div class='ocr_carea' id='block_1_75' title="bbox 1771 3113 3382 3194">
    <p class='ocr_par' dir='ltr' id='par_1_75' title="bbox 1771 3113 3382 3194">
     <span class='ocr_line' id='line_1_75' title="bbox 1771 3113 3382 3194; baseline -0.009 -15"><span class='ocrx_word' id='word_1_617' title='bbox 1771 3121 1977 3180; x_wconf 31' lang='lat' dir='ltr'><strong>‘obedit</strong></span> <span class='ocrx_word' id='word_1_618' title='bbox 2029 3139 2165 3180; x_wconf 86' lang='lat' dir='ltr'><strong>meae</strong></span> <span class='ocrx_word' id='word_1_619' title='bbox 2198 3125 2339 3191; x_wconf 91' lang='lat' dir='ltr'><strong>voci,</strong></span> <span class='ocrx_word' id='word_1_620' title='bbox 2389 3123 2533 3194; x_wconf 92' lang='lat' dir='ltr'><strong>quod</strong></span> <span class='ocrx_word' id='word_1_621' title='bbox 2589 3122 2924 3178; x_wconf 89' lang='lat' dir='ltr'><strong>tantumdem</strong></span> <span class='ocrx_word' id='word_1_622' title='bbox 2971 3119 3194 3182; x_wconf 87' lang='lat' dir='ltr'><strong>valeret,</strong></span> <span class='ocrx_word' id='word_1_623' title='bbox 3225 3113 3382 3186; x_wconf 87' lang='lat' dir='ltr'><strong>quasi</strong></span> 
     </span>
    </p>
   </div>
   <div class='ocr_carea' id='block_1_76' title="bbox 1794 3207 3383 3283">
    <p class='ocr_par' dir='ltr' id='par_1_76' title="bbox 1794 3207 3383 3283">
     <span class='ocr_line' id='line_1_76' title="bbox 1794 3207 3383 3283; baseline -0.011 -9"><span class='ocrx_word' id='word_1_624' title='bbox 1794 3220 2040 3274; x_wconf 88' lang='lat' dir='ltr'><strong>diceret:</strong></span> <span class='ocrx_word' id='word_1_625' title='bbox 2071 3216 2255 3272; x_wconf 86' lang='lat' dir='ltr'><strong>Credit</strong></span> <span class='ocrx_word' id='word_1_626' title='bbox 2281 3215 2436 3270; x_wconf 90' lang='lat' dir='ltr'><strong>mihi.</strong></span> <span class='ocrx_word' id='word_1_627' title='bbox 2478 3213 2610 3270; x_wconf 91' lang='lat' dir='ltr'><strong>Cum</strong></span> <span class='ocrx_word' id='word_1_628' title='bbox 2637 3213 2822 3283; x_wconf 89' lang='lat' dir='ltr'><strong>itaque</strong></span> <span class='ocrx_word' id='word_1_629' title='bbox 2849 3210 3100 3266; x_wconf 87' lang='lat' dir='ltr'><strong>Christus</strong></span> <span class='ocrx_word' id='word_1_630' title='bbox 3139 3207 3383 3262; x_wconf 82' lang='lat' dir='ltr'><strong>testimo-</strong></span> 
     </span>
    </p>
   </div>
   <div class='ocr_carea' id='block_1_77' title="bbox 1796 3300 3384 3380">
    <p class='ocr_par' dir='ltr' id='par_1_77' title="bbox 1796 3300 3384 3380">
     <span class='ocr_line' id='line_1_77' title="bbox 1796 3300 3384 3380; baseline -0.009 -14"><span class='ocrx_word' id='word_1_631' title='bbox 1796 3312 1944 3366; x_wconf 89' lang='lat' dir='ltr'><strong>nium</strong></span> <span class='ocrx_word' id='word_1_632' title='bbox 1971 3311 2222 3380; x_wconf 88' lang='lat' dir='ltr'><strong>perhibet</strong></span> <span class='ocrx_word' id='word_1_633' title='bbox 2257 3307 2497 3372; x_wconf 87' lang='lat' dir='ltr'><strong>veritati,</strong></span> <span class='ocrx_word' id='word_1_634' title='bbox 2549 3304 2792 3376; x_wconf 89' lang='lat' dir='ltr'><strong>profecto</strong></span> <span class='ocrx_word' id='word_1_635' title='bbox 2841 3300 3208 3358; x_wconf 88' lang='lat' dir='ltr'><strong>testimonium</strong></span> <span class='ocrx_word' id='word_1_636' title='bbox 3259 3311 3384 3368; x_wconf 91' lang='lat' dir='ltr'><strong>per-</strong></span> 
     </span>
    </p>
   </div>
   <div class='ocr_carea' id='block_1_78' title="bbox 1794 3390 3382 3472">
    <p class='ocr_par' dir='ltr' id='par_1_78' title="bbox 1794 3390 3382 3472">
     <span class='ocr_line' id='line_1_78' title="bbox 1794 3390 3382 3472; baseline -0.011 -12"><span class='ocrx_word' id='word_1_637' title='bbox 1794 3405 1946 3460; x_wconf 89' lang='lat' dir='ltr'><strong>hibet</strong></span> <span class='ocrx_word' id='word_1_638' title='bbox 1967 3403 2069 3458; x_wconf 88' lang='lat' dir='ltr'><strong>sibi</strong></span> <span class='ocrx_word' id='word_1_639' title='bbox 2095 3421 2107 3456; x_wconf 86' lang='lat'><strong>:</strong></span> <span class='ocrx_word' id='word_1_640' title='bbox 2155 3400 2272 3470; x_wconf 87' lang='lat' dir='ltr'><strong>ejus</strong></span> <span class='ocrx_word' id='word_1_641' title='bbox 2297 3401 2496 3472; x_wconf 86' lang='lat' dir='ltr'><strong>quippe</strong></span> <span class='ocrx_word' id='word_1_642' title='bbox 2522 3413 2631 3454; x_wconf 90' lang='lat' dir='ltr'><strong>vox</strong></span> <span class='ocrx_word' id='word_1_643' title='bbox 2657 3404 2742 3453; x_wconf 89' lang='lat' dir='ltr'><strong>est</strong></span> <span class='ocrx_word' id='word_1_644' title='bbox 2767 3415 2782 3452; x_wconf 91' lang='lat'><strong>:</strong></span> <span class='ocrx_word' id='word_1_645' title='bbox 2814 3414 2833 3446; x_wconf 73' lang='grc' dir='ltr'><strong><em>ι</em></strong></span> <span class='ocrx_word' id='word_1_646' title='bbox 2882 3395 2996 3465; x_wconf 86' lang='lat' dir='ltr'><strong>Ego</strong></span> <span class='ocrx_word' id='word_1_647' title='bbox 3020 3408 3141 3450; x_wconf 91' lang='lat' dir='ltr'><strong>sum</strong></span> <span class='ocrx_word' id='word_1_648' title='bbox 3182 3390 3382 3444; x_wconf 85' lang='lat' dir='ltr'><strong>veritas</strong></span> 
     </span>
    </p>
   </div>
   <div class='ocr_carea' id='block_1_79' title="bbox 1796 3486 3383 3568">
    <p class='ocr_par' dir='ltr' id='par_1_79' title="bbox 1796 3486 3383 3568">
     <span class='ocr_line' id='line_1_79' title="bbox 1796 3486 3383 3568; baseline -0.012 -17"><span class='ocrx_word' id='word_1_649' title='bbox 1796 3497 1978 3568; x_wconf 85' lang='lat' dir='ltr'><strong>(Joan.</strong></span> <span class='ocrx_word' id='word_1_650' title='bbox 2022 3496 2158 3567; x_wconf 80' lang='lat' dir='ltr'><strong>xiv).</strong></span> <span class='ocrx_word' id='word_1_651' title='bbox 2193 3513 2210 3546; x_wconf 79' lang='grc' dir='ltr'><strong><em>ι</em></strong></span> <span class='ocrx_word' id='word_1_652' title='bbox 2258 3492 2359 3547; x_wconf 83' lang='lat' dir='ltr'><strong>Hic</strong></span> <span class='ocrx_word' id='word_1_653' title='bbox 2399 3490 2744 3546; x_wconf 87' lang='lat' dir='ltr'><strong>commendat</strong></span> <span class='ocrx_word' id='word_1_654' title='bbox 2783 3486 3037 3560; x_wconf 87' lang='lat' dir='ltr'><strong>gratiam,</strong></span> <span class='ocrx_word' id='word_1_655' title='bbox 3088 3497 3186 3554; x_wconf 90' lang='lat' dir='ltr'><strong>per</strong></span> <span class='ocrx_word' id='word_1_656' title='bbox 3218 3495 3383 3550; x_wconf 89' lang='lat' dir='ltr'><strong>quam</strong></span> 
     </span>
    </p>
   </div>
   <div class='ocr_carea' id='block_1_80' title="bbox 1794 3572 3384 3656">
    <p class='ocr_par' dir='ltr' id='par_1_80' title="bbox 1794 3572 3384 3656">
     <span class='ocr_line' id='line_1_80' title="bbox 1794 3572 3384 3656; baseline -0.012 -12"><span class='ocrx_word' id='word_1_657' title='bbox 1794 3591 1972 3648; x_wconf 87' lang='lat' dir='ltr'><strong>vocati</strong></span> <span class='ocrx_word' id='word_1_658' title='bbox 2001 3605 2206 3647; x_wconf 88' lang='lat' dir='ltr'><strong>sumus.</strong></span> <span class='ocrx_word' id='word_1_659' title='bbox 2247 3587 2339 3643; x_wconf 83' lang='lat' dir='ltr'><strong>Ait</strong></span> <span class='ocrx_word' id='word_1_660' title='bbox 2368 3588 2589 3656; x_wconf 88' lang='lat' dir='ltr'><strong>itaque:</strong></span> <span class='ocrx_word' id='word_1_661' title='bbox 2621 3603 2640 3636; x_wconf 75' lang='grc' dir='ltr'><strong><em>ι</em></strong></span> <span class='ocrx_word' id='word_1_662' title='bbox 2688 3582 2877 3641; x_wconf 88' lang='lat' dir='ltr'><strong>Omnis</strong></span> <span class='ocrx_word' id='word_1_663' title='bbox 2900 3579 2993 3651; x_wconf 92' lang='lat' dir='ltr'><strong>qui</strong></span> <span class='ocrx_word' id='word_1_664' title='bbox 3022 3584 3106 3634; x_wconf 87' lang='lat' dir='ltr'><strong>est</strong></span> <span class='ocrx_word' id='word_1_665' title='bbox 3133 3589 3202 3630; x_wconf 91' lang='lat' dir='ltr'><strong>ex</strong></span> <span class='ocrx_word' id='word_1_666' title='bbox 3244 3572 3384 3628; x_wconf 88' lang='lat' dir='ltr'><strong>veri-</strong></span> 
     </span>
    </p>
   </div>
   <div class='ocr_carea' id='block_1_81' title="bbox 1796 3665 3379 3738">
    <p class='ocr_par' dir='ltr' id='par_1_81' title="bbox 1796 3665 3379 3738">
     <span class='ocr_line' id='line_1_81' title="bbox 1796 3665 3379 3738; baseline -0.013 0"><span class='ocrx_word' id='word_1_667' title='bbox 1796 3691 1904 3738; x_wconf 90' lang='lat' dir='ltr'><strong>tate</strong></span> <span class='ocrx_word' id='word_1_668' title='bbox 1953 3682 2106 3737; x_wconf 88' lang='lat' dir='ltr'><strong>audit</strong></span> <span class='ocrx_word' id='word_1_669' title='bbox 2139 3695 2328 3736; x_wconf 90' lang='lat' dir='ltr'><strong>vocem</strong></span> <span class='ocrx_word' id='word_1_670' title='bbox 2362 3692 2560 3733; x_wconf 89' lang='lat' dir='ltr'><strong>meam.</strong></span> <span class='ocrx_word' id='word_1_671' title='bbox 2593 3696 2612 3729; x_wconf 74' lang='grc' dir='ltr'><strong>ι</strong></span> <span class='ocrx_word' id='word_1_672' title='bbox 2648 3675 2767 3732; x_wconf 80' lang='lat' dir='ltr'><strong>Non</strong></span> <span class='ocrx_word' id='word_1_673' title='bbox 2788 3675 2912 3731; x_wconf 93' lang='lat' dir='ltr'><strong>ideo</strong></span> <span class='ocrx_word' id='word_1_674' title='bbox 2931 3677 3104 3728; x_wconf 85' lang='lat' dir='ltr'><strong>estex</strong></span> <span class='ocrx_word' id='word_1_675' title='bbox 3131 3665 3379 3731; x_wconf 89' lang='lat' dir='ltr'><strong>veritate,</strong></span> 
     </span>
    </p>
   </div>
   <div class='ocr_carea' id='block_1_82' title="bbox 1793 3758 3386 3847">
    <p class='ocr_par' dir='ltr' id='par_1_82' title="bbox 1793 3758 3386 3847">
     <span class='ocr_line' id='line_1_82' title="bbox 1793 3758 3386 3847; baseline -0.013 -16"><span class='ocrx_word' id='word_1_676' title='bbox 1793 3775 1919 3847; x_wconf 89' lang='lat' dir='ltr'><strong>quia</strong></span> <span class='ocrx_word' id='word_1_677' title='bbox 1950 3773 2066 3845; x_wconf 88' lang='lat' dir='ltr'><strong>ejus</strong></span> <span class='ocrx_word' id='word_1_678' title='bbox 2086 3771 2238 3827; x_wconf 90' lang='lat' dir='ltr'><strong>audit</strong></span> <span class='ocrx_word' id='word_1_679' title='bbox 2259 3785 2474 3836; x_wconf 91' lang='lat' dir='ltr'><strong>vocem,</strong></span> <span class='ocrx_word' id='word_1_680' title='bbox 2518 3768 2614 3824; x_wconf 91' lang='lat' dir='ltr'><strong>sed</strong></span> <span class='ocrx_word' id='word_1_681' title='bbox 2636 3768 2757 3824; x_wconf 91' lang='lat' dir='ltr'><strong>ideo</strong></span> <span class='ocrx_word' id='word_1_682' title='bbox 2784 3765 2933 3820; x_wconf 90' lang='lat' dir='ltr'><strong>audit</strong></span> <span class='ocrx_word' id='word_1_683' title='bbox 2977 3763 3103 3834; x_wconf 86' lang='lat' dir='ltr'><strong>quia</strong></span> <span class='ocrx_word' id='word_1_684' title='bbox 3141 3777 3206 3816; x_wconf 92' lang='lat' dir='ltr'><strong>ex</strong></span> <span class='ocrx_word' id='word_1_685' title='bbox 3244 3758 3386 3816; x_wconf 84' lang='lat' dir='ltr'><strong>veri-</strong></span> 
     </span>
    </p>
   </div>
   <div class='ocr_carea' id='block_1_83' title="bbox 1793 3854 3381 3938">
    <p class='ocr_par' dir='ltr' id='par_1_83' title="bbox 1793 3854 3381 3938">
     <span class='ocr_line' id='line_1_83' title="bbox 1793 3854 3381 3938; baseline -0.008 -16"><span class='ocrx_word' id='word_1_686' title='bbox 1793 3877 1903 3923; x_wconf 91' lang='lat' dir='ltr'><strong>tate</strong></span> <span class='ocrx_word' id='word_1_687' title='bbox 1932 3876 2034 3938; x_wconf 85' lang='lat' dir='ltr'><strong>est,</strong></span> <span class='ocrx_word' id='word_1_688' title='bbox 2060 3866 2113 3921; x_wconf 92' lang='lat' dir='ltr'><strong>id</strong></span> <span class='ocrx_word' id='word_1_689' title='bbox 2141 3873 2247 3932; x_wconf 89' lang='lat' dir='ltr'><strong>est,</strong></span> <span class='ocrx_word' id='word_1_690' title='bbox 2283 3864 2407 3936; x_wconf 90' lang='lat' dir='ltr'><strong>quia</strong></span> <span class='ocrx_word' id='word_1_691' title='bbox 2449 3863 2552 3919; x_wconf 89' lang='lat' dir='ltr'><strong>hoc</strong></span> <span class='ocrx_word' id='word_1_692' title='bbox 2591 3861 2668 3916; x_wconf 89' lang='lat' dir='ltr'><strong>illi</strong></span> <span class='ocrx_word' id='word_1_693' title='bbox 2697 3861 2895 3917; x_wconf 92' lang='lat' dir='ltr'><strong>donum</strong></span> <span class='ocrx_word' id='word_1_694' title='bbox 2921 3874 2990 3914; x_wconf 86' lang='lat' dir='ltr'><strong>ex</strong></span> <span class='ocrx_word' id='word_1_695' title='bbox 3011 3857 3244 3913; x_wconf 89' lang='lat' dir='ltr'><strong>veritate</strong></span> <span class='ocrx_word' id='word_1_696' title='bbox 3271 3854 3381 3911; x_wconf 88' lang='lat' dir='ltr'><strong>col-</strong></span> 
     </span>
    </p>
   </div>
   <div class='ocr_carea' id='block_1_84' title="bbox 1791 3948 3382 4026">
    <p class='ocr_par' dir='ltr' id='par_1_84' title="bbox 1791 3948 3382 4026">
     <span class='ocr_line' id='line_1_84' title="bbox 1791 3948 3382 4026; baseline -0.009 -10"><span class='ocrx_word' id='word_1_697' title='bbox 1791 3960 1961 4016; x_wconf 90' lang='lat' dir='ltr'><strong>latum</strong></span> <span class='ocrx_word' id='word_1_698' title='bbox 1981 3966 2085 4013; x_wconf 91' lang='lat' dir='ltr'><strong>est.</strong></span> <span class='ocrx_word' id='word_1_699' title='bbox 2117 3956 2272 4024; x_wconf 86' lang='lat' dir='ltr'><strong>Quod</strong></span> <span class='ocrx_word' id='word_1_700' title='bbox 2298 3955 2427 4026; x_wconf 90' lang='lat' dir='ltr'><strong>quid</strong></span> <span class='ocrx_word' id='word_1_701' title='bbox 2449 3962 2533 4010; x_wconf 90' lang='lat' dir='ltr'><strong>est</strong></span> <span class='ocrx_word' id='word_1_702' title='bbox 2562 3953 2708 4009; x_wconf 89' lang='lat' dir='ltr'><strong>aliud</strong></span> <span class='ocrx_word' id='word_1_703' title='bbox 2749 3967 2934 4024; x_wconf 92' lang='lat' dir='ltr'><strong>quam,</strong></span> <span class='ocrx_word' id='word_1_704' title='bbox 2965 3951 3201 4006; x_wconf 87' lang='lat' dir='ltr'><strong>donante</strong></span> <span class='ocrx_word' id='word_1_705' title='bbox 3221 3948 3382 4006; x_wconf 86' lang='lat' dir='ltr'><strong>Chri-</strong></span> 
     </span>
    </p>
   </div>
   <div class='ocr_carea' id='block_1_85' title="bbox 1791 4041 2894 4114">
    <p class='ocr_par' dir='ltr' id='par_1_85' title="bbox 1791 4041 2894 4114">
     <span class='ocr_line' id='line_1_85' title="bbox 1791 4041 2894 4114; baseline -0.008 -8"><span class='ocrx_word' id='word_1_706' title='bbox 1791 4059 1894 4114; x_wconf 91' lang='lat' dir='ltr'><strong>sto,</strong></span> <span class='ocrx_word' id='word_1_707' title='bbox 1917 4047 2138 4104; x_wconf 89' lang='lat' dir='ltr'><strong>credere</strong></span> <span class='ocrx_word' id='word_1_708' title='bbox 2159 4047 2214 4100; x_wconf 93' lang='lat' dir='ltr'><strong>in</strong></span> <span class='ocrx_word' id='word_1_709' title='bbox 2252 4043 2563 4101; x_wconf 76' lang='lat' dir='ltr'><strong>Christum?</strong></span> <span class='ocrx_word' id='word_1_710' title='bbox 2597 4041 2894 4114; x_wconf 88' lang='lat' dir='ltr'><strong>Sequitur:</strong></span> 
     </span>
    </p>
   </div>
   <div class='ocr_carea' id='block_1_86' title="bbox 1866 4130 3385 4201">
    <p class='ocr_par' dir='ltr' id='par_1_86' title="bbox 1866 4130 3385 4201">
     <span class='ocr_line' id='line_1_86' title="bbox 1866 4130 3385 4201; baseline -0.002 -11"><span class='ocrx_word' id='word_1_711' title='bbox 1866 4159 1883 4190; x_wconf 87' lang='grc'><strong>‹</strong></span> <span class='ocrx_word' id='word_1_712' title='bbox 1919 4138 2062 4193; x_wconf 88' lang='lat' dir='ltr'><strong>Dicit</strong></span> <span class='ocrx_word' id='word_1_713' title='bbox 2088 4137 2138 4192; x_wconf 90' lang='lat' dir='ltr'><strong>ei</strong></span> <span class='ocrx_word' id='word_1_714' title='bbox 2161 4135 2402 4191; x_wconf 88' lang='lat' dir='ltr'><strong>Pilatus:</strong></span> <span class='ocrx_word' id='word_1_715' title='bbox 2434 4133 2576 4201; x_wconf 85' lang='lat' dir='ltr'><strong>Quid</strong></span> <span class='ocrx_word' id='word_1_716' title='bbox 2598 4143 2684 4190; x_wconf 91' lang='lat' dir='ltr'><strong>est</strong></span> <span class='ocrx_word' id='word_1_717' title='bbox 2729 4133 2972 4188; x_wconf 86' lang='lat' dir='ltr'><strong>veritas?</strong></span> <span class='ocrx_word' id='word_1_718' title='bbox 2999 4151 3018 4183; x_wconf 81' lang='grc'><strong><em>›</em></strong></span> <span class='ocrx_word' id='word_1_719' title='bbox 3049 4130 3161 4188; x_wconf 85' lang='lat' dir='ltr'><strong>Nec</strong></span> <span class='ocrx_word' id='word_1_720' title='bbox 3198 4143 3385 4200; x_wconf 85' lang='lat' dir='ltr'><strong>exspe-</strong></span> 
     </span>
    </p>
   </div>
   <div class='ocr_carea' id='block_1_87' title="bbox 1789 4223 3383 4297">
    <p class='ocr_par' dir='ltr' id='par_1_87' title="bbox 1789 4223 3383 4297">
     <span class='ocr_line' id='line_1_87' title="bbox 1789 4223 3383 4297; baseline -0.005 -11"><span class='ocrx_word' id='word_1_721' title='bbox 1789 4229 1956 4286; x_wconf 86' lang='lat' dir='ltr'><strong>ctavit</strong></span> <span class='ocrx_word' id='word_1_722' title='bbox 2004 4227 2190 4283; x_wconf 85' lang='lat' dir='ltr'><strong>audire</strong></span> <span class='ocrx_word' id='word_1_723' title='bbox 2233 4226 2362 4297; x_wconf 90' lang='lat' dir='ltr'><strong>quid</strong></span> <span class='ocrx_word' id='word_1_724' title='bbox 2414 4224 2765 4297; x_wconf 87' lang='lat' dir='ltr'><strong>responderet</strong></span> <span class='ocrx_word' id='word_1_725' title='bbox 2789 4224 2839 4280; x_wconf 92' lang='lat' dir='ltr'><strong>ei</strong></span> <span class='ocrx_word' id='word_1_726' title='bbox 2889 4223 3064 4290; x_wconf 87' lang='lat' dir='ltr'><strong>Jesus,</strong></span> <span class='ocrx_word' id='word_1_727' title='bbox 3092 4224 3218 4296; x_wconf 88' lang='lat' dir='ltr'><strong>quia</strong></span> <span class='ocrx_word' id='word_1_728' title='bbox 3248 4223 3383 4279; x_wconf 89' lang='lat' dir='ltr'><strong>forte</strong></span> 
     </span>
    </p>
   </div>
   <div class='ocr_carea' id='block_1_88' title="bbox 1788 4317 2600 4395">
    <p class='ocr_par' dir='ltr' id='par_1_88' title="bbox 1788 4317 2600 4395">
     <span class='ocr_line' id='line_1_88' title="bbox 1788 4317 2600 4395; baseline -0.009 -17"><span class='ocrx_word' id='word_1_729' title='bbox 1788 4324 1980 4395; x_wconf 90' lang='lat' dir='ltr'><strong>dignus</strong></span> <span class='ocrx_word' id='word_1_730' title='bbox 1998 4337 2104 4376; x_wconf 91' lang='lat' dir='ltr'><strong>non</strong></span> <span class='ocrx_word' id='word_1_731' title='bbox 2127 4319 2227 4374; x_wconf 91' lang='lat' dir='ltr'><strong>fuit</strong></span> <span class='ocrx_word' id='word_1_732' title='bbox 2250 4319 2457 4383; x_wconf 88' lang='lat' dir='ltr'><strong>audire,</strong></span> <span class='ocrx_word' id='word_1_733' title='bbox 2475 4317 2600 4374; x_wconf 90' lang='lat' dir='ltr'><strong>sed:</strong></span> 
     </span>
    </p>
   </div>
   <div class='ocr_carea' id='block_1_89' title="bbox 1863 4409 3383 4480">
    <p class='ocr_par' dir='ltr' id='par_1_89' title="bbox 1863 4409 3383 4480">
     <span class='ocr_line' id='line_1_89' title="bbox 1863 4409 3383 4480; baseline -0.006 -9"><span class='ocrx_word' id='word_1_734' title='bbox 1863 4438 1880 4471; x_wconf 70' lang='grc' dir='ltr'>ι</span> <span class='ocrx_word' id='word_1_735' title='bbox 1910 4415 2044 4473; x_wconf 90' lang='lat' dir='ltr'><strong>Cum</strong></span> <span class='ocrx_word' id='word_1_736' title='bbox 2067 4417 2181 4470; x_wconf 88' lang='lat' dir='ltr'><strong>haec</strong></span> <span class='ocrx_word' id='word_1_737' title='bbox 2203 4413 2448 4480; x_wconf 85' lang='lat' dir='ltr'><strong>dixisset,</strong></span> <span class='ocrx_word' id='word_1_738' title='bbox 2471 4412 2668 4467; x_wconf 89' lang='lat' dir='ltr'><strong>iterum</strong></span> <span class='ocrx_word' id='word_1_739' title='bbox 2688 4411 2822 4467; x_wconf 85' lang='lat' dir='ltr'><strong>exiit</strong></span> <span class='ocrx_word' id='word_1_740' title='bbox 2838 4411 2904 4466; x_wconf 90' lang='lat' dir='ltr'><strong>ad</strong></span> <span class='ocrx_word' id='word_1_741' title='bbox 2925 4409 3158 4476; x_wconf 77' lang='lat' dir='ltr'><strong>Judaeos,</strong></span> <span class='ocrx_word' id='word_1_742' title='bbox 3176 4417 3230 4465; x_wconf 91' lang='lat' dir='ltr'><strong>et</strong></span> <span class='ocrx_word' id='word_1_743' title='bbox 3248 4409 3383 4464; x_wconf 85' lang='lat' dir='ltr'><strong>dixit</strong></span> 
     </span>
    </p>
   </div>
   <div class='ocr_carea' id='block_1_90' title="bbox 1793 4498 3379 4576">
    <p class='ocr_par' dir='ltr' id='par_1_90' title="bbox 1793 4498 3379 4576">
     <span class='ocr_line' id='line_1_90' title="bbox 1793 4498 3379 4576; baseline -0.007 -14"><span class='ocrx_word' id='word_1_744' title='bbox 1793 4529 1811 4562; x_wconf 74' lang='grc' dir='ltr'>ί</span> <span class='ocrx_word' id='word_1_745' title='bbox 1841 4509 1956 4564; x_wconf 91' lang='lat' dir='ltr'><strong>eis:</strong></span> <span class='ocrx_word' id='word_1_746' title='bbox 1988 4505 2102 4576; x_wconf 90' lang='lat' dir='ltr'><strong>Ego</strong></span> <span class='ocrx_word' id='word_1_747' title='bbox 2144 4503 2344 4558; x_wconf 87' lang='lat' dir='ltr'><strong>nullam</strong></span> <span class='ocrx_word' id='word_1_748' title='bbox 2405 4501 2624 4556; x_wconf 91' lang='lat' dir='ltr'><strong>invenio</strong></span> <span class='ocrx_word' id='word_1_749' title='bbox 2667 4501 2722 4556; x_wconf 90' lang='lat' dir='ltr'><strong>in</strong></span> <span class='ocrx_word' id='word_1_750' title='bbox 2746 4515 2812 4556; x_wconf 91' lang='lat' dir='ltr'><strong>eo</strong></span> <span class='ocrx_word' id='word_1_751' title='bbox 2839 4515 3079 4554; x_wconf 87' lang='lat' dir='ltr'><strong>causam.</strong></span> <span class='ocrx_word' id='word_1_752' title='bbox 3132 4498 3230 4553; x_wconf 86' lang='lat' dir='ltr'><strong>Est</strong></span> <span class='ocrx_word' id='word_1_753' title='bbox 3254 4513 3379 4552; x_wconf 91' lang='lat' dir='ltr'><strong>con-</strong></span> 
     </span>
    </p>
   </div>
   <div class='ocr_carea' id='block_1_91' title="bbox 110 4589 3375 4692">
    <p class='ocr_par' dir='ltr' id='par_1_91' title="bbox 110 4589 3375 4692">
     <span class='ocr_line' id='line_1_91' title="bbox 110 4589 3375 4692; baseline -0.002 -43"><span class='ocrx_word' id='word_1_754' title='bbox 110 4605 194 4651; x_wconf 85' lang='lat' dir='ltr'><strong>est</strong></span> <span class='ocrx_word' id='word_1_755' title='bbox 220 4596 271 4651; x_wconf 91' lang='lat' dir='ltr'><strong>in</strong></span> <span class='ocrx_word' id='word_1_756' title='bbox 314 4598 415 4652; x_wconf 92' lang='lat' dir='ltr'><strong>hoc</strong></span> <span class='ocrx_word' id='word_1_757' title='bbox 440 4597 658 4660; x_wconf 92' lang='lat' dir='ltr'><strong>mundo,</strong></span> <span class='ocrx_word' id='word_1_758' title='bbox 686 4596 891 4660; x_wconf 88' lang='lat' dir='ltr'><strong>audite,</strong></span> <span class='ocrx_word' id='word_1_759' title='bbox 935 4607 1124 4650; x_wconf 90' lang='lat' dir='ltr'><strong>omnes</strong></span> <span class='ocrx_word' id='word_1_760' title='bbox 1149 4609 1302 4666; x_wconf 91' lang='lat' dir='ltr'><strong>reges</strong></span> <span class='ocrx_word' id='word_1_761' title='bbox 1331 4603 1490 4651; x_wconf 90' lang='lat' dir='ltr'><strong>terrae</strong></span> <span class='ocrx_word' id='word_1_762' title='bbox 1519 4613 1531 4649; x_wconf 91' lang='lat'><strong>:</strong></span> <span class='ocrx_word' id='word_1_763' title='bbox 1567 4594 1681 4652; x_wconf 87' lang='lat' dir='ltr'><strong>Non</strong></span> <span class='ocrx_word' id='word_1_764' title='bbox 1714 4631 1768 4692; x_wconf 70' lang='grc' dir='ltr'><strong><em>Β</em></strong></span> <span class='ocrx_word' id='word_1_765' title='bbox 1799 4621 1815 4652; x_wconf 83' lang='grc'>‹</span> <span class='ocrx_word' id='word_1_766' title='bbox 1854 4599 2080 4654; x_wconf 91' lang='lat' dir='ltr'><strong>suetudo</strong></span> <span class='ocrx_word' id='word_1_767' title='bbox 2100 4605 2280 4652; x_wconf 91' lang='lat' dir='ltr'><strong>vestra</strong></span> <span class='ocrx_word' id='word_1_768' title='bbox 2306 4602 2366 4649; x_wconf 92' lang='lat' dir='ltr'><strong>ut</strong></span> <span class='ocrx_word' id='word_1_769' title='bbox 2385 4608 2550 4649; x_wconf 91' lang='lat' dir='ltr'><strong>unum</strong></span> <span class='ocrx_word' id='word_1_770' title='bbox 2579 4593 2846 4648; x_wconf 91' lang='lat' dir='ltr'><strong>dimittam</strong></span> <span class='ocrx_word' id='word_1_771' title='bbox 2874 4590 3027 4646; x_wconf 90' lang='lat' dir='ltr'><strong>vobis</strong></span> <span class='ocrx_word' id='word_1_772' title='bbox 3057 4590 3112 4644; x_wconf 92' lang='lat' dir='ltr'><strong>in</strong></span> <span class='ocrx_word' id='word_1_773' title='bbox 3133 4589 3339 4644; x_wconf 87' lang='lat' dir='ltr'><strong>Pascha</strong></span> <span class='ocrx_word' id='word_1_774' title='bbox 3364 4640 3375 4655; x_wconf 84' lang='grc'><strong><em>,</em></strong></span> 
     </span>
    </p>
   </div>
   <div class='ocr_carea' id='block_1_92' title="bbox 113 4685 1694 4758">
    <p class='ocr_par' dir='ltr' id='par_1_92' title="bbox 113 4685 1694 4758">
     <span class='ocr_line' id='line_1_92' title="bbox 113 4685 1694 4758; baseline -0.001 -18"><span class='ocrx_word' id='word_1_775' title='bbox 113 4688 254 4743; x_wconf 78' lang='lat' dir='ltr'><strong>venit</strong></span> <span class='ocrx_word' id='word_1_776' title='bbox 301 4686 548 4744; x_wconf 85' lang='lat' dir='ltr'><strong>Christus</strong></span> <span class='ocrx_word' id='word_1_777' title='bbox 603 4702 828 4758; x_wconf 87' lang='lat' dir='ltr'><strong>regnum</strong></span> <span class='ocrx_word' id='word_1_778' title='bbox 875 4685 1076 4749; x_wconf 89' lang='lat' dir='ltr'><strong>tollere,</strong></span> <span class='ocrx_word' id='word_1_779' title='bbox 1129 4685 1223 4740; x_wconf 92' lang='lat' dir='ltr'><strong>sed</strong></span> <span class='ocrx_word' id='word_1_780' title='bbox 1253 4685 1418 4743; x_wconf 89' lang='lat' dir='ltr'><strong>dare:</strong></span> <span class='ocrx_word' id='word_1_781' title='bbox 1466 4705 1574 4745; x_wconf 92' lang='lat' dir='ltr'><strong>non</strong></span> <span class='ocrx_word' id='word_1_782' title='bbox 1597 4693 1694 4746; x_wconf 88' lang='lat' dir='ltr'><strong>mi.</strong></span> 
     </span>
    </p>
   </div>
   <div class='ocr_carea' id='block_1_93' title="bbox 114 4779 1690 4852">
    <p class='ocr_par' dir='ltr' id='par_1_93' title="bbox 114 4779 1690 4852">
     <span class='ocr_line' id='line_1_93' title="bbox 114 4779 1690 4852; baseline 0.003 -17"><span class='ocrx_word' id='word_1_783' title='bbox 114 4797 288 4846; x_wconf 88' lang='lat' dir='ltr'><strong>nuere,</strong></span> <span class='ocrx_word' id='word_1_784' title='bbox 322 4781 414 4838; x_wconf 90' lang='lat' dir='ltr'><strong>sed</strong></span> <span class='ocrx_word' id='word_1_785' title='bbox 439 4795 656 4852; x_wconf 88' lang='lat' dir='ltr'><strong>augere.</strong></span> <span class='ocrx_word' id='word_1_786' title='bbox 699 4779 901 4850; x_wconf 82' lang='lat' dir='ltr'><strong>Regem</strong></span> <span class='ocrx_word' id='word_1_787' title='bbox 928 4794 1008 4841; x_wconf 87' lang='lat' dir='ltr'><strong>se,</strong></span> <span class='ocrx_word' id='word_1_788' title='bbox 1033 4794 1138 4833; x_wconf 93' lang='lat' dir='ltr'><strong>non</strong></span> <span class='ocrx_word' id='word_1_789' title='bbox 1167 4787 1354 4835; x_wconf 90' lang='lat' dir='ltr'><strong>contra</strong></span> <span class='ocrx_word' id='word_1_790' title='bbox 1402 4781 1556 4848; x_wconf 88' lang='lat' dir='ltr'><strong>dixit,</strong></span> <span class='ocrx_word' id='word_1_791' title='bbox 1595 4786 1690 4842; x_wconf 88' lang='lat' dir='ltr'><strong>sed</strong></span> 
     </span>
    </p>
   </div>
   <div class='ocr_carea' id='block_1_94' title="bbox 111 4872 1690 4944">
    <p class='ocr_par' dir='ltr' id='par_1_94' title="bbox 111 4872 1690 4944">
     <span class='ocr_line' id='line_1_94' title="bbox 111 4872 1690 4944; baseline 0.003 -17"><span class='ocrx_word' id='word_1_792' title='bbox 111 4872 392 4928; x_wconf 85' lang='lat' dir='ltr'><strong>carnaliter</strong></span> <span class='ocrx_word' id='word_1_793' title='bbox 419 4874 476 4928; x_wconf 92' lang='lat' dir='ltr'><strong>in</strong></span> <span class='ocrx_word' id='word_1_794' title='bbox 506 4874 608 4928; x_wconf 91' lang='lat' dir='ltr'><strong>hoc</strong></span> <span class='ocrx_word' id='word_1_795' title='bbox 633 4872 835 4927; x_wconf 91' lang='lat' dir='ltr'><strong>mundo</strong></span> <span class='ocrx_word' id='word_1_796' title='bbox 864 4885 922 4926; x_wconf 91' lang='lat' dir='ltr'><strong>se</strong></span> <span class='ocrx_word' id='word_1_797' title='bbox 956 4887 1186 4942; x_wconf 87' lang='lat' dir='ltr'><strong>regnare</strong></span> <span class='ocrx_word' id='word_1_798' title='bbox 1211 4888 1318 4928; x_wconf 92' lang='lat' dir='ltr'><strong>non</strong></span> <span class='ocrx_word' id='word_1_799' title='bbox 1367 4874 1522 4930; x_wconf 86' lang='lat' dir='ltr'><strong>dixit.</strong></span> <span class='ocrx_word' id='word_1_800' title='bbox 1551 4875 1690 4944; x_wconf 92' lang='lat' dir='ltr'><strong>Quid</strong></span> 
     </span>
    </p>
   </div>
   <div class='ocr_carea' id='block_1_95' title="bbox 113 4963 1691 5036">
    <p class='ocr_par' dir='ltr' id='par_1_95' title="bbox 113 4963 1691 5036">
     <span class='ocr_line' id='line_1_95' title="bbox 113 4963 1691 5036; baseline 0.003 -18"><span class='ocrx_word' id='word_1_801' title='bbox 113 4972 193 5018; x_wconf 88' lang='lat' dir='ltr'><strong>est</strong></span> <span class='ocrx_word' id='word_1_802' title='bbox 213 4964 348 5018; x_wconf 89' lang='lat' dir='ltr'><strong>enim</strong></span> <span class='ocrx_word' id='word_1_803' title='bbox 375 4979 621 5036; x_wconf 88' lang='lat' dir='ltr'><strong>regnum,</strong></span> <span class='ocrx_word' id='word_1_804' title='bbox 650 4963 756 5019; x_wconf 91' lang='lat' dir='ltr'><strong>nisi</strong></span> <span class='ocrx_word' id='word_1_805' title='bbox 783 4963 1064 5018; x_wconf 88' lang='lat' dir='ltr'><strong>credentes</strong></span> <span class='ocrx_word' id='word_1_806' title='bbox 1095 4963 1146 5016; x_wconf 93' lang='lat' dir='ltr'><strong>in</strong></span> <span class='ocrx_word' id='word_1_807' title='bbox 1177 4965 1344 5018; x_wconf 88' lang='lat' dir='ltr'><strong>eum?</strong></span> <span class='ocrx_word' id='word_1_808' title='bbox 1387 4965 1540 5032; x_wconf 90' lang='lat' dir='ltr'><strong>Quod</strong></span> <span class='ocrx_word' id='word_1_809' title='bbox 1585 4976 1691 5022; x_wconf 90' lang='lat' dir='ltr'><strong>tra-</strong></span> 
     </span>
    </p>
   </div>
   <div class='ocr_carea' id='block_1_96' title="bbox 113 5055 1690 5128">
    <p class='ocr_par' dir='ltr' id='par_1_96' title="bbox 113 5055 1690 5128">
     <span class='ocr_line' id='line_1_96' title="bbox 113 5055 1690 5128; baseline 0.001 -15"><span class='ocrx_word' id='word_1_810' title='bbox 113 5058 202 5113; x_wconf 89' lang='lat' dir='ltr'><strong>det</strong></span> <span class='ocrx_word' id='word_1_811' title='bbox 231 5071 449 5128; x_wconf 87' lang='lat' dir='ltr'><strong>regnum</strong></span> <span class='ocrx_word' id='word_1_812' title='bbox 479 5056 588 5113; x_wconf 89' lang='lat' dir='ltr'><strong>Deo</strong></span> <span class='ocrx_word' id='word_1_813' title='bbox 612 5055 758 5111; x_wconf 91' lang='lat' dir='ltr'><strong>Patri</strong></span> <span class='ocrx_word' id='word_1_814' title='bbox 807 5056 859 5110; x_wconf 92' lang='lat' dir='ltr'><strong>in</strong></span> <span class='ocrx_word' id='word_1_815' title='bbox 889 5056 991 5111; x_wconf 88' lang='lat' dir='ltr'><strong>fine</strong></span> <span class='ocrx_word' id='word_1_816' title='bbox 1014 5055 1213 5120; x_wconf 58' lang='lat' dir='ltr'><strong>saeculi,</strong></span> <span class='ocrx_word' id='word_1_817' title='bbox 1268 5056 1319 5110; x_wconf 91' lang='lat' dir='ltr'><strong>id</strong></span> <span class='ocrx_word' id='word_1_818' title='bbox 1349 5065 1432 5112; x_wconf 92' lang='lat' dir='ltr'><strong>est</strong></span> <span class='ocrx_word' id='word_1_819' title='bbox 1460 5058 1690 5115; x_wconf 91' lang='lat' dir='ltr'><strong>adducet</strong></span> 
     </span>
    </p>
   </div>
   <div class='ocr_carea' id='block_1_97' title="bbox 111 5147 1684 5218">
    <p class='ocr_par' dir='ltr' id='par_1_97' title="bbox 111 5147 1684 5218">
     <span class='ocr_line' id='line_1_97' title="bbox 111 5147 1684 5218; baseline 0.002 -15"><span class='ocrx_word' id='word_1_820' title='bbox 111 5151 176 5204; x_wconf 89' lang='lat' dir='ltr'><strong>ad</strong></span> <span class='ocrx_word' id='word_1_821' title='bbox 203 5148 362 5203; x_wconf 92' lang='lat' dir='ltr'><strong>Deum</strong></span> <span class='ocrx_word' id='word_1_822' title='bbox 392 5148 608 5206; x_wconf 89' lang='lat' dir='ltr'><strong>Patrem</strong></span> <span class='ocrx_word' id='word_1_823' title='bbox 629 5190 644 5215; x_wconf 90' lang='lat'><strong>,</strong></span> <span class='ocrx_word' id='word_1_824' title='bbox 690 5156 750 5203; x_wconf 90' lang='lat' dir='ltr'><strong>ut</strong></span> <span class='ocrx_word' id='word_1_825' title='bbox 779 5148 896 5203; x_wconf 90' lang='lat' dir='ltr'><strong>sine</strong></span> <span class='ocrx_word' id='word_1_826' title='bbox 924 5147 1029 5202; x_wconf 85' lang='lat' dir='ltr'><strong>ﬁne</strong></span> <span class='ocrx_word' id='word_1_827' title='bbox 1055 5155 1243 5218; x_wconf 88' lang='lat' dir='ltr'><strong>regnet</strong></span> <span class='ocrx_word' id='word_1_828' title='bbox 1266 5163 1389 5203; x_wconf 92' lang='lat' dir='ltr'><strong>cum</strong></span> <span class='ocrx_word' id='word_1_829' title='bbox 1417 5149 1527 5205; x_wconf 92' lang='lat' dir='ltr'><strong>illo.</strong></span> <span class='ocrx_word' id='word_1_830' title='bbox 1579 5151 1684 5206; x_wconf 88' lang='lat' dir='ltr'><strong>Sed</strong></span> 
     </span>
    </p>
   </div>
   <div class='ocr_carea' id='block_1_98' title="bbox 109 5241 1682 5312">
    <p class='ocr_par' dir='ltr' id='par_1_98' title="bbox 109 5241 1682 5312">
     <span class='ocr_line' id='line_1_98' title="bbox 109 5241 1682 5312; baseline -0.001 -14"><span class='ocrx_word' id='word_1_831' title='bbox 109 5251 170 5298; x_wconf 90' lang='lat' dir='ltr'><strong>ut</strong></span> <span class='ocrx_word' id='word_1_832' title='bbox 195 5243 290 5297; x_wconf 88' lang='lat' dir='ltr'><strong>hoc</strong></span> <span class='ocrx_word' id='word_1_833' title='bbox 314 5242 587 5312; x_wconf 85' lang='lat' dir='ltr'><strong>probaret,</strong></span> <span class='ocrx_word' id='word_1_834' title='bbox 626 5249 686 5296; x_wconf 94' lang='lat' dir='ltr'><strong>ut</strong></span> <span class='ocrx_word' id='word_1_835' title='bbox 714 5256 935 5312; x_wconf 90' lang='lat' dir='ltr'><strong>regnum</strong></span> <span class='ocrx_word' id='word_1_836' title='bbox 958 5241 1073 5311; x_wconf 90' lang='lat' dir='ltr'><strong>ejus</strong></span> <span class='ocrx_word' id='word_1_837' title='bbox 1093 5241 1158 5296; x_wconf 92' lang='lat' dir='ltr'><strong>de</strong></span> <span class='ocrx_word' id='word_1_838' title='bbox 1180 5241 1282 5296; x_wconf 92' lang='lat' dir='ltr'><strong>hoc</strong></span> <span class='ocrx_word' id='word_1_839' title='bbox 1324 5242 1526 5296; x_wconf 92' lang='lat' dir='ltr'><strong>mundo</strong></span> <span class='ocrx_word' id='word_1_840' title='bbox 1579 5259 1682 5298; x_wconf 92' lang='lat' dir='ltr'><strong>non</strong></span> 
     </span>
    </p>
   </div>
   <div class='ocr_carea' id='block_1_99' title="bbox 109 5331 1680 5412">
    <p class='ocr_par' dir='ltr' id='par_1_99' title="bbox 109 5331 1680 5412">
     <span class='ocr_line' id='line_1_99' title="bbox 109 5331 1680 5412; baseline -0.001 -22"><span class='ocrx_word' id='word_1_841' title='bbox 109 5343 266 5402; x_wconf 85' lang='lat' dir='ltr'><strong>esset,</strong></span> <span class='ocrx_word' id='word_1_842' title='bbox 317 5335 555 5406; x_wconf 87' lang='lat' dir='ltr'><strong>adjecit:</strong></span> <span class='ocrx_word' id='word_1_843' title='bbox 593 5353 611 5386; x_wconf 74' lang='grc' dir='ltr'>ι</span> <span class='ocrx_word' id='word_1_844' title='bbox 648 5331 706 5388; x_wconf 92' lang='lat' dir='ltr'><strong>Si</strong></span> <span class='ocrx_word' id='word_1_845' title='bbox 758 5347 824 5387; x_wconf 81' lang='lat' dir='ltr'><strong>ex</strong></span> <span class='ocrx_word' id='word_1_846' title='bbox 873 5334 974 5388; x_wconf 90' lang='lat' dir='ltr'><strong>hoc</strong></span> <span class='ocrx_word' id='word_1_847' title='bbox 1019 5332 1225 5412; x_wconf 34' lang='lat' dir='ltr'><strong>mundo.</strong></span> <span class='ocrx_word' id='word_1_848' title='bbox 1261 5341 1408 5388; x_wconf 86' lang='lat' dir='ltr'><strong>esset</strong></span> <span class='ocrx_word' id='word_1_849' title='bbox 1458 5349 1680 5404; x_wconf 87' lang='lat' dir='ltr'><strong>regnum</strong></span> 
     </span>
    </p>
   </div>
   <div class='ocr_carea' id='block_1_100' title="bbox 111 5424 1679 5493">
    <p class='ocr_par' dir='ltr' id='par_1_100' title="bbox 111 5424 1679 5493">
     <span class='ocr_line' id='line_1_100' title="bbox 111 5424 1679 5493; baseline -0.001 -12"><span class='ocrx_word' id='word_1_850' title='bbox 111 5441 302 5490; x_wconf 92' lang='lat' dir='ltr'><strong>meum,</strong></span> <span class='ocrx_word' id='word_1_851' title='bbox 346 5425 577 5481; x_wconf 90' lang='lat' dir='ltr'><strong>ministri</strong></span> <span class='ocrx_word' id='word_1_852' title='bbox 608 5425 712 5479; x_wconf 92' lang='lat' dir='ltr'><strong>mei</strong></span> <span class='ocrx_word' id='word_1_853' title='bbox 742 5425 927 5493; x_wconf 90' lang='lat' dir='ltr'><strong>utique</strong></span> <span class='ocrx_word' id='word_1_854' title='bbox 953 5424 1296 5479; x_wconf 88' lang='lat' dir='ltr'><strong>decertarent</strong></span> <span class='ocrx_word' id='word_1_855' title='bbox 1324 5433 1385 5479; x_wconf 90' lang='lat' dir='ltr'><strong>ut</strong></span> <span class='ocrx_word' id='word_1_856' title='bbox 1436 5441 1541 5480; x_wconf 90' lang='lat' dir='ltr'><strong>non</strong></span> <span class='ocrx_word' id='word_1_857' title='bbox 1571 5435 1679 5480; x_wconf 87' lang='lat' dir='ltr'><strong>tra-</strong></span> 
     </span>
    </p>
   </div>
   <div class='ocr_carea' id='block_1_101' title="bbox 110 5513 1681 5587">
    <p class='ocr_par' dir='ltr' id='par_1_101' title="bbox 110 5513 1681 5587">
     <span class='ocr_line' id='line_1_101' title="bbox 110 5513 1681 5587; baseline -0.001 -14"><span class='ocrx_word' id='word_1_858' title='bbox 110 5519 263 5573; x_wconf 88' lang='lat' dir='ltr'><strong>derer</strong></span> <span class='ocrx_word' id='word_1_859' title='bbox 283 5513 498 5572; x_wconf 73' lang='lat' dir='ltr'><strong>Judzeis.</strong></span> <span class='ocrx_word' id='word_1_860' title='bbox 536 5536 553 5568; x_wconf 83' lang='grc'>›</span> <span class='ocrx_word' id='word_1_861' title='bbox 590 5515 706 5572; x_wconf 86' lang='grc' dir='ltr'><strong>Νοη</strong></span> <span class='ocrx_word' id='word_1_862' title='bbox 736 5516 844 5570; x_wconf 90' lang='lat' dir='ltr'><strong>ait:</strong></span> <span class='ocrx_word' id='word_1_863' title='bbox 875 5513 1028 5569; x_wconf 80' lang='lat' dir='ltr'><strong>Nunc</strong></span> <span class='ocrx_word' id='word_1_864' title='bbox 1048 5523 1226 5570; x_wconf 90' lang='lat' dir='ltr'><strong>autem</strong></span> <span class='ocrx_word' id='word_1_865' title='bbox 1254 5531 1478 5587; x_wconf 90' lang='lat' dir='ltr'><strong>regnum</strong></span> <span class='ocrx_word' id='word_1_866' title='bbox 1501 5532 1681 5572; x_wconf 90' lang='lat' dir='ltr'><strong>meum</strong></span> 
     </span>
    </p>
   </div>
   <div class='ocr_carea' id='block_1_102' title="bbox 109 5606 1680 5680">
    <p class='ocr_par' dir='ltr' id='par_1_102' title="bbox 109 5606 1680 5680">
     <span class='ocr_line' id='line_1_102' title="bbox 109 5606 1680 5680; baseline -0.002 -13"><span class='ocrx_word' id='word_1_867' title='bbox 109 5627 213 5667; x_wconf 89' lang='lat' dir='ltr'><strong>non</strong></span> <span class='ocrx_word' id='word_1_868' title='bbox 236 5617 316 5664; x_wconf 89' lang='lat' dir='ltr'><strong>est</strong></span> <span class='ocrx_word' id='word_1_869' title='bbox 345 5609 452 5675; x_wconf 88' lang='lat' dir='ltr'><strong>hic,</strong></span> <span class='ocrx_word' id='word_1_870' title='bbox 487 5609 580 5664; x_wconf 91' lang='lat' dir='ltr'><strong>sed</strong></span> <span class='ocrx_word' id='word_1_871' title='bbox 607 5624 711 5663; x_wconf 90' lang='lat' dir='ltr'><strong>non</strong></span> <span class='ocrx_word' id='word_1_872' title='bbox 738 5615 823 5663; x_wconf 90' lang='lat' dir='ltr'><strong>est</strong></span> <span class='ocrx_word' id='word_1_873' title='bbox 849 5607 993 5663; x_wconf 94' lang='lat' dir='ltr'><strong>hinc.</strong></span> <span class='ocrx_word' id='word_1_874' title='bbox 1027 5606 1123 5662; x_wconf 85' lang='lat' dir='ltr'><strong>Hic</strong></span> <span class='ocrx_word' id='word_1_875' title='bbox 1151 5615 1236 5663; x_wconf 85' lang='lat' dir='ltr'><strong>est</strong></span> <span class='ocrx_word' id='word_1_876' title='bbox 1273 5609 1418 5662; x_wconf 91' lang='lat' dir='ltr'><strong>enim</strong></span> <span class='ocrx_word' id='word_1_877' title='bbox 1458 5624 1680 5680; x_wconf 89' lang='lat' dir='ltr'><strong>regnum</strong></span> 
     </span>
    </p>
   </div>
   <div class='ocr_carea' id='block_1_103' title="bbox 106 5699 1683 5776">
    <p class='ocr_par' dir='ltr' id='par_1_103' title="bbox 106 5699 1683 5776">
     <span class='ocr_line' id='line_1_103' title="bbox 106 5699 1683 5776; baseline -0.001 -17"><span class='ocrx_word' id='word_1_878' title='bbox 106 5705 223 5776; x_wconf 84' lang='lat' dir='ltr'><strong>ejus</strong></span> <span class='ocrx_word' id='word_1_879' title='bbox 253 5718 420 5773; x_wconf 90' lang='lat' dir='ltr'><strong>usque</strong></span> <span class='ocrx_word' id='word_1_880' title='bbox 452 5703 504 5757; x_wconf 93' lang='lat' dir='ltr'><strong>in</strong></span> <span class='ocrx_word' id='word_1_881' title='bbox 546 5702 705 5757; x_wconf 87' lang='lat' dir='ltr'><strong>linem</strong></span> <span class='ocrx_word' id='word_1_882' title='bbox 750 5701 950 5764; x_wconf 82' lang='lat' dir='ltr'><strong>saectdi,</strong></span> <span class='ocrx_word' id='word_1_883' title='bbox 985 5699 1077 5755; x_wconf 91' lang='lat' dir='ltr'><strong>sed</strong></span> <span class='ocrx_word' id='word_1_884' title='bbox 1120 5701 1174 5755; x_wconf 93' lang='lat' dir='ltr'><strong>in</strong></span> <span class='ocrx_word' id='word_1_885' title='bbox 1211 5701 1410 5757; x_wconf 89' lang='lat' dir='ltr'><strong>sanctis</strong></span> <span class='ocrx_word' id='word_1_886' title='bbox 1443 5703 1578 5768; x_wconf 89' lang='lat' dir='ltr'><strong>suis,</strong></span> <span class='ocrx_word' id='word_1_887' title='bbox 1617 5703 1683 5758; x_wconf 91' lang='lat' dir='ltr'><strong>de</strong></span> 
     </span>
    </p>
   </div>
   <div class='ocr_carea' id='block_1_104' title="bbox 108 5794 1683 5868">
    <p class='ocr_par' dir='ltr' id='par_1_104' title="bbox 108 5794 1683 5868">
     <span class='ocr_line' id='line_1_104' title="bbox 108 5794 1683 5868; baseline 0.001 -18"><span class='ocrx_word' id='word_1_888' title='bbox 108 5796 295 5868; x_wconf 83' lang='lat' dir='ltr'><strong>quibus</strong></span> <span class='ocrx_word' id='word_1_889' title='bbox 328 5796 464 5850; x_wconf 82' lang='lat' dir='ltr'><strong>dixit</strong></span> <span class='ocrx_word' id='word_1_890' title='bbox 511 5797 564 5850; x_wconf 92' lang='lat' dir='ltr'><strong>in</strong></span> <span class='ocrx_word' id='word_1_891' title='bbox 595 5796 698 5850; x_wconf 89' lang='lat' dir='ltr'><strong>alio</strong></span> <span class='ocrx_word' id='word_1_892' title='bbox 722 5794 1011 5865; x_wconf 83' lang='lat' dir='ltr'><strong>Evangelio</strong></span> <span class='ocrx_word' id='word_1_893' title='bbox 1044 5813 1057 5847; x_wconf 91' lang='lat'><strong>:</strong></span> <span class='ocrx_word' id='word_1_894' title='bbox 1098 5813 1116 5846; x_wconf 73' lang='grc' dir='ltr'>ι</span> <span class='ocrx_word' id='word_1_895' title='bbox 1153 5795 1396 5866; x_wconf 88' lang='lat' dir='ltr'><strong>Regnum</strong></span> <span class='ocrx_word' id='word_1_896' title='bbox 1421 5795 1515 5851; x_wconf 91' lang='lat' dir='ltr'><strong>Dei</strong></span> <span class='ocrx_word' id='word_1_897' title='bbox 1544 5797 1683 5851; x_wconf 89' lang='lat' dir='ltr'><strong>intra</strong></span> 
     </span>
    </p>
   </div>
   <div class='ocr_carea' id='block_1_105' title="bbox 108 5881 1681 5957">
    <p class='ocr_par' dir='ltr' id='par_1_105' title="bbox 108 5881 1681 5957">
     <span class='ocr_line' id='line_1_105' title="bbox 108 5881 1681 5957; baseline 0.001 -17"><span class='ocrx_word' id='word_1_898' title='bbox 108 5905 204 5944; x_wconf 88' lang='lat' dir='ltr'><strong>vos</strong></span> <span class='ocrx_word' id='word_1_899' title='bbox 229 5895 305 5944; x_wconf 87' lang='lat' dir='ltr'><strong>est</strong></span> <span class='ocrx_word' id='word_1_900' title='bbox 330 5881 480 5957; x_wconf 80' lang='lat' dir='ltr'><strong>(an.</strong></span> <span class='ocrx_word' id='word_1_901' title='bbox 515 5883 666 5957; x_wconf 77' lang='lat' dir='ltr'><strong>xvii).</strong></span> <span class='ocrx_word' id='word_1_902' title='bbox 709 5903 727 5940; x_wconf 74' lang='grc' dir='ltr'><strong><em>ι</em></strong></span> <span class='ocrx_word' id='word_1_903' title='bbox 783 5881 913 5940; x_wconf 84' lang='lat' dir='ltr'><strong>Nam</strong></span> <span class='ocrx_word' id='word_1_904' title='bbox 966 5899 1186 5955; x_wconf 82' lang='lat' dir='ltr'><strong>regnum</strong></span> <span class='ocrx_word' id='word_1_905' title='bbox 1236 5884 1329 5940; x_wconf 92' lang='lat' dir='ltr'><strong>Dei</strong></span> <span class='ocrx_word' id='word_1_906' title='bbox 1377 5895 1559 5941; x_wconf 81' lang='lat' dir='ltr'><strong>sancta</strong></span> <span class='ocrx_word' id='word_1_907' title='bbox 1588 5886 1681 5942; x_wconf 83' lang='lat' dir='ltr'><strong>Ec~</strong></span> 
     </span>
    </p>
   </div>
   <div class='ocr_carea' id='block_1_106' title="bbox 1800 4681 3376 4757">
    <p class='ocr_par' dir='ltr' id='par_1_106' title="bbox 1800 4681 3376 4757">
     <span class='ocr_line' id='line_1_106' title="bbox 1800 4681 3376 4757; baseline -0.005 -13"><span class='ocrx_word' id='word_1_908' title='bbox 1800 4713 1817 4744; x_wconf 87' lang='grc'><strong>‹</strong></span> <span class='ocrx_word' id='word_1_909' title='bbox 1863 4691 2021 4746; x_wconf 89' lang='lat' dir='ltr'><strong>vultis</strong></span> <span class='ocrx_word' id='word_1_910' title='bbox 2043 4689 2312 4745; x_wconf 90' lang='lat' dir='ltr'><strong>dimittam</strong></span> <span class='ocrx_word' id='word_1_911' title='bbox 2341 4687 2494 4741; x_wconf 89' lang='lat' dir='ltr'><strong>vobis</strong></span> <span class='ocrx_word' id='word_1_912' title='bbox 2519 4699 2728 4757; x_wconf 83' lang='lat' dir='ltr'><strong>regem</strong></span> <span class='ocrx_word' id='word_1_913' title='bbox 2749 4682 3097 4738; x_wconf 62' lang='lat' dir='ltr'><strong>Iudaeorum?</strong></span> <span class='ocrx_word' id='word_1_914' title='bbox 3127 4702 3146 4734; x_wconf 71' lang='grc' dir='ltr'><strong><em>ι</em></strong></span> <span class='ocrx_word' id='word_1_915' title='bbox 3179 4681 3376 4746; x_wconf 88' lang='lat' dir='ltr'><strong>Credo,</strong></span> 
     </span>
    </p>
   </div>
   <div class='ocr_carea' id='block_1_107' title="bbox 1794 4773 3378 4842">
    <p class='ocr_par' dir='ltr' id='par_1_107' title="bbox 1794 4773 3378 4842">
     <span class='ocr_line' id='line_1_107' title="bbox 1794 4773 3378 4842; baseline -0.006 -4"><span class='ocrx_word' id='word_1_916' title='bbox 1794 4798 1917 4837; x_wconf 90' lang='lat' dir='ltr'><strong>cum</strong></span> <span class='ocrx_word' id='word_1_917' title='bbox 1941 4781 2170 4836; x_wconf 90' lang='lat' dir='ltr'><strong>dixisset</strong></span> <span class='ocrx_word' id='word_1_918' title='bbox 2195 4777 2435 4832; x_wconf 88' lang='lat' dir='ltr'><strong>Pilatus:</strong></span> <span class='ocrx_word' id='word_1_919' title='bbox 2469 4775 2611 4842; x_wconf 91' lang='lat' dir='ltr'><strong>Quid</strong></span> <span class='ocrx_word' id='word_1_920' title='bbox 2635 4784 2718 4829; x_wconf 91' lang='lat' dir='ltr'><strong>est</strong></span> <span class='ocrx_word' id='word_1_921' title='bbox 2761 4773 2985 4840; x_wconf 90' lang='lat' dir='ltr'><strong>veritas,</strong></span> <span class='ocrx_word' id='word_1_922' title='bbox 3039 4773 3092 4828; x_wconf 91' lang='lat' dir='ltr'><strong>in</strong></span> <span class='ocrx_word' id='word_1_923' title='bbox 3141 4781 3378 4829; x_wconf 88' lang='lat' dir='ltr'><strong>mentem</strong></span> 
     </span>
    </p>
   </div>
   <div class='ocr_carea' id='block_1_108' title="bbox 1794 4863 3378 4936">
    <p class='ocr_par' dir='ltr' id='par_1_108' title="bbox 1794 4863 3378 4936">
     <span class='ocr_line' id='line_1_108' title="bbox 1794 4863 3378 4936; baseline -0.005 -9"><span class='ocrx_word' id='word_1_924' title='bbox 1794 4873 1870 4927; x_wconf 91' lang='lat' dir='ltr'><strong>illi</strong></span> <span class='ocrx_word' id='word_1_925' title='bbox 1896 4871 2111 4928; x_wconf 84' lang='lat' dir='ltr'><strong>venisse</strong></span> <span class='ocrx_word' id='word_1_926' title='bbox 2140 4868 2399 4924; x_wconf 89' lang='lat' dir='ltr'><strong>continuo</strong></span> <span class='ocrx_word' id='word_1_927' title='bbox 2424 4865 2868 4922; x_wconf 90' lang='lat' dir='ltr'><strong>consuetudinem</strong></span> <span class='ocrx_word' id='word_1_928' title='bbox 2897 4863 3226 4932; x_wconf 63' lang='lat' dir='ltr'><strong>Iudaeorum,</strong></span> <span class='ocrx_word' id='word_1_929' title='bbox 3271 4881 3378 4936; x_wconf 88' lang='lat' dir='ltr'><strong>qua</strong></span> 
     </span>
    </p>
   </div>
   <div class='ocr_carea' id='block_1_109' title="bbox 1792 4957 3376 5020">
    <p class='ocr_par' dir='ltr' id='par_1_109' title="bbox 1792 4957 3376 5020">
     <span class='ocr_line' id='line_1_109' title="bbox 1792 4957 3376 5020; baseline -0.005 0"><span class='ocrx_word' id='word_1_930' title='bbox 1792 4965 1998 5020; x_wconf 88' lang='lat' dir='ltr'><strong>solebat</strong></span> <span class='ocrx_word' id='word_1_931' title='bbox 2026 4963 2105 5018; x_wconf 89' lang='lat' dir='ltr'><strong>eis</strong></span> <span class='ocrx_word' id='word_1_932' title='bbox 2135 4961 2407 5018; x_wconf 90' lang='lat' dir='ltr'><strong>dimittere</strong></span> <span class='ocrx_word' id='word_1_933' title='bbox 2435 4974 2600 5015; x_wconf 91' lang='lat' dir='ltr'><strong>unum</strong></span> <span class='ocrx_word' id='word_1_934' title='bbox 2646 4958 2701 5012; x_wconf 90' lang='lat' dir='ltr'><strong>in</strong></span> <span class='ocrx_word' id='word_1_935' title='bbox 2740 4957 2949 5014; x_wconf 86' lang='lat' dir='ltr'><strong>Pascha</strong></span> <span class='ocrx_word' id='word_1_936' title='bbox 2977 4975 2990 5012; x_wconf 91' lang='lat'><strong>:</strong></span> <span class='ocrx_word' id='word_1_937' title='bbox 3019 4967 3076 5014; x_wconf 93' lang='lat' dir='ltr'><strong>et</strong></span> <span class='ocrx_word' id='word_1_938' title='bbox 3117 4958 3238 5014; x_wconf 89' lang='lat' dir='ltr'><strong>ideo</strong></span> <span class='ocrx_word' id='word_1_939' title='bbox 3268 4974 3376 5013; x_wconf 93' lang='lat' dir='ltr'><strong>non</strong></span> 
     </span>
    </p>
   </div>
   <div class='ocr_carea' id='block_1_110' title="bbox 1793 5051 3374 5129">
    <p class='ocr_par' dir='ltr' id='par_1_110' title="bbox 1793 5051 3374 5129">
     <span class='ocr_line' id='line_1_110' title="bbox 1793 5051 3374 5129; baseline -0.003 -15"><span class='ocrx_word' id='word_1_940' title='bbox 1793 5057 2127 5129; x_wconf 88' lang='lat' dir='ltr'><strong>exspectavit</strong></span> <span class='ocrx_word' id='word_1_941' title='bbox 2177 5064 2236 5114; x_wconf 90' lang='lat' dir='ltr'><strong>ut</strong></span> <span class='ocrx_word' id='word_1_942' title='bbox 2287 5054 2498 5108; x_wconf 89' lang='lat' dir='ltr'><strong>audiret</strong></span> <span class='ocrx_word' id='word_1_943' title='bbox 2531 5053 2598 5108; x_wconf 92' lang='lat' dir='ltr'><strong>ab</strong></span> <span class='ocrx_word' id='word_1_944' title='bbox 2625 5051 2752 5108; x_wconf 83' lang='lat' dir='ltr'><strong>Jesu</strong></span> <span class='ocrx_word' id='word_1_945' title='bbox 2795 5053 2926 5123; x_wconf 91' lang='lat' dir='ltr'><strong>quid</strong></span> <span class='ocrx_word' id='word_1_946' title='bbox 2965 5064 3110 5110; x_wconf 88' lang='lat' dir='ltr'><strong>esset</strong></span> <span class='ocrx_word' id='word_1_947' title='bbox 3150 5053 3374 5119; x_wconf 86' lang='lat' dir='ltr'><strong>veritas,</strong></span> 
     </span>
    </p>
   </div>
   <div class='ocr_carea' id='block_1_111' title="bbox 1792 5143 3379 5216">
    <p class='ocr_par' dir='ltr' id='par_1_111' title="bbox 1792 5143 3379 5216">
     <span class='ocr_line' id='line_1_111' title="bbox 1792 5143 3379 5216; baseline -0.003 -12"><span class='ocrx_word' id='word_1_948' title='bbox 1792 5165 1860 5204; x_wconf 91' lang='lat' dir='ltr'><strong>ne</strong></span> <span class='ocrx_word' id='word_1_949' title='bbox 1888 5162 2034 5202; x_wconf 91' lang='lat' dir='ltr'><strong>mora</strong></span> <span class='ocrx_word' id='word_1_950' title='bbox 2088 5146 2260 5210; x_wconf 81' lang='lat' dir='ltr'><strong>ﬁeret,</strong></span> <span class='ocrx_word' id='word_1_951' title='bbox 2291 5160 2412 5199; x_wconf 92' lang='lat' dir='ltr'><strong>cum</strong></span> <span class='ocrx_word' id='word_1_952' title='bbox 2459 5143 2772 5198; x_wconf 89' lang='lat' dir='ltr'><strong>recoluisset</strong></span> <span class='ocrx_word' id='word_1_953' title='bbox 2800 5158 3005 5200; x_wconf 91' lang='lat' dir='ltr'><strong>morem</strong></span> <span class='ocrx_word' id='word_1_954' title='bbox 3055 5159 3163 5216; x_wconf 91' lang='lat' dir='ltr'><strong>quo</strong></span> <span class='ocrx_word' id='word_1_955' title='bbox 3205 5147 3379 5216; x_wconf 88' lang='lat' dir='ltr'><strong>possit</strong></span> 
     </span>
    </p>
   </div>
   <div class='ocr_carea' id='block_1_112' title="bbox 1790 5233 3376 5308">
    <p class='ocr_par' dir='ltr' id='par_1_112' title="bbox 1790 5233 3376 5308">
     <span class='ocr_line' id='line_1_112' title="bbox 1790 5233 3376 5308; baseline -0.001 -15"><span class='ocrx_word' id='word_1_956' title='bbox 1790 5240 1870 5294; x_wconf 91' lang='lat' dir='ltr'><strong>eis</strong></span> <span class='ocrx_word' id='word_1_957' title='bbox 1893 5253 1991 5308; x_wconf 90' lang='lat' dir='ltr'><strong>per</strong></span> <span class='ocrx_word' id='word_1_958' title='bbox 2017 5236 2226 5292; x_wconf 87' lang='lat' dir='ltr'><strong>Pascha</strong></span> <span class='ocrx_word' id='word_1_959' title='bbox 2255 5235 2474 5290; x_wconf 91' lang='lat' dir='ltr'><strong>dimitti.</strong></span> <span class='ocrx_word' id='word_1_960' title='bbox 2509 5233 2635 5290; x_wconf 87' lang='lat' dir='ltr'><strong>Haec</strong></span> <span class='ocrx_word' id='word_1_961' title='bbox 2682 5249 2812 5290; x_wconf 89' lang='lat' dir='ltr'><strong>vero</strong></span> <span class='ocrx_word' id='word_1_962' title='bbox 2839 5238 3174 5300; x_wconf 28' lang='lat' dir='ltr'><strong>consuetudo,</strong></span> <span class='ocrx_word' id='word_1_963' title='bbox 3195 5237 3376 5292; x_wconf 90' lang='lat' dir='ltr'><strong>dimit-</strong></span> 
     </span>
    </p>
   </div>
   <div class='ocr_carea' id='block_1_113' title="bbox 1792 5327 3374 5404">
    <p class='ocr_par' dir='ltr' id='par_1_113' title="bbox 1792 5327 3374 5404">
     <span class='ocr_line' id='line_1_113' title="bbox 1792 5327 3374 5404; baseline -0.003 -17"><span class='ocrx_word' id='word_1_964' title='bbox 1792 5332 1935 5388; x_wconf 92' lang='lat' dir='ltr'><strong>tendi</strong></span> <span class='ocrx_word' id='word_1_965' title='bbox 1960 5329 2208 5385; x_wconf 89' lang='lat' dir='ltr'><strong>fortassis</strong></span> <span class='ocrx_word' id='word_1_966' title='bbox 2237 5336 2456 5400; x_wconf 90' lang='lat' dir='ltr'><strong>propter</strong></span> <span class='ocrx_word' id='word_1_967' title='bbox 2479 5327 2688 5383; x_wconf 89' lang='lat' dir='ltr'><strong>Pascha</strong></span> <span class='ocrx_word' id='word_1_968' title='bbox 2732 5329 2872 5404; x_wconf 88' lang='lat' dir='ltr'><strong>apud</strong></span> <span class='ocrx_word' id='word_1_969' title='bbox 2917 5329 3130 5386; x_wconf 72' lang='lat' dir='ltr'><strong>Judaeos</strong></span> <span class='ocrx_word' id='word_1_970' title='bbox 3161 5345 3374 5386; x_wconf 87' lang='lat' dir='ltr'><strong>reman-</strong></span> 
     </span>
    </p>
   </div>
   <div class='ocr_carea' id='block_1_114' title="bbox 1787 5420 3369 5492">
    <p class='ocr_par' dir='ltr' id='par_1_114' title="bbox 1787 5420 3369 5492">
     <span class='ocr_line' id='line_1_114' title="bbox 1787 5420 3369 5492; baseline -0.001 -13"><span class='ocrx_word' id='word_1_971' title='bbox 1787 5425 1876 5484; x_wconf 85' lang='lat' dir='ltr'><strong>sit,</strong></span> <span class='ocrx_word' id='word_1_972' title='bbox 1907 5432 1963 5478; x_wconf 92' lang='lat' dir='ltr'><strong>et</strong></span> <span class='ocrx_word' id='word_1_973' title='bbox 2005 5421 2321 5476; x_wconf 89' lang='lat' dir='ltr'><strong>memoriam</strong></span> <span class='ocrx_word' id='word_1_974' title='bbox 2373 5420 2706 5488; x_wconf 86' lang='lat' dir='ltr'><strong>liberatioms</strong></span> <span class='ocrx_word' id='word_1_975' title='bbox 2760 5421 2972 5476; x_wconf 92' lang='lat' dir='ltr'><strong>illorum</strong></span> <span class='ocrx_word' id='word_1_976' title='bbox 3003 5437 3070 5477; x_wconf 87' lang='lat' dir='ltr'><strong>ex</strong></span> <span class='ocrx_word' id='word_1_977' title='bbox 3097 5421 3369 5492; x_wconf 66' lang='lat' dir='ltr'><strong>z‘Egypto;</strong></span> 
     </span>
    </p>
   </div>
   <div class='ocr_carea' id='block_1_115' title="bbox 1793 5513 3373 5588">
    <p class='ocr_par' dir='ltr' id='par_1_115' title="bbox 1793 5513 3373 5588">
     <span class='ocr_line' id='line_1_115' title="bbox 1793 5513 3373 5588; baseline -0.004 -16"><span class='ocrx_word' id='word_1_978' title='bbox 1793 5519 1917 5588; x_wconf 89' lang='lat' dir='ltr'><strong>quia</strong></span> <span class='ocrx_word' id='word_1_979' title='bbox 1943 5517 1995 5570; x_wconf 93' lang='lat' dir='ltr'><strong>in</strong></span> <span class='ocrx_word' id='word_1_980' title='bbox 2034 5514 2243 5570; x_wconf 88' lang='lat' dir='ltr'><strong>Pascha</strong></span> <span class='ocrx_word' id='word_1_981' title='bbox 2293 5513 2728 5580; x_wconf 87' lang='lat' dir='ltr'><strong>liberatisunta</strong></span> <span class='ocrx_word' id='word_1_982' title='bbox 2757 5515 3050 5584; x_wconf 74' lang='lat' dir='ltr'><strong>servitute.</strong></span> <span class='ocrx_word' id='word_1_983' title='bbox 3096 5514 3201 5567; x_wconf 88' lang='lat' dir='ltr'><strong>Sed</strong></span> <span class='ocrx_word' id='word_1_984' title='bbox 3253 5529 3373 5568; x_wconf 86' lang='lat' dir='ltr'><strong>om-</strong></span> 
     </span>
    </p>
   </div>
   <div class='ocr_carea' id='block_1_116' title="bbox 1793 5605 3368 5672">
    <p class='ocr_par' dir='ltr' id='par_1_116' title="bbox 1793 5605 3368 5672">
     <span class='ocr_line' id='line_1_116' title="bbox 1793 5605 3368 5672; baseline -0.003 -7"><span class='ocrx_word' id='word_1_985' title='bbox 1793 5625 1889 5666; x_wconf 93' lang='lat' dir='ltr'><strong>nes</strong></span> <span class='ocrx_word' id='word_1_986' title='bbox 1917 5608 2192 5663; x_wconf 86' lang='lat' dir='ltr'><strong>audientes</strong></span> <span class='ocrx_word' id='word_1_987' title='bbox 2223 5607 2594 5662; x_wconf 88' lang='lat' dir='ltr'><strong>clamaverunt</strong></span> <span class='ocrx_word' id='word_1_988' title='bbox 2625 5622 2864 5672; x_wconf 89' lang='lat' dir='ltr'><strong>rursum,</strong></span> <span class='ocrx_word' id='word_1_989' title='bbox 2889 5621 3078 5662; x_wconf 88' lang='lat' dir='ltr'><strong>omnes</strong></span> <span class='ocrx_word' id='word_1_990' title='bbox 3091 5605 3368 5660; x_wconf 91' lang='lat' dir='ltr'><strong>dicentes:</strong></span> 
     </span>
    </p>
   </div>
   <div class='ocr_carea' id='block_1_117' title="bbox 1869 5694 3366 5765">
    <p class='ocr_par' dir='ltr' id='par_1_117' title="bbox 1869 5694 3366 5765">
     <span class='ocr_line' id='line_1_117' title="bbox 1869 5694 3366 5765; baseline 0 -14"><span class='ocrx_word' id='word_1_991' title='bbox 1869 5719 1887 5751; x_wconf 74' lang='grc' dir='ltr'>σ</span> <span class='ocrx_word' id='word_1_992' title='bbox 1915 5698 2030 5754; x_wconf 87' lang='lat' dir='ltr'><strong>Non</strong></span> <span class='ocrx_word' id='word_1_993' title='bbox 2052 5699 2217 5765; x_wconf 88' lang='lat' dir='ltr'><strong>hunc,</strong></span> <span class='ocrx_word' id='word_1_994' title='bbox 2242 5698 2336 5753; x_wconf 90' lang='lat' dir='ltr'><strong>sed</strong></span> <span class='ocrx_word' id='word_1_995' title='bbox 2357 5697 2678 5754; x_wconf 90' lang='lat' dir='ltr'><strong>Barabbam.</strong></span> <span class='ocrx_word' id='word_1_996' title='bbox 2708 5698 2840 5752; x_wconf 85' lang='lat' dir='ltr'><strong>Erat</strong></span> <span class='ocrx_word' id='word_1_997' title='bbox 2864 5696 3140 5751; x_wconf 84' lang='lat' dir='ltr'><strong>Barabbas</strong></span> <span class='ocrx_word' id='word_1_998' title='bbox 3162 5694 3321 5751; x_wconf 88' lang='lat' dir='ltr'><strong>latro.</strong></span> <span class='ocrx_word' id='word_1_999' title='bbox 3346 5717 3366 5750; x_wconf 69' lang='grc' dir='ltr'><strong>ι</strong></span> 
     </span>
    </p>
   </div>
   <div class='ocr_carea' id='block_1_118' title="bbox 1792 5790 3372 5862">
    <p class='ocr_par' dir='ltr' id='par_1_118' title="bbox 1792 5790 3372 5862">
     <span class='ocr_line' id='line_1_118' title="bbox 1792 5790 3372 5862; baseline -0.001 -15"><span class='ocrx_word' id='word_1_1000' title='bbox 1792 5793 2067 5848; x_wconf 87' lang='lat' dir='ltr'><strong>Barabbas</strong></span> <span class='ocrx_word' id='word_1_1001' title='bbox 2093 5792 2196 5846; x_wconf 90' lang='lat' dir='ltr'><strong>iste</strong></span> <span class='ocrx_word' id='word_1_1002' title='bbox 2225 5792 2367 5861; x_wconf 84' lang='lat' dir='ltr'><strong>ﬁlius</strong></span> <span class='ocrx_word' id='word_1_1003' title='bbox 2397 5793 2634 5861; x_wconf 76' lang='lat' dir='ltr'><strong>magistri</strong></span> <span class='ocrx_word' id='word_1_1004' title='bbox 2659 5807 2839 5845; x_wconf 84' lang='lat' dir='ltr'><strong>eorum</strong></span> <span class='ocrx_word' id='word_1_1005' title='bbox 2879 5796 3289 5862; x_wconf 81' lang='lat' dir='ltr'><strong>interpretatur,</strong></span> <span class='ocrx_word' id='word_1_1006' title='bbox 3317 5790 3372 5845; x_wconf 91' lang='lat' dir='ltr'><strong>id</strong></span> 
     </span>
    </p>
   </div>
   <div class='ocr_carea' id='block_1_119' title="bbox 1792 5882 3368 5955">
    <p class='ocr_par' dir='ltr' id='par_1_119' title="bbox 1792 5882 3368 5955">
     <span class='ocr_line' id='line_1_119' title="bbox 1792 5882 3368 5955; baseline -0.006 -10"><span class='ocrx_word' id='word_1_1007' title='bbox 1792 5897 1874 5945; x_wconf 82' lang='lat' dir='ltr'><strong>est</strong></span> <span class='ocrx_word' id='word_1_1008' title='bbox 1903 5885 2123 5951; x_wconf 83' lang='lat' dir='ltr'><strong>diaboli,</strong></span> <span class='ocrx_word' id='word_1_1009' title='bbox 2167 5887 2256 5955; x_wconf 84' lang='lat' dir='ltr'><strong>qui</strong></span> <span class='ocrx_word' id='word_1_1010' title='bbox 2307 5885 2563 5955; x_wconf 76' lang='lat' dir='ltr'><strong>magister</strong></span> <span class='ocrx_word' id='word_1_1011' title='bbox 2613 5883 2713 5940; x_wconf 89' lang='lat' dir='ltr'><strong>fuit</strong></span> <span class='ocrx_word' id='word_1_1012' title='bbox 2765 5883 2847 5938; x_wconf 87' lang='lat' dir='ltr'><strong>vel</strong></span> <span class='ocrx_word' id='word_1_1013' title='bbox 2895 5882 3022 5939; x_wconf 86' lang='lat' dir='ltr'><strong>huic</strong></span> <span class='ocrx_word' id='word_1_1014' title='bbox 3074 5882 3268 5940; x_wconf 86' lang='lat' dir='ltr'><strong>latroni</strong></span> <span class='ocrx_word' id='word_1_1015' title='bbox 3313 5882 3368 5938; x_wconf 91' lang='lat' dir='ltr'><strong>in</strong></span> 
     </span>
    </p>
   </div>
  </div>
