3934 6346
544 458 648 515 45³5

1166 444 1519 506 HAYMONIS
1558 444 2034 502 HALBERSTAT.
2078 441 2290 499 EPISC.
2346 412 2501 499 'OPP.
2544 442 2722 498 PARS
2762 443 2824 499 ll.
2852 475 2915 486 —
2950 444 3183 500 HOMIL.

3798 445 3891 500 436

548 578 751 635 scelere
773 588 888 637 suo,
911 567 990 625 vel
1012 567 1209 626 Judaeis
1232 567 1283 621 in
1311 560 1838 637 impietateperiidite
1860 576 1987 616 suze.
2012 557 2126 613 Non
2158 559 2204 617 A
2239 576 2255 605 ι
2301 557 2497 610 timuit.
2551 555 2616 611 Et
2667 556 2943 627 ingressus
3000 567 3083 612 est
3133 558 3455 628 praetorium
3540 557 3813 621 iterum,
3854 572 3897 614 ei

549 664 1006 740 reprehendimus,
1033 676 1065 715 ο
1100 658 1293 725 Judaei,
1319 656 1462 728 quod
1509 670 1607 726 per
1646 652 1856 708 Pascha
1884 650 2125 705 liberatis

550 772 848 826 nocentem,
906 756 999 815 sed
1047 753 1189 826 quod
1236 752 1511 809 occidistis
1563 750 1921 803 innocentem.
1974 742 2126 811 Quod

550 869 731 916 tamen
761 853 865 909 nisi
902 851 1078 914 ﬁeret,
1102 862 1289 902 verum
1315 842 1522 899 Pascha
1546 856 1653 895 non
1682 840 1850 895 fieret.
1885 834 1991 893 Sed
2016 850 2130 889 um-

549 948 646 1005 bra
671 942 914 1001 veritatis
940 956 970 994 a
992 926 1192 994 Iudaeis
1212 934 1515 990 errantibus
1545 929 1847 993 tenebatur,
1877 933 1931 981 et
1960 924 2129 980 mira-

548 1037 642 1096 bili
694 1029 1089 1104 dispensatione
1144 1025 1337 1082 divinze
1404 1023 1677 1095 sapientiae
1733 1034 1830 1092 per
1887 1015 2134 1071 homines

554 1128 773 1183 fallaces
799 1125 1039 1194 ejusdem
1088 1120 1293 1175 umbrae
1345 1116 1547 1174 veritas
1594 1114 1935 1185 implebatur.
1980 1108 2131 1177 Quod

555 1230 613 1277 ut
639 1235 830 1275 verum
860 1214 1065 1272 Pascha
1117 1214 1292 1277 lieret,
1338 1210 1583 1267 Christus
1610 1208 1757 1263 velut
1794 1206 1912 1265 ovis
1944 1205 2135 1260 immo-

552 1311 841 1455 latial'i‘liinc
866 1390 1217 1468 apprehendit
1246 1391 1449 1447 Pilatus
1476 1389 1682 1456 Jesum,
1704 1397 1759 1444 et
1778 1386 2083 1460 ﬂagellavit.
2114 1405 2132 1437 ι

555 1494 671 1551 Hoc
695 1493 900 1548 Pilatus
929 1505 1036 1545 non
1066 1486 1136 1542 ob
1160 1485 1301 1540 aliud
1333 1484 1524 1540 fecisse
1562 1483 1861 1538 credendus
1886 1490 1992 1546 est,
2036 1478 2140 1535 nisi

560 1598 618 1644 ut
646 1585 764 1657 ejus
804 1583 1016 1654 injuriis
1059 1579 1229 1637 Judaei
1256 1578 1432 1634 satiati
1460 1574 1702 1634 sufficere
1732 1575 1835 1633 sibi
1865 1573 2142 1629 existima-

563 1684 698 1741 rent,
727 1683 781 1729 et
818 1687 986 1744 usque
1023 1671 1088 1726 ad
1127 1669 1243 1739 ejus
1287 1676 1515 1725 mortem
1565 1662 1753 1721 saevire
1798 1665 2139 1721 desisterent.

502 1800 513 1810 -
561 1771 641 1825 Ad
667 1770 770 1825 hoc
813 1767 1067 1839 pertinet,
1100 1763 1241 1833 quod
1291 1761 1429 1818 idem
1462 1775 1662 1832 praeses
1690 1759 1969 1815 cohortem
1992 1773 2145 1813 suam

559 1860 805 1932 permisit
825 1858 1021 1925 facere,
1048 1872 1167 1928 qua:
1185 1863 1516 1924 sequuntur:

2235 670 2250 698 ι
2300 649 2520 703 dixitad
2552 647 2733 704 Jesum
2762 668 2772 701 :
2813 648 2964 705 Unde
2995 666 3055 705 es
3080 659 3134 704 tu
3158 651 3181 703 ?
3209 650 3371 706 Jesus
3403 660 3645 706 autem
3674 665 3892 720 respue.

2237 761 2251 789 ‹
2296 756 2413 795 sum
2446 756 2551 794 non
2591 739 2737 795 dedit
2766 740 2834 794 ei.
2868 761 2883 790 ι
2930 738 3043 796 Hoc
3094 742 3368 798 silentium
3405 742 3691 797 Domini
3720 757 3883 797 nostri

2229 829 2353 884 Jesu
2404 828 2604 885 Christi
2655 845 2760 884 non
2808 829 2974 885 semel
3029 830 3260 898 factum,
3313 832 3571 888 collatis
3640 833 3883 887 omnium

2232 922 2683 993 evangelistarum
2748 922 3151 977 narrationibus
3204 924 3527 994 reperitur,
3618 933 3691 978 et
3757 928 3877 994 apud

2233 1014 2507 1084 principes
2550 1012 2914 1080 sacerdotum,
2971 1025 3025 1069 et
3079 1016 3216 1086 apud
3248 1015 3587 1081 Herodem,
3660 1025 3727 1070 et
3758 1017 3879 1086 θῇ

2235 1107 2468 1163 Pilatum
2494 1123 2507 1160 :
2539 1115 2717 1162 tamen
2746 1115 2969 1181 propter
2988 1108 3131 1173 illos,
3156 1110 3351 1178 quibus
3378 1111 3780 1180 respondere
3802 1125 3876 1163 ne-

2234 1199 2355 1265 luit,
2388 1198 2455 1254 ad
2502 1198 2604 1254 l:oc
2635 1197 2758 1253 data
2784 1207 2867 1253 est
2896 1197 2962 1253 de
3008 1216 3146 1269 agno
3173 1201 3514 1265 similitudo,
3562 1209 3639 1253 ut
3696 1201 3753 1254 in
3796 1215 3874 1255 ω

2238 1290 2455 1349 silentio
2484 1305 2588 1346 non
2612 1304 2755 1354 reus,
2792 1288 2886 1344 sed
2911 1289 3170 1344 innocens
3192 1289 3531 1344 haberetur.

2317 1404 2334 1435 ε
2382 1381 2681 1454 Respondit
2723 1379 2921 1436 Jesus:
2955 1379 3072 1435 Non
3126 1379 3357 1437 haberes
3412 1380 3759 1435 adversum
3802 1395 3868 1433 me

2247 1496 2264 1527 ι
2302 1474 2461 1546 ullam
2508 1482 2850 1543 potestatem,
2888 1471 2993 1527 nisi
3035 1471 3127 1526 tibi
3174 1473 3354 1526 datum
3388 1478 3567 1527 esset
3624 1470 3860 1540 desuper.

2250 1587 2266 1618 ι
2296 1566 2585 1636 Propterea
2615 1565 2705 1635 qui
2752 1563 2975 1644 tradidit
3024 1579 3111 1619 me
3154 1563 3271 1630 tibi,
3319 1562 3517 1633 majus
3574 1570 3857 1634 peccatum

2252 1682 2269 1713 ι
2304 1661 2487 1716 habet.
2532 1680 2549 1711 ι
2594 1659 2729 1715 Ecce
2778 1659 3073 1730 respondit,
3124 1667 3179 1713 et
3229 1667 3415 1713 tamen
3482 1673 3613 1713 non
3680 1657 3859 1727 ubiqe

2248 1753 2543 1824 respondit,
2578 1766 2682 1806 non
2741 1751 2881 1808 sicut
2932 1765 3057 1805 reus
3107 1750 3220 1805 sive
3263 1749 3523 1814 dolosus,
3577 1747 3690 1804 sed
3742 1748 3855 1802 sicut

2250 1859 2440 1917 agnus,
2472 1842 2576 1898 hoc
2620 1850 2702 1897 est
2748 1841 2885 1897 sicut
2913 1840 3141 1912 simplex
3196 1850 3358 1910 atque
3413 1841 3717 1895 innocens
3768 1856 3852 1891 me

639 1971 659 2004 ι
696 1950 762 2006 Ει
789 1916 1328 2018 milites,'piectent-es
1368 1959 1623 2001 coronam
1650 1945 1714 2000 de
1741 1942 1930 2013 spinis,
1962 1942 2137 2013 impo-
2166 1916 2214 1976 Β
2245 1938 2457 2008 aperuit
2483 1952 2544 1992 os
2569 1951 2746 1991 suum.
2778 1931 3009 1991 Proinde
3038 1933 3127 1989 ubi
3152 1948 3259 1988 non
3290 1931 3709 2002 respondebat,
3732 1932 3848 1984 simi

571 2062 587 2093 ι
622 2047 844 2099 suerunt
871 2038 1030 2111 capiti
1079 2038 1224 2108 ejus;
1270 2046 1324 2093 et
1352 2044 1499 2093 veste
1537 2050 1805 2107 purpurea
1846 2034 2142 2089 circumde-

571 2152 589 2184 ι
627 2133 819 2187 derunt
865 2146 1019 2196 eum,
1068 2137 1121 2183 et
1158 2128 1444 2184 veniebant
1472 2126 1536 2182 ad
1583 2142 1729 2191 eum,
1756 2131 1810 2179 et
1849 2124 2102 2180 dicebant
2127 2142 2163 2185 ε,

573 2242 592 2276 ι
624 2222 758 2287 Ave,
781 2235 874 2276 rex
895 2218 1198 2279 Judzeorum
1221 2236 1233 2285 ;
1260 2226 1313 2273 et
1334 2219 1531 2274 dabant
1557 2218 1604 2272 ei
1635 2218 1837 2289 alapas.
1866 2235 1883 2268 ι
1919 2214 2009 2271 Sic
2044 2215 2144 2271 im-

568 2314 857 2387 plebantur
901 2329 1018 2383 quae
1049 2311 1373 2384 praedixerat
1401 2311 1464 2366 de
1489 2326 1546 2365 se
1575 2309 1823 2365 Christus
1852 2326 1865 2362 :
1893 2307 1971 2363 sic
2002 2322 2144 2361 mar-

571 2418 718 2482 tyres
767 2409 832 2462 ad
860 2408 1038 2463 omnia
1070 2405 1518 2470 informabanttn',
1545 2420 1663 2475 quae
1710 2400 2145 2475 persecutoribus

566 2502 811 2557 libuisset
836 2498 1035 2566 facere,
1063 2498 1422 2570 perferenda:
1472 2498 1550 2553 sic
1592 2494 1864 2566 paululum
1911 2492 2145 2549 occulta-

567 2592 728 2647 batur
748 2590 1022 2645 tremenda
1061 2587 1319 2659 potentia,
1355 2601 1475 2657 qum
1500 2584 1976 2642 commendabatur
1998 2582 2146 2652 prius

570 2682 824 2737 imitanda
849 2680 1104 2751 patientia
1131 2696 1142 2733 :
1173 2680 1251 2733 sic
1288 2692 1529 2748 regnum,
1559 2676 1700 2747 quod
1730 2676 1795 2730 de
1824 2676 1926 2729 boc
1948 2673 2147 2727 mundo

575 2790 679 2828 non
704 2783 840 2838 erat,
872 2772 1157 2842 superbum
1182 2769 1438 2825 mundum
1465 2782 1572 2823 non
1593 2766 1879 2822 atrocitate
1900 2778 2145 2842 pugnan-

574 2862 649 2927 di,
684 2861 777 2915 sed
801 2838 1037 2931 patiendi
1064 2858 1365 2914 humilitate
1393 2857 1686 2927 superavit.
1718 2852 1810 2911 Sic
1860 2838 1987 2908 inim
2018 2867 2145 2924 gra-

573 2965 701 3005 num
729 2949 1186 3020 multiplicandum
1221 2947 1591 3003 seminabatur
1620 2959 1775 3017 poena
1799 2943 2064 3008 horribili,
2091 2952 2150 2998 ut

568 3053 753 3116 postea
781 3044 1067 3116 pullularet
1088 3045 1141 3098 in
1170 3042 1355 3114 gloria.

650 3157 668 3190 ε
702 3137 849 3194 Exiit
869 3138 1065 3192 iterum
1103 3135 1305 3192 Pilatus
1331 3134 1495 3197 foras,
1537 3134 1673 3189 dixit
1707 3135 1823 3190 eis:
1872 3132 2008 3189 Ecce
2052 3132 2147 3188 ad-

576 3248 596 3281 :
640 3231 778 3285 duco
825 3244 947 3285 eum
983 3227 1134 3283 vobis
1186 3226 1329 3283 foras
1356 3269 1370 3293 ,
1426 3234 1485 3281 ut
1539 3226 1875 3295 cognoscatis
1920 3226 2042 3294 quia
2093 3222 2148 3277 in

578 3339 597 3373 ι
628 3334 694 3377 eo
733 3319 929 3375 nullam
970 3333 1186 3374 causam
1232 3318 1462 3374 invenio.
1508 3316 1652 3372 Exiit
1688 3332 1816 3389 ergo
1851 3315 2007 3372 Jesus
2032 3330 2155 3385 por-

580 3431 597 3464 ι
634 3420 752 3468 tans
772 3414 1013 3482 spineam
1037 3424 1291 3466 coronam
1316 3419 1371 3465 et
1398 3422 1726 3481 purpureum
1749 3411 2148 3473 vestimentum,

580 3523 598 3557 ι
636 3514 688 3562 et
711 3504 839 3560 dicit
863 3505 979 3560 eis:
1010 3503 1149 3559 Ecce
1187 3504 1366 3560 homo.
1392 3522 1411 3554 ι
1441 3501 1577 3560 Hinc
1603 3512 1822 3573 apparet
1868 3519 1973 3558 non
2006 3505 2155 3576 igno-

576 3602 730 3650 rante
756 3592 929 3649 Pilato
973 3594 1088 3649 haec
1113 3609 1143 3647 a
1171 3594 1429 3650 militibus
1456 3593 1619 3659 facta,
1662 3596 1775 3649 sive
1821 3596 2147 3664 permiserit,

573 3688 664 3743 illa
684 3687 889 3743 scilicet
921 3701 1083 3741 causa
1115 3702 1276 3756 quam
1321 3701 1479 3757 supra
1504 3686 1758 3749 diximus,
1784 3695 1844 3741 ut
1889 3688 2003 3759 haec
2033 3689 2150 3758 ejus

576 3777 804 3831 ludibria
858 3777 1061 3831 inimici
1111 3777 1465 3831 libentissime
1505 3776 1772 3841 viderent,
1818 3787 1872 3832 et
1921 3777 2150 3835 ulterius

575 3868 887 3941 sanguinem
912 3884 1016 3923 non
1051 3868 1278 3923 sitirent.
1318 3867 1704 3939 Egrediebatur
1744 3868 1807 3922 ad
1835 3884 1928 3924 eos
1972 3869 2149 3938 Jesus,

578 3968 805 4030 portans
848 3960 1088 4029 spineam
1116 3973 1369 4013 coronam
1420 3966 1475 4013 et
1498 3973 1826 4029 purpureum
1865 3961 2151 4019 vestimen-

578 4058 728 4105 tum:
766 4065 873 4105 non
926 4050 1105 4105 clarus
1160 4048 1401 4118 imperio,
1455 4049 1547 4104 sed
1596 4049 1786 4119 plenus
1837 4054 2147 4123 opprobrio.

582 4163 600 4195 ι
634 4142 702 4197 Et
726 4142 853 4197 dicit
877 4143 994 4197 eis:
1026 4141 1167 4196 Ecce
1202 4141 1380 4196 homo.
1425 4162 1441 4193 ›
1477 4141 1533 4196 Si
1566 4143 1680 4214 regi
1726 4142 2000 4212 invidetis,
2039 4145 2149 4214 jam

574 4236 803 4308 parcite,
824 4236 949 4305 quia
986 4233 1249 4303 dejectum
1272 4232 1485 4290 videtis.
1509 4235 1828 4305 Flagellatus
1858 4245 1959 4301 est,
1985 4237 2151 4308 spinis

576 4334 864 4382 coronatus
891 4334 994 4390 est,
1034 4326 1324 4381 ludibriosa
1358 4333 1506 4381 veste
1547 4326 1774 4382 amictus
1821 4337 1924 4395 est,
1954 4331 2152 4386 amaris

575 4417 833 4473 conviciis
855 4415 1043 4471 illusus
1067 4424 1168 4478 est,
1186 4415 1355 4486 alapis
1383 4429 1554 4470 caesus
1573 4422 1657 4470 cst
1682 4435 1694 4470 :
1723 4414 1892 4473 fervet
1920 4419 2148 4491 ignomi-

576 4513 686 4577 nia,
721 4511 973 4585 frigescat
998 4493 1237 4566 invidia:
1271 4509 1364 4565 sed
1395 4525 1499 4565 non
1548 4510 1810 4583 frigescit,
1858 4514 2151 4572 inardescit

574 4605 755 4676 potius
772 4613 827 4660 et
855 4604 1128 4659 increscit.

652 4715 670 4746 ι
707 4695 839 4750 Cum
863 4708 990 4765 ergo
1019 4693 1280 4748 vidissent
1316 4706 1437 4747 eum
1490 4692 1768 4763 pontiﬁces
1795 4702 1848 4749 et
1894 4694 2150 4762 ministri,

584 4802 601 4833 ε
646 4783 953 4837 clamabant
980 4824 994 4847 ,
1040 4783 1277 4837 dicentes
1319 4781 1648 4853 :Cruciiige,
1700 4784 1953 4856 crucillge
2003 4801 2147 4841 eum.

584 4892 604 4921 ι
640 4872 786 4926 Dixit
807 4874 884 4927 eis
911 4872 1148 4928 Pilatus:
1185 4873 1427 4943 Accipite
1457 4888 1579 4928 eum
1610 4889 1723 4939 vos,
1752 4885 1806 4928 et
1828 4875 2145 4944 crucifigite.

585 4983 601 5011 ι
640 4962 751 5031 Ego
774 4963 915 5016 enim
968 4978 1070 5017 non
1121 4964 1335 5017 invenio
1363 4964 1414 5018 in
1462 4978 1527 5019 eo
1565 4979 1805 5019 causam.
1836 4966 2147 5037 Responde-

586 5072 605 5103 ε
640 5059 764 5105 runt
790 5050 994 5106 Judaei:
1048 5052 1153 5108 Nos
1203 5054 1370 5124 legem
1421 5054 1702 5121 habemus,
1748 5066 1801 5111 et
1851 5056 2144 5111 secundum

587 5162 601 5189 ι
633 5142 804 5210 legem
833 5141 992 5197 debet
1021 5144 1177 5205 mori,
1203 5146 1329 5214 quia
1362 5144 1557 5201 Filium
1590 5146 1683 5202 Dei
1711 5163 1768 5202 se
1792 5146 1935 5203 fecit.
1964 5168 1980 5198 ›
2012 5147 2150 5201 Ecce

581 5233 749 5287 altera
781 5234 953 5304 major
979 5235 1214 5290 invidia:
1271 5254 1434 5307 parva
1480 5240 1565 5295 illa
1602 5242 1797 5313 quippe
1848 5241 2148 5307 videbatur,

579 5320 724 5375 velut
751 5321 1024 5377 alfectaret
1054 5338 1270 5395 regnum
1298 5327 1484 5383 illicito
1509 5346 1638 5384 ausu
1668 5332 1828 5400 regiae
1852 5333 2151 5401 potestatis,

578 5422 633 5467 et
658 5422 835 5468 tamen
868 5422 1116 5468 neutrum
1146 5415 1246 5469 sibi
1278 5416 1434 5474 Jesus
1481 5422 1813 5476 mendaciter
1852 5426 2149 5493 usurpavit.

578 5506 672 5561 sed
700 5513 990 5577 utrumque
1015 5521 1200 5562 verum
1231 5519 1349 5563 est:
1393 5520 1447 5565 et
1482 5515 1788 5584 unigenitus
1834 5516 1923 5570 Dei
1973 5517 2141 5572 Filius

577 5607 680 5664 est,
731 5608 788 5653 et
830 5614 926 5655 rex
952 5614 983 5653 a
1028 5601 1134 5656 Deo
1168 5603 1492 5656 constitutus
1550 5621 1711 5676 super
1744 5608 1871 5662 Sion
1907 5620 2142 5664 montem

578 5690 821 5744 sanctum
846 5693 964 5762 ejus
979 5709 998 5752 ,ς
1028 5700 1081 5747 et
1110 5701 1402 5763 utrumque
1441 5711 1579 5749 nunc
1601 5698 2015 5766 demonstraret,
2042 5702 2143 5756 nisi

578 5789 780 5847 quanto
798 5792 915 5838 erat
963 5785 1254 5855 potentior,
1294 5794 1446 5841 tanto
1491 5788 1805 5844 malietesse
1833 5792 2141 5861 patientior.

653 5889 671 5925 α
706 5870 839 5928 Cum
865 5880 993 5945 ergo
1037 5876 1277 5932 audisset
1315 5875 1518 5933 Pilatus
1563 5879 1663 5934 hoc
1700 5881 1943 5943 verbum,
1979 5882 2148 5952 magis

2243 2033 2359 2088 ovis
2385 2032 2612 2088 silebat:
2646 2030 2735 2085 ubi
2761 2030 3142 2100 respondebat,
3172 2028 3311 2083 sicut
3360 2036 3572 2098 pastor
3608 2026 3845 2081 docebat.

2246 2128 2498 2184 Dicamus
2530 2141 2662 2196 ergo
2690 2125 2832 2195 quod
2872 2123 3026 2189 dixit,
3052 2122 3194 2193 quod
3223 2131 3275 2177 et
3318 2138 3417 2194 per
3446 2120 3829 2195 Apostoleram

2246 2218 2427 2274 docuit
2463 2236 2475 2271 :
2518 2216 2643 2287 quia
2671 2222 2779 2270 neu
2826 2234 2843 2265 ι
2875 2222 2959 2271 est
2990 2221 3230 2285 potestas
3276 2213 3379 2268 nisi
3427 2229 3462 2267 a
3522 2213 3645 2268 Deo
3672 2209 3819 2283 (Ras.

2247 2309 2387 2381 xui).
2438 2330 2455 2360 ι
2485 2307 2550 2362 Et
2582 2306 2708 2377 quia
2750 2305 2870 2377 plus
2900 2314 3089 2376 peccat
3126 2305 3218 2377 qui
3262 2306 3526 2376 potestati
3587 2306 3821 2359 innocen-

2250 2412 2356 2456 tem
2383 2400 2738 2456 occidendum
2769 2398 2938 2453 livore
2995 2397 3180 2463 tradit,
3233 2413 3396 2467 quam
3424 2404 3683 2467 potestas
3714 2394 3833 2463 ipsa,

2242 2492 2291 2548 si
2323 2508 2444 2547 eum
2499 2505 2621 2545 cum
2661 2490 2852 2544 timore
2903 2488 3124 2544 alterius
3158 2487 3378 2557 majoris
3421 2486 3721 2559 potestatis
3757 2498 3835 2542 oc-

2203 2582 2221 2603 '
2248 2581 2397 2637 cidit.
2436 2578 2620 2634 Talem
2653 2578 2849 2651 quippe
2904 2578 3162 2634 Dominus
3206 2577 3376 2635 Pilato
3412 2578 3639 2633 dederat
3693 2584 3837 2647 pote.

2250 2681 2465 2735 statem,
2492 2678 2549 2725 ut
2582 2677 2725 2724 esset
2771 2669 2934 2724 etiam
2981 2669 3079 2723 sub
3106 2668 3338 2727 Caesaris
3379 2676 3664 2738 potestate,
3699 2679 3839 2737 qua-

2246 2772 2470 2834 propter
2520 2761 2728 2831 inquit:
2759 2778 2777 2810 ι
2816 2759 2932 2814 Non
2959 2759 3189 2841 haberes
3218 2761 3473 2814 adversum
3524 2770 3607 2810 me
3643 2756 3835 2810 ullam

2248 2865 2593 2931 potestatem,
2626 2877 2643 2907 ι
2688 2853 2742 2909 id
2778 2863 2881 2921 est,
2922 2854 3441 2925 quantulamcunque
3478 2851 3681 2913 babes,
3716 2845 3832 2904 nisi

2250 2950 2353 3005 hoc
2375 2950 2570 3019 ipsum,
2596 2944 2856 3017 quidquid
2885 2954 2990 3011 est,
3038 2945 3138 3001 tibi
3171 2952 3317 3001 esset
3345 2944 3523 2999 datum
3564 2941 3826 3010 desuper.

2252 3023 2357 3102 Sed
2384 3044 2639 3116 quoniam
2695 3042 2808 3097 scio
2851 3048 3110 3112 quantum
3161 3039 3230 3096 sit
3288 3041 3415 3112 (non
3448 3038 3593 3092 enim
3624 3044 3828 3090 tantum

2254 3148 2356 3206 est,
2386 3147 2446 3195 ut
2475 3136 2571 3194 tibi
2599 3132 2911 3192 omnimodo
2939 3133 3164 3190 liberum
3208 3133 3322 3204 sit),
3362 3152 3381 3184 ε
3413 3141 3698 3204 propterea
3746 3127 3823 3197 qui

2259 3233 2481 3289 tradidit
2503 3246 2589 3287 me
2616 3230 2736 3296 tibi,
2759 3227 2931 3299 majus
2959 3234 3237 3299 peccatum
3268 3225 3450 3282 habet.
3480 3244 3500 3277 ι
3535 3222 3628 3279 Ille
3647 3221 3823 3293 quippe

2261 3340 2347 3381 me
2375 3336 2480 3380 tuae
2500 3324 2753 3396 potestati
2778 3321 2996 3378 tradidit
3018 3319 3326 3385 invidendo,
3362 3327 3417 3373 tu
3441 3333 3576 3372 vero
3601 3315 3819 3372 eamdem
3910 3342 3911 3347 η

2261 3424 2578 3488 potestatem
2630 3415 2682 3470 in
2714 3428 2801 3468 me
2832 3413 3229 3468 exercitaturus
3266 3426 3326 3465 es
3376 3408 3708 3465 metuendo:
3738 3419 3817 3459 nec

2259 3507 2498 3563 timendo
2527 3504 2765 3576 quidem,
2793 3504 3095 3575 praesertim
3126 3503 3497 3566 innocentem,
3550 3500 3707 3554 homo
3744 3497 3816 3550 ho-

2257 3596 2457 3652 minem
2490 3611 2595 3650 non
2634 3594 2793 3649 debet
2840 3592 3107 3657 occidere,
3155 3593 3248 3648 sed
3299 3600 3477 3647 tamen
3528 3589 3584 3645 id
3623 3587 3817 3644 zelando

2256 3687 2437 3744 facere
2470 3687 2637 3743 multo
2686 3685 2856 3759 magis
2902 3685 3099 3740 malum
3155 3692 3240 3739 est
3282 3699 3448 3754 quam
3488 3676 3813 3736 timendoJit

2258 3781 2379 3836 ideo
2406 3795 2511 3835 non
2548 3780 2625 3835 ait
2645 3794 2809 3834 verax
2855 3777 3153 3850 magister:
3186 3774 3289 3844 Qui
3328 3792 3415 3831 me
3459 3774 3685 3829 tradidit
3720 3772 3812 3833 tibi,

2256 3872 2369 3942 ipse
2417 3873 2580 3927 habet
2624 3878 2928 3944 peccatum,
2982 3876 3234 3940 tanquam
3278 3867 3365 3922 ille
3419 3883 3530 3922 non
3576 3865 3810 3921 haberet:

2256 3963 2348 4017 sed
2371 3963 2479 4018 ait:
2517 3983 2534 4014 ι
2559 3961 2730 4029 majus
2756 3961 2917 4017 habet
2938 3968 3235 4031 peccatum,
3263 3979 3279 4010 ι
3300 3959 3544 4013 utetiam
3564 3972 3622 4012 se
3647 3956 3815 4011 habere

2260 4053 2598 4124 intelligeret.
2626 4051 2807 4122 Neque
2829 4052 2971 4106 enim
3012 4056 3295 4122 propterea
3338 4050 3468 4105 illud
3502 4048 3712 4104 nullum
3734 4056 3812 4109 est,

2254 4146 2378 4214 quia
2407 4145 2508 4200 hoc
2534 4143 2704 4214 majus
2730 4152 2831 4199 est.

2330 4257 2346 4287 ι
2384 4236 2591 4291 Exinde
2616 4236 2892 4306 quaerebat
2916 4233 3119 4289 Pilatus
3146 4232 3419 4289 dimittere
3442 4247 3593 4287 eum.
3627 4252 3646 4283 ›
3704 4224 3814 4297 Quid

2253 4335 2339 4382 est
2362 4327 2464 4383 hoc
2485 4328 2626 4397 quod
2657 4327 2853 4381 dicitur
2880 4344 2899 4376 ι
2917 4326 3133 4389 eximie,
3159 4345 3176 4377 ι
3205 4325 3357 4394 quasi
3383 4332 3543 4379 antea
3572 4339 3681 4379 non
3701 4334 3815 4391 qum-

2255 4420 2452 4475 rebat?
2487 4419 2628 4491 Lege
2658 4420 2955 4490 superiora,
3001 4425 3054 4472 et
3082 4406 3324 4472 invenies
3356 4415 3681 4485 jamdudum
3720 4424 3813 4465 eam

2255 4527 2499 4582 quierere
2545 4512 2813 4566 dimittere
2840 4509 3046 4565 Jesum.
3083 4510 3289 4564 Exinde
3316 4509 3500 4580 itaque
3534 4506 3811 4576 intelligen-

2179 4632 2235 4694 Ι)
2260 4607 2382 4662 dum
2429 4616 2513 4661 est
2539 4613 2757 4676 propter
2787 4605 2909 4669 hoc,
2961 4602 3012 4658 id
3041 4612 3124 4660 est
3175 4620 3241 4657 ex
3273 4618 3458 4660 causa.
3511 4616 3579 4657 ne
3617 4600 3814 4655 habere!

2260 4708 2540 4771 peccatum
2563 4698 2853 4754 occidendo
2877 4698 3211 4754 innocentem
3238 4697 3338 4752 sibi
3361 4696 3640 4759 traditum,
3660 4706 3814 4764 quam-

2260 4789 2340 4843 vis
2380 4788 2563 4842 mitius
2594 4802 2821 4857 peccans
2849 4804 3007 4858 quam
3030 4787 3219 4852 Judaei,
3260 4786 3349 4857 qui
3398 4785 3549 4840 illum
3589 4784 3637 4838 ei
3679 4781 3815 4838 traii-

2258 4880 2449 4933 derant
2473 4878 2846 4933 occidendum.
2899 4879 3101 4933 Exinde
3145 4893 3293 4950 ergo,
3353 4878 3405 4931 id
3444 4882 3545 4942 est,
3599 4878 3721 4931 ideo
3763 4888 3810 4926 ne

2259 4973 2361 5027 hoc
2409 4978 2684 5039 peceatum
2736 4969 2985 5025 faceret:
3043 4986 3147 5024 non
3194 4985 3337 5024 nunc
3390 4970 3594 5041 primo,
3642 4968 3733 5022 sed
3766 4963 3815 5018 ab

2255 5062 2407 5118 initio
2436 5062 2708 5131 quaerebat
2728 5075 2848 5116 eum
2876 5060 3165 5115 dimittere.

2330 5174 2347 5205 ‹
2389 5151 2555 5208 Judaei
2589 5159 2779 5229 autem
2800 5151 3127 5216 clamabant,
3159 5150 3403 5206 dicentes
3430 5169 3443 5204 :
3473 5148 3532 5206 Si
3564 5151 3709 5205 hunc
3757 5148 3816 5199 Ili-

2263 5262 2280 5292 ‹
2316 5242 2509 5307 mittis,
2548 5256 2653 5295 non
2690 5256 2750 5296 es
2777 5242 2983 5297 amicus
3010 5242 3258 5297 Caesaris.
3290 5240 3481 5298 Omnis
3510 5243 3656 5297 enim
3675 5240 3816 5310 quise

2262 5354 2278 5384 ι
2305 5350 2479 5403 regem
2503 5332 2989 5399 facit,contradicit
3013 5333 3233 5389 Caesari.
3267 5354 3283 5385 ι
3305 5333 3566 5403 Majorem
3595 5335 3814 5388 timerem

2260 5443 2318 5481 se
2348 5428 2591 5497 ingerere
2630 5434 2954 5496 putaverunt
2987 5426 3181 5493 Pilato,
3225 5428 3478 5482 terrendo
3519 5426 3587 5482 de
3610 5427 3816 5483 Cmsam.

2251 5528 2310 5571 ut
2350 5515 2619 5571 occideret
2644 5515 2941 5583 Christum,
2964 5535 3124 5588 quam
3157 5519 3402 5588 superius
3433 5518 3525 5574 ubi
3551 5518 3815 5572 dixerant:

2258 5627 2275 5658 ι
2299 5606 2408 5663 Nos
2424 5609 2593 5675 legem
2619 5609 2898 5676 habemus,
2914 5622 2970 5664 et
2988 5612 3281 5666 secundum
3310 5611 3481 5682 legem
3499 5609 3659 5665 debet
3684 5606 3814 5667 mori,

2254 5718 2356 5770 qua
2394 5701 2590 5756 Filium
2630 5703 2722 5757 Dei
2752 5718 2809 5759 se
2839 5704 2982 5759 fecit.
3027 5725 3043 5756 ι
3074 5704 3272 5760 Eorum
3304 5705 3477 5775 legem
3521 5705 3714 5774 quippe
3749 5700 3817 5755 ille

2257 5808 2359 5845 non
2393 5792 2567 5845 timuit
2598 5802 2653 5846 ut
2680 5793 2970 5859 occideret,
3001 5798 3092 5850 sed
3124 5796 3293 5866 magis
3319 5794 3513 5850 Filium
3542 5796 3635 5849 Dei
3666 5791 3818 5847 timuit

2257 5882 2519 5937 occidere.
2582 5882 2734 5938 Nunc
2783 5899 2933 5951 vero,
2986 5902 3091 5943 non
3124 5887 3203 5943 sic
3267 5885 3439 5961 potuit
3488 5895 3814 5943 contemnere
