3934 6346
53 386 188 440 457
1333 375 1635 433 1103111..ιῶ
1679 375 1764 432 DE

58 501 380 555 (Ἀδδεί-ειη
428 504 700 551 auctorem
739 489 1018 563 potestatis
1073 502 1201 553 sure,
1234 488 1683 558 quemadmodum
1713 493 1763 553 Α

58 590 287 661 legem
330 586 505 659 gentis
529 580 735 640 alienae.
766 581 857 638 Ait
886 582 1059 637 adhuc
1086 594 1098 634 :

155 700 181 733 ι
244 678 467 736 Pilatus
519 685 697 733 autem
732 688 853 731 cum
909 673 1148 730 audisset
1212 672 1309 728 hos
1363 686 1664 740 sermones,

71 794 93 825 ε
149 772 408 830 adduxit
438 770 583 826 foras
601 767 804 834 Jesum,
829 775 884 822 et
909 766 1047 822 sedit
1071 778 1171 835 pro
1198 761 1467 829 tribunali,
1494 764 1544 818 in
1576 763 1694 819 loco

71 886 92 918 ι
135 864 253 937 qui
285 863 489 921 dicitur
521 858 897 925 Lithostratos,
930 856 1193 914 Hebraice
1220 864 1394 911 autem
1425 853 1690 912 Gabatha.

74 977 96 1009 ‹
140 958 306 1013 Erat
335 964 513 1011 autem
540 966 831 1026 parasceve
855 948 1076 1004 Pasch-.e
1104 949 1235 1003 hora
1262 945 1416 1016 quasi
1456 954 1628 1001 sexta.
1665 960 1684 996 ι

67 1048 203 1117 Qua
228 1049 382 1106 hora
407 1048 477 1106 sit
503 1046 759 1103 Dominus
788 1043 1097 1107 cruciﬁxus,
1122 1049 1337 1113 propter
1352 1038 1696 1109 evangelista

72 1136 341 1195 alterius
373 1136 768 1201 testimonium,
799 1134 888 1204 qui
920 1131 1055 1189 dixit
1082 1147 1095 1183 :
1131 1153 1149 1183 (
1196 1132 1327 1187 Erat
1354 1140 1531 1186 autem
1561 1130 1694 1184 hora

70 1228 289 1294 tertia,
324 1234 380 1283 et
428 1225 817 1283 cruciﬁxerunt
844 1239 966 1277 eum
995 1221 1188 1295 (Marc.
1224 1221 1338 1291 xv),
1387 1241 1404 1273 ι
1441 1221 1692 1291 quoniam

70 1335 303 1390 magna
324 1316 645 1388 disceptatio
667 1314 804 1370 solet
823 1313 1045 1377 oboriri,
1064 1327 1185 1367 cum
1210 1313 1276 1367 ad
1299 1312 1471 1382 ipsum
1494 1310 1688 1372 locum,

67 1409 170 1463 tibi
201 1409 519 1466 crucifixus
542 1409 809 1477 narra‘tur,
829 1418 1043 1464 ventum
1066 1406 1245 1473 fuerit,
1262 1415 1318 1462 ut
1339 1405 1692 1478 potuerimus,

70 1501 115 1553 si
151 1499 441 1556 Dominus
475 1500 723 1568 voluerit,
746 1501 1093 1557 disseremus.
1119 1498 1254 1554 Cum
1283 1513 1380 1570 pro
1436 1495 1689 1552 tribunali

71 1590 343 1645 sedisset
373 1591 580 1648 Pilatus
618 1609 631 1646 :

156 1680 389 1736 «Dixit
435 1678 635 1737 Iudaeis
691 1698 705 1737 :
758 1680 895 1736 Ecce
953 1694 1045 1735 rex
1113 1688 1312 1734 vester.
1375 1678 1452 1735 Illi
1514 1684 1692 1736 autem

77 1787 97 1819 (
151 1770 490 1826 clamabant
530 1790 544 1827 :
588 1769 776 1837 Tolle,
818 1770 982 1836 tolle,
1040 1769 1294 1841 crucifige
1346 1772 1499 1826 eum!
1557 1764 1695 1825 Dicit

1801 375 2147 433 TEMPORE.
3268 346 3373 432 458

1788 496 1913 543 runt
1943 504 2063 544 eum
2101 484 2294 559 (Marc.
2328 486 2456 560 xv);
2498 510 2516 542 ι
2551 487 2786 546 Joannes
2831 503 2956 544 vero
2987 489 3116 544 dicit
3145 508 3157 543 :
3195 509 3212 541 t
3244 490 3372 545 Erat

1799 587 1975 635 autent
2001 593 2295 650 parasceve
2317 577 2539 635 Paschae
2581 576 2711 637 hora
2742 582 2895 651 quasi
2926 590 3078 636 sexta
3105 624 3117 645 ,
3151 583 3365 651 quando

1797 666 1936 726 sedit
1970 685 2069 740 pro
2106 670 2381 726 tribunali.
2424 691 2441 724 ι
2476 668 2621 726 Hora
2651 674 2808 727 tertia
2832 672 3123 728 cruciﬁxus
3150 680 3232 729 est
3261 673 3369 727 Do—

1796 763 1976 819 minus
2002 761 2198 835 linguis
2231 762 2539 819 Iudaeorum
2563 805 2577 830 ,
2608 763 2740 820 hora
2772 774 2923 821 sexta
2956 768 3204 821 manibus
3235 764 3374 821 mili-

1798 860 1935 917 tum,
1994 863 2052 909 ut
2116 854 2479 926 intelligamus
2517 857 2706 911 horam
2754 858 2996 928 quintam
3044 859 3157 930 jam
3200 867 3374 914 trans—

1798 949 1968 997 actam
1992 942 2179 1010 fuisse,
2195 952 2249 1000 et
2268 945 2467 1015 aliquid
2487 944 2552 1000 de
2567 955 2719 1001 sexta
2742 956 2981 1017 captum,
3001 950 3213 1018 quando
3236 948 3375 1005 sedit

1794 1044 1894 1103 pro
1930 1033 2182 1091 tribunali
2218 1034 2417 1093 Pilatus
2437 1079 2451 1104 ,
2482 1052 2601 1108 qua!
2629 1036 2770 1094 dicta
2801 1047 2883 1095 est
2911 1041 3063 1112 quasi
3096 1052 3250 1099 sexta
3281 1063 3292 1099 :
3322 1052 3375 1098 et

1796 1141 1918 1181 cum
1950 1127 2238 1184 duceretur
2269 1139 2329 1185 ut
2372 1130 2423 1184 in
2463 1130 2623 1203 longo
2657 1146 2778 1186 cum
2818 1132 3024 1189 duobus
3078 1134 3375 1193 latronibus

1796 1217 2220 1291 cruciﬁgeretur,
2254 1228 2310 1276 et
2330 1221 2482 1292 juxta
2517 1237 2733 1278 crucem
2765 1222 2884 1292 ejus
2912 1233 3229 1293 gererentur
3256 1241 3376 1296 qua:

1796 1318 1948 1383 gesta
1980 1322 2288 1381 narrantur,
2322 1316 2455 1370 hora
2483 1324 2633 1372 sexta
2661 1314 2869 1388 integra
2901 1317 3283 1387 cmnpleretur,
3306 1333 3373 1373 ex

1796 1407 1899 1474 qua
1924 1405 2055 1459 hora
2089 1422 2259 1477 usque
2286 1406 2353 1461 ad
2385 1424 2579 1463 nonam
2628 1408 2793 1464 solem
2821 1410 3167 1464 obscuratum
3209 1418 3262 1464 et
3292 1419 3375 1465 te-

1797 1496 1993 1551 nebras
2025 1496 2197 1552 factas
2224 1498 2383 1552 triutn
2407 1499 2858 1568 evangelistarum
2880 1542 2894 1566 ,
2926 1497 3184 1564 Matthaei,
3208 1498 3376 1554 Marci

1796 1592 1851 1641 et
1884 1585 2044 1642 Luca:
2078 1596 2412 1643 contestatur
2445 1588 2758 1646 auctoritas.
2790 1590 2896 1645 Sed
2925 1591 3178 1661 quoniam
3206 1589 3374 1644 Juda-i

1795 1676 2003 1733 facinus
2044 1674 2316 1756 interfecti
2362 1679 2563 1735 Christi
2610 1697 2641 1735 a
2683 1696 2742 1737 se
2781 1681 2832 1736 in
2868 1681 3141 1737 Romanos
3164 1723 3178 1747 ,
3208 1680 3259 1736 id
3291 1690 3375 1735 est

1794 1768 2024 1824 Pilatum
2052 1777 2106 1824 et
2137 1767 2254 1840 ejus
2297 1771 2496 1827 milites
2535 1773 2831 1829 transferre
2874 1773 3050 1829 conati
3078 1782 3223 1839 sunt,
3257 1790 3379 1843 pro-

82 1879 102 1912 ι
147 1862 243 1915 eis
272 1860 742 1935 Pilatuszﬂegem
778 1871 1012 1919 vestrum
1042 1862 1390 1933 cruciﬁgam?
1425 1884 1443 1914 ι
1503 1863 1693 1918 Adhuc
1723 1854 1769 1915 Β
1794 1870 1976 1931 pterea
2010 1855 2243 1927 Marcus,
2293 1877 2577 1933 suppressa
2627 1878 2691 1919 ea
2732 1864 2864 1918 hora
2921 1879 3026 1934 qua
3067 1862 3318 1918 Christus
3348 1878 3379 1917 a

87 1963 416 2019 terrorem,
483 1972 641 2028 quem
707 1957 772 2011 de
834 1956 1047 2012 Caesare
1108 1955 1476 2025 ingesserant,
1529 1967 1689 2024 supe-

72 2062 209 2101 rare
236 2057 493 2109 conatur,
528 2048 594 2104 de
619 2048 913 2119 ignominia
940 2062 1126 2102 eorum
1170 2046 1357 2102 volens
1398 2063 1491 2102 eos
1547 2046 1690 2100 fran-

74 2152 248 2207 gere,
284 2138 515 2194 dicendo
543 2158 556 2193 :
596 2160 614 2191 (
647 2136 852 2211 Regem
875 2148 1110 2193 vestrum
1138 2137 1484 2210 crucifigam?
1505 2156 1523 2190 ι
1545 2137 1689 2205 Quos

73 2228 147 2281 de
175 2229 491 2298 ignominia
514 2229 710 2285 Christi
740 2228 986 2300 mitigare
1014 2245 1120 2283 non
1144 2230 1350 2300 potuit;
1379 2229 1474 2283 sed
1500 2228 1691 2284 timore

74 2318 320 2375 Pilatus
349 2336 472 2374 mox
502 2320 733 2375 vincitur
759 2337 772 2373 :
802 2319 943 2374 unde
974 2318 1222 2374 subditur
1248 2338 1260 2372 :

163 2427 184 2458 ι
229 2409 655 2480 Responderunt
692 2410 973 2482 pontiﬁces
1006 2428 1017 2464 :
1048 2403 1164 2465 Non
1207 2409 1468 2464 habemus
1510 2422 1689 2479 regem

89 2521 105 2552 ι
150 2501 268 2556 nisi
322 2501 611 2557 Caesarem.
661 2502 814 2558 Tunc
862 2519 990 2575 ergo
1034 2498 1253 2558 tradidit
1298 2502 1378 2556 eis
1442 2502 1588 2555 illum
1634 2508 1692 2556 ut

90 2611 108 2644 ἱ
150 2589 597 2660 cruciﬁgeretur.
633 2612 649 2643 ι
685 2591 1043 2664 Apertissime
1068 2590 1265 2663 quippe
1288 2598 1476 2646 contra
1508 2586 1688 2645 Caesa-

93 2698 211 2738 rem
246 2684 437 2739 venire
467 2682 760 2749 videretur,
786 2683 827 2739 si
862 2700 1041 2755 regem
1067 2699 1126 2739 se
1150 2683 1254 2738 nisi
1280 2680 1549 2738 Caesarem
1574 2698 1680 2737 non

95 2777 309 2831 habere
336 2774 716 2848 proﬁtentibus
740 2816 755 2841 ,
795 2776 956 2830 alium
989 2790 1169 2847 regem
1200 2774 1356 2829 vellet
1402 2774 1647 2846 ingerere
1668 2815 1682 2839 ,

98 2869 429 2925 dimittenda
474 2862 793 2941 impunitum
820 2910 834 2934 ,
863 2883 1019 2939 quem
1065 2876 1284 2939 propter
1312 2866 1419 2937 hos
1449 2876 1612 2922 ausus
1638 2862 1686 2922 ei

100 2960 450 3016 tradiderunt
493 2958 1040 3031 occitlentlum..Non
1089 2967 1270 3014 autem
1310 2958 1511 3014 dictum
1559 2966 1681 3013 est:

102 3048 353 3106 Tradidit
371 3049 451 3108 eis
476 3050 625 3106 illum
647 3060 706 3106 ut
731 3051 1109 3123 cruciﬁgerent
1140 3048 1287 3106 illum
1305 3092 1321 3119 ,
1347 3050 1439 3107 sed
1479 3060 1538 3106 ιιι
1559 3066 1682 3106 cru-

107 3143 439 3214 ciﬁgeretur,
469 3141 677 3199 scilicet
700 3142 908 3215 judicio
932 3159 995 3199 ac
1024 3151 1295 3214 potestate
1322 3141 1596 3214 praesidis,
1625 3151 1685 3197 ut

110 3233 441 3303 evangelista
478 3235 607 3290 dicit
648 3254 659 3289 :
700 3254 719 3286 (
756 3230 997 3290 Tradidit
1030 3249 1159 3306 ergo
1196 3234 1346 3289 illum
1371 3234 1450 3290 eis
1477 3242 1537 3288 ut
1564 3248 1687 3290 cru-
1717 3215 1761 3279 Ο

121 3324 444 3396 ciﬁgeretur.
480 3344 497 3379 ι
542 3326 647 3384 Sed
678 3327 921 3399 nunquid
950 3326 1093 3382 aliud
1138 3336 1193 3384 et
1236 3337 1360 3383 ante
1401 3327 1686 3398 cupiebat,

118 3430 243 3469 cum
280 3412 483 3473 dicebat
516 3437 527 3473 :
564 3439 582 3471 ‹
611 3419 853 3490 Accipite
886 3433 1009 3474 eum
1035 3434 1163 3485 vos,
1193 3427 1249 3474 et
1284 3419 1623 3491 crucifigite:
1666 3439 1682 3470 ι

118 3501 200 3558 vel
225 3504 382 3560 etiam
405 3508 680 3578 superius:
708 3526 726 3559 (
756 3507 996 3580 Accipite
1020 3522 1143 3563 eum
1174 3523 1289 3575 vos,
1315 3516 1369 3563 et
1393 3507 1688 3563 secundum

115 3594 282 3666 legem
304 3607 532 3652 vestram
553 3597 789 3667 judicate
814 3599 975 3653 eum?
1008 3618 1026 3651 ι
1057 3598 1166 3655 Cur
1194 3607 1375 3655 autem
1402 3598 1475 3653 illi
1510 3606 1688 3654 tanto-

116 3703 243 3758 pere
269 3689 575 3756 voluerunt,
604 3692 883 3747 dicentes:
921 3711 940 3743 (
978 3689 1142 3747 Nobis
1179 3708 1286 3746 non
1315 3690 1439 3746 licet
1476 3688 1685 3745 interﬁ-

118 3796 235 3836 cere
263 3797 614 3854 quemquam,
650 3803 669 3835 ›
703 3791 758 3839 et
784 3783 929 3839 omni
958 3783 1117 3839 modo
1165 3784 1459 3849 instantes,
1500 3786 1557 3837 ut
1583 3797 1687 3838 non

118 3874 179 3928 ab
204 3873 304 3940 eis,
335 3875 427 3931 sed
458 3890 487 3929 a
515 3874 741 3947 praeside
769 3875 1127 3940 occideretur,
1158 3882 1211 3929 et
1238 3872 1358 3930 ideo
1384 3890 1505 3930 eum
1540 3874 1685 3929 occi-

118 3966 341 4022 dendum
372 3968 617 4040 accipere
647 3977 983 4034 recusantes,
1016 3967 1061 4023 si
1092 3983 1237 4023 nunc
1266 3984 1388 4023 eum
1420 3967 1691 4038 accipiunt

118 4055 507 4125 occidendum?
547 4066 639 4113 aut
668 4060 712 4115 si
753 4059 855 4114 hoc
899 4074 1003 4114 non
1037 4059 1136 4124 sit,
1184 4072 1283 4114 cur
1321 4057 1521 4112 dictum
1562 4067 1684 4113 est:

125 4150 306 4205 «Tunc
324 4166 452 4224 ergo
473 4150 693 4207 tradidit
721 4150 800 4207 eis
818 4150 965 4206 illum
992 4160 1045 4207 ut
1069 4150 1511 4222 cruciﬁgeretur?
1534 4170 1550 4202 ι
1580 4150 1687 4206 Sed

121 4241 226 4297 ideo
248 4241 355 4297 illis
384 4243 639 4298 traditum
676 4242 809 4298 dixit
849 4242 1179 4314 evangelista
1206 4284 1221 4309 ,
1251 4249 1310 4298 ut
1335 4257 1430 4298 eos
1461 4241 1688 4297 crimine

124 4331 433 4403 implicatos,
457 4349 487 4387 a
516 4348 622 4403 quo
644 4331 800 4388 alieni
829 4348 949 4388 esse
971 4332 1325 4397 conabantur,
1354 4331 1684 4387 ostenderet.

124 4419 222 4477 Non
254 4421 398 4476 enim
428 4420 633 4478 Pilatus
677 4423 779 4478 hoc
806 4420 1047 4491 faceret,
1097 4421 1200 4476 nisi
1244 4429 1302 4476 ut
1344 4418 1397 4476 id
1423 4419 1563 4491 quod
1595 4435 1687 4475 eos

125 4529 306 4584 cupere
331 4515 607 4582 cernebat,
640 4514 904 4586 impleret.
938 4507 1093 4579 Unde,
1111 4523 1166 4570 et
1190 4510 1437 4585 sequitur
1466 4531 1478 4567 :

189 4625 205 4657 ι
237 4604 605 4677 Susceperunt
648 4616 825 4661 autem
853 4598 1057 4671 Iesum,
1085 4613 1141 4660 et
1167 4605 1486 4661 eduxerunt.
1526 4625 1544 4657 ι
1577 4605 1685 4661 Ρο-

129 4703 215 4751 test
236 4698 306 4752 ad
336 4695 534 4753 milites
548 4697 660 4769 jam
693 4694 912 4757 referri,
950 4694 1033 4751 vel
1061 4696 1396 4767 apparitores
1417 4696 1682 4767 prtesidis.

129 4784 239 4843 Nam
276 4797 457 4860 postea
498 4787 798 4845 evidentius
840 4786 1084 4843 dicitur:
1126 4806 1144 4838 (
1188 4785 1380 4843 Milites
1410 4803 1538 4859 ergo
1565 4804 1687 4842 cum

128 4877 507 4934 crucifixissent
550 4895 672 4934 eum
706 4897 719 4933 :
760 4898 777 4929 ι
808 4878 1409 4948 quamvis'evangelista
1452 4879 1613 4934 etiam
1641 4878 1685 4934 si

130 4978 283 5026 totum
315 4964 512 5026 Iudaeis
540 4971 786 5036 tradidit,
816 4970 1009 5026 merito
1036 4969 1183 5025 facit.
1206 4968 1311 5040 lpsi
1341 4972 1483 5026 enim
1507 4987 1688 5027 susce-

130 5069 341 5129 perunt,
382 5062 523 5132 quod
555 5061 912 5118 audacissime
938 5059 1314 5133 ﬂagitaverunt
1343 5080 1355 5116 :
1387 5071 1441 5118 et
1470 5063 1569 5133 ipsi
1607 5063 1685 5118 fe-

131 5164 303 5210 cerunt
349 5155 610 5226 quidquid
663 5166 720 5211 ut
792 5155 946 5212 ﬁeret
994 5164 1354 5211 extorserunt.
1407 5153 1687 5212 Judicante

133 5254 275 5317 atque
293 5245 579 5302 damnante
600 5245 774 5303 Pilato
794 5262 891 5318 pro
917 5244 1165 5303 tribunali
1193 5244 1477 5301 Dominum
1504 5245 1686 5302 Jesum

132 5334 415 5405 Christum,
467 5339 603 5394 hora
631 5339 784 5408 quasi
831 5347 982 5393 sexta
1030 5345 1386 5408 susceperunt
1432 5353 1592 5403 eum,
1636 5345 1690 5392 et

133 5429 429 5486 eduxerunt.
1182 5504 1187 5509 η

196 5540 209 5570 ι
240 5519 303 5574 Et
327 5519 567 5591 bajulans
594 5520 695 5577 sibi
724 5536 962 5587 crucem,
990 5519 1158 5575 exivit
1188 5519 1240 5574 in
1262 5534 1406 5585 eum,
1438 5518 1529 5590 qui
1559 5520 1691 5574 dici-

141 5621 256 5667 ttur
313 5611 569 5669 Calvariaa
616 5613 813 5678 locum,
853 5610 1114 5666 Hebraice
1159 5619 1337 5666 autem
1382 5610 1642 5682 Colgotha
1670 5652 1685 5678 ,

142 5717 156 5750 ‹
178 5703 256 5757 ubi
274 5719 391 5759 eum
417 5702 818 5760 cruciﬁxcrunt.
847 5723 865 5755 ι
888 5702 1024 5770 Quid
1046 5708 1129 5756 est
1145 5700 1286 5770 quod
1305 5699 1514 5757 Marcus
1529 5717 1688 5756 evan-

140 5792 302 5861 gelista
329 5795 405 5851 ait
432 5814 445 5851 :
479 5815 497 5848 (
537 5795 664 5852 Erat
701 5805 878 5851 autem
910 5795 1043 5849 hora
1072 5792 1232 5848 tertia
1261 5832 1275 5858 ,
1305 5801 1360 5847 et
1391 5793 1682 5849 cruciﬁxe-

1713 4564 1766 4627 D

1789 1952 2052 2009 militibus
2090 1954 2383 2011 cruciﬁxus
2412 1963 2513 2022 est,
2538 1971 2657 2025 quae
2685 1956 2769 2027 agi
2795 1964 2946 2011 sexta
2965 1950 3078 2025 jam
3106 1964 3370 2025 coeperat,

1791 2046 2004 2101 tertiam
2027 2046 2206 2117 potius
2232 2048 2423 2102 horam
2449 2049 2765 2103 recordatus
2784 2047 3210 2119 expressit..Qua
3237 2047 3371 2102 hora

1766 2174 1769 2177 -
1790 2134 2165 2208 intelliguntur
2183 2135 2324 2207 apud
2353 2135 2585 2191 Pilatum
2613 2136 2851 2192 clamare
2864 2138 3105 2208 potuisse
3122 2155 3169 2191 ε(
3190 2136 3377 2193 Cruci-

1791 2227 1913 2298 ﬁge,
1943 2227 2250 2301 cruciﬁge,»
2282 2238 2340 2283 ut
2365 2244 2472 2283 non
2500 2228 2575 2283 illi
2600 2237 2807 2284 tantum
2832 2228 3173 2301 reperiantur
3197 2228 3377 2285 cruci-

1792 2316 1973 2371 fixisse
1995 2316 2197 2384 Jesum,
2220 2318 2269 2373 id
2294 2328 2375 2374 est
2394 2318 2590 2374 milites
2609 2361 2622 2385 ,
2648 2319 2738 2390 qui
2764 2335 2884 2374 eum
2908 2319 3053 2391 ligno
3074 2327 3227 2374 sexta
3243 2317 3379 2372 hora

1792 2407 2204 2476 suspenderunt,
2238 2424 2424 2464 verum
2451 2410 2611 2465 etiam
2642 2408 2808 2463 Judaei
2838 2450 2852 2475 ,
2884 2408 2977 2480 qui
3013 2418 3071 2463 ut
3097 2407 3381 2479 cruciﬁge-

1792 2508 1959 2564 retur,
2009 2501 2168 2556 tertio
2208 2501 2594 2558 clamaverunt.
2632 2521 2650 2554 (
2691 2502 2945 2573 Bajulans
2985 2502 3088 2559 sibi
3137 2518 3374 2567 crucem,

1791 2592 1957 2647 exivit
1987 2592 2039 2647 in
2067 2609 2210 2659 eum,
2236 2596 2327 2664 qui
2350 2595 2548 2651 dicitur
2597 2594 2858 2651 Calvaria:
2882 2594 3085 2663 locum,
3114 2588 3379 2653 Hebraice

1790 2690 1972 2738 autem
2002 2682 2264 2753 Golgotha
2291 2726 2304 2749 ,
2350 2685 2437 2740 ubi
2483 2702 2607 2741 eum
2635 2683 3042 2753 cruciﬁxerttnt,
3070 2696 3119 2742 et
3158 2703 3281 2742 cum
3312 2702 3378 2743 eo

1789 2774 1922 2828 alios
1967 2770 2118 2837 duos,
2166 2772 2293 2830 hinc
2323 2784 2377 2829 et
2408 2776 2565 2843 hinc,
2596 2777 2833 2832 medium
2881 2785 3060 2833 autem
3100 2776 3305 2834 Jesum.
3354 2800 3372 2833 ι

1787 2861 1878 2917 lsti
1906 2862 2013 2916 duo
2045 2862 2285 2920 latrones
2330 2874 2524 2931 erant,
2557 2866 2698 2921 sicut
2745 2865 2975 2923 aliorum
3015 2870 3376 2942 evangelista-

1788 2968 1907 3008 rum
1937 2956 2247 3011 narratione
2275 2956 2583 3024 didicimus,
2612 2975 2733 3015 cum
2764 2960 2959 3031 quibus
2985 2962 3273 3018 cruciﬁxus
3322 2973 3378 3018 et

1788 3045 1930 3101 inter
1959 3062 2095 3116 quos
2120 3047 2413 3105 cruciﬁxus
2440 3058 2523 3105 est
2559 3049 2826 3106 Christus.
2856 3050 2933 3108 De
2966 3067 3073 3122 quo
3097 3054 3375 3124 praemissa

1789 3136 1998 3195 dixerat
2040 3140 2325 3213 prophetia
2366 3162 2379 3197 :
2416 3162 2434 3195 ε
2471 3142 2536 3199 Et
2568 3161 2690 3199 cutn
2724 3145 2924 3216 iniquis
2972 3147 3260 3217 deputatus
3292 3156 3376 3204 est

1795 3230 1929 3302 (Ira.
1959 3233 2095 3305 Lm).
2137 3254 2154 3286 ι

1869 3342 1886 3373 ι
1925 3321 2155 3393 Scripsit
2185 3333 2365 3379 autem
2403 3325 2614 3381 titulum
2662 3326 2901 3395 Pilatus,
2928 3338 2984 3383 et
3009 3330 3191 3400 posuit
3217 3345 3378 3400 super

1798 3430 1815 3461 (
1850 3428 2087 3468 crucem.
2136 3413 2269 3469 Erat
2295 3424 2473 3470 autem
2519 3416 2777 3487 scriptum
2809 3417 3003 3473 :Jesus
3045 3418 3375 3486 Nazarenus,

1796 3525 1813 3555 (
1853 3520 1947 3560 rex
1990 3503 2316 3561 Iudaeorum.
2354 3525 2370 3558 ι
2404 3505 2559 3562 Hunc
2593 3523 2719 3579 ergo
2768 3509 2984 3564 titulum
3032 3510 3181 3564 multi
3235 3510 3379 3582 lege-

1791 3603 1917 3650 runt
1943 3593 2271 3663 Iudaeorum,
2294 3596 2419 3667 quia
2445 3612 2613 3668 prope
2635 3598 2911 3655 civitatem
2947 3609 3067 3655 erat
3095 3600 3242 3657 locus
3284 3602 3376 3657 ubi

1790 3687 2079 3743 cruciﬁxus
2093 3696 2177 3743 est
2192 3685 2368 3744 Jesus.
2386 3689 2452 3744 Et
2470 3699 2587 3745 erat
2606 3691 2865 3761 scriptum
2888 3691 3176 3759 Hebraice,
3190 3692 3377 3750 Graece

1791 3786 1845 3832 et
1873 3777 2083 3833 Latine.
2116 3778 2210 3835 Hm
2254 3781 2451 3852 quippe
2502 3789 2611 3838 tres
2654 3782 2849 3855 linguae
2894 3784 2964 3839 ibi
3012 3801 3123 3855 prae
3165 3786 3378 3841 caeteris

1790 3869 2122 3938 eminebant,
2162 3869 2387 3928 Hebraea
2417 3882 2638 3945 propter
2665 3872 2882 3932 Judaeos
2912 3877 2964 3930 in
2994 3876 3111 3948 lege
3140 3876 3376 3949 glorian-

1791 3974 1892 4030 tes,
1929 3963 2117 4021 Grteca
2147 3976 2368 4036 propter
2401 3969 2640 4039 gentium
2692 3971 2986 4042 sapientes,
3022 3972 3216 4028 Latina
3252 3988 3376 4043 pro-

1788 4064 1910 4125 pter
1949 4056 2219 4113 Romanos
2267 4060 2451 4116 multis
2497 4077 2560 4115 ac
2607 4076 2746 4131 pene
2791 4063 3043 4118 omnibus
3087 4064 3199 4135 jam
3248 4073 3374 4121 tunc

1790 4147 2038 4218 gentibus
2067 4150 2411 4219 imperantes.

1866 4259 1883 4288 ι
1918 4236 2179 4294 Dicebant
2204 4255 2334 4311 ergo
2364 4240 2534 4296 Pilato
2563 4242 2845 4313 pontifices
2871 4241 3178 4299 Iudaeorum
3209 4261 3221 4298 :
3250 4241 3373 4299 Νι)ιί

1796 4351 1814 4382 ι
1849 4332 2087 4387 scribere
2111 4350 2124 4386 :
2156 4333 2271 4389 Rex
2295 4332 2624 4400 Judaaorum,
2651 4336 2746 4390 sed
2772 4335 2895 4405 quia
2925 4336 3038 4406 ipse
3059 4336 3192 4390 dixit
3216 4352 3228 4387 :
3258 4336 3374 4391 Rex

1797 4441 1813 4473 (
1850 4437 1969 4477 sum
1992 4419 2319 4478 Judteorum.
2351 4424 2649 4494 Respondit
2681 4423 2886 4479 Pilatus
2912 4441 2924 4477 :
2958 4423 3112 4491 Quod
3155 4423 3369 4493 scripsi,

1797 4532 1813 4564 ι
1852 4513 2063 4584 scripsi.
2109 4533 2129 4566 ι
2161 4514 2205 4570 0
2241 4514 2566 4570 ineffabilem
2608 4515 2717 4569 vim
2759 4513 2954 4570 divina:
3001 4514 3372 4584 operationis,

1792 4605 1953 4660 etiam
1997 4607 2048 4661 in
2090 4606 2343 4662 cordibus
2382 4606 2777 4679 ignorantium,
2806 4621 2985 4660 nonne
3021 4604 3231 4661 occulta
3270 4621 3374 4661 vox

1791 4694 2035 4765 quaedam
2067 4694 2240 4749 Pilato
2283 4696 2450 4760 intus,
2478 4694 2710 4765 quodam
2742 4735 2756 4760 ,
2788 4694 2831 4750 si
2862 4694 2967 4749 dici
3011 4702 3187 4766 potest
3216 4736 3231 4762 ,
3263 4696 3373 4750 cla-

1793 4799 1944 4839 moso
1989 4784 2204 4839 silentio
2244 4786 2604 4854 personabat,
2634 4786 2777 4854 quod
2817 4793 2967 4841 tanto
2995 4794 3123 4841 ante
3148 4786 3200 4840 in
3226 4786 3374 4842 Psal-

1792 4888 2002 4928 morum
2055 4872 2250 4929 litteris
2295 4877 2675 4946 prophetatum
2730 4884 2813 4931 est
2866 4894 2878 4929 :
2930 4875 3008 4932 Ne
3057 4891 3374 4950 corrumpas

1794 4965 1930 5019 tituli
1964 4964 2412 5037 inscriptionem?
2453 4965 2705 5036 Nunquid
2752 4967 2896 5021 enim
2940 4977 3227 5039 proltterea
3267 4986 3374 5026 non

1792 5058 1896 5112 erit
1924 5072 2126 5123 verum,
2151 5058 2276 5129 quia
2298 5056 2454 5113 Jesus
2480 5058 2593 5112 ait:
2620 5056 2733 5113 Rex
2758 5074 2876 5113 sum
2905 5057 3371 5119 Judaeorum?Sed

1792 5148 1919 5218 quid
1953 5148 2253 5219 loquimini,
2282 5150 2455 5205 insani
2504 5148 2820 5220 pontifices?
2867 5149 2925 5206 Si
2961 5153 3233 5223 corrumpi
3265 5170 3374 5210 non

1790 5249 1968 5313 potest
2016 5242 2156 5311 quod
2185 5241 2390 5297 Pilatus
2425 5242 2668 5312 scripsit,
2714 5244 2985 5314 corrumpi
3017 5254 3195 5315 potest
3226 5246 3372 5316 quod

1794 5332 2005 5388 Veritas
2020 5334 2187 5387 dixit?
2210 5333 2313 5389 Sed
2327 5332 2633 5389 Iudaeorum
2649 5343 2854 5390 tantum
2874 5336 3091 5395 Rexest
3103 5338 3373 5406 Christus,

1796 5440 1863 5479 an
1879 5424 2041 5478 etiam
2062 5424 2337 5494 gentium?
2366 5424 2473 5480 imo
2488 5432 2543 5481 et
2556 5425 2813 5495 gentium.
2835 5424 2969 5481 Cum
2989 5427 3132 5482 enim
3152 5426 3379 5483 dixisset

1798 5515 1849 5570 in
1873 5516 2044 5586 proph
2082 5517 2151 5570 tia
2183 5536 2194 5570 :
2226 5534 2244 5568 (
2282 5515 2393 5586 Ego
2419 5525 2598 5573 autem
2640 5517 2964 5573 constitutus
2993 5532 3110 5571 sum
3146 5516 3261 5571 Rex
3310 5520 3376 5576 ab

1795 5621 1858 5659 eo
1886 5622 2047 5676 super
2078 5605 2206 5661 Sion
2255 5616 2493 5663 montem
2532 5616 2780 5663 sanctum
2822 5606 2939 5675 ejus
2970 5603 3196 5679 ('Psalm.
3228 5605 3314 5672 1-1),
3351 5626 3369 5659 ι

1792 5697 2091 5767 praedicans
2110 5708 2435 5769 praeceptum
2466 5698 2601 5768 ejus,
2630 5715 2697 5755 ne
2723 5706 2943 5768 propter
2973 5694 3102 5751 Sion
3132 5705 3374 5755 montem

1791 5792 1918 5845 solis
1940 5791 2141 5847 Judaais
2170 5808 2291 5847 eum
2318 5793 2516 5865 Regem
2550 5793 2752 5849 diceret
2782 5791 3129 5847 constitutum
3155 5830 3169 5856 ,
3196 5791 3340 5845 conti
