3934 6346
522 346 630 401 459

1127 337 1477 393 llAYMO-NIS
1515 336 1993 392 HALBERSTAT.
2035 337 2246 393 EPISC.
2291 337 2442 393 OPP.
2483 338 2660 393 PARS
2700 339 2762 393 ll.
2803 368 2874 379 —
2907 337 3138 394 HOMIL.

3733 337 3770 389 4
3781 337 3854 390 ιι)

525 474 635 514 nuo
665 453 896 526 subjecit
921 470 932 506 :
954 472 971 502 ‹
997 452 1257 506 Dominus
1279 450 1417 505 dixit
1445 450 1511 504 ad
1535 465 1641 513 me,
1667 449 1835 504 Filius
1864 462 2018 505 meus
2042 465 2102 506 es
2129 461 2180 518 Α
2204 460 2260 505 et
2279 453 2641 523 supereminet
2655 453 2915 520 scientiae,
2935 461 2989 508 et
3007 467 3170 524 super
3188 452 3372 507 omnia
3393 459 3712 522 praecepta
3731 461 3847 510 est.

526 564 623 612 tu.
672 566 771 620 ego
805 549 964 604 hodie
1008 546 1166 616 genui
1191 556 1262 600 te.
1310 544 1527 599 Postula
1568 559 1599 597 a
1634 559 1720 600 me
1760 552 1817 598 et
1843 544 1983 599 dabo
2008 545 2104 598 tibi

525 655 716 716 gentes
742 641 912 714 (Psal.
942 641 1030 711 ιι),
1059 647 1163 695 etc.
1197 661 1214 689 ι
1247 637 1356 694 Cur
1396 653 1524 708 ergo
1567 653 1822 706 magnum
1860 636 2106 691 volumus

524 734 824 805 intelligere
853 735 906 788 in
942 733 1046 787 hoc
1091 729 1244 786 titulo
1279 738 1699 793 sacramentum,
1746 728 1799 781 in
1832 743 1938 798 quo
1969 727 2104 782 scri-

523 835 674 897 ptum
717 832 836 879 erat
864 841 878 878 :
907 823 1018 878 Rex
1053 821 1392 886 Judaeorum,
1421 819 1465 875 si
1517 835 1611 874 rex
1645 827 1734 873 est
1777 817 2024 873 Christus
2050 823 2108 871 et

524 915 798 986 gentium?
835 914 968 982 Quia
1008 913 1217 968 scilicet
1263 911 1498 966 oleaster
1528 908 1705 964 factus
1728 917 1813 964 est
1838 908 2107 978 particeps

523 1007 864 1079 piuguedinis
882 1007 1055 1072 olivae,
1091 1022 1196 1061 non
1225 1005 1366 1060 oliva
1391 1005 1662 1074 particeps
1691 1003 1832 1058 facta
1859 1009 1944 1057 est
1966 1017 2110 1056 ama-

526 1099 778 1154 ritudinis
803 1098 1056 1163 oleastri;
1087 1112 1211 1152 nam
1248 1097 1301 1151 in
1333 1111 1398 1152 eo
1441 1095 1583 1165 quod
1613 1095 1679 1148 de
1701 1093 1921 1149 Christo
1951 1107 2109 1148 vera-

527 1191 664 1244 citer
697 1190 933 1259 scriptus
963 1197 1047 1243 est
1074 1187 1261 1242 titulus
1293 1205 1306 1241 :
1341 1186 1457 1241 Rex
1497 1184 1824 1246 Judasorum,
1859 1183 1950 1252 qui
1985 1189 2110 1237 sunt

525 1278 863 1349 intelligendi
889 1277 1081 1341 Judaei,
1098 1277 1203 1332 nisi
1225 1290 1406 1331 semen
1424 1275 1675 1338 Abrahze,
1699 1272 1791 1327 ﬁlii
1815 1271 2106 1340 repromis-

526 1373 696 1427 sionis
724 1413 738 1437 ,
770 1372 861 1440 qui
901 1379 1027 1426 sunt
1067 1370 1228 1424 etiam
1275 1368 1369 1422 ﬁlii
1410 1366 1540 1422 Dei?
1568 1365 1829 1433 Quoniam
1870 1379 1974 1420 non
2017 1363 2128 1432 qui.

532 1462 624 1516 ﬁlii
657 1463 858 1528 carnis,
889 1462 966 1516 ait
991 1459 1277 1530 Apostolus
1303 1457 1475 1529 (Rom.
1503 1456 1603 1528 iv),
1637 1456 1732 1510 ﬁlii
1760 1455 1878 1519 Dei,
1902 1454 1995 1509 sed
2018 1452 2109 1521 qui

530 1551 624 1604 ﬁlii
650 1548 1105 1620 repromissionis,
1121 1548 1448 1617 deputantur
1473 1547 1524 1600 in
1555 1545 1759 1599 semine
1778 1544 2029 1598 Abrahae.
2044 1542 2112 1596 Et

530 1648 717 1710 gentes
743 1647 900 1693 erant
925 1638 1120 1708 quibus
1147 1636 1359 1691 dicebat
1385 1654 1397 1689 :
1432 1655 1449 1685 ‹
1478 1635 1535 1689 Si
1563 1645 1743 1688 autem
1767 1648 1864 1687 vos
1884 1631 2108 1698 Christi,

531 1747 662 1800 ergo
689 1732 921 1786 Abraha:
951 1744 1136 1786 semen
1168 1729 1319 1793 estis,
1362 1728 1657 1783 secundum
1701 1724 2110 1796 promissionem

2207 546 2400 601 merito
2425 547 2588 600 vestis
2615 562 2718 617 qua
2735 544 3066 617 signiﬁcatur
3085 546 3317 614 desuper
3329 551 3609 599 contexta
3634 543 3849 612 perbi-

2207 637 2382 692 betur.
2405 637 2745 692 lnconsutilis
2770 645 2969 702 autem,
2997 652 3066 692 ne
3087 636 3375 706 aliquando
3395 635 3739 691 dissuatur.
3778 635 3846 688 Et

2207 727 2274 782 ad
2302 744 2467 782 unum
2488 727 2750 798 pervenit,
2775 728 2898 796 quia
2929 727 2982 782 in
3012 742 3177 781 unum
3196 742 3386 782 omnes
3413 725 3665 796 colligit,
3687 725 3840 779 sicut

2206 825 2261 873 et
2281 818 2570 888 apostolos.
2596 817 2730 874 Cum
2750 827 2894 874 esset
2920 819 3065 874 enim
3090 819 3206 889 ipse
3231 834 3493 874 numerus
3527 818 3836 872 duodena-

2208 909 2340 974 rius,
2387 910 2442 964 id
2471 919 2554 965 est
2595 910 3018 980 quadripartitus
3056 911 3198 966 inter
3233 925 3360 976 eos,
3387 919 3446 964 et
3479 923 3703 965 omnes
3747 923 3830 963 es-

2208 1010 2330 1056 sent
2379 1002 2714 1074 interrogati,
2755 1002 2899 1057 solus
2935 1002 3125 1056 Petrus
3171 1002 3495 1071 respondit:
3555 1019 3576 1051 ‹
3631 998 3726 1053 Tu
3775 1017 3831 1052 es

2207 1091 2453 1148 Christus
2467 1092 2636 1147 Filius
2647 1092 2742 1147 Dei
2769 1093 2892 1146 vivi.
2918 1113 2936 1144 ι
2957 1093 3082 1147 Etei
3101 1093 3328 1148 dicitur:
3351 1112 3369 1144 ι
3391 1091 3523 1146 Tibi
3543 1090 3826 1144 dahae]:-

2206 1199 2304 1240 ves
2325 1184 2471 1254 regni
2498 1184 2757 1240 oculorum
2782 1183 2997 1252 (Matth.
3014 1184 3147 1255 xvi),
3177 1204 3195 1236 ι
3219 1191 3481 1252 tanquam
3507 1182 3738 1253 ligandi
3763 1193 3814 1233 et

2209 1276 2451 1331 solvendi
2498 1275 2644 1332 solus
2683 1276 2955 1345 acciperet
3006 1284 3364 1345 potestatem,
3395 1290 3528 1330 cum
3569 1283 3637 1328 et
3683 1272 3814 1326 illud

2211 1383 2348 1422 unus
2385 1382 2486 1437 pro
2529 1368 2778 1422 omnibus
2805 1367 3022 1430 dixerit,
3070 1368 3172 1423 hoc
3225 1375 3311 1423 est
3344 1381 3474 1422 cum
3527 1365 3813 1425 omnibus.

2212 1464 2468 1526 tanquam
2493 1471 2780 1526 personam
2808 1470 3002 1523 gerens
3036 1456 3204 1525 ipsius
3231 1455 3477 1510 unitatis.
3506 1455 3651 1509 Ideo
3678 1470 3815 1507 unus

2210 1563 2310 1618 pro
2338 1548 2606 1612 omnibus,
2636 1549 2762 1618 quia
2797 1547 2975 1602 unitas
2997 1556 3082 1602 est
3123 1548 3178 1602 in
3207 1548 3484 1602 omnibus.
3520 1544 3693 1600 Unde
3733 1546 3812 1598 hic

2214 1651 2335 1690 cum
2389 1635 2614 1691 dixisset
2657 1655 2676 1686 ι
2727 1636 2962 1706 desuper
2990 1644 3263 1700 contexta,
3319 1655 3337 1688 ι
3374 1635 3596 1689 addidit
3648 1653 3666 1684 ‹
3724 1649 3809 1702 per

2214 1734 2402 1780 totum.
2445 1746 2464 1779 ι
2517 1726 2671 1794 Quod
2698 1727 2744 1781 si
2773 1725 3072 1781 referamus
3118 1727 3186 1780 ad
3232 1726 3289 1780 id
3333 1725 3481 1796 quod
3507 1723 3804 1793 signiﬁcat.

531 1822 770 1876 barredes
794 1819 994 1891 (Golat.
1021 1819 1122 1890 ιιι).
1155 1838 1175 1872 ι
1205 1818 1322 1873 Rex
1348 1831 1474 1888 ergo
1503 1815 1811 1871 Judteorum
1837 1814 2105 1878 Christus,
2137 1809 2184 1868 Β
2210 1834 2370 1874 nemo
2408 1819 2525 1888 ejus
2559 1828 2644 1876 est
2690 1834 2887 1890 expers
2924 1820 3013 1890 qui
3055 1809 3331 1890 pertinere
3375 1819 3702 1874 inveniatur
3747 1818 3807 1869 ad

529 1911 625 1966 sed
648 1897 958 1965 Judteorum
987 1908 1399 1965 circumcisione
1448 1906 1625 1962 cordis
1660 1914 1714 1961 et
1757 1905 1974 1976 spiritu,
2005 1919 2110 1958 non

528 2001 728 2057 littera.
755 2002 994 2070 Quorum
1018 2001 1134 2055 laus
1162 2013 1269 2054 non
1299 2014 1367 2053 ex
1396 1997 1726 2062 hominibus,
1757 1995 1850 2051 sed
1883 2011 1950 2051 ex
1977 1993 2109 2059 Deo,

527 2097 909 2165 pertinentium
958 2097 1026 2150 ad
1058 2095 1357 2150 Jerusalem
1409 2093 1672 2158 liberam,
1724 2100 1955 2147 matrem
2014 2105 2112 2146 no-

529 2196 724 2254 stram,
748 2198 1006 2244 aeternam
1027 2188 1081 2242 in
1106 2186 1277 2250 cadis,
1309 2185 1501 2240 Saram
1525 2183 1839 2256 spiritalem,
1865 2182 2114 2238 ancillam

531 2286 588 2332 et
614 2278 752 2335 ﬁlios
781 2279 896 2350 ejus
919 2279 984 2333 de
1016 2280 1174 2333 domo
1197 2277 1460 2332 libertatis
1486 2275 1808 2345 ejicientem.
1828 2274 1949 2328 ldeo
1971 2274 2115 2327 enim

535 2369 741 2426 Pilatus
770 2371 911 2441 quod
956 2370 1177 2440 scripsit
1222 2369 1456 2439 scripsit,
1501 2369 1626 2438 quia
1662 2367 1923 2423 Dominus
1973 2365 2113 2436 quod

533 2465 668 2520 dixit
697 2465 850 2520 dixit.

610 2577 629 2606 ‹
661 2555 855 2610 Milites
879 2570 1010 2626 ergo
1035 2569 1159 2608 cum
1186 2552 1584 2608 cruciﬁxissent
1615 2565 1758 2618 eum,
1793 2554 2119 2619 acceperunt

540 2665 558 2698 ‹
591 2647 917 2700 vestimenta
969 2644 1109 2713 ejus,
1145 2653 1202 2698 et
1228 2643 1475 2698 fecerunt
1504 2649 1741 2712 quatuor
1767 2649 1974 2711 partes,
2005 2637 2120 2692 uni-

542 2757 559 2788 ‹
591 2738 785 2807 cuique
817 2736 976 2791 militi
1006 2745 1213 2806 partem
1263 2743 1316 2790 et
1366 2735 1624 2790 tunicam.
1663 2754 1681 2785 ι
1716 2733 1869 2789 Unde
1901 2737 2122 2801 apparet

536 2834 769 2894 quatuor
809 2825 976 2881 fuisse
1020 2824 1221 2880 milites
1256 2825 1346 2895 qui
1387 2825 1442 2879 in
1489 2839 1554 2880 eo
1598 2821 1960 2893 cruciﬁgendo
1986 2835 2122 2890 prai-

539 2917 639 2971 Silii
665 2925 983 2987 paruerunt.
1013 2916 1293 2973 Manifeste
1329 2918 1526 2989 quippe
1554 2918 1629 2972 ait
1657 2936 1671 2971 :
1716 2935 1734 2967 ι
1771 2914 1965 2970 Milites
1992 2927 2121 2984 ergo

538 3024 661 3062 cum
689 3008 1083 3063 cruciﬁxissent
1106 3017 1390 3076 eum,etc.,
1418 3029 1435 3062 ι
1458 3007 1890 3064 subaudiendum
1925 3010 2009 3059 est
2040 3018 2124 3057 ac-

540 3108 798 3168 ceperunt
828 3118 840 3153 :
873 3109 931 3154 ut
957 3099 1058 3155 iste
1085 3101 1154 3156 sit
1177 3115 1367 3155 sensus
1392 3119 1404 3154 :
1439 3100 1780 3168 Acceperunt
1799 3094 2122 3150 vestimenta

543 3192 680 3260 ejus,
723 3199 778 3246 et
819 3190 1060 3246 fecerunt
1105 3200 1336 3262 quatuor
1381 3198 1595 3262 partes,
1636 3187 1925 3256 unicuique
1962 3183 2120 3239 militi
2148 3174 2192 3236 C

546 3289 777 3350 partem,
809 3289 863 3335 et
893 3281 1128 3352 tunicam
1165 3288 1506 3351 acceperunt.
1544 3279 1611 3334 Et
1649 3279 1727 3333 sic
1765 3277 1975 3332 locutus
1999 3282 2117 3338 est,

545 3379 604 3424 ut
629 3371 694 3425 de
723 3372 936 3426 caeteris
964 3372 1298 3428 vestimentis
1320 3371 1541 3426 missam
1563 3383 1682 3423 esse
1705 3365 1983 3421 videamus
2006 3363 2123 3418 nul-

542 3459 646 3513 lam
675 3470 900 3528 sortem,
928 3461 1022 3516 sed
1054 3463 1120 3517 de
1148 3462 1347 3527 tunica,
1381 3475 1539 3530 quam
1571 3458 1731 3515 simul
1761 3473 1884 3513 cum
1909 3457 2121 3512 caeteris

543 3561 900 3621 acceperunt,
943 3555 1036 3608 sed
1075 3568 1182 3608 non
1226 3552 1477 3608 similiter
1531 3551 1849 3606 diviserunt.
1899 3548 1977 3603 De
2023 3546 2122 3601 hac

543 3642 684 3695 enim
719 3642 965 3710 sequitur
1005 3656 1320 3712 exponens:
1357 3659 1376 3691 ι
1423 3641 1554 3695 Erat
1583 3647 1764 3693 autem
1818 3637 1999 3692 tunica
2043 3636 2126 3690 in-

551 3751 568 3780 ‹
599 3731 907 3797 consutilis,
937 3731 1171 3801 desuper
1197 3739 1448 3786 contexta
1479 3744 1576 3798 per
1614 3736 1806 3783 totum.
1840 3746 1858 3778 ι
1898 3725 2007 3782 Cur
2031 3741 2126 3779 au-

549 3831 657 3876 tem
686 3824 751 3877 de
787 3823 878 3876 illa
903 3834 1105 3877 sortem
1136 3824 1399 3878 miserunt
1424 3830 1628 3886 narrat,
1660 3822 1843 3877 dicens
1872 3839 1884 3873 :

627 3930 644 3962 α
675 3911 938 3966 Dixerunt
963 3927 1091 3980 ergo
1118 3912 1417 3968 adinvicem
1445 3927 1459 3965 :
1491 3911 1604 3967 Non
1634 3911 1941 3967 scindamus
1964 3926 2084 3967 eam
2108 3953 2124 3979 ,

564 4023 582 4056 ς
617 4005 712 4059 sed
733 4005 1027 4059 sortiantur
1056 4005 1120 4060 de
1150 4004 1237 4059 illa
1284 4005 1435 4074 cujus
1478 4005 1567 4059 sit.
1608 4025 1625 4058 ι
1666 4004 1902 4074 Apparet
1946 4006 2128 4076 itaque

554 4096 609 4149 in
638 4095 759 4150 aliis
781 4095 1020 4151 vestibus
1041 4097 1274 4166 aequales
1298 4112 1390 4152 eos
1418 4095 1672 4152 habuisse
1698 4104 1905 4168 partes,
1932 4107 1990 4152 ut
2013 4107 2141 4153 sor-‘

552 4185 890 4257 tirinecesse
917 4201 1024 4240 non
1062 4187 1241 4242 fuerit.
1269 4185 1404 4254 Quia
1432 4196 1548 4241 erat
1575 4187 1712 4242 forte
1734 4187 1957 4257 aliquid,
1987 4190 2128 4260 quod

559 4275 826 4350 signiﬁcet
853 4277 906 4331 in
942 4286 1019 4332 tot
1051 4288 1232 4347 partes
1266 4279 1708 4334 vestimentorum
1748 4279 1888 4334 facta
1916 4278 2127 4343 divisio,

556 4378 608 4424 et
640 4370 705 4424 de
750 4369 932 4423 tunica
965 4368 1055 4424 illa
1083 4371 1311 4424 sortitio.
1345 4368 1741 4440 Quadripartita
1790 4372 1933 4426 enim
1968 4370 2131 4426 vestis

558 4464 771 4519 Domini
828 4463 1000 4519 nostri
1054 4463 1180 4519 Jesu
1249 4462 1451 4519 Christi
1513 4463 1960 4534 quadripartitam
2014 4461 2131 4531 ejus

2215 1919 2388 1968 totum
2420 1931 2433 1968 :
2463 1928 2570 1984 quo
2593 1922 2724 1979 toto,
2747 1914 2888 1970 sicut
2923 1913 3110 1969 Graeca
3136 1913 3342 1970 indicat
3363 1912 3585 1984 lingua,
3619 1912 3799 1967 catho—

2217 2004 2316 2059 lica
2342 2013 2567 2059 vocatur
2590 2004 2852 2059 Ecclesia.
2893 2004 2952 2058 In
2973 2013 3119 2059 sorte
3146 2012 3332 2058 autem
3361 2001 3515 2072 quid,
3563 2001 3676 2055 nisi
3715 2000 3802 2053 Dei

2216 2097 2388 2166 gratia
2417 2095 2791 2151 commendata
2815 2095 2938 2150 est?
2963 2094 3053 2149 Sic
3081 2095 3279 2164 quippe
3308 2094 3362 2147 in
3392 2107 3503 2147 uno
3528 2092 3601 2146 ad
3621 2105 3798 2145 omnes

2215 2189 2481 2256 pervenit,
2511 2201 2634 2241 cum
2655 2201 2774 2241 sors
2802 2187 3054 2241 omnibus
3078 2185 3301 2256 placuit,
3330 2184 3455 2253 quia
3487 2193 3545 2238 et
3575 2183 3672 2237 Dei
3693 2198 3796 2252 gra-

2218 2279 2292 2333 tia
2322 2279 2375 2332 in
2397 2293 2508 2333 uno
2539 2278 2605 2331 ad
2632 2291 2822 2334 omnes
2844 2278 3112 2348 pervenit.
3151 2277 3219 2331 Et
3248 2291 3372 2331 cum
3407 2289 3531 2330 sors
3557 2275 3790 2333 mittitur,

2217 2383 2322 2423 non
2352 2383 2596 2438 persona:
2629 2365 2889 2437 cujusque
2913 2369 3000 2422 vel
3031 2367 3266 2433 meritis,
3318 2366 3414 2421 sed
3457 2362 3678 2421 occulto
3714 2365 3788 2417 Dei

2213 2459 2415 2527 judicio
2465 2459 2724 2514 creditur.
2775 2458 2845 2513 Et
2871 2459 2995 2514 ideo
3039 2459 3138 2513 ista
3175 2473 3285 2513 non
3315 2457 3516 2527 aliquid
3562 2457 3690 2511 boni
3730 2457 3795 2508 si-

2217 2551 2503 2624 gniﬁcasse
2543 2551 2672 2620 quid
2703 2550 2922 2617 dixerit,
2955 2551 3086 2621 quia
3123 2565 3222 2621 per
3269 2550 3438 2605 malos
3463 2549 3604 2604 facta
3638 2559 3798 2608 sunt,

2220 2657 2327 2697 non
2369 2641 2577 2697 scilicet
2620 2657 2720 2712 per
2765 2657 2860 2697 eos
2895 2641 2989 2711 qui
3041 2640 3318 2697 Christum
3350 2642 3543 2703 secuti,
3577 2640 3676 2694 sed
3705 2641 3801 2709 qui

2221 2739 2346 2789 sunt
2367 2732 2657 2804 persecuti.
2681 2731 2819 2800 Quid
2847 2733 2989 2787 enim
3024 2733 3089 2788 de
3126 2733 3243 2802 ipsa
3270 2747 3418 2787 cruce
3454 2729 3649 2784 dicturi
3687 2745 3794 2784 su-

2222 2842 2362 2893 mus,
2406 2841 2526 2897 qua:
2567 2835 2717 2882 certe
2758 2825 3009 2881 similiter
3051 2826 3119 2881 ab
3150 2825 3383 2880 inimicis
3423 2834 3572 2893 atque
3605 2823 3801 2891 impiis

2223 2914 2440 2971 Christo
2487 2913 2632 2969 facta
2675 2922 2731 2969 et
2765 2914 2998 2983 impacta
3029 2921 3112 2969 est
3146 2931 3158 2967 :
3197 2922 3254 2968 et
3285 2922 3462 2968 tamen
3487 2927 3552 2966 ea
3591 2911 3796 2982 signiti-

2223 3005 2336 3060 cari
2379 3014 2528 3060 recte
2561 3004 2908 3076 intelligitur,
2937 3005 3080 3074 quod
3115 3004 3190 3059 ait
3208 3003 3531 3074 Apostolus,
3567 3018 3684 3072 quae
3735 3003 3797 3055 sit

2230 3117 2247 3149 ι
2282 3099 2526 3163 latitudo,
2556 3099 2850 3169 longitudo,
2879 3098 3105 3169 altitudo
3150 3106 3208 3153 et
3237 3096 3568 3169 profundum
3595 3095 3793 3167 (Ephes.

2224 3191 2330 3264 ιιι).
2364 3211 2382 3242 ι
2416 3189 2550 3246 Lata
2579 3199 2666 3245 est
2691 3191 2886 3260 quippe
2907 3191 2960 3244 in
2987 3199 3299 3245 transverso
3330 3189 3476 3259 ligno
3501 3202 3611 3257 quo
3630 3195 3795 3240 exten-

2225 3283 2426 3337 duntur
2453 3282 2752 3352 pendentes
2784 3296 2996 3346 manus,
3025 3290 3080 3336 et
3104 3281 3375 3352 signiﬁcat
3401 3293 3571 3350 opera
3601 3279 3732 3333 bona
3751 3276 3792 3328 in

2226 3372 2508 3428 latitudine
2556 3373 2871 3438 charitatis;
2930 3372 3087 3443 longa
3116 3381 3201 3426 est
3237 3388 3265 3426 a
3317 3382 3631 3426 transverso
3674 3368 3797 3436 ligno

2227 3478 2397 3532 usque
2426 3463 2493 3517 ad
2527 3472 2742 3526 terram,
2767 3472 2823 3518 et
2847 3463 3114 3534 signiﬁcat
3136 3463 3605 3533 perseverantiam
3625 3461 3677 3515 in
3702 3458 3794 3512 lon-

2226 3553 2466 3623 gitudine
2499 3553 2758 3624 temporis
2797 3569 2965 3624 usque
2988 3555 3054 3609 ad
3083 3555 3244 3609 ﬁnem
3270 3571 3283 3618 ;
3315 3553 3422 3608 alta
3455 3562 3539 3608 est
3579 3553 3633 3608 in
3660 3566 3794 3606 cacu-

2228 3643 2394 3707 mine,
2421 3644 2565 3712 quod
2588 3659 2618 3698 a
2649 3653 2956 3700 transverso
2979 3644 3364 3715 ligno-sursum
3398 3657 3594 3697 rursus
3629 3651 3791 3696 exten-

2228 3735 2394 3802 ditur,
2416 3743 2470 3791 et
2491 3735 2759 3806 signiﬁcat
2779 3750 3072 3806 supernum
3094 3735 3279 3802 ﬁnem,
3303 3751 3412 3806 quo
3433 3744 3631 3791 cuncta
3655 3748 3792 3803 opera

2228 3828 2538 3884 referuntur
2567 3846 2581 3882 :
2605 3829 2858 3898 quoniam
2887 3838 3082 3884 cuncta
3109 3844 3228 3899 quae
3263 3829 3552 3884 latitudine
3595 3830 3728 3884 bene
3751 3841 3796 3878 ar

2228 3928 2644 3990 perseveranter
2674 3920 2829 3986 ﬁunt,
2855 3929 3076 3990 propter
3120 3920 3461 3976 altitudinem
3516 3921 3796 3976 divinorum

2229 4009 2474 4064 facienda
2506 4019 2630 4064 sunt
2661 4011 3046 4080 praemiorum;
3075 4011 3341 4081 profunda
3366 4019 3452 4068 est
3488 4013 3654 4068 etiam
3679 4014 3729 4066 in
3751 4026 3796 4062 ea

2229 4110 2384 4172 parte
2421 4116 2539 4170 quae
2582 4103 2637 4156 in
2667 4111 2814 4157 terra
2865 4102 3185 4173 ﬁgiturzibi
3229 4105 3427 4174 quippe
3480 4105 3687 4160 occulta

2232 4208 2334 4248 nec
2389 4193 2560 4246 videri
2611 4201 2792 4262 potest
2835 4195 2977 4248 :sed
3023 4204 3216 4248 cuncta
3272 4195 3391 4265 ejus
3431 4195 3740 4266 apparentia
3761 4202 3800 4244 el

2233 4284 2525 4340 eminentia
2551 4283 2673 4340 inde
2697 4294 3051 4355 consurgunt,
3077 4285 3219 4341 sicut
3237 4285 3375 4340 bona
3407 4296 3594 4340 nostra
3613 4286 3676 4339 de
3701 4299 3800 4351 pro-

2235 4372 2496 4427 funditate
2524 4374 2710 4444 gratia:
2733 4375 2850 4440 Dei,
2880 4389 3000 4443 quae
3033 4375 3425 4444 comprehendi
3451 4390 3516 4431 ac
3543 4371 3798 4442 dijudicari

2239 4481 2345 4522 non
2375 4474 2574 4537 potest,
2596 4466 2848 4520 universa
2874 4467 3196 4536 procedunt.
3224 4467 3330 4522 Sed
3351 4475 3408 4521 et
3436 4466 3484 4520 si
3511 4481 3647 4520 crux
3673 4464 3801 4519 Chri-

550 4555 804 4626 ﬁguravit
833 4554 1130 4610 Ecclesiam
1152 4593 1166 4619 ,
1194 4562 1305 4610 toto
1331 4553 1534 4609 scilicet
1557 4571 1676 4624 quae
1711 4563 1942 4624 quatuor
1964 4555 2133 4624 parti-
2158 4537 2210 4598 D
2236 4557 2374 4612 stiet
2396 4556 2501 4610 hoc
2519 4555 2693 4610 solum
2717 4555 3002 4625 signiﬁcet,
3019 4556 3164 4626 quod
3192 4557 3270 4610 ait
3289 4554 3582 4624 Apostolus
3613 4574 3626 4608 :
3671 4574 3688 4605 ι
3723 4551 3799 4618 Qui

550 4647 652 4702 bus
695 4654 909 4701 constat
956 4655 1224 4700 terrarum
1276 4645 1406 4700 orbe
1454 4643 1734 4711 diffusam,
1786 4654 1841 4700 et
1885 4646 2134 4701 omnibus

551 4737 757 4792 eisdem
782 4736 1028 4807 partibus
1050 4734 1352 4805 aequaliter,
1382 4735 1436 4790 id
1469 4746 1552 4790 est
1580 4737 1922 4792 concorditer
1947 4737 2130 4791 distri-

555 4828 758 4881 butam.
786 4827 1012 4896 Propter
1035 4827 1180 4896 quod
1209 4826 1334 4881 alibi
1363 4827 1492 4882 dicit
1517 4827 1808 4882 missurum
1833 4843 1892 4884 se
1915 4827 2133 4899 angelos

555 4929 780 4985 suos,ut
803 4919 1058 4989 colligant
1084 4919 1283 4975 electos
1307 4935 1432 4975 suos
1460 4936 1490 4973 a
1512 4927 1741 4988 quatuor
1761 4921 1954 4974 ventis.
1980 4919 2130 4986 Quod

555 5009 686 5081 quid
709 5018 810 5073 est,
839 5009 940 5063 nisi
974 5025 1005 5063 a
1043 5018 1273 5079 quatuor
1292 5011 1539 5080 partibus
1563 5010 1767 5075 mundi,
1796 5010 2024 5079 oriente,
2050 5027 2140 5067 oc-

556 5103 802 5168 cidente,
842 5101 1092 5171 aquilone
1117 5113 1171 5158 et
1210 5103 1475 5157 meridie?
1509 5101 1715 5156 Tunica
1755 5117 1882 5157 vero
1911 5101 1997 5157 illa
2028 5118 2141 5158 sor-

555 5193 655 5246 tita
680 5191 921 5245 omnium
968 5192 1204 5262 partium
1234 5191 1503 5262 significat
1531 5189 1794 5245 unitatem
1813 5230 1825 5254 ,
1856 5207 1974 5260 quae
2008 5193 2142 5246 cha-

559 5283 738 5338 ritatis
762 5281 974 5338 vinculo
1002 5282 1327 5338 continetur.
1373 5279 1449 5334 De
1488 5279 1750 5334 charitate
1784 5289 1961 5335 autem
2002 5281 2144 5335 locu-

560 5385 717 5430 turus
765 5374 1058 5444 Apostolus
1110 5388 1124 5426 :
1187 5390 1205 5424 r
1274 5370 1890 5442 Superemincntiorem,
1950 5373 2144 5442 inquit,

558 5466 702 5522 viam
743 5467 897 5522 vobis
944 5467 1258 5521 demonstro
1302 5461 1355 5533 (1
1387 5460 1508 5517 Cor.
1565 5463 1683 5535 xu).
1745 5462 1858 5518 ιΕι
1887 5463 1991 5518 alio
2027 5462 2144 5520 loco

561 5562 638 5618 ait
655 5580 666 5614 :
690 5581 706 5613 ι
718 5562 1057 5632 Cognoscere
1072 5566 1252 5612 autem
1269 5548 1754 5626 supereminentem
1769 5555 2007 5610 scientiae
2021 5556 2146 5609 cha-

562 5653 796 5718 ritatcm,
813 5667 932 5722 quae
949 5661 1033 5706 est
1055 5648 1326 5704 vinculum
1349 5645 1695 5718 perfectionis
1720 5647 1959 5717 (Ephes..
1993 5652 2100 5718 ιιι).
2124 5667 2140 5698 ι

563 5742 622 5799 Si
690 5761 818 5815 ergo
873 5743 1113 5799 charitas
1165 5741 1739 5812 supereminentiorcm
1791 5739 1951 5794 habet
1981 5741 2143 5806 viam,

2236 4655 2418 4702 autem
2438 4654 2564 4701 sunt
2583 4645 2808 4711 Christi,
2839 4661 3059 4700 carnem
3085 4661 3241 4701 suam
3275 4645 3675 4700 cruciﬁxerunt
3707 4656 3800 4696 cum

2234 4737 2576 4810 passionibus
2599 4745 2654 4792 et
2681 4737 3134 4806 concupiscentiis
3166 4733 3307 4807 (Gal.
3337 4737 3414 4805 v),
3459 4756 3478 4788 ι
3509 4751 3673 4806 quam
3718 4749 3802 4787 ma-

2242 4849 2408 4904 gnum
2437 4833 2638 4887 bonum
2667 4832 2786 4886 est?
2814 4830 2924 4885 Nec
2972 4839 3151 4885 tamen
3177 4830 3279 4884 hoc
3310 4830 3464 4894 facit,
3493 4830 3599 4884 nisi
3639 4841 3800 4883 concu-

2236 4925 2449 4995 piscens
2489 4922 2746 4977 adversus
2775 4938 2992 4978 carnem
3041 4923 3263 4993 spiritus
3301 4922 3501 4987 bonus,
3525 4937 3655 4976 cum
3686 4919 3798 4974 illam

2246 5027 2461 5068 crucem
2494 5011 2694 5068 Christi
2716 5011 2905 5069 fecerit
2942 5014 3212 5078 inimicus,
3250 5013 3303 5068 id
3323 5021 3408 5068 est
3432 5013 3702 5082 malignus
3723 5009 3802 5078 spi-

2243 5105 2401 5158 ritus.
2451 5101 2731 5159 Postremo
2780 5104 2908 5173 quid
2958 5112 3039 5158 est
3085 5102 3248 5174 (quod
3282 5118 3473 5158 omnes
3522 5102 3801 5170 noluerunt)

2244 5195 2456 5266 Signum
2479 5195 2680 5260 θῐύείεν
2713 5195 2817 5250 nisi
2849 5210 2982 5250 crux
3017 5195 3253 5250 Christi?
3281 5194 3419 5260 Quid
3450 5196 3700 5267 signum,
3726 5190 3802 5248 nisi

2246 5285 2564 5341 adhibeatur
2589 5287 2700 5340 sive
2725 5286 2992 5342 frontibus
3015 5286 3369 5349 credentium.
3393 5286 3510 5342 sive
3530 5302 3670 5356 aqua
3694 5287 3801 5355 ipsa.

2246 5395 2313 5435 ex
2337 5395 2442 5449 qua
2474 5387 2844 5442 renascantur,
2877 5379 2987 5434 sive
3015 5379 3136 5434 oleo
3171 5395 3278 5448 quo
3304 5379 3604 5433 chrismate
3633 5392 3804 5447 ungun-

2249 5483 2353 5536 tur,
2389 5474 2502 5528 sive
2529 5473 2796 5528 sacriﬁcio
2817 5489 2924 5544 quo
2951 5473 3189 5539 aluntur,
3212 5475 3347 5528 nihil
3366 5489 3558 5528 eorum
3587 5475 3691 5528 vita
3715 5488 3803 5541 per-

2251 5562 2449 5618 ficitur.
2489 5565 2767 5631 Quomodo
2796 5580 2926 5635 ergo
2949 5582 3043 5636 per
3073 5567 3126 5621 id
3152 5567 3294 5635 quod
3331 5566 3456 5620 mali
3492 5565 3721 5627 faciunt,
3744 5562 3802 5616 ni-

2252 5655 2326 5708 hil
2371 5656 2493 5709 boni
2541 5655 2896 5726 signiﬁcatur,
2949 5657 3161 5726 quando
3208 5671 3567 5725 percrucem
3607 5653 3802 5712 Christi,

2252 5761 2412 5813 quam
2439 5746 2681 5802 fecerunt
2702 5748 2850 5814 mali,
2885 5749 2935 5801 in
2979 5747 3341 5802 celebratione
3374 5755 3802 5802 sacramentorum
