  <div class='ocr_page' id='page_1' title='image "/cluster/home/n/w/nwhite01/storage/ocr_20150623/118/hvd.32044015466907/226.png"; bbox 0 0 3934 6346; ppageno 0'>
   <div class='ocr_carea' id='block_1_1' title="bbox 124 385 244 440">
    <p class='ocr_par' dir='ltr' id='par_1_1' title="bbox 124 385 244 440">
     <span class='ocr_line' id='line_1_1' title="bbox 124 385 244 440; baseline 0 -1"><span class='ocrx_word' id='word_1_1' title='bbox 124 385 244 440; x_wconf 67' lang='lat' dir='ltr'><strong>Mi</strong></span> 
     </span>
    </p>
   </div>
   <div class='ocr_carea' id='block_1_2' title="bbox 1371 368 2182 432">
    <p class='ocr_par' dir='ltr' id='par_1_2' title="bbox 1371 368 2182 432">
     <span class='ocr_line' id='line_1_2' title="bbox 1371 368 2182 432; baseline -0.009 -2"><span class='ocrx_word' id='word_1_2' title='bbox 1371 373 1674 432; x_wconf 67' lang='lat' dir='ltr'><strong>HOMILIA‘I</strong></span> <span class='ocrx_word' id='word_1_3' title='bbox 1687 370 1800 428; x_wconf 66' lang='lat' dir='ltr'><strong>‘DE</strong></span> <span class='ocrx_word' id='word_1_4' title='bbox 1839 368 2182 425; x_wconf 75' lang='lat' dir='ltr'><strong>TEMPORE.</strong></span> 
     </span>
    </p>
   </div>
   <div class='ocr_carea' id='block_1_3' title="bbox 3313 372 3421 429">
    <p class='ocr_par' dir='ltr' id='par_1_3' title="bbox 3313 372 3421 429">
     <span class='ocr_line' id='line_1_3' title="bbox 3313 372 3421 429; baseline 0.037 -4"><span class='ocrx_word' id='word_1_5' title='bbox 3313 372 3421 429; x_wconf 66' lang='grc'><strong>442</strong></span> 
     </span>
    </p>
   </div>
   <div class='ocr_carea' id='block_1_4' title="bbox 125 482 3418 570">
    <p class='ocr_par' dir='ltr' id='par_1_4' title="bbox 125 482 3418 570">
     <span class='ocr_line' id='line_1_4' title="bbox 125 482 3418 570; baseline -0.004 -15"><span class='ocrx_word' id='word_1_6' title='bbox 125 502 271 570; x_wconf 86' lang='lat' dir='ltr'><strong>ejus</strong></span> <span class='ocrx_word' id='word_1_7' title='bbox 299 514 493 555; x_wconf 89' lang='lat' dir='ltr'><strong>nonum</strong></span> <span class='ocrx_word' id='word_1_8' title='bbox 515 498 672 554; x_wconf 89' lang='lat' dir='ltr'><strong>nobis</strong></span> <span class='ocrx_word' id='word_1_9' title='bbox 693 513 855 554; x_wconf 90' lang='lat' dir='ltr'><strong>omne</strong></span> <span class='ocrx_word' id='word_1_10' title='bbox 883 497 1152 569; x_wconf 77' lang='lat' dir='ltr'><strong>signatur.</strong></span> <span class='ocrx_word' id='word_1_11' title='bbox 1181 493 1454 550; x_wconf 80' lang='lat' dir='ltr'><strong>Cruciﬁxo</strong></span> <span class='ocrx_word' id='word_1_12' title='bbox 1483 490 1733 552; x_wconf 91' lang='lat' dir='ltr'><strong>Domino,</strong></span> <span class='ocrx_word' id='word_1_13' title='bbox 1763 489 1816 549; x_wconf 82' lang='grc' dir='ltr'>Α</span> <span class='ocrx_word' id='word_1_14' title='bbox 1839 484 2011 539; x_wconf 87' lang='lat' dir='ltr'><strong>tuosis</strong></span> <span class='ocrx_word' id='word_1_15' title='bbox 2050 482 2288 539; x_wconf 73' lang='lat' dir='ltr'><strong>latibulis</strong></span> <span class='ocrx_word' id='word_1_16' title='bbox 2311 484 2732 540; x_wconf 89' lang='lat' dir='ltr'><strong>fraudulentum.</strong></span> <span class='ocrx_word' id='word_1_17' title='bbox 2759 485 3060 557; x_wconf 85' lang='lat' dir='ltr'><strong>llyssopum</strong></span> <span class='ocrx_word' id='word_1_18' title='bbox 3094 493 3297 553; x_wconf 88' lang='lat' dir='ltr'><strong>autem,</strong></span> <span class='ocrx_word' id='word_1_19' title='bbox 3331 490 3418 544; x_wconf 90' lang='lat' dir='ltr'><strong>cui</strong></span> 
     </span>
    </p>
   </div>
   <div class='ocr_carea' id='block_1_5' title="bbox 129 579 1736 663">
    <p class='ocr_par' dir='ltr' id='par_1_5' title="bbox 129 579 1736 663">
     <span class='ocr_line' id='line_1_5' title="bbox 129 579 1736 663; baseline -0.007 -15"><span class='ocrx_word' id='word_1_20' title='bbox 129 591 729 663; x_wconf 80' lang='lat' dir='ltr'><strong>posteaquamdivisio</strong></span> <span class='ocrx_word' id='word_1_21' title='bbox 755 579 1198 647; x_wconf 77' lang='lat' dir='ltr'><strong>vestimentOrum</strong></span> <span class='ocrx_word' id='word_1_22' title='bbox 1234 585 1350 656; x_wconf 85' lang='lat' dir='ltr'><strong>ejus</strong></span> <span class='ocrx_word' id='word_1_23' title='bbox 1381 586 1542 640; x_wconf 91' lang='lat' dir='ltr'><strong>etiam</strong></span> <span class='ocrx_word' id='word_1_24' title='bbox 1575 584 1736 638; x_wconf 86' lang='lat' dir='ltr'><strong>missa</strong></span> 
     </span>
    </p>
   </div>
   <div class='ocr_carea' id='block_1_6' title="bbox 129 672 1738 751">
    <p class='ocr_par' dir='ltr' id='par_1_6' title="bbox 129 672 1738 751">
     <span class='ocr_line' id='line_1_6' title="bbox 129 672 1738 751; baseline -0.006 -16"><span class='ocrx_word' id='word_1_25' title='bbox 129 681 293 737; x_wconf 82' lang='lat' dir='ltr'><strong>forte</strong></span> <span class='ocrx_word' id='word_1_26' title='bbox 321 681 584 751; x_wconf 88' lang='lat' dir='ltr'><strong>completa</strong></span> <span class='ocrx_word' id='word_1_27' title='bbox 612 689 716 748; x_wconf 91' lang='lat' dir='ltr'><strong>est,</strong></span> <span class='ocrx_word' id='word_1_28' title='bbox 741 695 861 750; x_wconf 72' lang='lat' dir='ltr'><strong>quae</strong></span> <span class='ocrx_word' id='word_1_29' title='bbox 888 678 1082 734; x_wconf 88' lang='lat' dir='ltr'><strong>deinde</strong></span> <span class='ocrx_word' id='word_1_30' title='bbox 1105 683 1293 732; x_wconf 89' lang='lat' dir='ltr'><strong>narrat</strong></span> <span class='ocrx_word' id='word_1_31' title='bbox 1312 672 1551 729; x_wconf 80' lang='lat' dir='ltr'><strong>Joannes</strong></span> <span class='ocrx_word' id='word_1_32' title='bbox 1575 688 1738 726; x_wconf 87' lang='lat' dir='ltr'><strong>evan-</strong></span> 
     </span>
    </p>
   </div>
   <div class='ocr_carea' id='block_1_7' title="bbox 129 755 965 844">
    <p class='ocr_par' dir='ltr' id='par_1_7' title="bbox 129 755 965 844">
     <span class='ocr_line' id='line_1_7' title="bbox 129 755 965 844; baseline -0.004 -15"><span class='ocrx_word' id='word_1_33' title='bbox 129 774 340 844; x_wconf 87' lang='lat' dir='ltr'><strong>gelista</strong></span> <span class='ocrx_word' id='word_1_34' title='bbox 359 815 374 840; x_wconf 93' lang='lat'><strong>,</strong></span> <span class='ocrx_word' id='word_1_35' title='bbox 406 773 702 829; x_wconf 83' lang='lat' dir='ltr'><strong>videamus.</strong></span> <span class='ocrx_word' id='word_1_36' title='bbox 961 755 965 759; x_wconf 2' lang='lat' dir='ltr'><strong>ﬁ</strong></span> 
     </span>
    </p>
   </div>
   <div class='ocr_carea' id='block_1_8' title="bbox 219 859 1733 935">
    <p class='ocr_par' dir='ltr' id='par_1_8' title="bbox 219 859 1733 935">
     <span class='ocr_line' id='line_1_8' title="bbox 219 859 1733 935; baseline -0.003 -19"><span class='ocrx_word' id='word_1_37' title='bbox 219 885 241 916; x_wconf 75' lang='grc' dir='ltr'><strong>ι</strong></span> <span class='ocrx_word' id='word_1_38' title='bbox 284 867 352 921; x_wconf 90' lang='grc' dir='ltr'>Ει</span> <span class='ocrx_word' id='word_1_39' title='bbox 377 866 576 921; x_wconf 80' lang='lat' dir='ltr'><strong>milites</strong></span> <span class='ocrx_word' id='word_1_40' title='bbox 596 863 813 935; x_wconf 84' lang='lat' dir='ltr'><strong>quidem</strong></span> <span class='ocrx_word' id='word_1_41' title='bbox 843 865 961 920; x_wconf 63' lang='lat' dir='ltr'><strong>haec</strong></span> <span class='ocrx_word' id='word_1_42' title='bbox 984 864 1249 919; x_wconf 89' lang='lat' dir='ltr'><strong>fecerunt.</strong></span> <span class='ocrx_word' id='word_1_43' title='bbox 1287 859 1515 915; x_wconf 87' lang='lat' dir='ltr'><strong>Stabant</strong></span> <span class='ocrx_word' id='word_1_44' title='bbox 1556 866 1733 913; x_wconf 90' lang='lat' dir='ltr'><strong>autem</strong></span> 
     </span>
    </p>
   </div>
   <div class='ocr_carea' id='block_1_9' title="bbox 135 948 1736 1025">
    <p class='ocr_par' dir='ltr' id='par_1_9' title="bbox 135 948 1736 1025">
     <span class='ocr_line' id='line_1_9' title="bbox 135 948 1736 1025; baseline -0.005 -13"><span class='ocrx_word' id='word_1_45' title='bbox 135 975 155 1006; x_wconf 75' lang='grc' dir='ltr'><strong>ε</strong></span> <span class='ocrx_word' id='word_1_46' title='bbox 196 955 368 1024; x_wconf 81' lang='lat' dir='ltr'><strong>juxta</strong></span> <span class='ocrx_word' id='word_1_47' title='bbox 394 971 612 1012; x_wconf 90' lang='lat' dir='ltr'><strong>crucem</strong></span> <span class='ocrx_word' id='word_1_48' title='bbox 633 955 758 1011; x_wconf 84' lang='lat' dir='ltr'><strong>Jesu</strong></span> <span class='ocrx_word' id='word_1_49' title='bbox 780 966 952 1011; x_wconf 82' lang='lat' dir='ltr'><strong>mater</strong></span> <span class='ocrx_word' id='word_1_50' title='bbox 976 955 1107 1025; x_wconf 89' lang='lat' dir='ltr'><strong>ejus,</strong></span> <span class='ocrx_word' id='word_1_51' title='bbox 1139 961 1194 1010; x_wconf 90' lang='lat' dir='ltr'><strong>et</strong></span> <span class='ocrx_word' id='word_1_52' title='bbox 1227 969 1380 1009; x_wconf 88' lang='lat' dir='ltr'><strong>soror</strong></span> <span class='ocrx_word' id='word_1_53' title='bbox 1401 951 1590 1005; x_wconf 86' lang='lat' dir='ltr'><strong>matris</strong></span> <span class='ocrx_word' id='word_1_54' title='bbox 1620 948 1736 1019; x_wconf 88' lang='lat' dir='ltr'><strong>ejus</strong></span> 
     </span>
    </p>
   </div>
   <div class='ocr_carea' id='block_1_10' title="bbox 134 1043 1738 1120">
    <p class='ocr_par' dir='ltr' id='par_1_10' title="bbox 134 1043 1738 1120">
     <span class='ocr_line' id='line_1_10' title="bbox 134 1043 1738 1120; baseline -0.001 -21"><span class='ocrx_word' id='word_1_55' title='bbox 134 1067 155 1099; x_wconf 79' lang='grc' dir='ltr'><strong>ι</strong></span> <span class='ocrx_word' id='word_1_56' title='bbox 198 1048 382 1104; x_wconf 85' lang='lat' dir='ltr'><strong>Maria</strong></span> <span class='ocrx_word' id='word_1_57' title='bbox 403 1048 674 1120; x_wconf 74' lang='lat' dir='ltr'><strong>Cleophae,</strong></span> <span class='ocrx_word' id='word_1_58' title='bbox 701 1058 756 1104; x_wconf 89' lang='lat' dir='ltr'><strong>et</strong></span> <span class='ocrx_word' id='word_1_59' title='bbox 776 1048 942 1104; x_wconf 88' lang='lat' dir='ltr'><strong>Maria</strong></span> <span class='ocrx_word' id='word_1_60' title='bbox 986 1047 1316 1118; x_wconf 83' lang='lat' dir='ltr'><strong>Magdalene.</strong></span> <span class='ocrx_word' id='word_1_61' title='bbox 1345 1045 1481 1100; x_wconf 90' lang='lat' dir='ltr'><strong>Cum</strong></span> <span class='ocrx_word' id='word_1_62' title='bbox 1514 1043 1738 1099; x_wconf 79' lang='lat' dir='ltr'><strong>vidisset</strong></span> 
     </span>
    </p>
   </div>
   <div class='ocr_carea' id='block_1_11' title="bbox 135 1139 1733 1210">
    <p class='ocr_par' dir='ltr' id='par_1_11' title="bbox 135 1139 1733 1210">
     <span class='ocr_line' id='line_1_11' title="bbox 135 1139 1733 1210; baseline -0.002 -17"><span class='ocrx_word' id='word_1_63' title='bbox 135 1160 155 1192; x_wconf 73' lang='grc' dir='ltr'><strong>ι</strong></span> <span class='ocrx_word' id='word_1_64' title='bbox 205 1156 348 1209; x_wconf 87' lang='lat' dir='ltr'><strong>ergo</strong></span> <span class='ocrx_word' id='word_1_65' title='bbox 385 1139 542 1196; x_wconf 89' lang='lat' dir='ltr'><strong>Jesus</strong></span> <span class='ocrx_word' id='word_1_66' title='bbox 573 1149 802 1196; x_wconf 80' lang='lat' dir='ltr'><strong>matrem</strong></span> <span class='ocrx_word' id='word_1_67' title='bbox 840 1150 896 1195; x_wconf 91' lang='lat' dir='ltr'><strong>et</strong></span> <span class='ocrx_word' id='word_1_68' title='bbox 935 1139 1252 1210; x_wconf 91' lang='lat' dir='ltr'><strong>discipulum</strong></span> <span class='ocrx_word' id='word_1_69' title='bbox 1281 1146 1534 1202; x_wconf 90' lang='lat' dir='ltr'><strong>stantem,</strong></span> <span class='ocrx_word' id='word_1_70' title='bbox 1574 1150 1733 1205; x_wconf 90' lang='lat' dir='ltr'><strong>quem</strong></span> 
     </span>
    </p>
   </div>
   <div class='ocr_carea' id='block_1_12' title="bbox 134 1229 1730 1304">
    <p class='ocr_par' dir='ltr' id='par_1_12' title="bbox 134 1229 1730 1304">
     <span class='ocr_line' id='line_1_12' title="bbox 134 1229 1730 1304; baseline -0.001 -20"><span class='ocrx_word' id='word_1_71' title='bbox 134 1252 155 1284; x_wconf 70' lang='grc' dir='ltr'>ς</span> <span class='ocrx_word' id='word_1_72' title='bbox 194 1233 484 1304; x_wconf 72' lang='lat' dir='ltr'><strong>diligebat,</strong></span> <span class='ocrx_word' id='word_1_73' title='bbox 516 1233 647 1288; x_wconf 89' lang='lat' dir='ltr'><strong>dicit</strong></span> <span class='ocrx_word' id='word_1_74' title='bbox 669 1233 828 1288; x_wconf 86' lang='lat' dir='ltr'><strong>matri</strong></span> <span class='ocrx_word' id='word_1_75' title='bbox 858 1248 967 1288; x_wconf 87' lang='lat' dir='ltr'><strong>suae</strong></span> <span class='ocrx_word' id='word_1_76' title='bbox 995 1247 1010 1286; x_wconf 88' lang='lat'><strong>:</strong></span> <span class='ocrx_word' id='word_1_77' title='bbox 1039 1231 1252 1297; x_wconf 87' lang='lat' dir='ltr'><strong>Mulier,</strong></span> <span class='ocrx_word' id='word_1_78' title='bbox 1275 1245 1404 1286; x_wconf 86' lang='lat' dir='ltr'><strong>ecce</strong></span> <span class='ocrx_word' id='word_1_79' title='bbox 1427 1229 1570 1284; x_wconf 82' lang='lat' dir='ltr'><strong>filius</strong></span> <span class='ocrx_word' id='word_1_80' title='bbox 1592 1236 1730 1294; x_wconf 89' lang='lat' dir='ltr'><strong>tuus;</strong></span> 
     </span>
    </p>
   </div>
   <div class='ocr_carea' id='block_1_13' title="bbox 135 1321 1735 1394">
    <p class='ocr_par' dir='ltr' id='par_1_13' title="bbox 135 1321 1735 1394">
     <span class='ocr_line' id='line_1_13' title="bbox 135 1321 1735 1394; baseline 0.001 -19"><span class='ocrx_word' id='word_1_81' title='bbox 135 1342 154 1375; x_wconf 73' lang='grc' dir='ltr'><strong>ι</strong></span> <span class='ocrx_word' id='word_1_82' title='bbox 197 1324 415 1379; x_wconf 87' lang='lat' dir='ltr'><strong>Deinde</strong></span> <span class='ocrx_word' id='word_1_83' title='bbox 452 1325 583 1380; x_wconf 90' lang='lat' dir='ltr'><strong>dicit</strong></span> <span class='ocrx_word' id='word_1_84' title='bbox 625 1324 889 1394; x_wconf 90' lang='lat' dir='ltr'><strong>discipulo</strong></span> <span class='ocrx_word' id='word_1_85' title='bbox 934 1342 947 1377; x_wconf 88' lang='lat'><strong>:</strong></span> <span class='ocrx_word' id='word_1_86' title='bbox 985 1324 1126 1380; x_wconf 90' lang='lat' dir='ltr'><strong>Ecce</strong></span> <span class='ocrx_word' id='word_1_87' title='bbox 1165 1331 1345 1378; x_wconf 87' lang='lat' dir='ltr'><strong>mater</strong></span> <span class='ocrx_word' id='word_1_88' title='bbox 1374 1332 1485 1378; x_wconf 89' lang='lat' dir='ltr'><strong>tua.</strong></span> <span class='ocrx_word' id='word_1_89' title='bbox 1546 1341 1564 1371; x_wconf 75' lang='grc' dir='ltr'><strong>ι</strong></span> <span class='ocrx_word' id='word_1_90' title='bbox 1609 1321 1735 1376; x_wconf 80' lang='lat' dir='ltr'><strong>Haec</strong></span> 
     </span>
    </p>
   </div>
   <div class='ocr_carea' id='block_1_14' title="bbox 128 1413 1735 1485">
    <p class='ocr_par' dir='ltr' id='par_1_14' title="bbox 128 1413 1735 1485">
     <span class='ocr_line' id='line_1_14' title="bbox 128 1413 1735 1485; baseline -0.003 -16"><span class='ocrx_word' id='word_1_91' title='bbox 128 1415 408 1470; x_wconf 89' lang='lat' dir='ltr'><strong>nimirum</strong></span> <span class='ocrx_word' id='word_1_92' title='bbox 438 1424 523 1472; x_wconf 89' lang='lat' dir='ltr'><strong>est</strong></span> <span class='ocrx_word' id='word_1_93' title='bbox 559 1415 648 1470; x_wconf 92' lang='lat' dir='ltr'><strong>illa</strong></span> <span class='ocrx_word' id='word_1_94' title='bbox 687 1415 821 1472; x_wconf 89' lang='lat' dir='ltr'><strong>hora</strong></span> <span class='ocrx_word' id='word_1_95' title='bbox 863 1416 916 1470; x_wconf 92' lang='lat' dir='ltr'><strong>in</strong></span> <span class='ocrx_word' id='word_1_96' title='bbox 956 1430 1060 1485; x_wconf 91' lang='lat' dir='ltr'><strong>qua</strong></span> <span class='ocrx_word' id='word_1_97' title='bbox 1086 1413 1243 1470; x_wconf 80' lang='lat' dir='ltr'><strong>Jesus</strong></span> <span class='ocrx_word' id='word_1_98' title='bbox 1271 1429 1462 1484; x_wconf 84' lang='lat' dir='ltr'><strong>aquam</strong></span> <span class='ocrx_word' id='word_1_99' title='bbox 1511 1427 1735 1468; x_wconf 80' lang='lat' dir='ltr'><strong>conver-</strong></span> 
     </span>
    </p>
   </div>
   <div class='ocr_carea' id='block_1_15' title="bbox 127 1494 1730 1571">
    <p class='ocr_par' dir='ltr' id='par_1_15' title="bbox 127 1494 1730 1571">
     <span class='ocr_line' id='line_1_15' title="bbox 127 1494 1730 1571; baseline -0.003 -12"><span class='ocrx_word' id='word_1_100' title='bbox 127 1521 313 1560; x_wconf 88' lang='lat' dir='ltr'><strong>surus</strong></span> <span class='ocrx_word' id='word_1_101' title='bbox 338 1506 392 1559; x_wconf 91' lang='lat' dir='ltr'><strong>in</strong></span> <span class='ocrx_word' id='word_1_102' title='bbox 416 1505 626 1571; x_wconf 90' lang='lat' dir='ltr'><strong>vinum,</strong></span> <span class='ocrx_word' id='word_1_103' title='bbox 675 1505 875 1560; x_wconf 80' lang='lat' dir='ltr'><strong>dixerit</strong></span> <span class='ocrx_word' id='word_1_104' title='bbox 900 1505 1060 1560; x_wconf 86' lang='lat' dir='ltr'><strong>matri</strong></span> <span class='ocrx_word' id='word_1_105' title='bbox 1090 1519 1104 1558; x_wconf 89' lang='lat'><strong>:</strong></span> <span class='ocrx_word' id='word_1_106' title='bbox 1140 1524 1158 1556; x_wconf 73' lang='grc' dir='ltr'><strong>ι</strong></span> <span class='ocrx_word' id='word_1_107' title='bbox 1189 1503 1327 1571; x_wconf 84' lang='lat' dir='ltr'><strong>Quid</strong></span> <span class='ocrx_word' id='word_1_108' title='bbox 1353 1494 1484 1558; x_wconf 82' lang='lat' dir='ltr'><strong>mihi</strong></span> <span class='ocrx_word' id='word_1_109' title='bbox 1535 1509 1590 1556; x_wconf 90' lang='lat' dir='ltr'><strong>et</strong></span> <span class='ocrx_word' id='word_1_110' title='bbox 1637 1499 1730 1554; x_wconf 89' lang='lat' dir='ltr'><strong>tibi</strong></span> 
     </span>
    </p>
   </div>
   <div class='ocr_carea' id='block_1_16' title="bbox 126 1592 1782 1664">
    <p class='ocr_par' dir='ltr' id='par_1_16' title="bbox 126 1592 1782 1664">
     <span class='ocr_line' id='line_1_16' title="bbox 126 1592 1782 1664; baseline -0.006 -11"><span class='ocrx_word' id='word_1_111' title='bbox 126 1609 245 1664; x_wconf 87' lang='lat' dir='ltr'><strong>est,</strong></span> <span class='ocrx_word' id='word_1_112' title='bbox 286 1597 512 1652; x_wconf 90' lang='lat' dir='ltr'><strong>mulier?</strong></span> <span class='ocrx_word' id='word_1_113' title='bbox 539 1596 786 1652; x_wconf 87' lang='lat' dir='ltr'><strong>Nondum</strong></span> <span class='ocrx_word' id='word_1_114' title='bbox 828 1597 976 1651; x_wconf 80' lang='lat' dir='ltr'><strong>venit</strong></span> <span class='ocrx_word' id='word_1_115' title='bbox 1013 1597 1144 1652; x_wconf 80' lang='lat' dir='ltr'><strong>hora</strong></span> <span class='ocrx_word' id='word_1_116' title='bbox 1191 1609 1311 1650; x_wconf 89' lang='lat' dir='ltr'><strong>mea</strong></span> <span class='ocrx_word' id='word_1_117' title='bbox 1354 1593 1534 1664; x_wconf 86' lang='lat' dir='ltr'><strong>(Joan.</strong></span> <span class='ocrx_word' id='word_1_118' title='bbox 1572 1592 1652 1662; x_wconf 85' lang='grc' dir='ltr'>ιι).</span> <span class='ocrx_word' id='word_1_119' title='bbox 1709 1612 1726 1641; x_wconf 74' lang='grc' dir='ltr'><strong>ι</strong></span> <span class='ocrx_word' id='word_1_120' title='bbox 1765 1623 1782 1637; x_wconf 62' lang='grc' dir='ltr'><strong>ς</strong></span> 
     </span>
    </p>
   </div>
   <div class='ocr_carea' id='block_1_17' title="bbox 127 1683 1730 1759">
    <p class='ocr_par' dir='ltr' id='par_1_17' title="bbox 127 1683 1730 1759">
     <span class='ocr_line' id='line_1_17' title="bbox 127 1683 1730 1759; baseline -0.004 -19"><span class='ocrx_word' id='word_1_121' title='bbox 127 1686 302 1743; x_wconf 84' lang='lat' dir='ltr'><strong>Hane</strong></span> <span class='ocrx_word' id='word_1_122' title='bbox 337 1689 517 1757; x_wconf 86' lang='lat' dir='ltr'><strong>itaque</strong></span> <span class='ocrx_word' id='word_1_123' title='bbox 560 1689 748 1744; x_wconf 91' lang='lat' dir='ltr'><strong>horam</strong></span> <span class='ocrx_word' id='word_1_124' title='bbox 788 1687 1139 1759; x_wconf 82' lang='lat' dir='ltr'><strong>praedixerat,</strong></span> <span class='ocrx_word' id='word_1_125' title='bbox 1173 1700 1293 1756; x_wconf 63' lang='lat' dir='ltr'><strong>quae</strong></span> <span class='ocrx_word' id='word_1_126' title='bbox 1338 1693 1464 1740; x_wconf 88' lang='lat' dir='ltr'><strong>tunc</strong></span> <span class='ocrx_word' id='word_1_127' title='bbox 1496 1683 1730 1737; x_wconf 90' lang='lat' dir='ltr'><strong>nondum</strong></span> 
     </span>
    </p>
   </div>
   <div class='ocr_carea' id='block_1_18' title="bbox 126 1775 1728 1848">
    <p class='ocr_par' dir='ltr' id='par_1_18' title="bbox 126 1775 1728 1848">
     <span class='ocr_line' id='line_1_18' title="bbox 126 1775 1728 1848; baseline -0.001 -18"><span class='ocrx_word' id='word_1_128' title='bbox 126 1787 372 1834; x_wconf 78' lang='lat' dir='ltr'><strong>venerat</strong></span> <span class='ocrx_word' id='word_1_129' title='bbox 409 1780 462 1834; x_wconf 90' lang='lat' dir='ltr'><strong>in</strong></span> <span class='ocrx_word' id='word_1_130' title='bbox 510 1793 616 1848; x_wconf 93' lang='lat' dir='ltr'><strong>qua</strong></span> <span class='ocrx_word' id='word_1_131' title='bbox 659 1778 881 1834; x_wconf 88' lang='lat' dir='ltr'><strong>deberet</strong></span> <span class='ocrx_word' id='word_1_132' title='bbox 908 1778 1127 1848; x_wconf 88' lang='lat' dir='ltr'><strong>agnosci</strong></span> <span class='ocrx_word' id='word_1_133' title='bbox 1152 1793 1182 1831; x_wconf 92' lang='lat' dir='ltr'><strong>a</strong></span> <span class='ocrx_word' id='word_1_134' title='bbox 1211 1783 1386 1831; x_wconf 88' lang='lat' dir='ltr'><strong>matre</strong></span> <span class='ocrx_word' id='word_1_135' title='bbox 1413 1775 1728 1838; x_wconf 91' lang='lat' dir='ltr'><strong>moriturus,</strong></span> 
     </span>
    </p>
   </div>
   <div class='ocr_carea' id='block_1_19' title="bbox 126 1850 1811 1939">
    <p class='ocr_par' dir='ltr' id='par_1_19' title="bbox 126 1850 1811 1939">
     <span class='ocr_line' id='line_1_19' title="bbox 126 1850 1811 1939; baseline -0.004 -16"><span class='ocrx_word' id='word_1_136' title='bbox 126 1871 200 1924; x_wconf 90' lang='lat' dir='ltr'><strong>de</strong></span> <span class='ocrx_word' id='word_1_137' title='bbox 228 1885 341 1939; x_wconf 89' lang='lat' dir='ltr'><strong>qua</strong></span> <span class='ocrx_word' id='word_1_138' title='bbox 362 1869 537 1925; x_wconf 80' lang='lat' dir='ltr'><strong>fuerat</strong></span> <span class='ocrx_word' id='word_1_139' title='bbox 559 1869 860 1925; x_wconf 89' lang='lat' dir='ltr'><strong>mortaliter</strong></span> <span class='ocrx_word' id='word_1_140' title='bbox 880 1877 1059 1924; x_wconf 91' lang='lat' dir='ltr'><strong>natus.</strong></span> <span class='ocrx_word' id='word_1_141' title='bbox 1089 1867 1241 1922; x_wconf 90' lang='lat' dir='ltr'><strong>Tunc</strong></span> <span class='ocrx_word' id='word_1_142' title='bbox 1263 1865 1441 1920; x_wconf 88' lang='lat' dir='ltr'><strong>divina</strong></span> <span class='ocrx_word' id='word_1_143' title='bbox 1468 1863 1729 1927; x_wconf 89' lang='lat' dir='ltr'><strong>facturus,</strong></span> <span class='ocrx_word' id='word_1_144' title='bbox 1761 1850 1811 1910; x_wconf 86' lang='grc' dir='ltr'><strong>Β</strong></span> 
     </span>
    </p>
   </div>
   <div class='ocr_carea' id='block_1_20' title="bbox 125 1955 1740 2027">
    <p class='ocr_par' dir='ltr' id='par_1_20' title="bbox 125 1955 1740 2027">
     <span class='ocr_line' id='line_1_20' title="bbox 125 1955 1740 2027; baseline -0.003 -14"><span class='ocrx_word' id='word_1_145' title='bbox 125 1973 251 2014; x_wconf 89' lang='lat' dir='ltr'><strong>non</strong></span> <span class='ocrx_word' id='word_1_146' title='bbox 282 1960 604 2027; x_wconf 82' lang='lat' dir='ltr'><strong>divinitatis,</strong></span> <span class='ocrx_word' id='word_1_147' title='bbox 619 1961 713 2016; x_wconf 89' lang='lat' dir='ltr'><strong>sed</strong></span> <span class='ocrx_word' id='word_1_148' title='bbox 735 1959 1069 2015; x_wconf 91' lang='lat' dir='ltr'><strong>inﬁrmitatis</strong></span> <span class='ocrx_word' id='word_1_149' title='bbox 1085 1966 1316 2014; x_wconf 89' lang='lat' dir='ltr'><strong>matrem</strong></span> <span class='ocrx_word' id='word_1_150' title='bbox 1335 1956 1480 2011; x_wconf 88' lang='lat' dir='ltr'><strong>velut</strong></span> <span class='ocrx_word' id='word_1_151' title='bbox 1502 1955 1740 2024; x_wconf 92' lang='lat' dir='ltr'><strong>incogni-</strong></span> 
     </span>
    </p>
   </div>
   <div class='ocr_carea' id='block_1_21' title="bbox 126 2046 1739 2122">
    <p class='ocr_par' dir='ltr' id='par_1_21' title="bbox 126 2046 1739 2122">
     <span class='ocr_line' id='line_1_21' title="bbox 126 2046 1739 2122; baseline -0.004 -18"><span class='ocrx_word' id='word_1_152' title='bbox 126 2059 256 2104; x_wconf 83' lang='lat' dir='ltr'><strong>tam</strong></span> <span class='ocrx_word' id='word_1_153' title='bbox 307 2052 734 2122; x_wconf 88' lang='lat' dir='ltr'><strong>reprehendebat</strong></span> <span class='ocrx_word' id='word_1_154' title='bbox 775 2069 787 2106; x_wconf 94' lang='lat'><strong>:</strong></span> <span class='ocrx_word' id='word_1_155' title='bbox 829 2067 974 2106; x_wconf 91' lang='lat' dir='ltr'><strong>nunc</strong></span> <span class='ocrx_word' id='word_1_156' title='bbox 1022 2057 1200 2105; x_wconf 89' lang='lat' dir='ltr'><strong>autem</strong></span> <span class='ocrx_word' id='word_1_157' title='bbox 1231 2049 1464 2104; x_wconf 90' lang='lat' dir='ltr'><strong>humana</strong></span> <span class='ocrx_word' id='word_1_158' title='bbox 1490 2046 1601 2116; x_wconf 90' lang='lat' dir='ltr'><strong>jam</strong></span> <span class='ocrx_word' id='word_1_159' title='bbox 1647 2061 1739 2116; x_wconf 89' lang='lat' dir='ltr'><strong>pa-</strong></span> 
     </span>
    </p>
   </div>
   <div class='ocr_carea' id='block_1_22' title="bbox 127 2137 1738 2210">
    <p class='ocr_par' dir='ltr' id='par_1_22' title="bbox 127 2137 1738 2210">
     <span class='ocr_line' id='line_1_22' title="bbox 127 2137 1738 2210; baseline -0.001 -16"><span class='ocrx_word' id='word_1_160' title='bbox 127 2141 306 2207; x_wconf 91' lang='lat' dir='ltr'><strong>tiens,</strong></span> <span class='ocrx_word' id='word_1_161' title='bbox 330 2156 397 2195; x_wconf 83' lang='lat' dir='ltr'><strong>ex</strong></span> <span class='ocrx_word' id='word_1_162' title='bbox 425 2157 532 2210; x_wconf 92' lang='lat' dir='ltr'><strong>qua</strong></span> <span class='ocrx_word' id='word_1_163' title='bbox 562 2141 737 2196; x_wconf 85' lang='lat' dir='ltr'><strong>fuerat</strong></span> <span class='ocrx_word' id='word_1_164' title='bbox 766 2141 940 2196; x_wconf 87' lang='lat' dir='ltr'><strong>factus</strong></span> <span class='ocrx_word' id='word_1_165' title='bbox 961 2143 1145 2205; x_wconf 90' lang='lat' dir='ltr'><strong>homo,</strong></span> <span class='ocrx_word' id='word_1_166' title='bbox 1176 2137 1370 2194; x_wconf 84' lang='lat' dir='ltr'><strong>all&#39;ectu</strong></span> <span class='ocrx_word' id='word_1_167' title='bbox 1402 2137 1738 2193; x_wconf 91' lang='lat' dir='ltr'><strong>commende-</strong></span> 
     </span>
    </p>
   </div>
   <div class='ocr_carea' id='block_1_23' title="bbox 124 2229 1734 2308">
    <p class='ocr_par' dir='ltr' id='par_1_23' title="bbox 124 2229 1734 2308">
     <span class='ocr_line' id='line_1_23' title="bbox 124 2229 1734 2308; baseline -0.002 -24"><span class='ocrx_word' id='word_1_168' title='bbox 124 2231 232 2284; x_wconf 85' lang='lat' dir='ltr'><strong>bat</strong></span> <span class='ocrx_word' id='word_1_169' title='bbox 290 2231 544 2308; x_wconf 85' lang='lat' dir='ltr'><strong>humano.</strong></span> <span class='ocrx_word' id='word_1_170' title='bbox 600 2231 750 2285; x_wconf 90' lang='lat' dir='ltr'><strong>Tunc</strong></span> <span class='ocrx_word' id='word_1_171' title='bbox 803 2233 946 2286; x_wconf 89' lang='lat' dir='ltr'><strong>enim</strong></span> <span class='ocrx_word' id='word_1_172' title='bbox 975 2273 989 2297; x_wconf 93' lang='lat'><strong>,</strong></span> <span class='ocrx_word' id='word_1_173' title='bbox 1040 2232 1131 2300; x_wconf 90' lang='lat' dir='ltr'><strong>qui</strong></span> <span class='ocrx_word' id='word_1_174' title='bbox 1167 2229 1393 2284; x_wconf 87' lang='lat' dir='ltr'><strong>Mariam</strong></span> <span class='ocrx_word' id='word_1_175' title='bbox 1437 2236 1734 2290; x_wconf 83' lang='lat' dir='ltr'><strong>creaverat,</strong></span> 
     </span>
    </p>
   </div>
   <div class='ocr_carea' id='block_1_24' title="bbox 126 2311 1738 2392">
    <p class='ocr_par' dir='ltr' id='par_1_24' title="bbox 126 2311 1738 2392">
     <span class='ocr_line' id='line_1_24' title="bbox 126 2311 1738 2392; baseline 0.002 -20"><span class='ocrx_word' id='word_1_176' title='bbox 126 2311 519 2376; x_wconf 76' lang='lat' dir='ltr'><strong>innoteseebat</strong></span> <span class='ocrx_word' id='word_1_177' title='bbox 549 2322 745 2377; x_wconf 88' lang='lat' dir='ltr'><strong>virtute</strong></span> <span class='ocrx_word' id='word_1_178' title='bbox 776 2340 790 2377; x_wconf 88' lang='lat'><strong>:</strong></span> <span class='ocrx_word' id='word_1_179' title='bbox 819 2337 963 2377; x_wconf 87' lang='lat' dir='ltr'><strong>nunc</strong></span> <span class='ocrx_word' id='word_1_180' title='bbox 994 2338 1145 2387; x_wconf 85' lang='lat' dir='ltr'><strong>vero,</strong></span> <span class='ocrx_word' id='word_1_181' title='bbox 1178 2337 1340 2392; x_wconf 88' lang='lat' dir='ltr'><strong>quem</strong></span> <span class='ocrx_word' id='word_1_182' title='bbox 1382 2320 1550 2374; x_wconf 83' lang='lat' dir='ltr'><strong>Maria</strong></span> <span class='ocrx_word' id='word_1_183' title='bbox 1575 2336 1738 2391; x_wconf 91' lang='lat' dir='ltr'><strong>pepe-</strong></span> 
     </span>
    </p>
   </div>
   <div class='ocr_carea' id='block_1_25' title="bbox 127 2412 1739 2483">
    <p class='ocr_par' dir='ltr' id='par_1_25' title="bbox 127 2412 1739 2483">
     <span class='ocr_line' id='line_1_25' title="bbox 127 2412 1739 2483; baseline 0.001 -18"><span class='ocrx_word' id='word_1_184' title='bbox 127 2422 314 2476; x_wconf 81' lang='lat' dir='ltr'><strong>rerat,</strong></span> <span class='ocrx_word' id='word_1_185' title='bbox 343 2412 612 2482; x_wconf 87' lang='lat' dir='ltr'><strong>pendebat</strong></span> <span class='ocrx_word' id='word_1_186' title='bbox 643 2414 696 2468; x_wconf 90' lang='lat' dir='ltr'><strong>in</strong></span> <span class='ocrx_word' id='word_1_187' title='bbox 726 2429 906 2469; x_wconf 91' lang='lat' dir='ltr'><strong>cruce.</strong></span> <span class='ocrx_word' id='word_1_188' title='bbox 956 2413 1174 2467; x_wconf 83' lang='lat' dir='ltr'><strong>Muralis</strong></span> <span class='ocrx_word' id='word_1_189' title='bbox 1223 2413 1387 2483; x_wconf 82' lang='lat' dir='ltr'><strong>igitur</strong></span> <span class='ocrx_word' id='word_1_190' title='bbox 1434 2413 1739 2468; x_wconf 86' lang='lat' dir='ltr'><strong>insinuatur</strong></span> 
     </span>
    </p>
   </div>
   <div class='ocr_carea' id='block_1_26' title="bbox 126 2489 1739 2574">
    <p class='ocr_par' dir='ltr' id='par_1_26' title="bbox 126 2489 1739 2574">
     <span class='ocr_line' id='line_1_26' title="bbox 126 2489 1739 2574; baseline 0.001 -18"><span class='ocrx_word' id='word_1_191' title='bbox 126 2503 322 2568; x_wconf 88' lang='lat' dir='ltr'><strong>locus,</strong></span> <span class='ocrx_word' id='word_1_192' title='bbox 375 2506 450 2559; x_wconf 90' lang='lat' dir='ltr'><strong>ita</strong></span> <span class='ocrx_word' id='word_1_193' title='bbox 488 2504 616 2559; x_wconf 81' lang='lat' dir='ltr'><strong>facit</strong></span> <span class='ocrx_word' id='word_1_194' title='bbox 644 2507 786 2574; x_wconf 89' lang='lat' dir='ltr'><strong>quod</strong></span> <span class='ocrx_word' id='word_1_195' title='bbox 817 2505 1122 2562; x_wconf 89' lang='lat' dir='ltr'><strong>faciendum</strong></span> <span class='ocrx_word' id='word_1_196' title='bbox 1156 2505 1432 2569; x_wconf 90' lang='lat' dir='ltr'><strong>admonet,</strong></span> <span class='ocrx_word' id='word_1_197' title='bbox 1465 2513 1518 2560; x_wconf 91' lang='lat' dir='ltr'><strong>et</strong></span> <span class='ocrx_word' id='word_1_198' title='bbox 1555 2489 1739 2558; x_wconf 57' lang='lat' dir='ltr'><strong>exemé</strong></span> 
     </span>
    </p>
   </div>
   <div class='ocr_carea' id='block_1_27' title="bbox 127 2595 1737 2668">
    <p class='ocr_par' dir='ltr' id='par_1_27' title="bbox 127 2595 1737 2668">
     <span class='ocr_line' id='line_1_27' title="bbox 127 2595 1737 2668; baseline 0.003 -21"><span class='ocrx_word' id='word_1_199' title='bbox 127 2595 228 2664; x_wconf 87' lang='lat' dir='ltr'><strong>plo</strong></span> <span class='ocrx_word' id='word_1_200' title='bbox 286 2610 385 2649; x_wconf 91' lang='lat' dir='ltr'><strong>suo</strong></span> <span class='ocrx_word' id='word_1_201' title='bbox 433 2596 691 2651; x_wconf 85' lang='lat' dir='ltr'><strong>instruxit</strong></span> <span class='ocrx_word' id='word_1_202' title='bbox 721 2612 849 2652; x_wconf 92' lang='lat' dir='ltr'><strong>suos</strong></span> <span class='ocrx_word' id='word_1_203' title='bbox 896 2607 1194 2668; x_wconf 84' lang='lat' dir='ltr'><strong>praeceptor</strong></span> <span class='ocrx_word' id='word_1_204' title='bbox 1235 2597 1431 2662; x_wconf 92' lang='lat' dir='ltr'><strong>bonus,</strong></span> <span class='ocrx_word' id='word_1_205' title='bbox 1465 2605 1524 2650; x_wconf 91' lang='lat' dir='ltr'><strong>ut</strong></span> <span class='ocrx_word' id='word_1_206' title='bbox 1553 2612 1584 2651; x_wconf 92' lang='lat' dir='ltr'><strong>a</strong></span> <span class='ocrx_word' id='word_1_207' title='bbox 1611 2596 1737 2652; x_wconf 87' lang='lat' dir='ltr'><strong>ﬁliis</strong></span> 
     </span>
    </p>
   </div>
   <div class='ocr_carea' id='block_1_28' title="bbox 129 2685 1734 2759">
    <p class='ocr_par' dir='ltr' id='par_1_28' title="bbox 129 2685 1734 2759">
     <span class='ocr_line' id='line_1_28' title="bbox 129 2685 1734 2759; baseline 0.002 -20"><span class='ocrx_word' id='word_1_208' title='bbox 129 2686 248 2755; x_wconf 88' lang='lat' dir='ltr'><strong>piis</strong></span> <span class='ocrx_word' id='word_1_209' title='bbox 295 2685 640 2757; x_wconf 89' lang='lat' dir='ltr'><strong>impendatur</strong></span> <span class='ocrx_word' id='word_1_210' title='bbox 682 2703 814 2742; x_wconf 91' lang='lat' dir='ltr'><strong>cura</strong></span> <span class='ocrx_word' id='word_1_211' title='bbox 844 2688 1184 2758; x_wconf 89' lang='lat' dir='ltr'><strong>parentibus,</strong></span> <span class='ocrx_word' id='word_1_212' title='bbox 1231 2697 1490 2758; x_wconf 91' lang='lat' dir='ltr'><strong>tanquam</strong></span> <span class='ocrx_word' id='word_1_213' title='bbox 1531 2689 1734 2759; x_wconf 78' lang='lat' dir='ltr'><strong>lignum</strong></span> 
     </span>
    </p>
   </div>
   <div class='ocr_carea' id='block_1_29' title="bbox 135 2778 1737 2843">
    <p class='ocr_par' dir='ltr' id='par_1_29' title="bbox 135 2778 1737 2843">
     <span class='ocr_line' id='line_1_29' title="bbox 135 2778 1737 2843; baseline 0.001 -10"><span class='ocrx_word' id='word_1_214' title='bbox 135 2778 299 2843; x_wconf 89' lang='lat' dir='ltr'><strong>illud,</strong></span> <span class='ocrx_word' id='word_1_215' title='bbox 344 2779 435 2832; x_wconf 92' lang='lat' dir='ltr'><strong>ubi</strong></span> <span class='ocrx_word' id='word_1_216' title='bbox 474 2787 630 2833; x_wconf 90' lang='lat' dir='ltr'><strong>erant</strong></span> <span class='ocrx_word' id='word_1_217' title='bbox 679 2779 787 2834; x_wconf 83' lang='lat' dir='ltr'><strong>ﬁxa</strong></span> <span class='ocrx_word' id='word_1_218' title='bbox 823 2781 1064 2834; x_wconf 89' lang='lat' dir='ltr'><strong>membra</strong></span> <span class='ocrx_word' id='word_1_219' title='bbox 1109 2779 1422 2842; x_wconf 89' lang='lat' dir='ltr'><strong>morientis,</strong></span> <span class='ocrx_word' id='word_1_220' title='bbox 1451 2783 1616 2832; x_wconf 84' lang='lat' dir='ltr'><strong>etiam</strong></span> <span class='ocrx_word' id='word_1_221' title='bbox 1645 2793 1737 2834; x_wconf 35' lang='lat' dir='ltr'><strong>cas</strong></span> 
     </span>
    </p>
   </div>
   <div class='ocr_carea' id='block_1_30' title="bbox 138 2870 1734 2943">
    <p class='ocr_par' dir='ltr' id='par_1_30' title="bbox 138 2870 1734 2943">
     <span class='ocr_line' id='line_1_30' title="bbox 138 2870 1734 2943; baseline 0.001 -18"><span class='ocrx_word' id='word_1_222' title='bbox 138 2871 341 2926; x_wconf 89' lang='lat' dir='ltr'><strong>thedra</strong></span> <span class='ocrx_word' id='word_1_223' title='bbox 370 2870 533 2926; x_wconf 88' lang='lat' dir='ltr'><strong>fuerit</strong></span> <span class='ocrx_word' id='word_1_224' title='bbox 559 2871 804 2943; x_wconf 89' lang='lat' dir='ltr'><strong>magistri</strong></span> <span class='ocrx_word' id='word_1_225' title='bbox 828 2873 1088 2927; x_wconf 88' lang='lat' dir='ltr'><strong>docentis.</strong></span> <span class='ocrx_word' id='word_1_226' title='bbox 1125 2891 1144 2921; x_wconf 85' lang='grc'><strong><em>‹</em></strong></span> <span class='ocrx_word' id='word_1_227' title='bbox 1182 2872 1248 2926; x_wconf 87' lang='grc' dir='ltr'>Ει</span> <span class='ocrx_word' id='word_1_228' title='bbox 1273 2887 1339 2926; x_wconf 85' lang='lat' dir='ltr'><strong>ex</strong></span> <span class='ocrx_word' id='word_1_229' title='bbox 1370 2871 1458 2927; x_wconf 91' lang='lat' dir='ltr'><strong>illa</strong></span> <span class='ocrx_word' id='word_1_230' title='bbox 1487 2874 1619 2927; x_wconf 91' lang='lat' dir='ltr'><strong>hora</strong></span> <span class='ocrx_word' id='word_1_231' title='bbox 1643 2887 1734 2928; x_wconf 89' lang='lat' dir='ltr'><strong>ac-</strong></span> 
     </span>
    </p>
   </div>
   <div class='ocr_carea' id='block_1_31' title="bbox 147 2963 1732 3034">
    <p class='ocr_par' dir='ltr' id='par_1_31' title="bbox 147 2963 1732 3034">
     <span class='ocr_line' id='line_1_31' title="bbox 147 2963 1732 3034; baseline 0.004 -21"><span class='ocrx_word' id='word_1_232' title='bbox 147 2982 164 3012; x_wconf 77' lang='grc' dir='ltr'><strong>ι</strong></span> <span class='ocrx_word' id='word_1_233' title='bbox 200 2963 346 3033; x_wconf 89' lang='lat' dir='ltr'><strong>cepit</strong></span> <span class='ocrx_word' id='word_1_234' title='bbox 369 2977 490 3018; x_wconf 88' lang='lat' dir='ltr'><strong>eam</strong></span> <span class='ocrx_word' id='word_1_235' title='bbox 519 2963 808 3033; x_wconf 90' lang='lat' dir='ltr'><strong>discipulus</strong></span> <span class='ocrx_word' id='word_1_236' title='bbox 839 2964 892 3018; x_wconf 93' lang='lat' dir='ltr'><strong>in</strong></span> <span class='ocrx_word' id='word_1_237' title='bbox 920 2979 1035 3019; x_wconf 89' lang='lat' dir='ltr'><strong>sua.</strong></span> <span class='ocrx_word' id='word_1_238' title='bbox 1073 2983 1091 3016; x_wconf 72' lang='grc' dir='ltr'><strong>ι</strong></span> <span class='ocrx_word' id='word_1_239' title='bbox 1125 2965 1199 3018; x_wconf 92' lang='lat' dir='ltr'><strong>De</strong></span> <span class='ocrx_word' id='word_1_240' title='bbox 1229 2964 1518 3034; x_wconf 90' lang='lat' dir='ltr'><strong>semetipso</strong></span> <span class='ocrx_word' id='word_1_241' title='bbox 1548 2964 1732 3019; x_wconf 89' lang='lat' dir='ltr'><strong>dicens</strong></span> 
     </span>
    </p>
   </div>
   <div class='ocr_carea' id='block_1_32' title="bbox 143 3055 1730 3130">
    <p class='ocr_par' dir='ltr' id='par_1_32' title="bbox 143 3055 1730 3130">
     <span class='ocr_line' id='line_1_32' title="bbox 143 3055 1730 3130; baseline 0.003 -21"><span class='ocrx_word' id='word_1_242' title='bbox 143 3055 226 3110; x_wconf 90' lang='lat' dir='ltr'><strong>sic</strong></span> <span class='ocrx_word' id='word_1_243' title='bbox 247 3057 444 3126; x_wconf 90' lang='lat' dir='ltr'><strong>quippe</strong></span> <span class='ocrx_word' id='word_1_244' title='bbox 472 3071 900 3130; x_wconf 85' lang='lat' dir='ltr'><strong>commemorare</strong></span> <span class='ocrx_word' id='word_1_245' title='bbox 926 3057 1084 3123; x_wconf 88' lang='lat' dir='ltr'><strong>solet,</strong></span> <span class='ocrx_word' id='word_1_246' title='bbox 1118 3058 1261 3127; x_wconf 92' lang='lat' dir='ltr'><strong>quod</strong></span> <span class='ocrx_word' id='word_1_247' title='bbox 1303 3072 1427 3112; x_wconf 91' lang='lat' dir='ltr'><strong>eum</strong></span> <span class='ocrx_word' id='word_1_248' title='bbox 1473 3056 1730 3127; x_wconf 87' lang='lat' dir='ltr'><strong>diligebat</strong></span> 
     </span>
    </p>
   </div>
   <div class='ocr_carea' id='block_1_33' title="bbox 145 3145 1730 3222">
    <p class='ocr_par' dir='ltr' id='par_1_33' title="bbox 145 3145 1730 3222">
     <span class='ocr_line' id='line_1_33' title="bbox 145 3145 1730 3222; baseline 0.003 -22"><span class='ocrx_word' id='word_1_249' title='bbox 145 3145 328 3212; x_wconf 84' lang='lat' dir='ltr'><strong>Jesus,</strong></span> <span class='ocrx_word' id='word_1_250' title='bbox 353 3149 446 3219; x_wconf 88' lang='lat' dir='ltr'><strong>qui</strong></span> <span class='ocrx_word' id='word_1_251' title='bbox 482 3149 667 3219; x_wconf 91' lang='lat' dir='ltr'><strong>utique</strong></span> <span class='ocrx_word' id='word_1_252' title='bbox 696 3165 906 3216; x_wconf 89' lang='lat' dir='ltr'><strong>omnes,</strong></span> <span class='ocrx_word' id='word_1_253' title='bbox 935 3151 1168 3221; x_wconf 90' lang='lat' dir='ltr'><strong>seipsum</strong></span> <span class='ocrx_word' id='word_1_254' title='bbox 1194 3167 1306 3222; x_wconf 65' lang='lat' dir='ltr'><strong>prae</strong></span> <span class='ocrx_word' id='word_1_255' title='bbox 1331 3151 1542 3206; x_wconf 73' lang='lat' dir='ltr'><strong>caeteris</strong></span> <span class='ocrx_word' id='word_1_256' title='bbox 1571 3150 1730 3205; x_wconf 87' lang='lat' dir='ltr'><strong>fami-</strong></span> 
     </span>
    </p>
   </div>
   <div class='ocr_carea' id='block_1_34' title="bbox 154 3209 1802 3312">
    <p class='ocr_par' dir='ltr' id='par_1_34' title="bbox 154 3209 1802 3312">
     <span class='ocr_line' id='line_1_34' title="bbox 154 3209 1802 3312; baseline 0.004 -21"><span class='ocrx_word' id='word_1_257' title='bbox 154 3239 341 3295; x_wconf 89' lang='lat' dir='ltr'><strong>liarius</strong></span> <span class='ocrx_word' id='word_1_258' title='bbox 378 3241 651 3311; x_wconf 88' lang='lat' dir='ltr'><strong>diligebat,</strong></span> <span class='ocrx_word' id='word_1_259' title='bbox 701 3243 774 3297; x_wconf 89' lang='lat' dir='ltr'><strong>ita</strong></span> <span class='ocrx_word' id='word_1_260' title='bbox 824 3251 884 3297; x_wconf 91' lang='lat' dir='ltr'><strong>ut</strong></span> <span class='ocrx_word' id='word_1_261' title='bbox 939 3245 993 3298; x_wconf 91' lang='lat' dir='ltr'><strong>in</strong></span> <span class='ocrx_word' id='word_1_262' title='bbox 1042 3245 1286 3298; x_wconf 89' lang='lat' dir='ltr'><strong>convivio</strong></span> <span class='ocrx_word' id='word_1_263' title='bbox 1331 3259 1495 3312; x_wconf 84' lang='lat' dir='ltr'><strong>supra</strong></span> <span class='ocrx_word' id='word_1_264' title='bbox 1539 3209 1802 3312; x_wconf 78' lang='lat' dir='ltr'><strong>pectusC</strong></span> 
     </span>
    </p>
   </div>
   <div class='ocr_carea' id='block_1_35' title="bbox 158 3331 1730 3404">
    <p class='ocr_par' dir='ltr' id='par_1_35' title="bbox 158 3331 1730 3404">
     <span class='ocr_line' id='line_1_35' title="bbox 158 3331 1730 3404; baseline 0.004 -22"><span class='ocrx_word' id='word_1_265' title='bbox 158 3344 316 3383; x_wconf 91' lang='lat' dir='ltr'><strong>suum</strong></span> <span class='ocrx_word' id='word_1_266' title='bbox 366 3332 600 3388; x_wconf 86' lang='lat' dir='ltr'><strong>residere</strong></span> <span class='ocrx_word' id='word_1_267' title='bbox 644 3331 867 3389; x_wconf 89' lang='lat' dir='ltr'><strong>faceret.</strong></span> <span class='ocrx_word' id='word_1_268' title='bbox 913 3333 1086 3389; x_wconf 89' lang='lat' dir='ltr'><strong>Credo</strong></span> <span class='ocrx_word' id='word_1_269' title='bbox 1133 3341 1191 3388; x_wconf 90' lang='lat' dir='ltr'><strong>ut</strong></span> <span class='ocrx_word' id='word_1_270' title='bbox 1226 3334 1382 3389; x_wconf 90' lang='lat' dir='ltr'><strong>istius</strong></span> <span class='ocrx_word' id='word_1_271' title='bbox 1431 3333 1730 3404; x_wconf 88' lang='lat' dir='ltr'><strong>Evangelii,</strong></span> 
     </span>
    </p>
   </div>
   <div class='ocr_carea' id='block_1_36' title="bbox 160 3421 1731 3496">
    <p class='ocr_par' dir='ltr' id='par_1_36' title="bbox 160 3421 1731 3496">
     <span class='ocr_line' id='line_1_36' title="bbox 160 3421 1731 3496; baseline 0.004 -22"><span class='ocrx_word' id='word_1_272' title='bbox 160 3421 303 3490; x_wconf 88' lang='lat' dir='ltr'><strong>quod</strong></span> <span class='ocrx_word' id='word_1_273' title='bbox 340 3437 436 3493; x_wconf 91' lang='lat' dir='ltr'><strong>per</strong></span> <span class='ocrx_word' id='word_1_274' title='bbox 462 3440 580 3480; x_wconf 88' lang='lat' dir='ltr'><strong>eum</strong></span> <span class='ocrx_word' id='word_1_275' title='bbox 609 3425 787 3481; x_wconf 88' lang='lat' dir='ltr'><strong>fuerat</strong></span> <span class='ocrx_word' id='word_1_276' title='bbox 827 3427 1249 3496; x_wconf 65' lang='lat' dir='ltr'><strong>praedicaturus,</strong></span> <span class='ocrx_word' id='word_1_277' title='bbox 1289 3426 1521 3482; x_wconf 89' lang='lat' dir='ltr'><strong>divinam</strong></span> <span class='ocrx_word' id='word_1_278' title='bbox 1555 3425 1731 3480; x_wconf 51' lang='lat' dir='ltr'><strong>excel.</strong></span> 
     </span>
    </p>
   </div>
   <div class='ocr_carea' id='block_1_37' title="bbox 159 3514 1326 3574">
    <p class='ocr_par' dir='ltr' id='par_1_37' title="bbox 159 3514 1326 3574">
     <span class='ocr_line' id='line_1_37' title="bbox 159 3514 1326 3574; baseline 0.007 -8"><span class='ocrx_word' id='word_1_279' title='bbox 159 3514 244 3568; x_wconf 89' lang='lat' dir='ltr'><strong>len</strong></span> <span class='ocrx_word' id='word_1_280' title='bbox 255 3515 382 3570; x_wconf 88' lang='lat' dir='ltr'><strong>tiam</strong></span> <span class='ocrx_word' id='word_1_281' title='bbox 407 3517 508 3572; x_wconf 92' lang='lat' dir='ltr'><strong>hoc</strong></span> <span class='ocrx_word' id='word_1_282' title='bbox 528 3519 688 3573; x_wconf 92' lang='lat' dir='ltr'><strong>modo</strong></span> <span class='ocrx_word' id='word_1_283' title='bbox 712 3517 873 3573; x_wconf 88' lang='lat' dir='ltr'><strong>altius</strong></span> <span class='ocrx_word' id='word_1_284' title='bbox 903 3519 1326 3574; x_wconf 89' lang='lat' dir='ltr'><strong>commendaret.</strong></span> 
     </span>
    </p>
   </div>
   <div class='ocr_carea' id='block_1_38' title="bbox 232 3605 1732 3678">
    <p class='ocr_par' dir='ltr' id='par_1_38' title="bbox 232 3605 1732 3678">
     <span class='ocr_line' id='line_1_38' title="bbox 232 3605 1732 3678; baseline 0.005 -23"><span class='ocrx_word' id='word_1_285' title='bbox 232 3625 248 3655; x_wconf 76' lang='grc' dir='ltr'><strong>ι</strong></span> <span class='ocrx_word' id='word_1_286' title='bbox 295 3605 486 3662; x_wconf 88' lang='lat' dir='ltr'><strong>Postea</strong></span> <span class='ocrx_word' id='word_1_287' title='bbox 527 3607 786 3662; x_wconf 89' lang='lat' dir='ltr'><strong>Dominus</strong></span> <span class='ocrx_word' id='word_1_288' title='bbox 835 3609 1012 3663; x_wconf 86' lang='lat' dir='ltr'><strong>sciens</strong></span> <span class='ocrx_word' id='word_1_289' title='bbox 1051 3609 1176 3677; x_wconf 90' lang='lat' dir='ltr'><strong>quia</strong></span> <span class='ocrx_word' id='word_1_290' title='bbox 1228 3607 1338 3678; x_wconf 90' lang='lat' dir='ltr'><strong>jam</strong></span> <span class='ocrx_word' id='word_1_291' title='bbox 1379 3609 1560 3664; x_wconf 87' lang='lat' dir='ltr'><strong>omnia</strong></span> <span class='ocrx_word' id='word_1_292' title='bbox 1604 3622 1732 3665; x_wconf 78' lang='lat' dir='ltr'><strong>eon-</strong></span> 
     </span>
    </p>
   </div>
   <div class='ocr_carea' id='block_1_39' title="bbox 157 3701 1729 3772">
    <p class='ocr_par' dir='ltr' id='par_1_39' title="bbox 157 3701 1729 3772">
     <span class='ocr_line' id='line_1_39' title="bbox 157 3701 1729 3772; baseline 0.005 -24"><span class='ocrx_word' id='word_1_293' title='bbox 157 3716 175 3747; x_wconf 70' lang='lat' dir='ltr'><strong>c</strong></span> <span class='ocrx_word' id='word_1_294' title='bbox 207 3709 474 3756; x_wconf 90' lang='lat' dir='ltr'><strong>summata</strong></span> <span class='ocrx_word' id='word_1_295' title='bbox 502 3709 645 3767; x_wconf 91' lang='lat' dir='ltr'><strong>sunt,</strong></span> <span class='ocrx_word' id='word_1_296' title='bbox 671 3711 730 3755; x_wconf 92' lang='lat' dir='ltr'><strong>ut</strong></span> <span class='ocrx_word' id='word_1_297' title='bbox 747 3709 1214 3756; x_wconf 90' lang='lat' dir='ltr'><strong>consummaretur</strong></span> <span class='ocrx_word' id='word_1_298' title='bbox 1235 3701 1538 3772; x_wconf 89' lang='lat' dir='ltr'><strong>Scriptura,</strong></span> <span class='ocrx_word' id='word_1_299' title='bbox 1562 3701 1729 3757; x_wconf 84' lang='lat' dir='ltr'><strong>dixit:</strong></span> 
     </span>
    </p>
   </div>
   <div class='ocr_carea' id='block_1_40' title="bbox 162 3788 1730 3863">
    <p class='ocr_par' dir='ltr' id='par_1_40' title="bbox 162 3788 1730 3863">
     <span class='ocr_line' id='line_1_40' title="bbox 162 3788 1730 3863; baseline 0.001 -18"><span class='ocrx_word' id='word_1_300' title='bbox 162 3808 180 3838; x_wconf 74' lang='grc' dir='ltr'><strong>ι</strong></span> <span class='ocrx_word' id='word_1_301' title='bbox 220 3788 376 3846; x_wconf 91' lang='lat' dir='ltr'><strong>Sitio.</strong></span> <span class='ocrx_word' id='word_1_302' title='bbox 433 3791 541 3846; x_wconf 73' lang='lat' dir='ltr'><strong>Vas</strong></span> <span class='ocrx_word' id='word_1_303' title='bbox 566 3807 695 3863; x_wconf 91' lang='lat' dir='ltr'><strong>ergo</strong></span> <span class='ocrx_word' id='word_1_304' title='bbox 740 3793 973 3862; x_wconf 89' lang='lat' dir='ltr'><strong>positum</strong></span> <span class='ocrx_word' id='word_1_305' title='bbox 1002 3801 1120 3848; x_wconf 91' lang='lat' dir='ltr'><strong>erat</strong></span> <span class='ocrx_word' id='word_1_306' title='bbox 1158 3801 1312 3849; x_wconf 89' lang='lat' dir='ltr'><strong>aceto</strong></span> <span class='ocrx_word' id='word_1_307' title='bbox 1363 3793 1604 3862; x_wconf 91' lang='lat' dir='ltr'><strong>plenum.</strong></span> <span class='ocrx_word' id='word_1_308' title='bbox 1657 3793 1730 3848; x_wconf 93' lang='lat' dir='ltr'><strong>illi</strong></span> 
     </span>
    </p>
   </div>
   <div class='ocr_carea' id='block_1_41' title="bbox 160 3885 1732 3958">
    <p class='ocr_par' dir='ltr' id='par_1_41' title="bbox 160 3885 1732 3958">
     <span class='ocr_line' id='line_1_41' title="bbox 160 3885 1732 3958; baseline 0.006 -26"><span class='ocrx_word' id='word_1_309' title='bbox 160 3900 177 3931; x_wconf 72' lang='grc' dir='ltr'><strong>ι</strong></span> <span class='ocrx_word' id='word_1_310' title='bbox 216 3891 397 3938; x_wconf 88' lang='lat' dir='ltr'><strong>autem</strong></span> <span class='ocrx_word' id='word_1_311' title='bbox 429 3885 706 3954; x_wconf 83' lang='lat' dir='ltr'><strong>spongiam</strong></span> <span class='ocrx_word' id='word_1_312' title='bbox 745 3895 899 3941; x_wconf 90' lang='lat' dir='ltr'><strong>aceto</strong></span> <span class='ocrx_word' id='word_1_313' title='bbox 922 3886 1134 3956; x_wconf 90' lang='lat' dir='ltr'><strong>plenam</strong></span> <span class='ocrx_word' id='word_1_314' title='bbox 1168 3887 1400 3957; x_wconf 86' lang='lat' dir='ltr'><strong>hyssopo</strong></span> <span class='ocrx_word' id='word_1_315' title='bbox 1425 3887 1732 3958; x_wconf 89' lang='lat' dir='ltr'><strong>circumpo-</strong></span> 
     </span>
    </p>
   </div>
   <div class='ocr_carea' id='block_1_42' title="bbox 157 3974 1736 4054">
    <p class='ocr_par' dir='ltr' id='par_1_42' title="bbox 157 3974 1736 4054">
     <span class='ocr_line' id='line_1_42' title="bbox 157 3974 1736 4054; baseline 0.005 -30"><span class='ocrx_word' id='word_1_316' title='bbox 157 3991 174 4024; x_wconf 79' lang='grc' dir='ltr'><strong>ι</strong></span> <span class='ocrx_word' id='word_1_317' title='bbox 212 3982 422 4040; x_wconf 87' lang='lat' dir='ltr'><strong>nentes,</strong></span> <span class='ocrx_word' id='word_1_318' title='bbox 453 3975 764 4030; x_wconf 90' lang='lat' dir='ltr'><strong>obtulerunt</strong></span> <span class='ocrx_word' id='word_1_319' title='bbox 792 3976 874 4054; x_wconf 87' lang='lat' dir='ltr'><strong>ori</strong></span> <span class='ocrx_word' id='word_1_320' title='bbox 921 3976 1055 4046; x_wconf 88' lang='lat' dir='ltr'><strong>ejus.</strong></span> <span class='ocrx_word' id='word_1_321' title='bbox 1102 3974 1235 4030; x_wconf 90' lang='lat' dir='ltr'><strong>Cum</strong></span> <span class='ocrx_word' id='word_1_322' title='bbox 1284 3991 1412 4046; x_wconf 91' lang='lat' dir='ltr'><strong>ergo</strong></span> <span class='ocrx_word' id='word_1_323' title='bbox 1437 3978 1736 4047; x_wconf 85' lang='lat' dir='ltr'><strong>accepisset</strong></span> 
     </span>
    </p>
   </div>
   <div class='ocr_carea' id='block_1_43' title="bbox 156 4065 1723 4134">
    <p class='ocr_par' dir='ltr' id='par_1_43' title="bbox 156 4065 1723 4134">
     <span class='ocr_line' id='line_1_43' title="bbox 156 4065 1723 4134; baseline 0.006 -19"><span class='ocrx_word' id='word_1_324' title='bbox 156 4085 172 4115; x_wconf 76' lang='grc' dir='ltr'><strong>ι</strong></span> <span class='ocrx_word' id='word_1_325' title='bbox 207 4065 368 4122; x_wconf 82' lang='lat' dir='ltr'><strong>Jesus</strong></span> <span class='ocrx_word' id='word_1_326' title='bbox 399 4076 627 4134; x_wconf 87' lang='lat' dir='ltr'><strong>acetum,</strong></span> <span class='ocrx_word' id='word_1_327' title='bbox 656 4069 789 4124; x_wconf 82' lang='lat' dir='ltr'><strong>dixit</strong></span> <span class='ocrx_word' id='word_1_328' title='bbox 818 4089 829 4123; x_wconf 88' lang='lat'>:</span> <span class='ocrx_word' id='word_1_329' title='bbox 865 4067 1304 4124; x_wconf 88' lang='lat' dir='ltr'><strong>Consummatum</strong></span> <span class='ocrx_word' id='word_1_330' title='bbox 1335 4078 1436 4125; x_wconf 88' lang='lat' dir='ltr'><strong>est.</strong></span> <span class='ocrx_word' id='word_1_331' title='bbox 1478 4069 1545 4124; x_wconf 86' lang='lat' dir='ltr'><strong>Et</strong></span> <span class='ocrx_word' id='word_1_332' title='bbox 1583 4070 1723 4126; x_wconf 56' lang='lat' dir='ltr'><strong>incli.</strong></span> 
     </span>
    </p>
   </div>
   <div class='ocr_carea' id='block_1_44' title="bbox 157 4159 1732 4234">
    <p class='ocr_par' dir='ltr' id='par_1_44' title="bbox 157 4159 1732 4234">
     <span class='ocr_line' id='line_1_44' title="bbox 157 4159 1732 4234; baseline 0.007 -27"><span class='ocrx_word' id='word_1_333' title='bbox 157 4175 173 4206; x_wconf 72' lang='grc' dir='ltr'><strong>ι</strong></span> <span class='ocrx_word' id='word_1_334' title='bbox 205 4166 336 4214; x_wconf 88' lang='lat' dir='ltr'><strong>nato</strong></span> <span class='ocrx_word' id='word_1_335' title='bbox 363 4159 536 4229; x_wconf 88' lang='lat' dir='ltr'><strong>capite</strong></span> <span class='ocrx_word' id='word_1_336' title='bbox 556 4201 571 4224; x_wconf 94' lang='lat'><strong>,</strong></span> <span class='ocrx_word' id='word_1_337' title='bbox 623 4161 841 4216; x_wconf 89' lang='lat' dir='ltr'><strong>tradidit</strong></span> <span class='ocrx_word' id='word_1_338' title='bbox 883 4163 1156 4232; x_wconf 89' lang='lat' dir='ltr'><strong>spiritum.</strong></span> <span class='ocrx_word' id='word_1_339' title='bbox 1199 4181 1216 4215; x_wconf 79' lang='grc' dir='ltr'><strong>ι</strong></span> <span class='ocrx_word' id='word_1_340' title='bbox 1250 4161 1380 4230; x_wconf 85' lang='lat' dir='ltr'><strong>Quis</strong></span> <span class='ocrx_word' id='word_1_341' title='bbox 1408 4169 1585 4234; x_wconf 89' lang='lat' dir='ltr'><strong>potest</strong></span> <span class='ocrx_word' id='word_1_342' title='bbox 1613 4178 1732 4233; x_wconf 68' lang='lat' dir='ltr'><strong>quae</strong></span> 
     </span>
    </p>
   </div>
   <div class='ocr_carea' id='block_1_45' title="bbox 153 4246 1732 4324">
    <p class='ocr_par' dir='ltr' id='par_1_45' title="bbox 153 4246 1732 4324">
     <span class='ocr_line' id='line_1_45' title="bbox 153 4246 1732 4324; baseline 0.006 -26"><span class='ocrx_word' id='word_1_343' title='bbox 153 4246 284 4302; x_wconf 84' lang='lat' dir='ltr'><strong>facit</strong></span> <span class='ocrx_word' id='word_1_344' title='bbox 311 4249 382 4302; x_wconf 90' lang='lat' dir='ltr'><strong>ita</strong></span> <span class='ocrx_word' id='word_1_345' title='bbox 411 4249 719 4320; x_wconf 89' lang='lat' dir='ltr'><strong>disponere,</strong></span> <span class='ocrx_word' id='word_1_346' title='bbox 748 4253 1017 4321; x_wconf 88' lang='lat' dir='ltr'><strong>quomodo</strong></span> <span class='ocrx_word' id='word_1_347' title='bbox 1040 4254 1303 4324; x_wconf 89' lang='lat' dir='ltr'><strong>disposuit</strong></span> <span class='ocrx_word' id='word_1_348' title='bbox 1331 4253 1492 4309; x_wconf 91' lang='lat' dir='ltr'><strong>homo</strong></span> <span class='ocrx_word' id='word_1_349' title='bbox 1514 4253 1615 4308; x_wconf 87' lang='lat' dir='ltr'><strong>iste</strong></span> <span class='ocrx_word' id='word_1_350' title='bbox 1639 4253 1732 4323; x_wconf 90' lang='lat' dir='ltr'><strong>qui</strong></span> 
     </span>
    </p>
   </div>
   <div class='ocr_carea' id='block_1_46' title="bbox 154 4343 1729 4409">
    <p class='ocr_par' dir='ltr' id='par_1_46' title="bbox 154 4343 1729 4409">
     <span class='ocr_line' id='line_1_46' title="bbox 154 4343 1729 4409; baseline 0.005 -16"><span class='ocrx_word' id='word_1_351' title='bbox 154 4355 342 4408; x_wconf 90' lang='lat' dir='ltr'><strong>passus</strong></span> <span class='ocrx_word' id='word_1_352' title='bbox 394 4343 517 4395; x_wconf 86' lang='lat' dir='ltr'><strong>est?</strong></span> <span class='ocrx_word' id='word_1_353' title='bbox 568 4345 662 4398; x_wconf 88' lang='lat' dir='ltr'><strong>sed</strong></span> <span class='ocrx_word' id='word_1_354' title='bbox 710 4345 873 4399; x_wconf 88' lang='lat' dir='ltr'><strong>homo</strong></span> <span class='ocrx_word' id='word_1_355' title='bbox 920 4346 1184 4402; x_wconf 90' lang='lat' dir='ltr'><strong>mediator</strong></span> <span class='ocrx_word' id='word_1_356' title='bbox 1227 4347 1322 4402; x_wconf 90' lang='lat' dir='ltr'><strong>Dei</strong></span> <span class='ocrx_word' id='word_1_357' title='bbox 1349 4357 1405 4402; x_wconf 90' lang='lat' dir='ltr'><strong>et</strong></span> <span class='ocrx_word' id='word_1_358' title='bbox 1431 4346 1729 4409; x_wconf 90' lang='lat' dir='ltr'><strong>hominum,</strong></span> 
     </span>
    </p>
   </div>
   <div class='ocr_carea' id='block_1_47' title="bbox 155 4429 1734 4512">
    <p class='ocr_par' dir='ltr' id='par_1_47' title="bbox 155 4429 1734 4512">
     <span class='ocr_line' id='line_1_47' title="bbox 155 4429 1734 4512; baseline 0.006 -30"><span class='ocrx_word' id='word_1_359' title='bbox 155 4429 317 4483; x_wconf 89' lang='lat' dir='ltr'><strong>homo</strong></span> <span class='ocrx_word' id='word_1_360' title='bbox 344 4430 411 4486; x_wconf 90' lang='lat' dir='ltr'><strong>de</strong></span> <span class='ocrx_word' id='word_1_361' title='bbox 437 4445 545 4501; x_wconf 88' lang='lat' dir='ltr'><strong>quo</strong></span> <span class='ocrx_word' id='word_1_362' title='bbox 587 4433 903 4512; x_wconf 68' lang='lat' dir='ltr'><strong>praedictum</strong></span> <span class='ocrx_word' id='word_1_363' title='bbox 949 4435 1187 4506; x_wconf 85' lang='lat' dir='ltr'><strong>legitur:</strong></span> <span class='ocrx_word' id='word_1_364' title='bbox 1228 4436 1298 4491; x_wconf 89' lang='lat' dir='ltr'><strong>Et</strong></span> <span class='ocrx_word' id='word_1_365' title='bbox 1343 4435 1506 4492; x_wconf 90' lang='lat' dir='ltr'><strong>homo</strong></span> <span class='ocrx_word' id='word_1_366' title='bbox 1543 4445 1645 4502; x_wconf 91' lang='lat' dir='ltr'><strong>est,</strong></span> <span class='ocrx_word' id='word_1_367' title='bbox 1679 4446 1734 4491; x_wconf 92' lang='lat' dir='ltr'><strong>et</strong></span> 
     </span>
    </p>
   </div>
   <div class='ocr_carea' id='block_1_48' title="bbox 1841 575 3420 646">
    <p class='ocr_par' dir='ltr' id='par_1_48' title="bbox 1841 575 3420 646">
     <span class='ocr_line' id='line_1_48' title="bbox 1841 575 3420 646; baseline 0.001 -15"><span class='ocrx_word' id='word_1_368' title='bbox 1841 576 2344 645; x_wconf 90' lang='lat' dir='ltr'><strong>circumposuerunt</strong></span> <span class='ocrx_word' id='word_1_369' title='bbox 2387 577 2666 646; x_wconf 84' lang='lat' dir='ltr'><strong>spongiam</strong></span> <span class='ocrx_word' id='word_1_370' title='bbox 2697 585 2850 632; x_wconf 88' lang='lat' dir='ltr'><strong>aceto</strong></span> <span class='ocrx_word' id='word_1_371' title='bbox 2876 575 3090 646; x_wconf 90' lang='lat' dir='ltr'><strong>plenam</strong></span> <span class='ocrx_word' id='word_1_372' title='bbox 3118 617 3134 643; x_wconf 97' lang='lat'><strong>,</strong></span> <span class='ocrx_word' id='word_1_373' title='bbox 3163 578 3420 646; x_wconf 91' lang='lat' dir='ltr'><strong>quoniam</strong></span> 
     </span>
    </p>
   </div>
   <div class='ocr_carea' id='block_1_49' title="bbox 1840 668 3422 742">
    <p class='ocr_par' dir='ltr' id='par_1_49' title="bbox 1840 668 3422 742">
     <span class='ocr_line' id='line_1_49' title="bbox 1840 668 3422 742; baseline 0 -16"><span class='ocrx_word' id='word_1_374' title='bbox 1840 670 2005 727; x_wconf 90' lang='lat' dir='ltr'><strong>herba</strong></span> <span class='ocrx_word' id='word_1_375' title='bbox 2037 677 2119 724; x_wconf 92' lang='lat' dir='ltr'><strong>est</strong></span> <span class='ocrx_word' id='word_1_376' title='bbox 2147 668 2384 733; x_wconf 86' lang='lat' dir='ltr'><strong>humilis,</strong></span> <span class='ocrx_word' id='word_1_377' title='bbox 2411 677 2467 724; x_wconf 90' lang='lat' dir='ltr'><strong>et</strong></span> <span class='ocrx_word' id='word_1_378' title='bbox 2505 679 2693 738; x_wconf 89' lang='lat' dir='ltr'><strong>pectus</strong></span> <span class='ocrx_word' id='word_1_379' title='bbox 2737 678 2972 742; x_wconf 90' lang='lat' dir='ltr'><strong>purgat,</strong></span> <span class='ocrx_word' id='word_1_380' title='bbox 3003 670 3172 742; x_wconf 86' lang='lat' dir='ltr'><strong>ipsius</strong></span> <span class='ocrx_word' id='word_1_381' title='bbox 3216 669 3422 727; x_wconf 85' lang='lat' dir='ltr'><strong>Christi</strong></span> 
     </span>
    </p>
   </div>
   <div class='ocr_carea' id='block_1_50' title="bbox 1840 762 3422 832">
    <p class='ocr_par' dir='ltr' id='par_1_50' title="bbox 1840 762 3422 832">
     <span class='ocr_line' id='line_1_50' title="bbox 1840 762 3422 832; baseline 0 -14"><span class='ocrx_word' id='word_1_382' title='bbox 1840 762 2198 818; x_wconf 87' lang='lat' dir='ltr'><strong>humilitatem</strong></span> <span class='ocrx_word' id='word_1_383' title='bbox 2228 770 2598 831; x_wconf 87' lang='lat' dir='ltr'><strong>congruenter</strong></span> <span class='ocrx_word' id='word_1_384' title='bbox 2631 763 2924 831; x_wconf 87' lang='lat' dir='ltr'><strong>accipimus</strong></span> <span class='ocrx_word' id='word_1_385' title='bbox 2943 803 2958 825; x_wconf 87' lang='lat'><strong>,</strong></span> <span class='ocrx_word' id='word_1_386' title='bbox 2981 776 3143 832; x_wconf 91' lang='lat' dir='ltr'><strong>quam</strong></span> <span class='ocrx_word' id='word_1_387' title='bbox 3195 763 3422 819; x_wconf 87' lang='lat' dir='ltr'><strong>circum-</strong></span> 
     </span>
    </p>
   </div>
   <div class='ocr_carea' id='block_1_51' title="bbox 1839 854 3422 924">
    <p class='ocr_par' dir='ltr' id='par_1_51' title="bbox 1839 854 3422 924">
     <span class='ocr_line' id='line_1_51' title="bbox 1839 854 3422 924; baseline 0.001 -14"><span class='ocrx_word' id='word_1_388' title='bbox 1839 855 2124 921; x_wconf 90' lang='lat' dir='ltr'><strong>dederunt,</strong></span> <span class='ocrx_word' id='word_1_389' title='bbox 2182 863 2238 909; x_wconf 91' lang='lat' dir='ltr'><strong>et</strong></span> <span class='ocrx_word' id='word_1_390' title='bbox 2277 869 2336 909; x_wconf 91' lang='lat' dir='ltr'><strong>se</strong></span> <span class='ocrx_word' id='word_1_391' title='bbox 2395 854 2816 909; x_wconf 89' lang='lat' dir='ltr'><strong>circumvenisse</strong></span> <span class='ocrx_word' id='word_1_392' title='bbox 2865 862 3214 924; x_wconf 91' lang='lat' dir='ltr'><strong>putaverunt.</strong></span> <span class='ocrx_word' id='word_1_393' title='bbox 3270 854 3422 911; x_wconf 90' lang='lat' dir='ltr'><strong>Unde</strong></span> 
     </span>
    </p>
   </div>
   <div class='ocr_carea' id='block_1_52' title="bbox 1839 945 3419 1018">
    <p class='ocr_par' dir='ltr' id='par_1_52' title="bbox 1839 945 3419 1018">
     <span class='ocr_line' id='line_1_52' title="bbox 1839 945 3419 1018; baseline -0.002 -15"><span class='ocrx_word' id='word_1_394' title='bbox 1839 947 1968 1003; x_wconf 88' lang='lat' dir='ltr'><strong>illud</strong></span> <span class='ocrx_word' id='word_1_395' title='bbox 2003 948 2056 1002; x_wconf 93' lang='lat' dir='ltr'><strong>in</strong></span> <span class='ocrx_word' id='word_1_396' title='bbox 2087 947 2294 1018; x_wconf 91' lang='lat' dir='ltr'><strong>psalmo</strong></span> <span class='ocrx_word' id='word_1_397' title='bbox 2323 964 2336 1000; x_wconf 89' lang='lat'><strong>:</strong></span> <span class='ocrx_word' id='word_1_398' title='bbox 2374 965 2392 996; x_wconf 75' lang='grc' dir='ltr'><strong>ι</strong></span> <span class='ocrx_word' id='word_1_399' title='bbox 2427 945 2694 1015; x_wconf 87' lang='lat' dir='ltr'><strong>Asperges</strong></span> <span class='ocrx_word' id='word_1_400' title='bbox 2722 960 2806 999; x_wconf 91' lang='lat' dir='ltr'><strong>me</strong></span> <span class='ocrx_word' id='word_1_401' title='bbox 2828 986 2842 1009; x_wconf 98' lang='lat'><strong>,</strong></span> <span class='ocrx_word' id='word_1_402' title='bbox 2887 969 2903 996; x_wconf 79' lang='grc' dir='ltr'><strong>ι</strong></span> <span class='ocrx_word' id='word_1_403' title='bbox 2941 945 3202 1011; x_wconf 90' lang='lat' dir='ltr'><strong>Domine,</strong></span> <span class='ocrx_word' id='word_1_404' title='bbox 3237 963 3256 996; x_wconf 72' lang='grc' dir='ltr'><strong>ε</strong></span> <span class='ocrx_word' id='word_1_405' title='bbox 3292 947 3419 1016; x_wconf 88' lang='lat' dir='ltr'><strong>hys-</strong></span> 
     </span>
    </p>
   </div>
   <div class='ocr_carea' id='block_1_53' title="bbox 1837 1034 3420 1110">
    <p class='ocr_par' dir='ltr' id='par_1_53' title="bbox 1837 1034 3420 1110">
     <span class='ocr_line' id='line_1_53' title="bbox 1837 1034 3420 1110; baseline -0.004 -15"><span class='ocrx_word' id='word_1_406' title='bbox 1837 1055 1968 1110; x_wconf 88' lang='lat' dir='ltr'><strong>sopo</strong></span> <span class='ocrx_word' id='word_1_407' title='bbox 2012 1047 2068 1094; x_wconf 89' lang='lat' dir='ltr'><strong>et</strong></span> <span class='ocrx_word' id='word_1_408' title='bbox 2096 1038 2399 1094; x_wconf 90' lang='lat' dir='ltr'><strong>mundabor</strong></span> <span class='ocrx_word' id='word_1_409' title='bbox 2427 1034 2598 1108; x_wconf 79' lang='lat' dir='ltr'><strong>(Psal.</strong></span> <span class='ocrx_word' id='word_1_410' title='bbox 2637 1036 2712 1106; x_wconf 80' lang='grc' dir='ltr'><strong>ι).</strong></span> <span class='ocrx_word' id='word_1_411' title='bbox 2755 1055 2773 1086; x_wconf 85' lang='grc'><strong>›</strong></span> <span class='ocrx_word' id='word_1_412' title='bbox 2808 1035 3006 1091; x_wconf 88' lang='lat' dir='ltr'><strong>Christi</strong></span> <span class='ocrx_word' id='word_1_413' title='bbox 3042 1051 3279 1106; x_wconf 88' lang='lat' dir='ltr'><strong>namque</strong></span> <span class='ocrx_word' id='word_1_414' title='bbox 3318 1037 3420 1090; x_wconf 89' lang='lat' dir='ltr'><strong>hu-</strong></span> 
     </span>
    </p>
   </div>
   <div class='ocr_carea' id='block_1_54' title="bbox 1836 1127 3425 1198">
    <p class='ocr_par' dir='ltr' id='par_1_54' title="bbox 1836 1127 3425 1198">
     <span class='ocr_line' id='line_1_54' title="bbox 1836 1127 3425 1198; baseline -0.003 -11"><span class='ocrx_word' id='word_1_415' title='bbox 1836 1132 2066 1187; x_wconf 88' lang='lat' dir='ltr'><strong>militate</strong></span> <span class='ocrx_word' id='word_1_416' title='bbox 2115 1131 2479 1195; x_wconf 90' lang='lat' dir='ltr'><strong>mundamur,</strong></span> <span class='ocrx_word' id='word_1_417' title='bbox 2525 1129 2650 1198; x_wconf 91' lang='lat' dir='ltr'><strong>quia</strong></span> <span class='ocrx_word' id='word_1_418' title='bbox 2691 1127 2795 1182; x_wconf 89' lang='lat' dir='ltr'><strong>nisi</strong></span> <span class='ocrx_word' id='word_1_419' title='bbox 2844 1128 3180 1184; x_wconf 88' lang='lat' dir='ltr'><strong>humiliasset</strong></span> <span class='ocrx_word' id='word_1_420' title='bbox 3229 1135 3425 1184; x_wconf 89' lang='lat' dir='ltr'><strong>semet-</strong></span> 
     </span>
    </p>
   </div>
   <div class='ocr_carea' id='block_1_55' title="bbox 1839 1221 3422 1294">
    <p class='ocr_par' dir='ltr' id='par_1_55' title="bbox 1839 1221 3422 1294">
     <span class='ocr_line' id='line_1_55' title="bbox 1839 1221 3422 1294; baseline -0.001 -14"><span class='ocrx_word' id='word_1_421' title='bbox 1839 1225 2036 1294; x_wconf 88' lang='lat' dir='ltr'><strong>ipsum,</strong></span> <span class='ocrx_word' id='word_1_422' title='bbox 2067 1224 2247 1280; x_wconf 91' lang='lat' dir='ltr'><strong>factus</strong></span> <span class='ocrx_word' id='word_1_423' title='bbox 2273 1223 2533 1279; x_wconf 89' lang='lat' dir='ltr'><strong>obediens</strong></span> <span class='ocrx_word' id='word_1_424' title='bbox 2560 1222 2709 1277; x_wconf 90' lang='lat' dir='ltr'><strong>Patri</strong></span> <span class='ocrx_word' id='word_1_425' title='bbox 2734 1237 2906 1292; x_wconf 89' lang='lat' dir='ltr'><strong>usque</strong></span> <span class='ocrx_word' id='word_1_426' title='bbox 2931 1221 2999 1276; x_wconf 89' lang='lat' dir='ltr'><strong>ad</strong></span> <span class='ocrx_word' id='word_1_427' title='bbox 3021 1231 3252 1278; x_wconf 90' lang='lat' dir='ltr'><strong>mortem</strong></span> <span class='ocrx_word' id='word_1_428' title='bbox 3295 1238 3422 1278; x_wconf 88' lang='lat' dir='ltr'><strong>cru-</strong></span> 
     </span>
    </p>
   </div>
   <div class='ocr_carea' id='block_1_56' title="bbox 1837 1315 3419 1391">
    <p class='ocr_par' dir='ltr' id='par_1_56' title="bbox 1837 1315 3419 1391">
     <span class='ocr_line' id='line_1_56' title="bbox 1837 1315 3419 1391; baseline -0.003 -17"><span class='ocrx_word' id='word_1_429' title='bbox 1837 1320 1914 1374; x_wconf 90' lang='lat' dir='ltr'><strong>cis</strong></span> <span class='ocrx_word' id='word_1_430' title='bbox 1940 1316 2258 1391; x_wconf 49' lang='grc' dir='ltr'><strong>(ΡΙιὶΙὶρειι)</strong></span> <span class='ocrx_word' id='word_1_431' title='bbox 2277 1358 2292 1382; x_wconf 83' lang='grc'><em>,</em></span> <span class='ocrx_word' id='word_1_432' title='bbox 2318 1318 2505 1387; x_wconf 90' lang='lat' dir='ltr'><strong>utique</strong></span> <span class='ocrx_word' id='word_1_433' title='bbox 2530 1317 2747 1386; x_wconf 86' lang='lat' dir='ltr'><strong>sanguis</strong></span> <span class='ocrx_word' id='word_1_434' title='bbox 2776 1316 2892 1384; x_wconf 88' lang='lat' dir='ltr'><strong>ejus</strong></span> <span class='ocrx_word' id='word_1_435' title='bbox 2941 1315 2997 1369; x_wconf 93' lang='lat' dir='ltr'><strong>in</strong></span> <span class='ocrx_word' id='word_1_436' title='bbox 3043 1316 3419 1371; x_wconf 86' lang='lat' dir='ltr'><strong>remissionem</strong></span> 
     </span>
    </p>
   </div>
   <div class='ocr_carea' id='block_1_57' title="bbox 1834 1405 3423 1484">
    <p class='ocr_par' dir='ltr' id='par_1_57' title="bbox 1834 1405 3423 1484">
     <span class='ocr_line' id='line_1_57' title="bbox 1834 1405 3423 1484; baseline -0.003 -17"><span class='ocrx_word' id='word_1_437' title='bbox 1834 1420 2178 1484; x_wconf 89' lang='lat' dir='ltr'><strong>peccatorum</strong></span> <span class='ocrx_word' id='word_1_438' title='bbox 2198 1453 2212 1476; x_wconf 91' lang='lat'><strong>,</strong></span> <span class='ocrx_word' id='word_1_439' title='bbox 2245 1410 2348 1465; x_wconf 91' lang='lat' dir='ltr'><strong>hoc</strong></span> <span class='ocrx_word' id='word_1_440' title='bbox 2373 1420 2455 1464; x_wconf 81' lang='lat' dir='ltr'><strong>est</strong></span> <span class='ocrx_word' id='word_1_441' title='bbox 2474 1451 2489 1476; x_wconf 93' lang='lat'><strong>,</strong></span> <span class='ocrx_word' id='word_1_442' title='bbox 2522 1409 2575 1463; x_wconf 88' lang='lat' dir='ltr'><strong>in</strong></span> <span class='ocrx_word' id='word_1_443' title='bbox 2602 1417 2840 1463; x_wconf 89' lang='lat' dir='ltr'><strong>nostram</strong></span> <span class='ocrx_word' id='word_1_444' title='bbox 2883 1405 3286 1462; x_wconf 90' lang='lat' dir='ltr'><strong>mundationem</strong></span> <span class='ocrx_word' id='word_1_445' title='bbox 3318 1422 3423 1462; x_wconf 93' lang='lat' dir='ltr'><strong>non</strong></span> 
     </span>
    </p>
   </div>
   <div class='ocr_carea' id='block_1_58' title="bbox 1835 1498 3423 1570">
    <p class='ocr_par' dir='ltr' id='par_1_58' title="bbox 1835 1498 3423 1570">
     <span class='ocr_line' id='line_1_58' title="bbox 1835 1498 3423 1570; baseline -0.003 -14"><span class='ocrx_word' id='word_1_446' title='bbox 1835 1501 2025 1557; x_wconf 87' lang='lat' dir='ltr'><strong>fuisset</strong></span> <span class='ocrx_word' id='word_1_447' title='bbox 2053 1501 2274 1557; x_wconf 79' lang='lat' dir='ltr'><strong>effusus.</strong></span> <span class='ocrx_word' id='word_1_448' title='bbox 2324 1500 2434 1556; x_wconf 87' lang='lat' dir='ltr'><strong>Nec</strong></span> <span class='ocrx_word' id='word_1_449' title='bbox 2465 1508 2681 1555; x_wconf 91' lang='lat' dir='ltr'><strong>moveat</strong></span> <span class='ocrx_word' id='word_1_450' title='bbox 2703 1499 2955 1570; x_wconf 91' lang='lat' dir='ltr'><strong>quoniam</strong></span> <span class='ocrx_word' id='word_1_451' title='bbox 3007 1498 3285 1567; x_wconf 87' lang='lat' dir='ltr'><strong>spongiam</strong></span> <span class='ocrx_word' id='word_1_452' title='bbox 3341 1498 3423 1552; x_wconf 89' lang='lat' dir='ltr'><strong>ori</strong></span> 
     </span>
    </p>
   </div>
   <div class='ocr_carea' id='block_1_59' title="bbox 1836 1588 3421 1662">
    <p class='ocr_par' dir='ltr' id='par_1_59' title="bbox 1836 1588 3421 1662">
     <span class='ocr_line' id='line_1_59' title="bbox 1836 1588 3421 1662; baseline -0.003 -16"><span class='ocrx_word' id='word_1_453' title='bbox 1836 1591 1953 1661; x_wconf 88' lang='lat' dir='ltr'><strong>ejus</strong></span> <span class='ocrx_word' id='word_1_454' title='bbox 1983 1600 2274 1662; x_wconf 89' lang='lat' dir='ltr'><strong>potuerunt</strong></span> <span class='ocrx_word' id='word_1_455' title='bbox 2300 1592 2622 1657; x_wconf 89' lang='lat' dir='ltr'><strong>admovere,</strong></span> <span class='ocrx_word' id='word_1_456' title='bbox 2653 1591 2746 1660; x_wconf 89' lang='lat' dir='ltr'><strong>qui</strong></span> <span class='ocrx_word' id='word_1_457' title='bbox 2772 1591 2826 1645; x_wconf 90' lang='lat' dir='ltr'><strong>in</strong></span> <span class='ocrx_word' id='word_1_458' title='bbox 2871 1603 3032 1644; x_wconf 82' lang='lat' dir='ltr'><strong>cruce</strong></span> <span class='ocrx_word' id='word_1_459' title='bbox 3073 1588 3249 1643; x_wconf 84' lang='lat' dir='ltr'><strong>fuerat</strong></span> <span class='ocrx_word' id='word_1_460' title='bbox 3273 1588 3421 1643; x_wconf 83' lang='lat' dir='ltr'><strong>exal-</strong></span> 
     </span>
    </p>
   </div>
   <div class='ocr_carea' id='block_1_60' title="bbox 1836 1678 3426 1751">
    <p class='ocr_par' dir='ltr' id='par_1_60' title="bbox 1836 1678 3426 1751">
     <span class='ocr_line' id='line_1_60' title="bbox 1836 1678 3426 1751; baseline -0.003 -14"><span class='ocrx_word' id='word_1_461' title='bbox 1836 1690 1981 1737; x_wconf 88' lang='lat' dir='ltr'><strong>tatus</strong></span> <span class='ocrx_word' id='word_1_462' title='bbox 2003 1697 2033 1736; x_wconf 89' lang='lat' dir='ltr'><strong>a</strong></span> <span class='ocrx_word' id='word_1_463' title='bbox 2065 1691 2228 1736; x_wconf 84' lang='lat' dir='ltr'><strong>terra.</strong></span> <span class='ocrx_word' id='word_1_464' title='bbox 2259 1680 2412 1736; x_wconf 88' lang='lat' dir='ltr'><strong>Sicut</strong></span> <span class='ocrx_word' id='word_1_465' title='bbox 2442 1681 2588 1736; x_wconf 92' lang='lat' dir='ltr'><strong>enim</strong></span> <span class='ocrx_word' id='word_1_466' title='bbox 2623 1679 2764 1751; x_wconf 88' lang='lat' dir='ltr'><strong>apud</strong></span> <span class='ocrx_word' id='word_1_467' title='bbox 2787 1680 2923 1735; x_wconf 89' lang='lat' dir='ltr'><strong>alios</strong></span> <span class='ocrx_word' id='word_1_468' title='bbox 2955 1679 3315 1750; x_wconf 90' lang='lat' dir='ltr'><strong>evangelistas</strong></span> <span class='ocrx_word' id='word_1_469' title='bbox 3355 1678 3426 1733; x_wconf 87' lang='lat' dir='ltr'><strong>le-</strong></span> 
     </span>
    </p>
   </div>
   <div class='ocr_carea' id='block_1_61' title="bbox 1835 1765 3426 1847">
    <p class='ocr_par' dir='ltr' id='par_1_61' title="bbox 1835 1765 3426 1847">
     <span class='ocr_line' id='line_1_61' title="bbox 1835 1765 3426 1847; baseline -0.004 -18"><span class='ocrx_word' id='word_1_470' title='bbox 1835 1775 2002 1847; x_wconf 85' lang='lat' dir='ltr'><strong>gitur,</strong></span> <span class='ocrx_word' id='word_1_471' title='bbox 2033 1773 2176 1843; x_wconf 92' lang='lat' dir='ltr'><strong>quod</strong></span> <span class='ocrx_word' id='word_1_472' title='bbox 2207 1773 2297 1827; x_wconf 90' lang='lat' dir='ltr'><strong>hic</strong></span> <span class='ocrx_word' id='word_1_473' title='bbox 2333 1771 2702 1842; x_wconf 76' lang='lat' dir='ltr'><strong>praetermisit,</strong></span> <span class='ocrx_word' id='word_1_474' title='bbox 2749 1770 2804 1825; x_wconf 90' lang='lat' dir='ltr'><strong>in</strong></span> <span class='ocrx_word' id='word_1_475' title='bbox 2865 1770 3128 1825; x_wconf 91' lang='lat' dir='ltr'><strong>arundine</strong></span> <span class='ocrx_word' id='word_1_476' title='bbox 3178 1783 3299 1825; x_wconf 90' lang='lat' dir='ltr'><strong>esse</strong></span> <span class='ocrx_word' id='word_1_477' title='bbox 3346 1765 3426 1822; x_wconf 88' lang='lat' dir='ltr'><strong>fa-</strong></span> 
     </span>
    </p>
   </div>
   <div class='ocr_carea' id='block_1_62' title="bbox 1838 1861 3424 1938">
    <p class='ocr_par' dir='ltr' id='par_1_62' title="bbox 1838 1861 3424 1938">
     <span class='ocr_line' id='line_1_62' title="bbox 1838 1861 3424 1938; baseline -0.006 -15"><span class='ocrx_word' id='word_1_478' title='bbox 1838 1879 2019 1934; x_wconf 92' lang='lat' dir='ltr'><strong>ctum,</strong></span> <span class='ocrx_word' id='word_1_479' title='bbox 2061 1876 2117 1921; x_wconf 93' lang='lat' dir='ltr'><strong>ut</strong></span> <span class='ocrx_word' id='word_1_480' title='bbox 2161 1867 2214 1921; x_wconf 90' lang='lat' dir='ltr'><strong>in</strong></span> <span class='ocrx_word' id='word_1_481' title='bbox 2257 1866 2481 1938; x_wconf 89' lang='lat' dir='ltr'><strong>spongia</strong></span> <span class='ocrx_word' id='word_1_482' title='bbox 2517 1865 2639 1920; x_wconf 91' lang='lat' dir='ltr'><strong>talis</strong></span> <span class='ocrx_word' id='word_1_483' title='bbox 2667 1872 2825 1936; x_wconf 90' lang='lat' dir='ltr'><strong>potus</strong></span> <span class='ocrx_word' id='word_1_484' title='bbox 2855 1863 3132 1919; x_wconf 69' lang='lat' dir='ltr'><strong>ad&#39;crucis</strong></span> <span class='ocrx_word' id='word_1_485' title='bbox 3175 1861 3424 1918; x_wconf 89' lang='lat' dir='ltr'><strong>sublimia</strong></span> 
     </span>
    </p>
   </div>
   <div class='ocr_carea' id='block_1_63' title="bbox 1838 1953 3422 2024">
    <p class='ocr_par' dir='ltr' id='par_1_63' title="bbox 1838 1953 3422 2024">
     <span class='ocr_line' id='line_1_63' title="bbox 1838 1953 3422 2024; baseline -0.004 -10"><span class='ocrx_word' id='word_1_486' title='bbox 1838 1959 2124 2014; x_wconf 88' lang='lat' dir='ltr'><strong>levaretur.</strong></span> <span class='ocrx_word' id='word_1_487' title='bbox 2145 1957 2252 2011; x_wconf 91' lang='lat' dir='ltr'><strong>Per</strong></span> <span class='ocrx_word' id='word_1_488' title='bbox 2270 1957 2588 2012; x_wconf 89' lang='lat' dir='ltr'><strong>arundinem</strong></span> <span class='ocrx_word' id='word_1_489' title='bbox 2613 1971 2743 2011; x_wconf 87' lang='lat' dir='ltr'><strong>vero</strong></span> <span class='ocrx_word' id='word_1_490' title='bbox 2769 1954 3047 2024; x_wconf 90' lang='lat' dir='ltr'><strong>Scriptura</strong></span> <span class='ocrx_word' id='word_1_491' title='bbox 3070 1953 3422 2024; x_wconf 89' lang='lat' dir='ltr'><strong>signiﬁcatur,</strong></span> 
     </span>
    </p>
   </div>
   <div class='ocr_carea' id='block_1_64' title="bbox 1839 2043 3422 2124">
    <p class='ocr_par' dir='ltr' id='par_1_64' title="bbox 1839 2043 3422 2124">
     <span class='ocr_line' id='line_1_64' title="bbox 1839 2043 3422 2124; baseline -0.005 -17"><span class='ocrx_word' id='word_1_492' title='bbox 1839 2045 1958 2122; x_wconf 80' lang='lat' dir='ltr'><strong>quae</strong></span> <span class='ocrx_word' id='word_1_493' title='bbox 1987 2043 2313 2124; x_wconf 83' lang='lat' dir='ltr'><strong>irnplebatur</strong></span> <span class='ocrx_word' id='word_1_494' title='bbox 2339 2050 2442 2104; x_wconf 91' lang='lat' dir='ltr'><strong>hoc</strong></span> <span class='ocrx_word' id='word_1_495' title='bbox 2473 2047 2636 2103; x_wconf 90' lang='lat' dir='ltr'><strong>facto.</strong></span> <span class='ocrx_word' id='word_1_496' title='bbox 2684 2046 2838 2102; x_wconf 87' lang='lat' dir='ltr'><strong>Sicut</strong></span> <span class='ocrx_word' id='word_1_497' title='bbox 2872 2047 3015 2101; x_wconf 92' lang='lat' dir='ltr'><strong>enim</strong></span> <span class='ocrx_word' id='word_1_498' title='bbox 3058 2045 3240 2124; x_wconf 84' lang='lat' dir='ltr'><strong>lingua</strong></span> <span class='ocrx_word' id='word_1_499' title='bbox 3287 2044 3422 2100; x_wconf 89' lang='lat' dir='ltr'><strong>dici-</strong></span> 
     </span>
    </p>
   </div>
   <div class='ocr_carea' id='block_1_65' title="bbox 1839 2123 3426 2210">
    <p class='ocr_par' dir='ltr' id='par_1_65' title="bbox 1839 2123 3426 2210">
     <span class='ocr_line' id='line_1_65' title="bbox 1839 2123 3426 2210; baseline -0.003 -14"><span class='ocrx_word' id='word_1_500' title='bbox 1839 2151 1947 2208; x_wconf 90' lang='lat' dir='ltr'><strong>tur,</strong></span> <span class='ocrx_word' id='word_1_501' title='bbox 1975 2141 2060 2198; x_wconf 88' lang='lat' dir='ltr'><strong>vel</strong></span> <span class='ocrx_word' id='word_1_502' title='bbox 2104 2141 2299 2207; x_wconf 89' lang='lat' dir='ltr'><strong>latina,</strong></span> <span class='ocrx_word' id='word_1_503' title='bbox 2329 2141 2413 2195; x_wconf 88' lang='lat' dir='ltr'><strong>vel</strong></span> <span class='ocrx_word' id='word_1_504' title='bbox 2443 2141 2548 2195; x_wconf 92' lang='lat' dir='ltr'><strong>alia</strong></span> <span class='ocrx_word' id='word_1_505' title='bbox 2596 2140 2858 2210; x_wconf 88' lang='lat' dir='ltr'><strong>qualibet,</strong></span> <span class='ocrx_word' id='word_1_506' title='bbox 2885 2153 3077 2206; x_wconf 78' lang='lat' dir='ltr'><strong>sonum</strong></span> <span class='ocrx_word' id='word_1_507' title='bbox 3113 2123 3426 2208; x_wconf 78' lang='lat' dir='ltr'><strong>signiﬁcans</strong></span> 
     </span>
    </p>
   </div>
   <div class='ocr_carea' id='block_1_66' title="bbox 1840 2213 3422 2306">
    <p class='ocr_par' dir='ltr' id='par_1_66' title="bbox 1840 2213 3422 2306">
     <span class='ocr_line' id='line_1_66' title="bbox 1840 2213 3422 2306; baseline -0.004 -18"><span class='ocrx_word' id='word_1_508' title='bbox 1840 2235 1929 2304; x_wconf 90' lang='lat' dir='ltr'><strong>qui</strong></span> <span class='ocrx_word' id='word_1_509' title='bbox 1954 2234 2134 2306; x_wconf 89' lang='lat' dir='ltr'><strong>lingua</strong></span> <span class='ocrx_word' id='word_1_510' title='bbox 2175 2233 2463 2303; x_wconf 90' lang='lat' dir='ltr'><strong>promitur,</strong></span> <span class='ocrx_word' id='word_1_511' title='bbox 2495 2233 2574 2287; x_wconf 90' lang='lat' dir='ltr'><strong>sic</strong></span> <span class='ocrx_word' id='word_1_512' title='bbox 2623 2231 2831 2286; x_wconf 91' lang='lat' dir='ltr'><strong>arundo</strong></span> <span class='ocrx_word' id='word_1_513' title='bbox 2861 2213 3176 2298; x_wconf 67' lang='lat' dir='ltr'><strong>diebpotest</strong></span> <span class='ocrx_word' id='word_1_514' title='bbox 3224 2227 3422 2294; x_wconf 87' lang='lat' dir='ltr'><strong>littera,</strong></span> 
     </span>
    </p>
   </div>
   <div class='ocr_carea' id='block_1_67' title="bbox 1838 2320 3425 2396">
    <p class='ocr_par' dir='ltr' id='par_1_67' title="bbox 1838 2320 3425 2396">
     <span class='ocr_line' id='line_1_67' title="bbox 1838 2320 3425 2396; baseline -0.004 -17"><span class='ocrx_word' id='word_1_515' title='bbox 1838 2341 1960 2396; x_wconf 75' lang='lat' dir='ltr'><strong>quae</strong></span> <span class='ocrx_word' id='word_1_516' title='bbox 1987 2325 2252 2380; x_wconf 90' lang='lat' dir='ltr'><strong>arundine</strong></span> <span class='ocrx_word' id='word_1_517' title='bbox 2285 2324 2557 2394; x_wconf 90' lang='lat' dir='ltr'><strong>scribitur,</strong></span> <span class='ocrx_word' id='word_1_518' title='bbox 2588 2323 2684 2378; x_wconf 89' lang='lat' dir='ltr'><strong>sed</strong></span> <span class='ocrx_word' id='word_1_519' title='bbox 2713 2320 3108 2393; x_wconf 90' lang='lat' dir='ltr'><strong>signiﬁcantius</strong></span> <span class='ocrx_word' id='word_1_520' title='bbox 3145 2333 3306 2374; x_wconf 90' lang='lat' dir='ltr'><strong>sonos</strong></span> <span class='ocrx_word' id='word_1_521' title='bbox 3334 2333 3425 2372; x_wconf 81' lang='lat' dir='ltr'><strong>vo-</strong></span> 
     </span>
    </p>
   </div>
   <div class='ocr_carea' id='block_1_68' title="bbox 1839 2409 3427 2483">
    <p class='ocr_par' dir='ltr' id='par_1_68' title="bbox 1839 2409 3427 2483">
     <span class='ocr_line' id='line_1_68' title="bbox 1839 2409 3427 2483; baseline -0.006 -10"><span class='ocrx_word' id='word_1_522' title='bbox 1839 2419 1918 2473; x_wconf 90' lang='lat' dir='ltr'><strong>cis</strong></span> <span class='ocrx_word' id='word_1_523' title='bbox 1941 2419 2191 2473; x_wconf 70' lang='lat' dir='ltr'><strong>humana:</strong></span> <span class='ocrx_word' id='word_1_524' title='bbox 2229 2417 2578 2472; x_wconf 90' lang='lat' dir='ltr'><strong>usitatissime</strong></span> <span class='ocrx_word' id='word_1_525' title='bbox 2614 2415 2842 2470; x_wconf 90' lang='lat' dir='ltr'><strong>dicimus</strong></span> <span class='ocrx_word' id='word_1_526' title='bbox 2897 2413 3125 2483; x_wconf 89' lang='lat' dir='ltr'><strong>linguas.</strong></span> <span class='ocrx_word' id='word_1_527' title='bbox 3183 2409 3427 2480; x_wconf 82' lang='lat' dir='ltr'><strong>Scriptu-</strong></span> 
     </span>
    </p>
   </div>
   <div class='ocr_carea' id='block_1_69' title="bbox 1839 2493 3424 2575">
    <p class='ocr_par' dir='ltr' id='par_1_69' title="bbox 1839 2493 3424 2575">
     <span class='ocr_line' id='line_1_69' title="bbox 1839 2493 3424 2575; baseline -0.006 -11"><span class='ocrx_word' id='word_1_528' title='bbox 1839 2524 1956 2564; x_wconf 90' lang='lat' dir='ltr'><strong>ram</strong></span> <span class='ocrx_word' id='word_1_529' title='bbox 1987 2524 2116 2564; x_wconf 90' lang='lat' dir='ltr'><strong>vero</strong></span> <span class='ocrx_word' id='word_1_530' title='bbox 2153 2508 2470 2563; x_wconf 89' lang='lat' dir='ltr'><strong>arundinem</strong></span> <span class='ocrx_word' id='word_1_531' title='bbox 2518 2506 2657 2571; x_wconf 89' lang='lat' dir='ltr'><strong>dici,</strong></span> <span class='ocrx_word' id='word_1_532' title='bbox 2694 2503 2982 2575; x_wconf 89' lang='lat' dir='ltr'><strong>quominus</strong></span> <span class='ocrx_word' id='word_1_533' title='bbox 3031 2509 3115 2556; x_wconf 90' lang='lat' dir='ltr'><strong>est</strong></span> <span class='ocrx_word' id='word_1_534' title='bbox 3143 2493 3424 2564; x_wconf 82' lang='lat' dir='ltr'><strong>usitatum,</strong></span> 
     </span>
    </p>
   </div>
   <div class='ocr_carea' id='block_1_70' title="bbox 1839 2587 3426 2672">
    <p class='ocr_par' dir='ltr' id='par_1_70' title="bbox 1839 2587 3426 2672">
     <span class='ocr_line' id='line_1_70' title="bbox 1839 2587 3426 2672; baseline -0.009 -15"><span class='ocrx_word' id='word_1_535' title='bbox 1839 2617 1904 2657; x_wconf 92' lang='lat' dir='ltr'><strong>eo</strong></span> <span class='ocrx_word' id='word_1_536' title='bbox 1933 2601 2103 2672; x_wconf 90' lang='lat' dir='ltr'><strong>magis</strong></span> <span class='ocrx_word' id='word_1_537' title='bbox 2139 2609 2224 2653; x_wconf 90' lang='lat' dir='ltr'><strong>est</strong></span> <span class='ocrx_word' id='word_1_538' title='bbox 2251 2598 2477 2668; x_wconf 84' lang='lat' dir='ltr'><strong>mystice</strong></span> <span class='ocrx_word' id='word_1_539' title='bbox 2506 2596 2813 2666; x_wconf 88' lang='lat' dir='ltr'><strong>ﬁguratum.</strong></span> <span class='ocrx_word' id='word_1_540' title='bbox 2873 2612 2892 2644; x_wconf 89' lang='grc'><em>‹</em></span> <span class='ocrx_word' id='word_1_541' title='bbox 2945 2591 3080 2647; x_wconf 89' lang='lat' dir='ltr'><strong>Cum</strong></span> <span class='ocrx_word' id='word_1_542' title='bbox 3110 2605 3241 2659; x_wconf 84' lang='lat' dir='ltr'><strong>ergo</strong></span> <span class='ocrx_word' id='word_1_543' title='bbox 3269 2587 3426 2644; x_wconf 84' lang='lat' dir='ltr'><strong>Jesus</strong></span> 
     </span>
    </p>
   </div>
   <div class='ocr_carea' id='block_1_71' title="bbox 1839 2680 3423 2762">
    <p class='ocr_par' dir='ltr' id='par_1_71' title="bbox 1839 2680 3423 2762">
     <span class='ocr_line' id='line_1_71' title="bbox 1839 2680 3423 2762; baseline -0.006 -17"><span class='ocrx_word' id='word_1_544' title='bbox 1839 2693 2138 2762; x_wconf 88' lang='lat' dir='ltr'><strong>accepisset</strong></span> <span class='ocrx_word' id='word_1_545' title='bbox 2161 2700 2396 2756; x_wconf 91' lang='lat' dir='ltr'><strong>acetum,</strong></span> <span class='ocrx_word' id='word_1_546' title='bbox 2418 2689 2555 2744; x_wconf 80' lang='lat' dir='ltr'><strong>dixit</strong></span> <span class='ocrx_word' id='word_1_547' title='bbox 2579 2708 2592 2743; x_wconf 89' lang='lat'><strong>:</strong></span> <span class='ocrx_word' id='word_1_548' title='bbox 2621 2687 3065 2744; x_wconf 87' lang='lat' dir='ltr'><strong>Consummatum</strong></span> <span class='ocrx_word' id='word_1_549' title='bbox 3089 2691 3191 2740; x_wconf 91' lang='lat' dir='ltr'><strong>est.</strong></span> <span class='ocrx_word' id='word_1_550' title='bbox 3217 2702 3235 2732; x_wconf 78' lang='grc' dir='ltr'><strong>ι</strong></span> <span class='ocrx_word' id='word_1_551' title='bbox 3264 2680 3423 2748; x_wconf 85' lang='lat' dir='ltr'><strong>Quid,</strong></span> 
     </span>
    </p>
   </div>
   <div class='ocr_carea' id='block_1_72' title="bbox 1838 2775 3424 2856">
    <p class='ocr_par' dir='ltr' id='par_1_72' title="bbox 1838 2775 3424 2856">
     <span class='ocr_line' id='line_1_72' title="bbox 1838 2775 3424 2856; baseline -0.008 -14"><span class='ocrx_word' id='word_1_552' title='bbox 1838 2788 1940 2842; x_wconf 90' lang='lat' dir='ltr'><strong>nisi</strong></span> <span class='ocrx_word' id='word_1_553' title='bbox 1976 2789 2119 2856; x_wconf 91' lang='lat' dir='ltr'><strong>quod</strong></span> <span class='ocrx_word' id='word_1_554' title='bbox 2144 2786 2306 2856; x_wconf 91' lang='lat' dir='ltr'><strong>paulo</strong></span> <span class='ocrx_word' id='word_1_555' title='bbox 2331 2793 2457 2840; x_wconf 90' lang='lat' dir='ltr'><strong>ante</strong></span> <span class='ocrx_word' id='word_1_556' title='bbox 2481 2781 2775 2854; x_wconf 84' lang='lat' dir='ltr'><strong>prophetia</strong></span> <span class='ocrx_word' id='word_1_557' title='bbox 2819 2778 3178 2850; x_wconf 83' lang='lat' dir='ltr'><strong>praedixerat?</strong></span> <span class='ocrx_word' id='word_1_558' title='bbox 3210 2775 3424 2839; x_wconf 90' lang='lat' dir='ltr'><strong>deinde,</strong></span> 
     </span>
    </p>
   </div>
   <div class='ocr_carea' id='block_1_73' title="bbox 1835 2873 3424 2949">
    <p class='ocr_par' dir='ltr' id='par_1_73' title="bbox 1835 2873 3424 2949">
     <span class='ocr_line' id='line_1_73' title="bbox 1835 2873 3424 2949; baseline -0.009 -16"><span class='ocrx_word' id='word_1_559' title='bbox 1835 2879 1962 2949; x_wconf 88' lang='lat' dir='ltr'><strong>quia</strong></span> <span class='ocrx_word' id='word_1_560' title='bbox 1998 2877 2130 2933; x_wconf 92' lang='lat' dir='ltr'><strong>nihil</strong></span> <span class='ocrx_word' id='word_1_561' title='bbox 2161 2884 2531 2940; x_wconf 89' lang='lat' dir='ltr'><strong>remanserat,</strong></span> <span class='ocrx_word' id='word_1_562' title='bbox 2564 2873 2706 2944; x_wconf 90' lang='lat' dir='ltr'><strong>quod</strong></span> <span class='ocrx_word' id='word_1_563' title='bbox 2755 2880 3045 2941; x_wconf 89' lang='lat' dir='ltr'><strong>antequam</strong></span> <span class='ocrx_word' id='word_1_564' title='bbox 3097 2875 3424 2930; x_wconf 87' lang='lat' dir='ltr'><strong>moreretur,</strong></span> 
     </span>
    </p>
   </div>
   <div class='ocr_carea' id='block_1_74' title="bbox 1836 2961 3426 3040">
    <p class='ocr_par' dir='ltr' id='par_1_74' title="bbox 1836 2961 3426 3040">
     <span class='ocr_line' id='line_1_74' title="bbox 1836 2961 3426 3040; baseline -0.009 -14"><span class='ocrx_word' id='word_1_565' title='bbox 1836 2971 1952 3026; x_wconf 89' lang='lat' dir='ltr'><strong>ﬁeri</strong></span> <span class='ocrx_word' id='word_1_566' title='bbox 1982 2971 2158 3025; x_wconf 90' lang='lat' dir='ltr'><strong>adhuc</strong></span> <span class='ocrx_word' id='word_1_567' title='bbox 2183 2969 2484 3040; x_wconf 82' lang='lat' dir='ltr'><strong>Oportebat.</strong></span> <span class='ocrx_word' id='word_1_568' title='bbox 2515 2967 2796 3036; x_wconf 89' lang='lat' dir='ltr'><strong>Tanquam</strong></span> <span class='ocrx_word' id='word_1_569' title='bbox 2820 2963 2929 3029; x_wconf 90' lang='lat' dir='ltr'><strong>ille,</strong></span> <span class='ocrx_word' id='word_1_570' title='bbox 2967 2961 3061 3033; x_wconf 92' lang='lat' dir='ltr'><strong>qui</strong></span> <span class='ocrx_word' id='word_1_571' title='bbox 3099 2967 3426 3032; x_wconf 89' lang='lat' dir='ltr'><strong>potestatem</strong></span> 
     </span>
    </p>
   </div>
   <div class='ocr_carea' id='block_1_75' title="bbox 1835 3052 3426 3132">
    <p class='ocr_par' dir='ltr' id='par_1_75' title="bbox 1835 3052 3426 3132">
     <span class='ocr_line' id='line_1_75' title="bbox 1835 3052 3426 3132; baseline -0.009 -15"><span class='ocrx_word' id='word_1_572' title='bbox 1835 3061 2069 3118; x_wconf 88' lang='lat' dir='ltr'><strong>habebat</strong></span> <span class='ocrx_word' id='word_1_573' title='bbox 2093 3061 2324 3132; x_wconf 89' lang='lat' dir='ltr'><strong>ponendi</strong></span> <span class='ocrx_word' id='word_1_574' title='bbox 2355 3061 2590 3114; x_wconf 89' lang='lat' dir='ltr'><strong>animam</strong></span> <span class='ocrx_word' id='word_1_575' title='bbox 2616 3100 2630 3124; x_wconf 96' lang='lat'><strong>,</strong></span> <span class='ocrx_word' id='word_1_576' title='bbox 2665 3065 2720 3114; x_wconf 91' lang='lat' dir='ltr'><strong>et</strong></span> <span class='ocrx_word' id='word_1_577' title='bbox 2769 3057 2965 3111; x_wconf 90' lang='lat' dir='ltr'><strong>iterum</strong></span> <span class='ocrx_word' id='word_1_578' title='bbox 3014 3052 3260 3109; x_wconf 90' lang='lat' dir='ltr'><strong>sumendi</strong></span> <span class='ocrx_word' id='word_1_579' title='bbox 3307 3066 3426 3106; x_wconf 88' lang='lat' dir='ltr'><strong>eam</strong></span> 
     </span>
    </p>
   </div>
   <div class='ocr_carea' id='block_1_76' title="bbox 1836 3149 3429 3226">
    <p class='ocr_par' dir='ltr' id='par_1_76' title="bbox 1836 3149 3429 3226">
     <span class='ocr_line' id='line_1_76' title="bbox 1836 3149 3429 3226; baseline -0.009 -18"><span class='ocrx_word' id='word_1_580' title='bbox 1836 3153 2016 3226; x_wconf 81' lang='lat' dir='ltr'><strong>(Ioan.</strong></span> <span class='ocrx_word' id='word_1_581' title='bbox 2066 3153 2147 3222; x_wconf 69' lang='grc' dir='ltr'><strong>ι),</strong></span> <span class='ocrx_word' id='word_1_582' title='bbox 2178 3152 2412 3222; x_wconf 86' lang='lat' dir='ltr'><strong>peractis</strong></span> <span class='ocrx_word' id='word_1_583' title='bbox 2459 3151 2730 3214; x_wconf 90' lang='lat' dir='ltr'><strong>omnibus,</strong></span> <span class='ocrx_word' id='word_1_584' title='bbox 2760 3164 2878 3218; x_wconf 61' lang='lat' dir='ltr'><strong>quae</strong></span> <span class='ocrx_word' id='word_1_585' title='bbox 2924 3153 2986 3199; x_wconf 93' lang='lat' dir='ltr'><strong>ut</strong></span> <span class='ocrx_word' id='word_1_586' title='bbox 3039 3149 3429 3214; x_wconf 87' lang='lat' dir='ltr'><strong>peragerentur</strong></span> 
     </span>
    </p>
   </div>
   <div class='ocr_carea' id='block_1_77' title="bbox 1837 3230 3427 3314">
    <p class='ocr_par' dir='ltr' id='par_1_77' title="bbox 1837 3230 3427 3314">
     <span class='ocr_line' id='line_1_77' title="bbox 1837 3230 3427 3314; baseline -0.011 -14"><span class='ocrx_word' id='word_1_587' title='bbox 1837 3245 2204 3314; x_wconf 75' lang='lat' dir='ltr'><strong>exspectabat,</strong></span> <span class='ocrx_word' id='word_1_588' title='bbox 2241 3242 2496 3297; x_wconf 90' lang='lat' dir='ltr'><strong>inclinato</strong></span> <span class='ocrx_word' id='word_1_589' title='bbox 2526 3240 2702 3310; x_wconf 90' lang='lat' dir='ltr'><strong>capite</strong></span> <span class='ocrx_word' id='word_1_590' title='bbox 2730 3237 2952 3292; x_wconf 89' lang='lat' dir='ltr'><strong>tradidit</strong></span> <span class='ocrx_word' id='word_1_591' title='bbox 2992 3234 3264 3304; x_wconf 84' lang='lat' dir='ltr'><strong>Spiritum.</strong></span> <span class='ocrx_word' id='word_1_592' title='bbox 3292 3230 3427 3298; x_wconf 87' lang='lat' dir='ltr'><strong>Quis</strong></span> 
     </span>
    </p>
   </div>
   <div class='ocr_carea' id='block_1_78' title="bbox 1836 3327 3424 3404">
    <p class='ocr_par' dir='ltr' id='par_1_78' title="bbox 1836 3327 3424 3404">
     <span class='ocr_line' id='line_1_78' title="bbox 1836 3327 3424 3404; baseline -0.009 -12"><span class='ocrx_word' id='word_1_593' title='bbox 1836 3337 1910 3393; x_wconf 91' lang='lat' dir='ltr'><strong>ita</strong></span> <span class='ocrx_word' id='word_1_594' title='bbox 1939 3335 2140 3391; x_wconf 89' lang='lat' dir='ltr'><strong>dormit</strong></span> <span class='ocrx_word' id='word_1_595' title='bbox 2167 3333 2382 3404; x_wconf 91' lang='lat' dir='ltr'><strong>quando</strong></span> <span class='ocrx_word' id='word_1_596' title='bbox 2402 3332 2655 3397; x_wconf 90' lang='lat' dir='ltr'><strong>voluerit,</strong></span> <span class='ocrx_word' id='word_1_597' title='bbox 2683 3331 2824 3386; x_wconf 87' lang='lat' dir='ltr'><strong>sicut</strong></span> <span class='ocrx_word' id='word_1_598' title='bbox 2852 3327 3011 3383; x_wconf 81' lang='lat' dir='ltr'><strong>Jesus</strong></span> <span class='ocrx_word' id='word_1_599' title='bbox 3044 3335 3293 3380; x_wconf 88' lang='lat' dir='ltr'><strong>mortuus</strong></span> <span class='ocrx_word' id='word_1_600' title='bbox 3321 3332 3424 3387; x_wconf 91' lang='lat' dir='ltr'><strong>est,</strong></span> 
     </span>
    </p>
   </div>
   <div class='ocr_carea' id='block_1_79' title="bbox 1836 3414 3424 3496">
    <p class='ocr_par' dir='ltr' id='par_1_79' title="bbox 1836 3414 3424 3496">
     <span class='ocr_line' id='line_1_79' title="bbox 1836 3414 3424 3496; baseline -0.008 -17"><span class='ocrx_word' id='word_1_601' title='bbox 1836 3425 2050 3496; x_wconf 90' lang='lat' dir='ltr'><strong>quando</strong></span> <span class='ocrx_word' id='word_1_602' title='bbox 2075 3422 2278 3477; x_wconf 88' lang='lat' dir='ltr'><strong>voluit?</strong></span> <span class='ocrx_word' id='word_1_603' title='bbox 2322 3420 2453 3489; x_wconf 90' lang='lat' dir='ltr'><strong>Quis</strong></span> <span class='ocrx_word' id='word_1_604' title='bbox 2493 3421 2570 3475; x_wconf 91' lang='lat' dir='ltr'><strong>ita</strong></span> <span class='ocrx_word' id='word_1_605' title='bbox 2595 3428 2802 3476; x_wconf 84' lang='lat' dir='ltr'><strong>vestem</strong></span> <span class='ocrx_word' id='word_1_606' title='bbox 2829 3416 3047 3487; x_wconf 85' lang='lat' dir='ltr'><strong>deponit</strong></span> <span class='ocrx_word' id='word_1_607' title='bbox 3071 3414 3285 3484; x_wconf 89' lang='lat' dir='ltr'><strong>quando</strong></span> <span class='ocrx_word' id='word_1_608' title='bbox 3328 3428 3424 3468; x_wconf 90' lang='lat' dir='ltr'><strong>vo-</strong></span> 
     </span>
    </p>
   </div>
   <div class='ocr_carea' id='block_1_80' title="bbox 1833 3504 3426 3583">
    <p class='ocr_par' dir='ltr' id='par_1_80' title="bbox 1833 3504 3426 3583">
     <span class='ocr_line' id='line_1_80' title="bbox 1833 3504 3426 3583; baseline -0.009 -10"><span class='ocrx_word' id='word_1_609' title='bbox 1833 3519 2016 3582; x_wconf 89' lang='lat' dir='ltr'><strong>luerit,</strong></span> <span class='ocrx_word' id='word_1_610' title='bbox 2042 3519 2182 3572; x_wconf 90' lang='lat' dir='ltr'><strong>sicut</strong></span> <span class='ocrx_word' id='word_1_611' title='bbox 2205 3513 2362 3570; x_wconf 90' lang='lat' dir='ltr'><strong>Jesus</strong></span> <span class='ocrx_word' id='word_1_612' title='bbox 2403 3515 2640 3568; x_wconf 90' lang='lat' dir='ltr'><strong>animam</strong></span> <span class='ocrx_word' id='word_1_613' title='bbox 2665 3511 2882 3583; x_wconf 87' lang='lat' dir='ltr'><strong>quando</strong></span> <span class='ocrx_word' id='word_1_614' title='bbox 2921 3506 3127 3562; x_wconf 84' lang='lat' dir='ltr'><strong>voluit?</strong></span> <span class='ocrx_word' id='word_1_615' title='bbox 3175 3504 3307 3573; x_wconf 88' lang='lat' dir='ltr'><strong>Quis</strong></span> <span class='ocrx_word' id='word_1_616' title='bbox 3353 3505 3426 3560; x_wconf 84' lang='lat' dir='ltr'><strong>ita</strong></span> 
     </span>
    </p>
   </div>
   <div class='ocr_carea' id='block_1_81' title="bbox 1836 3593 3473 3674">
    <p class='ocr_par' dir='ltr' id='par_1_81' title="bbox 1836 3593 3473 3674">
     <span class='ocr_line' id='line_1_81' title="bbox 1836 3593 3473 3674; baseline -0.009 -10"><span class='ocrx_word' id='word_1_617' title='bbox 1836 3625 1960 3666; x_wconf 92' lang='lat' dir='ltr'><strong>eum</strong></span> <span class='ocrx_word' id='word_1_618' title='bbox 1986 3607 2217 3663; x_wconf 88' lang='lat' dir='ltr'><strong>voluerit</strong></span> <span class='ocrx_word' id='word_1_619' title='bbox 2238 3605 2392 3674; x_wconf 87' lang='lat' dir='ltr'><strong>obiit,</strong></span> <span class='ocrx_word' id='word_1_620' title='bbox 2425 3603 2693 3674; x_wconf 90' lang='lat' dir='ltr'><strong>quomodo</strong></span> <span class='ocrx_word' id='word_1_621' title='bbox 2717 3600 2852 3656; x_wconf 92' lang='lat' dir='ltr'><strong>obiit</strong></span> <span class='ocrx_word' id='word_1_622' title='bbox 2895 3597 3111 3670; x_wconf 89' lang='lat' dir='ltr'><strong>quando</strong></span> <span class='ocrx_word' id='word_1_623' title='bbox 3139 3595 3306 3649; x_wconf 88' lang='lat' dir='ltr'><strong>voluit</strong></span> <span class='ocrx_word' id='word_1_624' title='bbox 3334 3593 3424 3650; x_wconf 77' lang='lat' dir='ltr'><strong>Je-</strong></span> <span class='ocrx_word' id='word_1_625' title='bbox 3467 3598 3473 3603; x_wconf 86' lang='grc'><em>’</em></span> 
     </span>
    </p>
   </div>
   <div class='ocr_carea' id='block_1_82' title="bbox 1835 3684 3428 3769">
    <p class='ocr_par' dir='ltr' id='par_1_82' title="bbox 1835 3684 3428 3769">
     <span class='ocr_line' id='line_1_82' title="bbox 1835 3684 3428 3769; baseline -0.011 -13"><span class='ocrx_word' id='word_1_626' title='bbox 1835 3701 1964 3758; x_wconf 85' lang='lat' dir='ltr'><strong>sus?</strong></span> <span class='ocrx_word' id='word_1_627' title='bbox 1994 3700 2206 3768; x_wconf 86' lang='lat' dir='ltr'><strong>Quanta</strong></span> <span class='ocrx_word' id='word_1_628' title='bbox 2255 3697 2518 3769; x_wconf 88' lang='lat' dir='ltr'><strong>speranda</strong></span> <span class='ocrx_word' id='word_1_629' title='bbox 2549 3693 2633 3750; x_wconf 90' lang='lat' dir='ltr'><strong>vel</strong></span> <span class='ocrx_word' id='word_1_630' title='bbox 2673 3691 2909 3748; x_wconf 80' lang='lat' dir='ltr'><strong>timenda</strong></span> <span class='ocrx_word' id='word_1_631' title='bbox 2954 3696 3195 3760; x_wconf 89' lang='lat' dir='ltr'><strong>potestas</strong></span> <span class='ocrx_word' id='word_1_632' title='bbox 3235 3684 3428 3752; x_wconf 58' lang='lat' dir='ltr'><strong>estgju-</strong></span> 
     </span>
    </p>
   </div>
   <div class='ocr_carea' id='block_1_83' title="bbox 1836 3779 3425 3859">
    <p class='ocr_par' dir='ltr' id='par_1_83' title="bbox 1836 3779 3425 3859">
     <span class='ocr_line' id='line_1_83' title="bbox 1836 3779 3425 3859; baseline -0.013 -11"><span class='ocrx_word' id='word_1_633' title='bbox 1836 3793 2087 3858; x_wconf 91' lang='lat' dir='ltr'><strong>dicantis,</strong></span> <span class='ocrx_word' id='word_1_634' title='bbox 2119 3790 2164 3846; x_wconf 92' lang='lat' dir='ltr'><strong>si</strong></span> <span class='ocrx_word' id='word_1_635' title='bbox 2197 3788 2508 3859; x_wconf 87' lang='lat' dir='ltr'><strong>apparuerit</strong></span> <span class='ocrx_word' id='word_1_636' title='bbox 2538 3795 2682 3840; x_wconf 90' lang='lat' dir='ltr'><strong>tanta</strong></span> <span class='ocrx_word' id='word_1_637' title='bbox 2719 3780 3043 3838; x_wconf 79' lang='lat' dir='ltr'><strong>morientis?</strong></span> <span class='ocrx_word' id='word_1_638' title='bbox 3068 3779 3425 3847; x_wconf 88' lang='lat' dir='ltr'><strong>Posteaquam</strong></span> 
     </span>
    </p>
   </div>
   <div class='ocr_carea' id='block_1_84' title="bbox 1836 3875 3422 3951">
    <p class='ocr_par' dir='ltr' id='par_1_84' title="bbox 1836 3875 3422 3951">
     <span class='ocr_line' id='line_1_84' title="bbox 1836 3875 3422 3951; baseline -0.013 -10"><span class='ocrx_word' id='word_1_639' title='bbox 1836 3885 2096 3941; x_wconf 92' lang='lat' dir='ltr'><strong>Dominus</strong></span> <span class='ocrx_word' id='word_1_640' title='bbox 2150 3881 2306 3938; x_wconf 83' lang='lat' dir='ltr'><strong>Jesus</strong></span> <span class='ocrx_word' id='word_1_641' title='bbox 2354 3877 2588 3951; x_wconf 89' lang='lat' dir='ltr'><strong>peractis</strong></span> <span class='ocrx_word' id='word_1_642' title='bbox 2637 3875 2910 3939; x_wconf 91' lang='lat' dir='ltr'><strong>omnibus,</strong></span> <span class='ocrx_word' id='word_1_643' title='bbox 2941 3887 3060 3942; x_wconf 69' lang='lat' dir='ltr'><strong>qua:</strong></span> <span class='ocrx_word' id='word_1_644' title='bbox 3094 3877 3220 3925; x_wconf 90' lang='lat' dir='ltr'><strong>ante</strong></span> <span class='ocrx_word' id='word_1_645' title='bbox 3269 3881 3422 3922; x_wconf 91' lang='lat' dir='ltr'><strong>suam</strong></span> 
     </span>
    </p>
   </div>
   <div class='ocr_carea' id='block_1_85' title="bbox 1837 3958 3424 4046">
    <p class='ocr_par' dir='ltr' id='par_1_85' title="bbox 1837 3958 3424 4046">
     <span class='ocr_line' id='line_1_85' title="bbox 1837 3958 3424 4046; baseline -0.011 -16"><span class='ocrx_word' id='word_1_646' title='bbox 1837 3985 2064 4031; x_wconf 91' lang='lat' dir='ltr'><strong>mortem</strong></span> <span class='ocrx_word' id='word_1_647' title='bbox 2106 3974 2292 4046; x_wconf 88' lang='lat' dir='ltr'><strong>peragi</strong></span> <span class='ocrx_word' id='word_1_648' title='bbox 2338 3979 2590 4042; x_wconf 89' lang='lat' dir='ltr'><strong>oportere</strong></span> <span class='ocrx_word' id='word_1_649' title='bbox 2616 3966 2956 4040; x_wconf 85' lang='lat' dir='ltr'><strong>praesciebat,</strong></span> <span class='ocrx_word' id='word_1_650' title='bbox 2994 3962 3209 4034; x_wconf 86' lang='lat' dir='ltr'><strong>quando</strong></span> <span class='ocrx_word' id='word_1_651' title='bbox 3255 3958 3424 4014; x_wconf 89' lang='lat' dir='ltr'><strong>voluit</strong></span> 
     </span>
    </p>
   </div>
   <div class='ocr_carea' id='block_1_86' title="bbox 1836 4058 3424 4134">
    <p class='ocr_par' dir='ltr' id='par_1_86' title="bbox 1836 4058 3424 4134">
     <span class='ocr_line' id='line_1_86' title="bbox 1836 4058 3424 4134; baseline -0.012 -13"><span class='ocrx_word' id='word_1_652' title='bbox 1836 4066 2058 4121; x_wconf 89' lang='lat' dir='ltr'><strong>tradidit</strong></span> <span class='ocrx_word' id='word_1_653' title='bbox 2088 4063 2369 4134; x_wconf 89' lang='lat' dir='ltr'><strong>Spiritum.</strong></span> <span class='ocrx_word' id='word_1_654' title='bbox 2416 4061 2546 4130; x_wconf 77' lang='lat' dir='ltr'><strong>Quae</strong></span> <span class='ocrx_word' id='word_1_655' title='bbox 2574 4058 2764 4116; x_wconf 90' lang='lat' dir='ltr'><strong>deinde</strong></span> <span class='ocrx_word' id='word_1_656' title='bbox 2793 4064 2976 4112; x_wconf 91' lang='lat' dir='ltr'><strong>secuta</strong></span> <span class='ocrx_word' id='word_1_657' title='bbox 3013 4060 3166 4116; x_wconf 88' lang='lat' dir='ltr'><strong>sunt,</strong></span> <span class='ocrx_word' id='word_1_658' title='bbox 3196 4064 3424 4120; x_wconf 88' lang='lat' dir='ltr'><strong>evange-</strong></span> 
     </span>
    </p>
   </div>
   <div class='ocr_carea' id='block_1_87' title="bbox 1837 4155 2591 4220">
    <p class='ocr_par' dir='ltr' id='par_1_87' title="bbox 1837 4155 2591 4220">
     <span class='ocr_line' id='line_1_87' title="bbox 1837 4155 2591 4220; baseline -0.004 -9"><span class='ocrx_word' id='word_1_659' title='bbox 1837 4159 1958 4214; x_wconf 89' lang='lat' dir='ltr'><strong>lista</strong></span> <span class='ocrx_word' id='word_1_660' title='bbox 1981 4165 2262 4220; x_wconf 89' lang='lat' dir='ltr'><strong>narrante,</strong></span> <span class='ocrx_word' id='word_1_661' title='bbox 2291 4155 2591 4210; x_wconf 86' lang='lat' dir='ltr'><strong>videamus.</strong></span> 
     </span>
    </p>
   </div>
   <div class='ocr_carea' id='block_1_88' title="bbox 1915 4242 3424 4319">
    <p class='ocr_par' dir='ltr' id='par_1_88' title="bbox 1915 4242 3424 4319">
     <span class='ocr_line' id='line_1_88' title="bbox 1915 4242 3424 4319; baseline -0.008 -19"><span class='ocrx_word' id='word_1_662' title='bbox 1915 4267 1932 4300; x_wconf 79' lang='grc' dir='ltr'><strong>ι</strong></span> <span class='ocrx_word' id='word_1_663' title='bbox 1970 4247 2141 4303; x_wconf 73' lang='grc' dir='ltr'>Ιιιόεεὶ</span> <span class='ocrx_word' id='word_1_664' title='bbox 2171 4262 2321 4319; x_wconf 90' lang='lat' dir='ltr'><strong>ergo,</strong></span> <span class='ocrx_word' id='word_1_665' title='bbox 2359 4265 2377 4299; x_wconf 83' lang='grc'><strong>›</strong></span> <span class='ocrx_word' id='word_1_666' title='bbox 2416 4246 2609 4316; x_wconf 91' lang='lat' dir='ltr'><strong>inquit,</strong></span> <span class='ocrx_word' id='word_1_667' title='bbox 2639 4263 2657 4295; x_wconf 73' lang='grc' dir='ltr'><strong>ε</strong></span> <span class='ocrx_word' id='word_1_668' title='bbox 2692 4242 2946 4314; x_wconf 90' lang='lat' dir='ltr'><strong>quoniam</strong></span> <span class='ocrx_word' id='word_1_669' title='bbox 2974 4251 3264 4312; x_wconf 87' lang='lat' dir='ltr'><strong>parasceve</strong></span> <span class='ocrx_word' id='word_1_670' title='bbox 3283 4244 3424 4301; x_wconf 89' lang='lat' dir='ltr'><strong>erat,</strong></span> 
     </span>
    </p>
   </div>
   <div class='ocr_carea' id='block_1_89' title="bbox 1841 4327 3426 4415">
    <p class='ocr_par' dir='ltr' id='par_1_89' title="bbox 1841 4327 3426 4415">
     <span class='ocr_line' id='line_1_89' title="bbox 1841 4327 3426 4415; baseline -0.008 -22"><span class='ocrx_word' id='word_1_671' title='bbox 1841 4359 1859 4392; x_wconf 72' lang='grc' dir='ltr'><strong>ι</strong></span> <span class='ocrx_word' id='word_1_672' title='bbox 1918 4349 1977 4395; x_wconf 93' lang='lat' dir='ltr'><strong>ut</strong></span> <span class='ocrx_word' id='word_1_673' title='bbox 2032 4355 2140 4395; x_wconf 93' lang='lat' dir='ltr'><strong>non</strong></span> <span class='ocrx_word' id='word_1_674' title='bbox 2195 4344 2540 4415; x_wconf 87' lang='lat' dir='ltr'><strong>remanerent</strong></span> <span class='ocrx_word' id='word_1_675' title='bbox 2600 4336 2653 4390; x_wconf 93' lang='lat' dir='ltr'><strong>in</strong></span> <span class='ocrx_word' id='word_1_676' title='bbox 2705 4349 2867 4390; x_wconf 89' lang='lat' dir='ltr'><strong>cruce</strong></span> <span class='ocrx_word' id='word_1_677' title='bbox 2922 4345 3149 4401; x_wconf 86' lang='lat' dir='ltr'><strong>corpora</strong></span> <span class='ocrx_word' id='word_1_678' title='bbox 3200 4327 3426 4382; x_wconf 91' lang='lat' dir='ltr'><strong>sabbato</strong></span> 
     </span>
    </p>
   </div>
   <div class='ocr_carea' id='block_1_90' title="bbox 1842 4423 3427 4506">
    <p class='ocr_par' dir='ltr' id='par_1_90' title="bbox 1842 4423 3427 4506">
     <span class='ocr_line' id='line_1_90' title="bbox 1842 4423 3427 4506; baseline -0.01 -20"><span class='ocrx_word' id='word_1_679' title='bbox 1842 4453 1860 4486; x_wconf 76' lang='grc' dir='ltr'><strong>ι</strong></span> <span class='ocrx_word' id='word_1_680' title='bbox 1908 4438 2063 4506; x_wconf 91' lang='lat' dir='ltr'><strong>(erat</strong></span> <span class='ocrx_word' id='word_1_681' title='bbox 2089 4432 2232 4488; x_wconf 91' lang='lat' dir='ltr'><strong>enim</strong></span> <span class='ocrx_word' id='word_1_682' title='bbox 2261 4446 2488 4502; x_wconf 89' lang='lat' dir='ltr'><strong>magnus</strong></span> <span class='ocrx_word' id='word_1_683' title='bbox 2516 4429 2628 4485; x_wconf 88' lang='lat' dir='ltr'><strong>dies</strong></span> <span class='ocrx_word' id='word_1_684' title='bbox 2675 4427 2763 4482; x_wconf 90' lang='lat' dir='ltr'><strong>ille</strong></span> <span class='ocrx_word' id='word_1_685' title='bbox 2813 4423 3066 4493; x_wconf 85' lang='lat' dir='ltr'><strong>sabbati),</strong></span> <span class='ocrx_word' id='word_1_686' title='bbox 3103 4426 3427 4506; x_wconf 82' lang='lat' dir='ltr'><strong>regaverunt</strong></span> 
     </span>
    </p>
   </div>
   <div class='ocr_carea' id='block_1_91' title="bbox 154 4505 3425 4622">
    <p class='ocr_par' dir='ltr' id='par_1_91' title="bbox 154 4505 3425 4622">
     <span class='ocr_line' id='line_1_91' title="bbox 154 4505 3425 4622; baseline -0.004 -48"><span class='ocrx_word' id='word_1_687' title='bbox 154 4524 274 4591; x_wconf 87' lang='lat' dir='ltr'><strong>quis</strong></span> <span class='ocrx_word' id='word_1_688' title='bbox 306 4522 550 4593; x_wconf 87' lang='lat' dir='ltr'><strong>agnoscit</strong></span> <span class='ocrx_word' id='word_1_689' title='bbox 575 4506 732 4578; x_wconf 86' lang='lat' dir='ltr'><strong>eum?</strong></span> <span class='ocrx_word' id='word_1_690' title='bbox 770 4505 1033 4592; x_wconf 86' lang='lat' dir='ltr'><strong>Quoniam</strong></span> <span class='ocrx_word' id='word_1_691' title='bbox 1071 4542 1283 4593; x_wconf 89' lang='lat' dir='ltr'><strong>omnes,</strong></span> <span class='ocrx_word' id='word_1_692' title='bbox 1312 4542 1408 4596; x_wconf 87' lang='lat' dir='ltr'><strong>per</strong></span> <span class='ocrx_word' id='word_1_693' title='bbox 1453 4542 1588 4597; x_wconf 88' lang='lat' dir='ltr'><strong>quos</strong></span> <span class='ocrx_word' id='word_1_694' title='bbox 1616 4528 1731 4583; x_wconf 68' lang='lat' dir='ltr'><strong>haec</strong></span> <span class='ocrx_word' id='word_1_695' title='bbox 1758 4561 1811 4622; x_wconf 69' lang='grc' dir='ltr'>Β</span> <span class='ocrx_word' id='word_1_696' title='bbox 1843 4545 1861 4578; x_wconf 73' lang='grc' dir='ltr'>ί</span> <span class='ocrx_word' id='word_1_697' title='bbox 1895 4505 2128 4581; x_wconf 89' lang='lat' dir='ltr'><strong>Pilatum</strong></span> <span class='ocrx_word' id='word_1_698' title='bbox 2152 4566 2168 4592; x_wconf 91' lang='lat'><strong>,</strong></span> <span class='ocrx_word' id='word_1_699' title='bbox 2200 4534 2260 4579; x_wconf 90' lang='lat' dir='ltr'><strong>ut</strong></span> <span class='ocrx_word' id='word_1_700' title='bbox 2287 4524 2666 4599; x_wconf 86' lang='lat' dir='ltr'><strong>frangerentur</strong></span> <span class='ocrx_word' id='word_1_701' title='bbox 2701 4530 2891 4573; x_wconf 90' lang='lat' dir='ltr'><strong>eorum</strong></span> <span class='ocrx_word' id='word_1_702' title='bbox 2944 4527 3126 4577; x_wconf 92' lang='lat' dir='ltr'><strong>crura,</strong></span> <span class='ocrx_word' id='word_1_703' title='bbox 3175 4518 3231 4564; x_wconf 92' lang='lat' dir='ltr'><strong>et</strong></span> <span class='ocrx_word' id='word_1_704' title='bbox 3275 4505 3425 4563; x_wconf 84' lang='lat' dir='ltr'><strong>tolle-</strong></span> 
     </span>
     <span class='ocr_line' id='line_1_92' title="bbox 161 4597 3422 4622; baseline 0 0"><span class='ocrx_word' id='word_1_705' title='bbox 161 4615 182 4622; x_wconf 65' lang='grc' dir='ltr'>,ι</span> <span class='ocrx_word' id='word_1_706' title='bbox 221 4614 236 4622; x_wconf 86' lang='grc'><strong>-</strong></span> <span class='ocrx_word' id='word_1_707' title='bbox 479 4615 491 4622; x_wconf 92' lang='grc'>.</span> <span class='ocrx_word' id='word_1_708' title='bbox 516 4615 530 4622; x_wconf 87' lang='grc'><strong>-</strong></span> <span class='ocrx_word' id='word_1_709' title='bbox 568 4615 580 4622; x_wconf 92' lang='grc'>.</span> <span class='ocrx_word' id='word_1_710' title='bbox 734 4615 748 4622; x_wconf 86' lang='grc'><strong>-</strong></span> <span class='ocrx_word' id='word_1_711' title='bbox 863 4617 877 4622; x_wconf 81' lang='grc'><strong>-</strong></span> <span class='ocrx_word' id='word_1_712' title='bbox 1139 4617 1153 4622; x_wconf 83' lang='grc'><strong>-</strong></span> <span class='ocrx_word' id='word_1_713' title='bbox 1604 4620 1613 4622; x_wconf 71' lang='grc'><em>,</em></span> <span class='ocrx_word' id='word_1_714' title='bbox 2244 4613 2285 4622; x_wconf 81' lang='grc'><strong>-.</strong></span> <span class='ocrx_word' id='word_1_715' title='bbox 2613 4619 2621 4622; x_wconf 36' lang='grc' dir='ltr'><strong>Α</strong></span> <span class='ocrx_word' id='word_1_716' title='bbox 2667 4608 2700 4622; x_wconf 81' lang='grc' dir='ltr'>η</span> <span class='ocrx_word' id='word_1_717' title='bbox 2779 4621 2788 4622; x_wconf 31' lang='grc' dir='ltr'><em>κ</em></span> <span class='ocrx_word' id='word_1_718' title='bbox 2840 4613 2925 4622; x_wconf 57' lang='lat'><strong>.,,_</strong></span> <span class='ocrx_word' id='word_1_719' title='bbox 3018 4601 3105 4622; x_wconf 51' lang='grc' dir='ltr'><strong>,ΑΔ</strong></span> <span class='ocrx_word' id='word_1_720' title='bbox 3142 4599 3194 4622; x_wconf 77' lang='lat' dir='ltr'><strong>L2</strong></span> <span class='ocrx_word' id='word_1_721' title='bbox 3235 4597 3422 4622; x_wconf 67' lang='grc' dir='ltr'><strong>κηξιηυ-</strong></span> 
     </span>
    </p>
   </div>
   <div class='ocr_carea' id='block_1_92' title="bbox 156 4614 1734 4691">
    <p class='ocr_par' dir='ltr' id='par_1_92' title="bbox 156 4614 1734 4691">
     <span class='ocr_line' id='line_1_93' title="bbox 156 4614 1734 4691; baseline 0.004 -23"><span class='ocrx_word' id='word_1_722' title='bbox 156 4614 388 4681; x_wconf 88' lang='lat' dir='ltr'><strong>ﬁebant,</strong></span> <span class='ocrx_word' id='word_1_723' title='bbox 441 4615 694 4670; x_wconf 89' lang='lat' dir='ltr'><strong>videbant</strong></span> <span class='ocrx_word' id='word_1_724' title='bbox 734 4615 1028 4683; x_wconf 89' lang='lat' dir='ltr'><strong>hominem,</strong></span> <span class='ocrx_word' id='word_1_725' title='bbox 1061 4617 1153 4672; x_wconf 89' lang='lat' dir='ltr'><strong>sed</strong></span> <span class='ocrx_word' id='word_1_726' title='bbox 1203 4635 1310 4674; x_wconf 92' lang='lat' dir='ltr'><strong>non</strong></span> <span class='ocrx_word' id='word_1_727' title='bbox 1368 4620 1734 4691; x_wconf 89' lang='lat' dir='ltr'><strong>agnoscebant</strong></span> 
     </span>
    </p>
   </div>
   <div class='ocr_carea' id='block_1_93' title="bbox 155 4705 1730 4781">
    <p class='ocr_par' dir='ltr' id='par_1_93' title="bbox 155 4705 1730 4781">
     <span class='ocr_line' id='line_1_94' title="bbox 155 4705 1730 4781; baseline 0.004 -22"><span class='ocrx_word' id='word_1_728' title='bbox 155 4705 340 4760; x_wconf 90' lang='lat' dir='ltr'><strong>Deum.</strong></span> <span class='ocrx_word' id='word_1_729' title='bbox 384 4706 558 4762; x_wconf 84' lang='lat' dir='ltr'><strong>Homo</strong></span> <span class='ocrx_word' id='word_1_730' title='bbox 593 4721 824 4780; x_wconf 89' lang='lat' dir='ltr'><strong>namque</strong></span> <span class='ocrx_word' id='word_1_731' title='bbox 848 4710 1161 4778; x_wconf 89' lang='lat' dir='ltr'><strong>apparebat,</strong></span> <span class='ocrx_word' id='word_1_732' title='bbox 1195 4710 1318 4781; x_wconf 89' lang='lat' dir='ltr'><strong>quia</strong></span> <span class='ocrx_word' id='word_1_733' title='bbox 1353 4711 1609 4768; x_wconf 90' lang='lat' dir='ltr'><strong>Dominus</strong></span> <span class='ocrx_word' id='word_1_734' title='bbox 1651 4713 1730 4766; x_wconf 91' lang='lat' dir='ltr'><strong>Ia-</strong></span> 
     </span>
    </p>
   </div>
   <div class='ocr_carea' id='block_1_94' title="bbox 157 4801 1733 4875">
    <p class='ocr_par' dir='ltr' id='par_1_94' title="bbox 157 4801 1733 4875">
     <span class='ocr_line' id='line_1_95' title="bbox 157 4801 1733 4875; baseline 0.005 -23"><span class='ocrx_word' id='word_1_735' title='bbox 157 4801 318 4855; x_wconf 90' lang='lat' dir='ltr'><strong>tebat.</strong></span> <span class='ocrx_word' id='word_1_736' title='bbox 369 4801 682 4859; x_wconf 88' lang='lat' dir='ltr'><strong>Patiebatur</strong></span> <span class='ocrx_word' id='word_1_737' title='bbox 733 4803 846 4858; x_wconf 67' lang='lat' dir='ltr'><strong>haec</strong></span> <span class='ocrx_word' id='word_1_738' title='bbox 893 4803 1103 4869; x_wconf 89' lang='lat' dir='ltr'><strong>omnia,</strong></span> <span class='ocrx_word' id='word_1_739' title='bbox 1138 4804 1231 4874; x_wconf 86' lang='lat' dir='ltr'><strong>qui</strong></span> <span class='ocrx_word' id='word_1_740' title='bbox 1279 4807 1574 4875; x_wconf 90' lang='lat' dir='ltr'><strong>apparebat</strong></span> <span class='ocrx_word' id='word_1_741' title='bbox 1615 4826 1625 4860; x_wconf 88' lang='lat'><strong>:</strong></span> <span class='ocrx_word' id='word_1_742' title='bbox 1679 4815 1733 4860; x_wconf 90' lang='lat' dir='ltr'><strong>et</strong></span> 
     </span>
    </p>
   </div>
   <div class='ocr_carea' id='block_1_95' title="bbox 156 4891 1728 4966">
    <p class='ocr_par' dir='ltr' id='par_1_95' title="bbox 156 4891 1728 4966">
     <span class='ocr_line' id='line_1_96' title="bbox 156 4891 1728 4966; baseline 0.004 -22"><span class='ocrx_word' id='word_1_743' title='bbox 156 4891 296 4946; x_wconf 89' lang='lat' dir='ltr'><strong>idem</strong></span> <span class='ocrx_word' id='word_1_744' title='bbox 350 4893 462 4962; x_wconf 89' lang='lat' dir='ltr'><strong>ipse</strong></span> <span class='ocrx_word' id='word_1_745' title='bbox 526 4894 841 4964; x_wconf 88' lang='lat' dir='ltr'><strong>disponebat</strong></span> <span class='ocrx_word' id='word_1_746' title='bbox 891 4895 1006 4951; x_wconf 69' lang='lat' dir='ltr'><strong>haac</strong></span> <span class='ocrx_word' id='word_1_747' title='bbox 1058 4895 1238 4949; x_wconf 90' lang='lat' dir='ltr'><strong>omnia</strong></span> <span class='ocrx_word' id='word_1_748' title='bbox 1278 4937 1293 4961; x_wconf 96' lang='lat'><strong>,</strong></span> <span class='ocrx_word' id='word_1_749' title='bbox 1362 4898 1450 4966; x_wconf 89' lang='lat' dir='ltr'><strong>qui</strong></span> <span class='ocrx_word' id='word_1_750' title='bbox 1507 4897 1728 4952; x_wconf 90' lang='lat' dir='ltr'><strong>latebat.</strong></span> 
     </span>
    </p>
   </div>
   <div class='ocr_carea' id='block_1_96' title="bbox 157 4981 1732 5058">
    <p class='ocr_par' dir='ltr' id='par_1_96' title="bbox 157 4981 1732 5058">
     <span class='ocr_line' id='line_1_97' title="bbox 157 4981 1732 5058; baseline 0.006 -24"><span class='ocrx_word' id='word_1_751' title='bbox 157 4981 300 5038; x_wconf 78' lang='lat' dir='ltr'><strong>Vidit</strong></span> <span class='ocrx_word' id='word_1_752' title='bbox 327 4999 473 5057; x_wconf 89' lang='lat' dir='ltr'><strong>ergo,</strong></span> <span class='ocrx_word' id='word_1_753' title='bbox 507 4987 761 5056; x_wconf 91' lang='lat' dir='ltr'><strong>quoniam</strong></span> <span class='ocrx_word' id='word_1_754' title='bbox 804 4995 1176 5042; x_wconf 90' lang='lat' dir='ltr'><strong>consummata</strong></span> <span class='ocrx_word' id='word_1_755' title='bbox 1224 4996 1347 5042; x_wconf 91' lang='lat' dir='ltr'><strong>sunt</strong></span> <span class='ocrx_word' id='word_1_756' title='bbox 1387 4988 1566 5042; x_wconf 90' lang='lat' dir='ltr'><strong>omnia</strong></span> <span class='ocrx_word' id='word_1_757' title='bbox 1613 5003 1732 5058; x_wconf 84' lang='lat' dir='ltr'><strong>quae</strong></span> 
     </span>
    </p>
   </div>
   <div class='ocr_carea' id='block_1_97' title="bbox 155 5077 1736 5150">
    <p class='ocr_par' dir='ltr' id='par_1_97' title="bbox 155 5077 1736 5150">
     <span class='ocr_line' id='line_1_98' title="bbox 155 5077 1736 5150; baseline 0.002 -21"><span class='ocrx_word' id='word_1_758' title='bbox 155 5077 438 5146; x_wconf 88' lang='lat' dir='ltr'><strong>oportebat</strong></span> <span class='ocrx_word' id='word_1_759' title='bbox 467 5088 527 5132; x_wconf 90' lang='lat' dir='ltr'><strong>ut</strong></span> <span class='ocrx_word' id='word_1_760' title='bbox 563 5077 754 5134; x_wconf 90' lang='lat' dir='ltr'><strong>ﬁerent</strong></span> <span class='ocrx_word' id='word_1_761' title='bbox 790 5087 1082 5149; x_wconf 89' lang='lat' dir='ltr'><strong>antequam</strong></span> <span class='ocrx_word' id='word_1_762' title='bbox 1119 5079 1390 5150; x_wconf 86' lang='lat' dir='ltr'><strong>acciperet</strong></span> <span class='ocrx_word' id='word_1_763' title='bbox 1417 5087 1650 5144; x_wconf 89' lang='lat' dir='ltr'><strong>acetum,</strong></span> <span class='ocrx_word' id='word_1_764' title='bbox 1680 5087 1736 5132; x_wconf 90' lang='lat' dir='ltr'><strong>et</strong></span> 
     </span>
    </p>
   </div>
   <div class='ocr_carea' id='block_1_98' title="bbox 158 5169 1737 5241">
    <p class='ocr_par' dir='ltr' id='par_1_98' title="bbox 158 5169 1737 5241">
     <span class='ocr_line' id='line_1_99' title="bbox 158 5169 1737 5241; baseline 0.001 -19"><span class='ocrx_word' id='word_1_765' title='bbox 158 5169 396 5224; x_wconf 90' lang='lat' dir='ltr'><strong>traderet</strong></span> <span class='ocrx_word' id='word_1_766' title='bbox 448 5171 718 5240; x_wconf 90' lang='lat' dir='ltr'><strong>spiritum,</strong></span> <span class='ocrx_word' id='word_1_767' title='bbox 748 5180 908 5241; x_wconf 90' lang='lat' dir='ltr'><strong>atque</strong></span> <span class='ocrx_word' id='word_1_768' title='bbox 937 5181 996 5226; x_wconf 91' lang='lat' dir='ltr'><strong>ut</strong></span> <span class='ocrx_word' id='word_1_769' title='bbox 1026 5173 1128 5226; x_wconf 88' lang='lat' dir='ltr'><strong>hoc</strong></span> <span class='ocrx_word' id='word_1_770' title='bbox 1176 5170 1340 5225; x_wconf 91' lang='lat' dir='ltr'><strong>etiam</strong></span> <span class='ocrx_word' id='word_1_771' title='bbox 1395 5184 1737 5224; x_wconf 90' lang='lat' dir='ltr'><strong>consumma-</strong></span> 
     </span>
    </p>
   </div>
   <div class='ocr_carea' id='block_1_99' title="bbox 159 5266 1737 5337">
    <p class='ocr_par' dir='ltr' id='par_1_99' title="bbox 159 5266 1737 5337">
     <span class='ocr_line' id='line_1_100' title="bbox 159 5266 1737 5337; baseline -0.002 -16"><span class='ocrx_word' id='word_1_772' title='bbox 159 5274 306 5321; x_wconf 85' lang='lat' dir='ltr'><strong>retur</strong></span> <span class='ocrx_word' id='word_1_773' title='bbox 358 5267 502 5337; x_wconf 92' lang='lat' dir='ltr'><strong>quod</strong></span> <span class='ocrx_word' id='word_1_774' title='bbox 551 5267 667 5320; x_wconf 92' lang='lat' dir='ltr'><strong>ait:</strong></span> <span class='ocrx_word' id='word_1_775' title='bbox 707 5285 726 5318; x_wconf 82' lang='grc'><em>‹</em></span> <span class='ocrx_word' id='word_1_776' title='bbox 762 5266 830 5320; x_wconf 88' lang='grc' dir='ltr'>Ει</span> <span class='ocrx_word' id='word_1_777' title='bbox 876 5267 929 5322; x_wconf 92' lang='lat' dir='ltr'><strong>in</strong></span> <span class='ocrx_word' id='word_1_778' title='bbox 973 5267 1061 5322; x_wconf 90' lang='lat' dir='ltr'><strong>siti</strong></span> <span class='ocrx_word' id='word_1_779' title='bbox 1111 5281 1232 5321; x_wconf 91' lang='lat' dir='ltr'><strong>mea</strong></span> <span class='ocrx_word' id='word_1_780' title='bbox 1283 5272 1608 5335; x_wconf 87' lang='lat' dir='ltr'><strong>potaverunt</strong></span> <span class='ocrx_word' id='word_1_781' title='bbox 1651 5279 1737 5318; x_wconf 92' lang='lat' dir='ltr'><strong>me</strong></span> 
     </span>
    </p>
   </div>
   <div class='ocr_carea' id='block_1_100' title="bbox 158 5353 1736 5428">
    <p class='ocr_par' dir='ltr' id='par_1_100' title="bbox 158 5353 1736 5428">
     <span class='ocr_line' id='line_1_101' title="bbox 158 5353 1736 5428; baseline -0.002 -17"><span class='ocrx_word' id='word_1_782' title='bbox 158 5365 311 5412; x_wconf 86' lang='lat' dir='ltr'><strong>aceto</strong></span> <span class='ocrx_word' id='word_1_783' title='bbox 331 5356 503 5428; x_wconf 72' lang='lat' dir='ltr'><strong>(Psal.</strong></span> <span class='ocrx_word' id='word_1_784' title='bbox 529 5357 737 5427; x_wconf 78' lang='lat' dir='ltr'><strong>vam).</strong></span> <span class='ocrx_word' id='word_1_785' title='bbox 789 5378 807 5410; x_wconf 71' lang='grc' dir='ltr'><strong>ι</strong></span> <span class='ocrx_word' id='word_1_786' title='bbox 843 5356 1000 5424; x_wconf 91' lang='lat' dir='ltr'><strong>Sitio,</strong></span> <span class='ocrx_word' id='word_1_787' title='bbox 1026 5357 1220 5428; x_wconf 90' lang='lat' dir='ltr'><strong>inquit,</strong></span> <span class='ocrx_word' id='word_1_788' title='bbox 1251 5365 1505 5426; x_wconf 88' lang='lat' dir='ltr'><strong>tanquam</strong></span> <span class='ocrx_word' id='word_1_789' title='bbox 1533 5355 1635 5409; x_wconf 92' lang='lat' dir='ltr'><strong>hoc</strong></span> <span class='ocrx_word' id='word_1_790' title='bbox 1657 5353 1736 5408; x_wconf 87' lang='lat' dir='ltr'><strong>di-</strong></span> 
     </span>
    </p>
   </div>
   <div class='ocr_carea' id='block_1_101' title="bbox 159 5444 1745 5518">
    <p class='ocr_par' dir='ltr' id='par_1_101' title="bbox 159 5444 1745 5518">
     <span class='ocr_line' id='line_1_102' title="bbox 159 5444 1745 5518; baseline -0.001 -14"><span class='ocrx_word' id='word_1_791' title='bbox 159 5457 344 5504; x_wconf 89' lang='lat' dir='ltr'><strong>ceret:</strong></span> <span class='ocrx_word' id='word_1_792' title='bbox 375 5448 488 5507; x_wconf 82' lang='lat' dir='ltr'><strong>Hoc</strong></span> <span class='ocrx_word' id='word_1_793' title='bbox 519 5451 698 5506; x_wconf 91' lang='lat' dir='ltr'><strong>minus</strong></span> <span class='ocrx_word' id='word_1_794' title='bbox 740 5448 978 5515; x_wconf 89' lang='lat' dir='ltr'><strong>fecistis,</strong></span> <span class='ocrx_word' id='word_1_795' title='bbox 1012 5449 1135 5504; x_wconf 88' lang='lat' dir='ltr'><strong>date</strong></span> <span class='ocrx_word' id='word_1_796' title='bbox 1175 5449 1316 5518; x_wconf 88' lang='lat' dir='ltr'><strong>quod</strong></span> <span class='ocrx_word' id='word_1_797' title='bbox 1363 5447 1514 5502; x_wconf 91' lang='lat' dir='ltr'><strong>estis.</strong></span> <span class='ocrx_word' id='word_1_798' title='bbox 1570 5444 1745 5502; x_wconf 62' lang='lat' dir='ltr'><strong>Judaei</strong></span> 
     </span>
    </p>
   </div>
   <div class='ocr_carea' id='block_1_102' title="bbox 158 5536 1750 5613">
    <p class='ocr_par' dir='ltr' id='par_1_102' title="bbox 158 5536 1750 5613">
     <span class='ocr_line' id='line_1_103' title="bbox 158 5536 1750 5613; baseline -0.004 -17"><span class='ocrx_word' id='word_1_799' title='bbox 158 5543 351 5613; x_wconf 92' lang='lat' dir='ltr'><strong>quippe</strong></span> <span class='ocrx_word' id='word_1_800' title='bbox 399 5543 500 5613; x_wconf 92' lang='lat' dir='ltr'><strong>ipsi</strong></span> <span class='ocrx_word' id='word_1_801' title='bbox 549 5552 705 5596; x_wconf 90' lang='lat' dir='ltr'><strong>erant</strong></span> <span class='ocrx_word' id='word_1_802' title='bbox 733 5548 946 5596; x_wconf 89' lang='lat' dir='ltr'><strong>acetum</strong></span> <span class='ocrx_word' id='word_1_803' title='bbox 971 5580 984 5604; x_wconf 95' lang='lat'><strong>,</strong></span> <span class='ocrx_word' id='word_1_804' title='bbox 1010 5540 1398 5609; x_wconf 88' lang='lat' dir='ltr'><strong>degenerantes</strong></span> <span class='ocrx_word' id='word_1_805' title='bbox 1429 5553 1457 5590; x_wconf 91' lang='lat' dir='ltr'><strong>a</strong></span> <span class='ocrx_word' id='word_1_806' title='bbox 1488 5536 1613 5590; x_wconf 88' lang='lat' dir='ltr'><strong>vino</strong></span> <span class='ocrx_word' id='word_1_807' title='bbox 1649 5551 1750 5606; x_wconf 51' lang='lat' dir='ltr'><strong>pas</strong></span> 
     </span>
    </p>
   </div>
   <div class='ocr_carea' id='block_1_103' title="bbox 159 5627 1740 5705">
    <p class='ocr_par' dir='ltr' id='par_1_103' title="bbox 159 5627 1740 5705">
     <span class='ocr_line' id='line_1_104' title="bbox 159 5627 1740 5705; baseline -0.003 -17"><span class='ocrx_word' id='word_1_808' title='bbox 159 5635 514 5689; x_wconf 89' lang='lat' dir='ltr'><strong>triarcharum</strong></span> <span class='ocrx_word' id='word_1_809' title='bbox 565 5644 619 5690; x_wconf 92' lang='grc' dir='ltr'><strong>ει</strong></span> <span class='ocrx_word' id='word_1_810' title='bbox 668 5634 1070 5705; x_wconf 88' lang='lat' dir='ltr'><strong>prophetarum.</strong></span> <span class='ocrx_word' id='word_1_811' title='bbox 1128 5631 1406 5698; x_wconf 88' lang='lat' dir='ltr'><strong>Tanquam</strong></span> <span class='ocrx_word' id='word_1_812' title='bbox 1462 5628 1530 5683; x_wconf 87' lang='lat' dir='ltr'><strong>de</strong></span> <span class='ocrx_word' id='word_1_813' title='bbox 1580 5627 1740 5698; x_wconf 90' lang='lat' dir='ltr'><strong>pleno</strong></span> 
     </span>
    </p>
   </div>
   <div class='ocr_carea' id='block_1_104' title="bbox 158 5720 1739 5798">
    <p class='ocr_par' dir='ltr' id='par_1_104' title="bbox 158 5720 1739 5798">
     <span class='ocr_line' id='line_1_105' title="bbox 158 5720 1739 5798; baseline -0.003 -18"><span class='ocrx_word' id='word_1_814' title='bbox 158 5743 301 5793; x_wconf 90' lang='lat' dir='ltr'><strong>vase,</strong></span> <span class='ocrx_word' id='word_1_815' title='bbox 327 5728 394 5782; x_wconf 90' lang='lat' dir='ltr'><strong>de</strong></span> <span class='ocrx_word' id='word_1_816' title='bbox 416 5726 908 5798; x_wconf 79' lang='lat' dir='ltr'><strong>iniquitatemundi</strong></span> <span class='ocrx_word' id='word_1_817' title='bbox 931 5723 1092 5794; x_wconf 88' lang='lat' dir='ltr'><strong>hujus</strong></span> <span class='ocrx_word' id='word_1_818' title='bbox 1115 5723 1338 5793; x_wconf 89' lang='lat' dir='ltr'><strong>impleti,</strong></span> <span class='ocrx_word' id='word_1_819' title='bbox 1366 5737 1459 5776; x_wconf 90' lang='lat' dir='ltr'><strong>cor</strong></span> <span class='ocrx_word' id='word_1_820' title='bbox 1480 5720 1739 5776; x_wconf 82' lang='lat' dir='ltr'><strong>habentes</strong></span> 
     </span>
    </p>
   </div>
   <div class='ocr_carea' id='block_1_105' title="bbox 161 5814 1732 5892">
    <p class='ocr_par' dir='ltr' id='par_1_105' title="bbox 161 5814 1732 5892">
     <span class='ocr_line' id='line_1_106' title="bbox 161 5814 1732 5892; baseline -0.007 -17"><span class='ocrx_word' id='word_1_821' title='bbox 161 5823 302 5878; x_wconf 89' lang='lat' dir='ltr'><strong>velut</strong></span> <span class='ocrx_word' id='word_1_822' title='bbox 328 5824 606 5892; x_wconf 85' lang='lat' dir='ltr'><strong>spongiam</strong></span> <span class='ocrx_word' id='word_1_823' title='bbox 637 5819 948 5877; x_wconf 85' lang='lat' dir='ltr'><strong>cavernosis</strong></span> <span class='ocrx_word' id='word_1_824' title='bbox 985 5814 1380 5885; x_wconf 86' lang='lat' dir='ltr'><strong>quodammodo</strong></span> <span class='ocrx_word' id='word_1_825' title='bbox 1430 5822 1589 5882; x_wconf 90' lang='lat' dir='ltr'><strong>atque</strong></span> <span class='ocrx_word' id='word_1_826' title='bbox 1620 5821 1732 5866; x_wconf 89' lang='lat' dir='ltr'><strong>tor-</strong></span> 
     </span>
    </p>
   </div>
   <div class='ocr_carea' id='block_1_106' title="bbox 1841 4597 3424 4675">
    <p class='ocr_par' dir='ltr' id='par_1_106' title="bbox 1841 4597 3424 4675">
     <span class='ocr_line' id='line_1_107' title="bbox 1841 4597 3424 4675; baseline -0.018 0"><span class='ocrx_word' id='word_1_827' title='bbox 1841 4639 1858 4670; x_wconf 75' lang='grc'><strong>(</strong></span> <span class='ocrx_word' id='word_1_828' title='bbox 1897 4627 2104 4675; x_wconf 90' lang='lat' dir='ltr'><strong>rentur.</strong></span> <span class='ocrx_word' id='word_1_829' title='bbox 2170 4636 2188 4668; x_wconf 74' lang='grc' dir='ltr'><strong>ι</strong></span> <span class='ocrx_word' id='word_1_830' title='bbox 2242 4613 2358 4669; x_wconf 85' lang='grc' dir='ltr'><strong>Νοη</strong></span> <span class='ocrx_word' id='word_1_831' title='bbox 2416 4627 2577 4668; x_wconf 90' lang='lat' dir='ltr'><strong>crura</strong></span> <span class='ocrx_word' id='word_1_832' title='bbox 2610 4608 2929 4665; x_wconf 90' lang='lat' dir='ltr'><strong>tollerentur</strong></span> <span class='ocrx_word' id='word_1_833' title='bbox 2952 4645 2967 4669; x_wconf 95' lang='lat'><strong>,</strong></span> <span class='ocrx_word' id='word_1_834' title='bbox 3014 4601 3108 4657; x_wconf 91' lang='lat' dir='ltr'><strong>sed</strong></span> <span class='ocrx_word' id='word_1_835' title='bbox 3142 4599 3197 4653; x_wconf 91' lang='lat' dir='ltr'><strong>hi</strong></span> <span class='ocrx_word' id='word_1_836' title='bbox 3231 4597 3424 4667; x_wconf 88' lang='lat' dir='ltr'><strong>quibus</strong></span> 
     </span>
    </p>
   </div>
   <div class='ocr_carea' id='block_1_107' title="bbox 1838 4689 3424 4776">
    <p class='ocr_par' dir='ltr' id='par_1_107' title="bbox 1838 4689 3424 4776">
     <span class='ocr_line' id='line_1_108' title="bbox 1838 4689 3424 4776; baseline -0.015 -13"><span class='ocrx_word' id='word_1_837' title='bbox 1838 4710 1959 4763; x_wconf 90' lang='lat' dir='ltr'><strong>ideo</strong></span> <span class='ocrx_word' id='word_1_838' title='bbox 2007 4704 2397 4776; x_wconf 85' lang='lat' dir='ltr'><strong>frangebantur</strong></span> <span class='ocrx_word' id='word_1_839' title='bbox 2447 4711 2505 4755; x_wconf 92' lang='lat' dir='ltr'><strong>ut</strong></span> <span class='ocrx_word' id='word_1_840' title='bbox 2545 4703 2885 4754; x_wconf 89' lang='lat' dir='ltr'><strong>morerentur</strong></span> <span class='ocrx_word' id='word_1_841' title='bbox 2911 4733 2925 4758; x_wconf 94' lang='lat'><strong>,</strong></span> <span class='ocrx_word' id='word_1_842' title='bbox 2973 4689 3318 4746; x_wconf 90' lang='lat' dir='ltr'><strong>auferrentur</strong></span> <span class='ocrx_word' id='word_1_843' title='bbox 3358 4700 3424 4740; x_wconf 78' lang='lat' dir='ltr'><strong>ex</strong></span> 
     </span>
    </p>
   </div>
   <div class='ocr_carea' id='block_1_108' title="bbox 1837 4778 3422 4870">
    <p class='ocr_par' dir='ltr' id='par_1_108' title="bbox 1837 4778 3422 4870">
     <span class='ocr_line' id='line_1_109' title="bbox 1837 4778 3422 4870; baseline -0.014 -17"><span class='ocrx_word' id='word_1_844' title='bbox 1837 4801 2003 4870; x_wconf 86' lang='lat' dir='ltr'><strong>ligno,</strong></span> <span class='ocrx_word' id='word_1_845' title='bbox 2058 4813 2129 4854; x_wconf 90' lang='lat' dir='ltr'><strong>ne</strong></span> <span class='ocrx_word' id='word_1_846' title='bbox 2174 4797 2469 4868; x_wconf 84' lang='lat' dir='ltr'><strong>pendentes</strong></span> <span class='ocrx_word' id='word_1_847' title='bbox 2521 4792 2576 4846; x_wconf 93' lang='lat' dir='ltr'><strong>in</strong></span> <span class='ocrx_word' id='word_1_848' title='bbox 2636 4786 2908 4850; x_wconf 89' lang='lat' dir='ltr'><strong>crucibus,</strong></span> <span class='ocrx_word' id='word_1_849' title='bbox 2962 4795 3217 4854; x_wconf 88' lang='lat' dir='ltr'><strong>magnum</strong></span> <span class='ocrx_word' id='word_1_850' title='bbox 3281 4778 3422 4833; x_wconf 87' lang='lat' dir='ltr'><strong>diem</strong></span> 
     </span>
    </p>
   </div>
   <div class='ocr_carea' id='block_1_109' title="bbox 1837 4872 3292 4946">
    <p class='ocr_par' dir='ltr' id='par_1_109' title="bbox 1837 4872 3292 4946">
     <span class='ocr_line' id='line_1_110' title="bbox 1837 4872 3292 4946; baseline -0.012 -2"><span class='ocrx_word' id='word_1_851' title='bbox 1837 4890 2032 4946; x_wconf 87' lang='lat' dir='ltr'><strong>festum</strong></span> <span class='ocrx_word' id='word_1_852' title='bbox 2062 4889 2146 4943; x_wconf 91' lang='lat' dir='ltr'><strong>sui</strong></span> <span class='ocrx_word' id='word_1_853' title='bbox 2182 4885 2420 4942; x_wconf 85' lang='lat' dir='ltr'><strong>diuturni</strong></span> <span class='ocrx_word' id='word_1_854' title='bbox 2442 4880 2718 4939; x_wconf 88' lang='lat' dir='ltr'><strong>cruciatus</strong></span> <span class='ocrx_word' id='word_1_855' title='bbox 2741 4880 2973 4933; x_wconf 89' lang='lat' dir='ltr'><strong>horrore</strong></span> <span class='ocrx_word' id='word_1_856' title='bbox 3000 4872 3292 4930; x_wconf 73' lang='lat' dir='ltr'><strong>fmdarent.</strong></span> 
     </span>
    </p>
   </div>
   <div class='ocr_carea' id='block_1_110' title="bbox 1915 4962 3425 5050">
    <p class='ocr_par' dir='ltr' id='par_1_110' title="bbox 1915 4962 3425 5050">
     <span class='ocr_line' id='line_1_111' title="bbox 1915 4962 3425 5050; baseline -0.013 -14"><span class='ocrx_word' id='word_1_857' title='bbox 1915 5005 1932 5036; x_wconf 80' lang='grc' dir='ltr'><strong>ι</strong></span> <span class='ocrx_word' id='word_1_858' title='bbox 1963 4982 2240 5038; x_wconf 82' lang='lat' dir='ltr'><strong>Venerunt</strong></span> <span class='ocrx_word' id='word_1_859' title='bbox 2266 4994 2396 5050; x_wconf 89' lang='lat' dir='ltr'><strong>ergo</strong></span> <span class='ocrx_word' id='word_1_860' title='bbox 2440 4974 2662 5040; x_wconf 88' lang='lat' dir='ltr'><strong>milites,</strong></span> <span class='ocrx_word' id='word_1_861' title='bbox 2685 4980 2740 5028; x_wconf 91' lang='lat' dir='ltr'><strong>et</strong></span> <span class='ocrx_word' id='word_1_862' title='bbox 2773 4970 2953 5048; x_wconf 23' lang='lat' dir='ltr'><strong>primi.</strong></span> <span class='ocrx_word' id='word_1_863' title='bbox 2983 4967 3200 5039; x_wconf 89' lang='lat' dir='ltr'><strong>quidem</strong></span> <span class='ocrx_word' id='word_1_864' title='bbox 3249 4962 3425 5034; x_wconf 83' lang='lat' dir='ltr'><strong>frege-</strong></span> 
     </span>
    </p>
   </div>
   <div class='ocr_carea' id='block_1_111' title="bbox 1845 5059 3420 5136">
    <p class='ocr_par' dir='ltr' id='par_1_111' title="bbox 1845 5059 3420 5136">
     <span class='ocr_line' id='line_1_112' title="bbox 1845 5059 3420 5136; baseline -0.015 -8"><span class='ocrx_word' id='word_1_865' title='bbox 1845 5097 1863 5128; x_wconf 83' lang='lat'><strong>(</strong></span> <span class='ocrx_word' id='word_1_866' title='bbox 1904 5082 2029 5132; x_wconf 91' lang='lat' dir='ltr'><strong>runt</strong></span> <span class='ocrx_word' id='word_1_867' title='bbox 2053 5085 2232 5136; x_wconf 90' lang='lat' dir='ltr'><strong>crura,</strong></span> <span class='ocrx_word' id='word_1_868' title='bbox 2263 5077 2320 5125; x_wconf 92' lang='lat' dir='ltr'><strong>et</strong></span> <span class='ocrx_word' id='word_1_869' title='bbox 2364 5067 2586 5122; x_wconf 92' lang='lat' dir='ltr'><strong>alterius</strong></span> <span class='ocrx_word' id='word_1_870' title='bbox 2621 5063 2713 5134; x_wconf 90' lang='lat' dir='ltr'><strong>qui</strong></span> <span class='ocrx_word' id='word_1_871' title='bbox 2739 5059 3034 5118; x_wconf 83' lang='lat' dir='ltr'><strong>cruciﬁxus</strong></span> <span class='ocrx_word' id='word_1_872' title='bbox 3055 5065 3140 5113; x_wconf 91' lang='lat' dir='ltr'><strong>est</strong></span> <span class='ocrx_word' id='word_1_873' title='bbox 3167 5069 3287 5110; x_wconf 90' lang='lat' dir='ltr'><strong>cum</strong></span> <span class='ocrx_word' id='word_1_874' title='bbox 3335 5066 3420 5105; x_wconf 90' lang='lat' dir='ltr'><strong>eo.</strong></span> 
     </span>
    </p>
   </div>
   <div class='ocr_carea' id='block_1_112' title="bbox 1845 5148 3423 5220">
    <p class='ocr_par' dir='ltr' id='par_1_112' title="bbox 1845 5148 3423 5220">
     <span class='ocr_line' id='line_1_113' title="bbox 1845 5148 3423 5220; baseline -0.016 1"><span class='ocrx_word' id='word_1_875' title='bbox 1845 5187 1862 5219; x_wconf 74' lang='grc' dir='ltr'><strong>ι</strong></span> <span class='ocrx_word' id='word_1_876' title='bbox 1892 5164 1972 5220; x_wconf 87' lang='lat' dir='ltr'><strong>Ad</strong></span> <span class='ocrx_word' id='word_1_877' title='bbox 2001 5163 2181 5220; x_wconf 86' lang='lat' dir='ltr'><strong>Jesum</strong></span> <span class='ocrx_word' id='word_1_878' title='bbox 2212 5168 2394 5216; x_wconf 89' lang='lat' dir='ltr'><strong>autem</strong></span> <span class='ocrx_word' id='word_1_879' title='bbox 2423 5173 2547 5214; x_wconf 90' lang='lat' dir='ltr'><strong>cum</strong></span> <span class='ocrx_word' id='word_1_880' title='bbox 2595 5155 2871 5210; x_wconf 87' lang='lat' dir='ltr'><strong>venissent</strong></span> <span class='ocrx_word' id='word_1_881' title='bbox 2893 5191 2909 5216; x_wconf 91' lang='lat'><strong>,</strong></span> <span class='ocrx_word' id='word_1_882' title='bbox 2937 5159 2992 5205; x_wconf 92' lang='lat' dir='ltr'><strong>et</strong></span> <span class='ocrx_word' id='word_1_883' title='bbox 3012 5148 3263 5204; x_wconf 87' lang='lat' dir='ltr'><strong>viderunt</strong></span> <span class='ocrx_word' id='word_1_884' title='bbox 3302 5158 3423 5197; x_wconf 91' lang='lat' dir='ltr'><strong>eum</strong></span> 
     </span>
    </p>
   </div>
   <div class='ocr_carea' id='block_1_113' title="bbox 1848 5234 3426 5324">
    <p class='ocr_par' dir='ltr' id='par_1_113' title="bbox 1848 5234 3426 5324">
     <span class='ocr_line' id='line_1_114' title="bbox 1848 5234 3426 5324; baseline -0.016 -14"><span class='ocrx_word' id='word_1_885' title='bbox 1848 5276 1864 5309; x_wconf 83' lang='lat'><strong>(</strong></span> <span class='ocrx_word' id='word_1_886' title='bbox 1906 5255 2019 5324; x_wconf 92' lang='lat' dir='ltr'><strong>jam</strong></span> <span class='ocrx_word' id='word_1_887' title='bbox 2047 5260 2342 5315; x_wconf 89' lang='lat' dir='ltr'><strong>mortuum,</strong></span> <span class='ocrx_word' id='word_1_888' title='bbox 2375 5264 2482 5304; x_wconf 90' lang='lat' dir='ltr'><strong>non</strong></span> <span class='ocrx_word' id='word_1_889' title='bbox 2507 5246 2781 5316; x_wconf 86' lang='lat' dir='ltr'><strong>fregerunt</strong></span> <span class='ocrx_word' id='word_1_890' title='bbox 2801 5243 2919 5313; x_wconf 90' lang='lat' dir='ltr'><strong>ejus</strong></span> <span class='ocrx_word' id='word_1_891' title='bbox 2945 5253 3126 5294; x_wconf 91' lang='lat' dir='ltr'><strong>crura.</strong></span> <span class='ocrx_word' id='word_1_892' title='bbox 3161 5234 3265 5290; x_wconf 91' lang='lat' dir='ltr'><strong>Sed</strong></span> <span class='ocrx_word' id='word_1_893' title='bbox 3289 5247 3426 5285; x_wconf 86' lang='lat' dir='ltr'><strong>unus</strong></span> 
     </span>
    </p>
   </div>
   <div class='ocr_carea' id='block_1_114' title="bbox 1849 5324 3428 5404">
    <p class='ocr_par' dir='ltr' id='par_1_114' title="bbox 1849 5324 3428 5404">
     <span class='ocr_line' id='line_1_115' title="bbox 1849 5324 3428 5404; baseline -0.017 -5"><span class='ocrx_word' id='word_1_894' title='bbox 1849 5367 1865 5399; x_wconf 80' lang='grc' dir='ltr'><strong>ι</strong></span> <span class='ocrx_word' id='word_1_895' title='bbox 1899 5345 2127 5401; x_wconf 87' lang='lat' dir='ltr'><strong>militum</strong></span> <span class='ocrx_word' id='word_1_896' title='bbox 2147 5342 2334 5396; x_wconf 91' lang='lat' dir='ltr'><strong>lancea</strong></span> <span class='ocrx_word' id='word_1_897' title='bbox 2364 5339 2502 5392; x_wconf 88' lang='lat' dir='ltr'><strong>latus</strong></span> <span class='ocrx_word' id='word_1_898' title='bbox 2522 5334 2638 5404; x_wconf 90' lang='lat' dir='ltr'><strong>ejus</strong></span> <span class='ocrx_word' id='word_1_899' title='bbox 2675 5331 2914 5404; x_wconf 88' lang='lat' dir='ltr'><strong>aperuit,</strong></span> <span class='ocrx_word' id='word_1_900' title='bbox 2955 5336 3009 5384; x_wconf 87' lang='lat' dir='ltr'><strong>et</strong></span> <span class='ocrx_word' id='word_1_901' title='bbox 3047 5324 3302 5380; x_wconf 92' lang='lat' dir='ltr'><strong>continuo</strong></span> <span class='ocrx_word' id='word_1_902' title='bbox 3331 5335 3428 5374; x_wconf 81' lang='lat' dir='ltr'><strong>ex-</strong></span> 
     </span>
    </p>
   </div>
   <div class='ocr_carea' id='block_1_115' title="bbox 1854 5409 3424 5504">
    <p class='ocr_par' dir='ltr' id='par_1_115' title="bbox 1854 5409 3424 5504">
     <span class='ocr_line' id='line_1_116' title="bbox 1854 5409 3424 5504; baseline -0.019 -14"><span class='ocrx_word' id='word_1_903' title='bbox 1854 5457 1871 5490; x_wconf 76' lang='grc' dir='ltr'><strong>ι</strong></span> <span class='ocrx_word' id='word_1_904' title='bbox 1906 5437 2004 5491; x_wconf 83' lang='lat' dir='ltr'><strong>ivit</strong></span> <span class='ocrx_word' id='word_1_905' title='bbox 2025 5433 2244 5504; x_wconf 87' lang='lat' dir='ltr'><strong>sanguis</strong></span> <span class='ocrx_word' id='word_1_906' title='bbox 2272 5439 2327 5485; x_wconf 89' lang='lat' dir='ltr'><strong>et</strong></span> <span class='ocrx_word' id='word_1_907' title='bbox 2352 5442 2510 5497; x_wconf 91' lang='lat' dir='ltr'><strong>aqua.</strong></span> <span class='ocrx_word' id='word_1_908' title='bbox 2534 5444 2552 5477; x_wconf 72' lang='grc' dir='ltr'><strong>ι</strong></span> <span class='ocrx_word' id='word_1_909' title='bbox 2573 5423 2873 5496; x_wconf 82' lang='lat' dir='ltr'><strong>Vigilanter</strong></span> <span class='ocrx_word' id='word_1_910' title='bbox 2895 5417 3071 5474; x_wconf 90' lang='lat' dir='ltr'><strong>verbis</strong></span> <span class='ocrx_word' id='word_1_911' title='bbox 3093 5409 3424 5481; x_wconf 84' lang='lat' dir='ltr'><strong>evangelista</strong></span> 
     </span>
    </p>
   </div>
   <div class='ocr_carea' id='block_1_116' title="bbox 1847 5507 3429 5591">
    <p class='ocr_par' dir='ltr' id='par_1_116' title="bbox 1847 5507 3429 5591">
     <span class='ocr_line' id='line_1_117' title="bbox 1847 5507 3429 5591; baseline -0.02 -5"><span class='ocrx_word' id='word_1_912' title='bbox 1847 5544 1976 5586; x_wconf 90' lang='lat' dir='ltr'><strong>usus</strong></span> <span class='ocrx_word' id='word_1_913' title='bbox 2005 5535 2106 5591; x_wconf 90' lang='lat' dir='ltr'><strong>est,</strong></span> <span class='ocrx_word' id='word_1_914' title='bbox 2137 5541 2246 5580; x_wconf 90' lang='lat' dir='ltr'><strong>non</strong></span> <span class='ocrx_word' id='word_1_915' title='bbox 2296 5531 2356 5577; x_wconf 91' lang='lat' dir='ltr'><strong>ut</strong></span> <span class='ocrx_word' id='word_1_916' title='bbox 2383 5522 2604 5585; x_wconf 88' lang='lat' dir='ltr'><strong>diceret,</strong></span> <span class='ocrx_word' id='word_1_917' title='bbox 2645 5517 2788 5572; x_wconf 92' lang='lat' dir='ltr'><strong>latus</strong></span> <span class='ocrx_word' id='word_1_918' title='bbox 2814 5513 2932 5584; x_wconf 91' lang='lat' dir='ltr'><strong>ejus</strong></span> <span class='ocrx_word' id='word_1_919' title='bbox 2983 5507 3288 5583; x_wconf 88' lang='lat' dir='ltr'><strong>percussit,</strong></span> <span class='ocrx_word' id='word_1_920' title='bbox 3335 5512 3429 5557; x_wconf 92' lang='lat' dir='ltr'><strong>aut</strong></span> 
     </span>
    </p>
   </div>
   <div class='ocr_carea' id='block_1_117' title="bbox 1844 5594 3428 5689">
    <p class='ocr_par' dir='ltr' id='par_1_117' title="bbox 1844 5594 3428 5689">
     <span class='ocr_line' id='line_1_118' title="bbox 1844 5594 3428 5689; baseline -0.02 -14"><span class='ocrx_word' id='word_1_921' title='bbox 1844 5618 2166 5679; x_wconf 89' lang='lat' dir='ltr'><strong>vulneravit,</strong></span> <span class='ocrx_word' id='word_1_922' title='bbox 2197 5623 2290 5668; x_wconf 88' lang='lat' dir='ltr'><strong>aut</strong></span> <span class='ocrx_word' id='word_1_923' title='bbox 2318 5612 2448 5684; x_wconf 90' lang='lat' dir='ltr'><strong>quid</strong></span> <span class='ocrx_word' id='word_1_924' title='bbox 2475 5609 2644 5675; x_wconf 91' lang='lat' dir='ltr'><strong>aliud,</strong></span> <span class='ocrx_word' id='word_1_925' title='bbox 2668 5607 2762 5663; x_wconf 87' lang='lat' dir='ltr'><strong>sed</strong></span> <span class='ocrx_word' id='word_1_926' title='bbox 2793 5602 3128 5689; x_wconf 40' lang='lat' dir='ltr'><strong>aperuit,.ut</strong></span> <span class='ocrx_word' id='word_1_927' title='bbox 3161 5594 3269 5650; x_wconf 91' lang='lat' dir='ltr'><strong>illic</strong></span> <span class='ocrx_word' id='word_1_928' title='bbox 3296 5606 3428 5662; x_wconf 83' lang='lat' dir='ltr'><strong>quo-</strong></span> 
     </span>
    </p>
   </div>
   <div class='ocr_carea' id='block_1_118' title="bbox 1843 5691 3425 5770">
    <p class='ocr_par' dir='ltr' id='par_1_118' title="bbox 1843 5691 3425 5770">
     <span class='ocr_line' id='line_1_119' title="bbox 1843 5691 3425 5770; baseline -0.019 -5"><span class='ocrx_word' id='word_1_929' title='bbox 1843 5708 2127 5767; x_wconf 91' lang='lat' dir='ltr'><strong>dammodo</strong></span> <span class='ocrx_word' id='word_1_930' title='bbox 2156 5706 2278 5760; x_wconf 82' lang='lat' dir='ltr'><strong>vitae</strong></span> <span class='ocrx_word' id='word_1_931' title='bbox 2298 5704 2495 5760; x_wconf 90' lang='lat' dir='ltr'><strong>ostium</strong></span> <span class='ocrx_word' id='word_1_932' title='bbox 2519 5699 2844 5770; x_wconf 89' lang='lat' dir='ltr'><strong>panderetur</strong></span> <span class='ocrx_word' id='word_1_933' title='bbox 2863 5735 2878 5760; x_wconf 95' lang='lat'><strong>,</strong></span> <span class='ocrx_word' id='word_1_934' title='bbox 2903 5691 3044 5748; x_wconf 91' lang='lat' dir='ltr'><strong>unde</strong></span> <span class='ocrx_word' id='word_1_935' title='bbox 3089 5691 3425 5743; x_wconf 88' lang='lat' dir='ltr'><strong>sacramenta</strong></span> 
     </span>
    </p>
   </div>
   <div class='ocr_carea' id='block_1_119' title="bbox 1840 5781 3427 5860">
    <p class='ocr_par' dir='ltr' id='par_1_119' title="bbox 1840 5781 3427 5860">
     <span class='ocr_line' id='line_1_120' title="bbox 1840 5781 3427 5860; baseline -0.02 0"><span class='ocrx_word' id='word_1_936' title='bbox 1840 5785 2096 5860; x_wconf 79' lang='lat' dir='ltr'><strong>Ecclesiae</strong></span> <span class='ocrx_word' id='word_1_937' title='bbox 2130 5803 2508 5860; x_wconf 83' lang='lat' dir='ltr'><strong>manaverunt,</strong></span> <span class='ocrx_word' id='word_1_938' title='bbox 2559 5795 2674 5849; x_wconf 90' lang='lat' dir='ltr'><strong>sine</strong></span> <span class='ocrx_word' id='word_1_939' title='bbox 2727 5789 2924 5860; x_wconf 87' lang='lat' dir='ltr'><strong>quibus</strong></span> <span class='ocrx_word' id='word_1_940' title='bbox 2958 5783 3027 5840; x_wconf 90' lang='lat' dir='ltr'><strong>ad</strong></span> <span class='ocrx_word' id='word_1_941' title='bbox 3080 5781 3266 5844; x_wconf 88' lang='lat' dir='ltr'><strong>vitam,</strong></span> <span class='ocrx_word' id='word_1_942' title='bbox 3306 5789 3427 5847; x_wconf 70' lang='lat' dir='ltr'><strong>qua</strong></span> 
     </span>
    </p>
   </div>
  </div>
