3934 6346
492 380 604 443 ἠδ

1133 382 1483 440 liAYMONIS
1522 380 1999 439 HALBERSTAT.
2040 382 2256 440 EPISC.
2294 382 2443 441 OPP.
2480 384 2660 444 PARS
2718 386 2781 443 11.
2822 417 2892 431 —-
2926 385 3161 445 HOMIL.

3729 391 3843 449 m

499 512 629 558 vera
660 501 771 556 vita
801 505 903 564 est,
935 510 1040 552 non
1081 498 1331 551 intratur.
1382 496 1479 553 ille
1532 498 1755 569 sanguis
1799 498 1851 553 in
1896 499 2084 555 remis-
2112 492 2163 562 Α
2189 514 2305 554 ram
2330 498 2499 555 Judaei
2530 501 2779 557 usitatius
2817 503 2957 574 apud
2980 516 3081 558 nos
3105 510 3323 571 vocant,
3361 504 3561 563 facere
3604 506 3839 576 aliquid

500 597 708 652 sionem
750 594 903 649 fusus
946 601 1030 646 est
1089 601 1471 662 peccatorum,
1524 608 1661 663 aqua
1704 592 1795 647 illa
1844 594 2081 649 salutare
2183 605 2288 645 non
2317 590 2531 648 licebat.

502 693 764 756 temperat
791 684 1064 756 poculum,
1088 684 1191 739 hoc
1220 684 1494 741 lavacrum
1518 693 1739 756 praestat
1768 696 1824 742 et
1870 695 2077 758 potum.

499 777 613 835 Hoc
641 776 1057 848 przenuntiabat,
1082 778 1224 847 quod
1256 776 1366 832 Noe
1397 777 1452 831 in
1502 776 1671 833 latere
1706 792 1846 833 arca:
1882 781 2080 833 ostium

497 869 676 926 facere
703 866 887 937 jussus
918 874 1040 934 est,
1064 883 1173 938 quo
1222 869 1488 924 intrarent
1515 868 1790 934 animalia,
1825 884 1944 940 quae
1974 886 2080 925 non

496 971 653 1016 erant
683 960 883 1015 diluvio
910 960 1175 1029 peritura,
1211 960 1407 1029 quibus
1432 961 1877 1031 prretigurabatur
1904 961 2083 1017 Eccle-

497 1054 595 1108 sia.
620 1051 849 1122 Propter
878 1053 982 1106 hoc
1005 1052 1175 1121 prima
1216 1053 1414 1106 mulier
1439 1050 1579 1107 facta
1626 1062 1708 1108 est
1759 1052 1825 1108 de
1854 1037 1952 1109 viri
2008 1053 2084 1108 ia-

498 1155 613 1200 tere
642 1143 981 1207 dormientis,
1020 1152 1076 1199 et
1127 1144 1391 1215 appellata
1423 1146 1629 1216 virago,
1660 1154 1833 1202 mater
1871 1162 2085 1217 quoque

497 1238 757 1293 virorum.
802 1237 1055 1305 Magnum
1082 1238 1278 1308 quippe
1317 1237 1695 1307 signiﬁcantur
1741 1241 1962 1307 bonum,
1988 1256 2086 1296 an-

499 1337 586 1384 tea
613 1338 667 1384 et
696 1336 947 1398 magnum
978 1328 1438 1397 praevaricationis
1467 1327 1689 1396 malum,
1712 1328 1765 1383 in
1797 1330 1982 1385 habitu
2004 1330 2087 1402 ja-

495 1421 667 1477 centis
696 1427 858 1488 atque
879 1418 1213 1473 dormientis;
1241 1418 1308 1473 Et
1332 1418 1421 1473 hic
1449 1421 1717 1475 secundus
1737 1420 1908 1475 Adam
1933 1422 2088 1477 incli-

496 1517 626 1564 nato
656 1507 833 1576 capite
854 1507 907 1562 in
934 1521 1096 1562 cruce
1118 1508 1388 1573 dormivit,
1424 1517 1482 1563 ut
1511 1509 1634 1564 inde
1663 1510 1991 1567 formaretur
2036 1508 2087 1568 el

496 1601 713 1671 conjux,
746 1613 866 1670 qua:
904 1599 971 1653 de
997 1599 1162 1654 latere
1204 1600 1522 1656 dormientis
1564 1601 1803 1658 deﬂuxit.
1829 1602 1874 1660 Ο
1916 1620 2084 1673 mors,

496 1692 639 1746 unde
664 1693 862 1747 mortui
894 1693 1223 1749 reviviscunt
1250 1695 1263 1748 l

573 1804 592 1835 ι
626 1783 788 1840 Facta
821 1793 945 1841 sunt
973 1786 1116 1842 enim
1155 1787 1287 1852 haec,
1317 1794 1373 1842 ut
1403 1786 1683 1858 Scriptura
1717 1790 2031 1860 impleretur
2068 1810 2081 1846 :

503 1893 522 1927 ι
559 1875 633 1932 0s
660 1892 764 1931 non
794 1878 1171 1933 comminuetis
1198 1893 1266 1934 ex
1291 1894 1357 1934 eo
1390 1878 1590 1949 (Exod.
1624 1879 1746 1952 xu).
1782 1881 1848 1935 Et
1891 1882 2087 1938 iterum

504 1986 524 2019 ‹
557 1967 658 2023 alia
686 1966 965 2040 Scriptura
1010 1968 1141 2024 dicit
1179 1986 1192 2024 :
1239 1968 1513 2025 Videbunt
1566 1971 1619 2025 in
1659 1987 1817 2041 quem
1848 1987 2086 2045 pupuge-

499 2064 625 2113 ruht
651 2057 832 2129 (Zach.
866 2058 984 2130 xu).
1018 2078 1037 2113 ι
1068 2060 1184 2115 Duo
1210 2061 1520 2116 testimonia
1549 2062 1615 2117 de
1641 2061 1935 2133 Scripturis
1964 2066 2088 2121 red-

497 2150 630 2206 didit
658 2151 883 2222 singulis
905 2152 1082 2216 rebus,
1103 2168 1240 2223 quas
1261 2153 1429 2209 factas
1459 2154 1624 2211 fuisse
1666 2154 1927 2212 narravit.
1954 2158 2087 2214 Nam

496 2241 621 2310 quia
649 2239 860 2296 dixerat
888 2259 903 2296 :
941 2262 959 2294 ι
994 2242 1074 2297 Ad
1098 2242 1278 2299 Jesum
1308 2253 1485 2299 autem
1511 2262 1631 2301 cum
1660 2248 1953 2313 veniSsent,
1980 2266 2087 2305 non

498 2330 774 2401 fregerunt
802 2334 918 2405 ejus
938 2348 1122 2402 crura,
1156 2355 1173 2387 ι
1207 2337 1273 2391 ad
1293 2337 1395 2392 hoc
1418 2338 1652 2408 pertinet
1678 2340 2041 2395 testimonium
2070 2358 2085 2396 :

503 2443 521 2475 ι
560 2424 637 2480 Os
663 2441 769 2483 non
800 2429 1179 2484 comminuetis
1208 2443 1272 2484 ex
1295 2446 1381 2486 eo.
1418 2451 1436 2483 ι
1469 2431 1623 2500 Quod
1654 2442 1980 2504 praeceptum
2009 2443 2092 2492 est

531 2518 596 2583 is,
636 2520 724 2589 qui
779 2521 1053 2578 celebrare
1080 2521 1289 2580 Pascha
1343 2524 1479 2593 jnssi
1525 2534 1649 2581 sunt
1690 2528 1808 2583 ovis
1838 2528 2088 2584 immola-

500 2607 643 2663 tione
664 2611 716 2663 in
754 2611 925 2666 veteri
964 2612 1102 2682 lege,
1139 2630 1258 2684 qua:
1283 2614 1577 2671 Dominicre
1604 2616 1871 2686 passionis
1896 2620 2089 2674 umbra

498 2710 870 2769 praecesserat.
902 2702 1057 2757 Unde
1104 2703 1307 2759 Pascha
1363 2715 1607 2761 nostrum
1639 2706 1949 2764 immolatus
1984 2720 2088 2778 est,

498 2791 566 2846 de
590 2806 697 2860 quo
741 2800 796 2846 et
822 2793 990 2848 Isaias
1008 2796 1270 2865 propheta
1298 2797 1548 2865 praedixit
1580 2815 1591 2851 :
1627 2815 1645 2849 ι
1677 2797 1830 2853 Sicut
1855 2800 1973 2854 ovis
2025 2801 2092 2856 ad

500 2882 885 2938 immolandum
909 2886 1103 2941 ductus
1124 2896 1208 2941 est
1240 2887 1375 2959 (Isa.
1403 2888 1540 2958 nun).
1575 2909 1594 2942 ι
1638 2886 1770 2944 Item
1801 2891 2093 2961 subjunxe-

502 2982 614 3036 rat,
664 2976 891 3031 dicens:
928 2992 946 3029 t
988 2977 1095 3034 Sed
1123 2992 1260 3034 unus
1314 2980 1544 3036 militum
1574 2982 1760 3038 lancea
1788 2984 1928 3041 latus
1974 2986 2092 3055 ejus

501 3067 734 3134 aperuit,
778 3085 796 3119 ι
831 3068 897 3122 ad
920 3068 1023 3124 hoc
1044 3071 1280 3139 pertinet
1301 3072 1530 3127 alterum
1559 3075 1951 3143 testimonium,
1986 3078 2089 3134 hoc

500 3165 622 3211 est:
654 3178 673 3209 ι
706 3157 976 3215 Videbunt
1011 3162 1064 3216 in
1092 3177 1250 3232 quem
1275 3174 1725 3235 compunxerunt.
1776 3186 1796 3219 ι
1833 3167 1934 3224 Ubi
1965 3182 2088 3240 pro.

503 3247 698 3305 missus
719 3258 803 3305 est
831 3250 1076 3308 Christus
1117 3231 1171 3309 in
1200 3268 1285 3320 ea,
1312 3231 1417 3325 qua
1460 3256 1752 3313 cruciﬁxus
1780 3266 1895 3322 est,
1924 3231 2094 3319 carne.
2114 3231 2159 3295 ο

502 3347 775 3396 νθηιιιηιε.

579 3450 597 3483 ι
625 3432 749 3489 Post
772 3434 887 3489 haec
900 3442 1078 3491 autem
1098 3437 1545 3507 rogavltPiiatum
1569 3438 1768 3512 Ioseph
1791 3440 1858 3496 ab
1879 3440 2089 3498 Arima-

505 3542 529 3578 ι
568 3527 727 3591 tinea,
760 3542 825 3581 eo
850 3516 990 3597 quod
1021 3530 1892 3600 essetdlscipuiuslesu,occultus
1908 3541 2087 3589 autem

506 3632 527 3670 ἀ
564 3630 786 3691 propter
813 3630 1015 3676 metum
1038 3622 1367 3691 Iudaeorum,
1398 3633 1456 3680 ut
1483 3626 1694 3681 tolleret
1717 3642 1915 3697 corpus
1937 3626 2084 3683 Jesu.

505 3730 523 3763 ι
568 3709 632 3767 Ει
680 3712 926 3783 permisit
968 3714 1194 3769 Pilatus.
1225 3716 1386 3771 Venit
1440 3732 1569 3787 ergo
1612 3728 1666 3774 et
1719 3721 1838 3775 tulit
1887 3737 2085 3791 corpus

472 3794 523 3853 ’ς
567 3802 715 3859 Iesu.
748 3805 907 3860 Venit
947 3814 1127 3860 autem
1166 3814 1221 3861 et
1250 3806 1590 3874 Nicodemus,
1629 3811 1718 3880 qui
1755 3822 1979 3868 venerat
2019 3814 2085 3869 ad

506 3916 525 3947 ‹
570 3895 720 3951 illum
752 3907 911 3953 nocte
942 3899 1198 3967 primum.
1239 3899 1418 3957 ferens
1447 3903 1727 3959 misturam
1764 3906 2002 3977 myrrha:
2030 3916 2085 3963 et

508 4005 526 4038 ι
570 3987 716 4044 aloes
757 3990 912 4060 quasi
957 3990 1122 4045 libras
1165 3999 1399 4048 centum.
1435 4013 1452 4046 ι
1488 3993 1604 4050 Νοη
1648 3996 1721 4050 ita
1751 3999 2086 4071 distinguen-

501 4079 626 4135 dum
679 4092 794 4147 cst,
854 4091 911 4137 ut
959 4083 1232 4150 dicamus,
1286 4085 1516 4156 primum
1568 4089 1747 4145 ferens
1803 4093 2085 4147 misturam

502 4174 755 4243 myrrhae,
805 4175 898 4230 sed
937 4177 1038 4231 hoc
1079 4177 1220 4246 quod
1261 4178 1462 4233 dictum
1503 4189 1587 4236 est
1621 4190 1639 4233 t
1682 4183 1917 4251 primum
1955 4202 1972 4235 ι
2014 4183 2082 4238 ad

501 4263 834 4335 superiorem
878 4283 1095 4322 sensum
1126 4270 1380 4338 pertinet.
1411 4269 1644 4325 Venerat
1680 4272 1823 4328 enim
1852 4273 2082 4329 Nicode-

501 4372 621 4413 mus
664 4360 730 4413 ad
776 4358 959 4415 Jesum
991 4369 1149 4415 nocte
1189 4362 1443 4431 primum,
1493 4364 1634 4432 quod
1666 4361 1807 4418 idem
1849 4360 2084 4420 Joannes

503 4451 745 4506 narravit
786 4453 838 4506 in
886 4452 1158 4523 prioribus
1206 4451 1479 4524 Evangelii
1538 4454 1619 4508 sui
1674 4455 1936 4524 partibus.
1985 4453 2083 4510 Hic

501 4557 626 4612 ergo
670 4544 1072 4615 intelligendum
1112 4553 1214 4608 cst,
1245 4544 1310 4597 ad
1343 4543 1526 4599 Jcsum
1567 4559 1671 4599 non
1714 4553 1841 4599 tunc
1885 4545 2078 4614 solum,

500 4634 592 4687 sed
645 4642 772 4687 tunc
814 4634 1045 4703 primum
1095 4635 1308 4691 venisse
1352 4635 1700 4692 Nicodcmum
1737 4653 1751 4692 :
1787 4640 2081 4697 vcntitasse

501 4732 680 4777 autem
722 4734 930 4793 postea,
974 4735 1031 4778 ut
1064 4726 1217 4781 ﬁeret
1257 4727 1524 4782 audiendo
1564 4728 1874 4799 discipulus.
1928 4729 2081 4798 Quod

500 4823 647 4871 certe
691 4815 847 4868 modo
882 4816 937 4870 in
980 4816 1307 4873 revelatione
1352 4820 1593 4889 corporis
1640 4820 1781 4875 beati
1823 4819 2081 4891 Stephani

500 4905 615 4960 fere
643 4904 891 4959 omnibus
919 4905 1165 4976 gentibus
1190 4907 1510 4963 declaratur.

578 5010 596 5045 α
643 4990 769 5046 Erat
791 5001 966 5048 autem
985 4993 1073 5048 ubi
1095 4996 1383 5053 cruciﬁxus
1405 5007 1506 5064 est,
1530 5000 1739 5065 hortus,
1764 5000 1890 5056 etin
1926 5001 2085 5056 horto

508 5099 527 5133 ι
569 5090 975 5137 monumentum
1003 5098 1220 5150 novum,
1242 5087 1292 5142 in
1309 5104 1413 5158 quo
1438 5089 1673 5145 nondum
1690 5090 1971 5159 quisquam
1988 5107 2084 5161 po-

508 5193 527 5226 ι
576 5173 712 5229 situs
737 5173 927 5229 fuerat.
961 5194 978 5226 ι
1008 5174 1157 5231 Sicut
1189 5178 1240 5231 in
1272 5179 1453 5234 Marizc
1476 5180 1700 5250 virginis
1725 5187 1882 5234 utcro
1922 5196 2082 5236 nemo

504 5275 628 5322 ante
655 5266 803 5322 illum
846 5268 925 5323 vel
952 5278 1069 5340 post
1116 5271 1263 5327 illum
1296 5283 1589 5344 conceptus
1623 5284 1726 5339 cst,
1777 5274 1851 5328 ita
1883 5274 1935 5328 in
1979 5274 2081 5329 hoc

503 5372 851 5417 monmneuto
894 5378 1053 5418 nemo
1095 5374 1219 5421 ante
1258 5366 1427 5431 illum,
1473 5380 1632 5420 nemo
1665 5374 1783 5435 post
1813 5364 1957 5419 illum
1992 5382 2079 5421 se-

499 5450 677 5524 pultus
706 5461 808 5508 est.

575 5562 595 5597 ι
616 5545 691 5600 ibi
714 5560 841 5619 ergo
861 5555 1079 5619 pr0pter
1099 5560 1423 5617 parasceven
1445 5544 1770 5611 Judaeorum,
1789 5547 1911 5617 quia
1926 5548 2077 5618 juxta

507 5656 525 5689 ι
571 5646 689 5693 erat
714 5649 1138 5705 monumentum,
1178 5646 1472 5709 posuerunt
1499 5638 1700 5695 Jesum.
1744 5660 1761 5691 ι
1798 5639 2079 5696 Accelera-

504 5738 611 5783 tam
656 5731 766 5786 vult
809 5732 1029 5802 intelligi
1072 5730 1423 5801 sepulturam,
1468 5746 1536 5785 ne
1584 5732 2076 5800 advesperasceret,

500 5824 750 5892 quoniam
774 5825 883 5895 jam
912 5831 1129 5894 propter
1162 5836 1510 5893 parasceven,
1548 5838 1706 5893 quam
1747 5837 1952 5879 comam
1981 5839 2077 5892 pn-

2741 716 3022 785 BOMlLlA
3062 730 3251 787 LXIX.

2694 857 2747 897 IN
2783 858 2985 899 VIGILIA
3024 860 3262 902 ρλεαωε.

2256 955 2408 1027 (Con.
2441 953 2551 1026 Ill.)
2585 971 2605 1007 ι
2644 953 2885 1018 Fratres,
2933 957 2977 1011 si
3017 959 3441 1014 consurrexistis
3473 973 3616 1015 cum
3648 957 3819 1014 Chri-

2191 1069 2209 1102 c
2252 1058 2355 1116 sto,
2384 1064 2503 1119 quae
2538 1062 2750 1104 sursum
2780 1056 2910 1105 sunt
2933 1050 3179 1120 quaerite,
3208 1052 3298 1108 ubi
3335 1051 3605 1108 Christus
3636 1055 3815 1117 est,in

2193 1160 2213 1193 ι
2256 1143 2472 1197 dextera
2513 1142 2608 1197 Dei
2645 1143 2857 1198 sedens.
2893 1160 2912 1196 ι
2956 1142 3021 1198 Ει
3060 1144 3284 1214 reliqua.
3336 1144 3563 1200 Domini
3631 1146 3815 1201 nostri

2186 1231 2311 1289 Iesu
2341 1232 2539 1288 Christi
2582 1233 2951 1290 bonorabilem
2982 1234 3403 1301 solemnitatem,
3435 1252 3537 1291 sua
3583 1235 3811 1292 favente

2188 1325 2496 1391 clementia,
2545 1324 2740 1379 fratres
2790 1324 3117 1391 clrarissimi,
3174 1325 3405 1381 ﬁdeliter
3436 1343 3805 1394 veneremur,

2190 1417 2446 1487 pietatem
2473 1416 2591 1485 ejus
2620 1416 2946 1471 ineffabilem
2975 1417 3327 1481 admiremur,
3355 1418 3448 1487 qui
3477 1433 3595 1472 non
3629 1419 3805 1474 solum

2190 1517 2388 1564 nostrae
2417 1507 2802 1579 redemptionis
2838 1522 3000 1562 causa
3028 1508 3321 1562 humanam
3349 1522 3581 1564 carnem
3614 1524 3803 1563 susce-

2144 1620 2149 1627 '
2188 1601 2287 1673 pit,
2311 1615 2494 1656 verum
2519 1601 2681 1655 etiam
2705 1588 2913 1656 diversa
2939 1614 3222 1671 poenarum
3248 1615 3446 1671 genera
3477 1616 3585 1670 pro
3610 1611 3796 1657 nostra

2190 1694 2360 1751 salute
2386 1696 2569 1750 subire
2598 1694 2847 1766 dignatus
2872 1701 2975 1760 est,
3008 1701 3069 1748 ut
3086 1694 3212 1750 licet
3242 1703 3363 1765 post
3376 1694 3620 1750 multum
3656 1695 3797 1749 inero

2191 1789 2279 1843 tim
2330 1797 2385 1843 et
2431 1787 2660 1858 pigritiae
2706 1794 2906 1842 nostra
2955 1800 3201 1841 sommnn
3238 1828 3253 1853 ,
3284 1803 3392 1841 non
3457 1786 3649 1851 inviti,
3703 1786 3791 1841 sed

2123 1862 2497 1943 “voluntarii,
2546 1886 2753 1934 sancta:
2797 1870 3119 1935 Christiana:
3168 1878 3444 1949 religionis
3501 1880 3789 1936 dulcedine

2189 1982 2515 2047 provocante
2540 1973 2593 2028 in
2622 1971 2977 2029 sanctissimae
3001 1971 3361 2029 solemnitatis
3387 1983 3671 2029 conventu
3700 1990 3787 2030 ex—

2189 2065 2509 2138 pergefacti,
2551 2065 2781 2120 libenter
2809 2070 2863 2119 et
2890 2065 3081 2119 devote
3106 2080 3227 2119 cum
3248 2062 3395 2119 omni
3419 2063 3783 2120 sollicitudine

2191 2170 2556 2229 resnrgamus,
2596 2156 2890 2213 secundum
2934 2155 3062 2210 illud
3100 2154 3241 2225 quod
3280 2152 3570 2226 Apostolus
3613 2158 3690 2210 ait
3730 2156 3779 2211 in

2189 2250 2439 2323 praesenti
2472 2249 2700 2305 lectione
2731 2267 2743 2302 :
2781 2269 2797 2300 ι
2836 2244 2895 2301 Si
2927 2247 3351 2303 consurrexistis
3388 2260 3511 2301 cum
3542 2246 3772 2309 Christo,

2189 2357 2309 2412 quae
2331 2352 2546 2396 sursum
2571 2348 2697 2395 sunt
2716 2337 2963 2410 quaerite,
2986 2338 3076 2394 ubi
3100 2336 3348 2394 Christus
3368 2347 3452 2394 est
3474 2338 3529 2393 in
3556 2339 3770 2394 dextera

2191 2432 2285 2488 Dei
2317 2432 2531 2488 sedens.
2573 2452 2590 2484 ι

2266 2542 2285 2575 ι
2330 2523 2458 2591 Quae
2501 2538 2716 2578 sursum
2762 2529 2889 2577 sunt
2935 2521 3128 2592 sapite,
3171 2535 3279 2576 non
3321 2534 3440 2591 quae
3465 2536 3630 2591 super
3662 2533 3771 2576 ter-

2197 2635 2214 2666 ι
2250 2630 2387 2670 ram.
2423 2632 2441 2665 ι
2472 2615 2549 2669 Ac
2562 2612 2607 2669 si
2636 2614 2840 2669 diceret
2868 2627 2882 2668 :
2906 2611 3016 2668 Nos
3045 2612 3137 2683 qui
3167 2612 3234 2666 ad
3265 2611 3542 2682 imaginem
3563 2622 3773 2667 sanctae

2192 2700 2474 2760 Trinitatis
2504 2704 2883 2770 relormamur,
2914 2702 2979 2759 ad
3008 2705 3256 2759 eamdem
3296 2716 3597 2758 renoventur
3617 2704 3768 2757 ima-

2191 2794 2367 2868 ginem
2399 2819 2411 2851 :
2438 2804 2492 2852 et
2531 2797 2619 2868 qui
2660 2796 2802 2851 trino
2843 2804 3064 2868 peccato
3100 2795 3339 2849 maxime
3370 2795 3643 2850 decidimus
3691 2795 3748 2848 in

2191 2896 2511 2944 Consensum
2547 2904 2769 2961 operum
2806 2888 3091 2954 malorum,
3123 2886 3284 2942 tertio
3313 2886 3489 2941 elevati
3511 2884 3575 2941 de
3602 2886 3764 2940 ionte

2190 2979 2507 3034 remissione
2529 2979 2769 3033 omnium
2791 2986 3136 3048 peccatorum
3156 2984 3432 3047 percepta,
3454 2990 3544 3047 per
3561 2975 3763 3031 Christi

2190 3073 2441 3144 gratiam,
2469 3073 2607 3128 sicut
2654 3072 2768 3144 ipse
2797 3072 2953 3127 tertia
2994 3070 3083 3127 die
3118 3070 3440 3136 resurrexit,
3466 3084 3559 3124 nos
3582 3083 3763 3124 resur-

2190 3180 2380 3237 gamus
2424 3165 2490 3219 ad
2511 3165 2697 3219 vitam.
2739 3163 2847 3219 Nos
2876 3178 3025 3229 vero,
3073 3164 3118 3218 si
3158 3176 3486 3234 consurgere
3524 3161 3761 3232 cupimus

2191 3270 2312 3312 cum
2341 3255 2580 3322 Christo,
2612 3256 2759 3325 prius
2785 3255 3080 3309 moriamur
3100 3254 3301 3308 mundo
3323 3260 3379 3309 et
3397 3255 3761 3324 concupiscen-

2190 3347 2279 3403 tiis
2311 3346 2637 3412 carnalibus,
2677 3354 2731 3401 et
2771 3345 3099 3416 deponentes
3128 3350 3371 3400 veterem
3401 3345 3683 3405 hominem,
3716 3345 3763 3399 id

2189 3447 2271 3496 est
2292 3440 2487 3511 malam
2518 3438 2870 3502 voluntatem,
2904 3436 2987 3492 vel
3015 3446 3167 3491 uSum
3198 3450 3427 3506 pravum
3460 3446 3513 3491 et
3536 3435 3761 3491 delecta-

2190 3532 2363 3586 tiones
2416 3530 2717 3601 pessimas,
2769 3530 3053 3584 induamus
3098 3543 3196 3584 nos
3240 3529 3669 3602 benignitatem,
3712 3536 3761 3582 ut

2187 3622 2449 3693 proximis
2490 3622 2688 3677 nostris
2716 3634 2837 3675 cum
2878 3621 3024 3675 omni
3061 3619 3348 3677 devotione
3386 3619 3645 3677 faciamus
3670 3622 3758 3675 bo-

2189 3726 2339 3779 num,
2369 3724 2424 3769 et
2455 3722 2575 3784 post
2617 3714 2711 3769 Dei
2758 3712 3100 3769 dilectionem
3148 3713 3283 3768 nihil
3325 3715 3499 3769 amori
3543 3712 3758 3786 proximi

2188 3820 2585 3879 praeponamus,
2632 3806 2724 3861 sed
2767 3815 2825 3860 ut
2868 3805 3243 3875 nosmetipsos,
3292 3800 3414 3861 ii'los
3467 3802 3755 3877 diligamus.

2190 3898 2467 3968 Sequitur:
2497 3917 2514 3949 ι
2548 3897 2679 3964 Qua:
2708 3911 2921 3952 sursum
2955 3904 3080 3951 sunt
3108 3898 3297 3967 sapite,
3330 3912 3437 3951 non
3463 3910 3583 3966 qua:
3611 3911 3757 3965 super

2189 3997 2412 4044 terram.
2469 4007 2487 4040 ι
2531 3988 2763 4042 Tantum
2808 4003 2871 4043 ea
2902 4002 3021 4056 quae
3057 3987 3297 4041 cmiestia
3330 3996 3475 4052 sunt,
3519 4002 3623 4042 non
3650 4001 3760 4056 quae

2187 4078 2465 4135 terrestria
2496 4088 2802 4149 quaerentes
2827 4096 2840 4132 :
2863 4086 3024 4133 terrae
3049 4078 3207 4142 mori,
3233 4078 3415 4133 vivere
3434 4086 3613 4133 autem
3629 4079 3756 4140 Deo;

2185 4173 2461 4228 caelestem
2507 4173 2702 4227 sectari
2751 4171 3096 4241 sapientiam,
3143 4186 3248 4225 non
3300 4179 3591 4226 terrenam.
3637 4169 3756 4223 Nam

2183 4265 2438 4321 subditur
2461 4283 2473 4319 :

2258 4370 2277 4408 ι
2318 4357 2510 4413 Mortui
2537 4357 2680 4410 enim
2709 4356 2863 4419 estis,
2910 4362 2966 4411 et
2994 4356 3103 4411 vita
3135 4364 3312 4410 vestra
3344 4355 3658 4410 abscomlita
3682 4362 3757 4407 est

2188 4469 2205 4502 ι
2251 4462 2371 4504 cum
2409 4446 2623 4503 Christo
2666 4446 2718 4500 in
2758 4446 2888 4502 Deo.
2928 4467 2944 4497 ι
2983 4446 3116 4501 Cum
3156 4448 3301 4502 enim
3331 4448 3531 4501 mortui
3572 4446 3758 4501 erimus

2185 4542 2405 4608 mundo,
2454 4539 2874 4596 etd‘acultatibus
2923 4540 3037 4609 ejus
3080 4544 3239 4610 atque
3287 4540 3607 4605 desideriis,
3656 4539 3753 4593 vita

2192 4645 2379 4692 nostra
2407 4634 2723 4690 abscondita
2749 4641 2835 4689 est
2869 4633 2922 4687 in
2950 4634 3081 4699 Deo,
3128 4634 3253 4704 quia
3282 4632 3373 4688 ﬁlil
3423 4632 3519 4688 Dei
3563 4648 3754 4689 sumus.

2192 4728 2344 4784 Unde
2368 4727 2613 4797 sequitur
2639 4744 2651 4779 :

2266 4840 2283 4871 ‹
2328 4818 2462 4874 Cum
2492 4821 2633 4874 enim
2665 4817 2911 4874 Christus
2941 4818 3251 4889 apparuerit
3270 4817 3376 4873 vita
3417 4827 3621 4885 vestra,
3644 4828 3756 4875 tunc

2196 4929 2214 4961 ι
2254 4921 2308 4965 et
2339 4922 2437 4963 vos
2484 4908 2809 4978 apparebitis
2851 4923 2972 4963 cum
3002 4908 3119 4978 ipso
3162 4909 3215 4963 in
3246 4907 3440 4980 gloria.
3470 4930 3488 4959 ι
3523 4906 3752 4965 Nondum

2191 5001 2333 5056 enim
2367 5008 2591 5070 apparet
2636 5000 2763 5069 quid
2793 5008 2886 5054 aut
2922 4998 3106 5068 quales
3135 4997 3259 5053 facti
3308 5013 3497 5054 sumus
3537 4998 3604 5053 ad
3628 4998 3755 5067 judi-

2187 5092 2350 5146 cium.
2388 5089 2521 5145 Cum
2564 5099 2741 5145 autem
2784 5090 3030 5146 Christus
3060 5091 3124 5143 ad
3149 5089 3503 5161 judicandum
3540 5091 3753 5146 vivoset

2188 5193 2426 5238 mortuos
2486 5183 2823 5254 apparuerit,
2879 5190 3007 5238 tunc
3053 5191 3107 5237 et
3154 5197 3253 5236 nos
3301 5180 3461 5237 simul
3511 5198 3631 5238 cum
3672 5183 3753 5237 illo

2186 5275 2563 5346 apparebimus
2594 5277 2647 5327 in
2677 5273 2843 5345 gloria
2887 5274 3265 5329 resurrecturi.
3296 5272 3464 5329 Nobis
3488 5278 3681 5331 etenim
3703 5282 3750 5330 et

2184 5381 2283 5437 pro
2315 5366 2469 5421 nobis
2512 5364 2762 5419 Christus
2808 5366 3067 5430 nascitur,
3109 5365 3311 5436 patitur
3334 5372 3390 5420 et
3419 5368 3670 5437 resurgit,
3700 5374 3749 5419 ut

2188 5470 2286 5512 nos
2314 5472 2410 5526 per
2441 5458 2614 5526 ipsum
2649 5456 2700 5509 in
2730 5455 2893 5509 vitam
2928 5470 3277 5510 renascamur
3320 5455 3377 5509 in
3407 5454 3751 5511 tribulationi-

2185 5547 2308 5611 bus,
2355 5555 2411 5601 et
2453 5561 2573 5600 cum
2617 5560 2684 5599 eo
2734 5546 2785 5599 in
2834 5546 3124 5601 virtutibus
3168 5558 3539 5616 resurgamus.
3575 5545 3749 5601 Omnia

2183 5637 2325 5690 enim
2360 5651 2455 5706 per
2476 5636 2653 5706 ipsum
2686 5636 2737 5689 in
2766 5636 2869 5690 hac
2896 5643 3053 5690 nocte
3082 5643 3383 5690 restaurata
3408 5643 3551 5690 sunt.
3585 5636 3638 5690 In
3659 5635 3748 5689 hac

2154 5723 2377 5799 quippe
2402 5736 2560 5783 nocte
2588 5727 2741 5797 quasi
2770 5726 3020 5797 primitiae
3056 5727 3170 5797 ipse
3221 5729 3538 5794 resurrexit,
3570 5738 3627 5782 ut
3664 5738 3748 5780 nos

2183 5834 2371 5875 omnes
2412 5829 2595 5890 postea
2639 5832 3004 5888 resurgamus.
3036 5817 3093 5872 In
3124 5818 3226 5873 hac
3251 5831 3385 5889 ergo
3411 5827 3571 5874 nocte
3593 5816 3749 5889 capti.
