3934 6346
156 441 269 499 ιιδ

1388 434 1693 494 HOMILUE
1736 434 1824 491 DE
1862 431 2207 491 TEMPORE.

3327 438 3431 494 M6

160 556 304 610 vitas
332 562 514 609 nostra
545 552 788 620 solvitur,
816 552 923 608 vita
960 554 1011 608 in
1040 552 1211 608 Adam
1238 552 1436 608 amissa
1466 560 1740 607 restaura-
1773 551 1818 611 Α
1847 556 1960 603 tum
1986 555 2068 604 est
2095 554 2338 620 tempore
2380 549 2672 608 Dominicae
2696 549 2984 623 passionis,
3017 551 3159 622 quod
3185 549 3311 606 olim
3338 567 3436 623 per

163 656 274 701 tur.
307 644 365 699 ln
404 644 509 699 hac
539 652 693 698 nocte
722 643 1086 715 protoplastus
1112 643 1281 698 Adam
1313 643 1567 714 resurgit,
1597 656 1747 715 pere-

160 736 353 807 grinus
392 735 552 789 rediit
580 734 646 788 ad
684 735 913 804 patriam
941 734 1201 805 paradisi.
1232 734 1312 788 Ab
1340 735 1444 789 hac
1470 735 1614 789 enim
1650 748 1746 788 no-

160 834 249 881 cte
272 825 565 882 Dominicm
585 827 996 883 resurrectionis
1014 828 1298 898 paradisus
1317 826 1745 900 omnibuspatet,

168 917 305 972 nulli
337 917 623 984 clauditur,
663 918 767 974 nisi
807 936 835 974 a
879 919 1087 991 seipse;
1120 918 1246 974 nulli
1278 904 1540 991 aperitur,
1584 918 1685 976 nisi
1715 934 1743 974 a

158 1009 403 1064 Christo.
436 1009 502 1065 Et
530 1010 653 1065 ideo
681 1026 804 1069 eum
843 1012 987 1067 omni
1032 1011 1391 1068 sollicitudine
1434 1028 1742 1081 caveamus,

161 1117 232 1156 ne
276 1109 495 1172 propter
534 1118 699 1173 opera
742 1101 939 1158 diaboli
970 1118 1089 1174 quae
1116 1104 1435 1173 pertrahunt
1476 1102 1528 1158 in
1572 1104 1744 1159 inter-

156 1195 332 1262 itum,
367 1204 609 1267 apertum
664 1196 821 1252 nobis
873 1196 978 1252 iter
1031 1194 1182 1267 regni
1241 1194 1481 1251 ctelestis
1519 1211 1617 1251 nos
1645 1192 1747 1266 ipsi

156 1287 499 1352 claudamus,
527 1288 621 1344 sed
651 1289 828 1359 potius
856 1303 955 1360 per
978 1304 1139 1360 opera
1183 1286 1406 1360 justitiae
1451 1295 1505 1343 et
1538 1287 1751 1343 miseri—

156 1376 387 1441 cordias,
411 1378 631 1448 planum
660 1378 815 1433 nobis
835 1379 939 1433 iter
964 1377 1228 1434 faciamus
1249 1378 1312 1433 ad
1344 1395 1563 1450 regnum
1592 1378 1751 1434 ctelo-

153 1485 307 1523 rum.
341 1470 480 1539 Ergo
506 1467 812 1525 humilitate
850 1479 1052 1535 nostra,
1080 1468 1437 1525 humilitatem
1472 1485 1569 1540 pro
1594 1468 1748 1525 nobis

154 1564 375 1618 Domini
407 1563 575 1619 nostri
622 1564 676 1619 in
728 1564 1049 1619 memoriam
1094 1580 1426 1620 revocemus.
1462 1562 1750 1620 nuntiiiter

150 1654 215 1706 in
249 1654 349 1708 ista
384 1662 543 1709 nocte
572 1653 873 1725 vigilemus,
902 1653 1182 1710 humiliter
1209 1668 1429 1709 oremus
1458 1655 1525 1709 ad
1554 1653 1745 1720 Deum,

149 1747 252 1816 qui
297 1747 464 1818 gloria
493 1746 577 1803 sui
613 1747 830 1803 luminis
874 1746 1197 1803 illuminavit
1223 1748 1361 1803 hanc
1392 1757 1624 1812 noctem,
1661 1745 1749 1801 cui

147 1839 393 1893 dicimus
443 1858 457 1894 :
510 1856 528 1889 ι
573 1840 715 1895 Deus
765 1852 940 1905 meus,
1000 1837 1242 1893 illumina
1286 1838 1538 1894 tenebras
1601 1850 1750 1892 meas

1847 638 2063 693 beatum
2091 636 2191 693 Job
2222 639 2275 692 in
2315 638 2432 709 ejus
2476 654 2706 709 persona
2753 640 2953 697 dictum
3002 640 3218 696 fuerat:
3253 656 3271 693 ί
3303 641 3435 698 Pclli

1846 740 1980 782 mea:
2009 727 2338 797 consumptis
2368 726 2618 784 carnibus
2644 730 2870 786 adhaesit
2898 744 2962 787 os
2986 744 3186 798 meum,
3211 740 3266 788 et
3289 734 3439 790 dere-

1846 819 1971 875 licta
2004 828 2133 875 sunt
2164 821 2537 877 tantummodo
2566 820 2706 877 labia
2728 824 2873 880 circa
2896 826 3085 881 dentes
3116 840 3267 881 meos
3315 824 3438 898 (Job

1848 915 1983 985 xxx).
2015 935 2033 967 ι
2066 914 2229 983 Quasi
2263 914 2407 970 enim
2435 915 2772 987 consumptis
2818 917 3094 985 carnibus,
3135 916 3291 990 pellis
3329 918 3439 974 ossi

1849 1006 2168 1073 adhaeserat,
2217 1008 2433 1079 quando
2482 1007 2761 1078 discipulis
2806 1006 3157 1081 fugientibus,
3186 1011 3441 1067 mulieres

1848 1099 2228 1175 cumDomino
2272 1102 2720 1173 perseverabant.
2752 1095 2860 1156 Sed
2910 1116 3028 1172 quae
3070 1105 3274 1159 arctius
3318 1114 3439 1159 eum

1847 1194 2118 1249 viventem
2144 1192 2461 1261 dilexerant,
2489 1208 2590 1249 nec
2612 1209 2641 1248 a
2667 1199 2879 1248 mortuo
2901 1196 3139 1266 separari
3167 1198 3439 1266 poterant.

1849 1284 1984 1341 Nam
2029 1287 2275 1342 videntes
2306 1303 2428 1343 eum
2472 1284 2706 1358 sepeliri,
2755 1287 3006 1343 sedentes
3045 1296 3232 1345 contra
3260 1285 3441 1360 sepul-

1846 1392 2024 1444 crum,
2072 1387 2132 1433 ut
2169 1377 2503 1448 evangelista
2549 1376 2737 1445 refert,
2769 1386 3093 1434 notaverunt
3136 1380 3333 1447 locum,
3386 1388 3446 1435 ut

1849 1468 2107 1524 abeuntes
2156 1478 2399 1524 emerent
2450 1477 2713 1534 aromata,
2772 1479 2829 1524 et
2859 1469 2945 1524 illa
2976 1479 3152 1537 nocte,
3184 1480 3445 1542 quantum

1847 1572 2159 1635 potuerunt,
2184 1571 2459 1633 unguenta
2489 1573 2931 1636 praeparaverunt
2954 1583 2966 1620 :
2993 1565 3218 1621 sabbato
3242 1577 3446 1633 autem,

1849 1654 2146 1711 secundum
2178 1656 2493 1711 mandatum
2525 1655 2661 1725 legis
2690 1655 2976 1726 siluerunt.
3008 1655 3304 1713 Occidente
3319 1673 3448 1714 vero

1851 1745 1983 1812 sole,
2015 1747 2154 1817 quod
2191 1755 2476 1816 supererat
2512 1745 2979 1818 in‘praeparandis
3016 1749 3304 1820 unguentis
3350 1748 3448 1803 de-

1852 1835 2202 1891 sudaverunt.
2261 1836 2417 1891 Mane
2459 1844 2641 1892 autem
2677 1838 2849 1909 prima
2885 1839 3116 1905 sabbati,
3161 1848 3452 1912 antequam

146 1928 520 2003 (Ρεαιιχνιι),
551 1946 570 1984 ι
606 1931 865 2003 illumque
908 1944 1177 2001 rogemus,
1225 1937 1284 1985 ut
1308 1928 1544 2001 praebeat
1573 1929 1748 1984 lucem
1775 1912 1824 1978 Β
1852 1928 2211 1995 illucesceret,
2262 1944 2384 1985 cum
2430 1929 2748 2000 praeparatis
2793 1930 3126 1985 aromatibus
3156 1930 3221 1984 ad
3269 1930 3450 2002 sepul-

144 2022 414 2078 cordibus
472 2024 703 2089 nostris,
754 2031 815 2078 ut
874 2024 1326 2093 quemadmodum
1392 2020 1755 2093 gaudentibus

139 2115 333 2171 oculis
358 2116 520 2171 istum
546 2116 885 2186 splendorem
927 2115 1189 2170 luminum
1216 2115 1514 2179 cernimus,
1551 2113 1622 2166 ita
1653 2112 1754 2167 hu-

134 2206 245 2276 jus
286 2206 460 2261 noctis
506 2207 820 2277 praeclaram
851 2205 1079 2278 gloriam
1108 2206 1403 2262 iliuminata
1451 2213 1632 2259 mente
1673 2204 1756 2258 vi-

142 2299 406 2362 deamus,
456 2297 743 2368 ipsumque
786 2310 1087 2367 precemur,
1118 2307 1177 2352 ut
1204 2296 1457 2352 exaudiat
1489 2311 1590 2351 nos
1618 2294 1756 2367 vigi-

142 2390 344 2446 lantes
386 2388 441 2442 in
488 2388 828 2443 solemnitate
868 2405 986 2454 sua,
1032 2389 1123 2461 qui
1167 2389 1421 2443 dormivit
1457 2403 1554 2459 pro
1582 2387 1755 2443 salute

143 2487 369 2536 nostra.
415 2480 709 2546 Vigilemus
734 2495 862 2553 ergo
890 2489 945 2535 et
977 2494 1194 2535 oremus
1241 2475 1564 2543 forinsecus,
1614 2478 1757 2533 hanc

144 2570 403 2641 vigiliam
429 2570 783 2627 celebremus.
815 2570 955 2627 Deus
980 2571 1138 2628 nobis
1160 2571 1399 2642 loquitur
1432 2574 1487 2626 in
1515 2570 1759 2626 lectioni-

148 2664 265 2717 bus
292 2661 428 2729 suis,
472 2663 587 2717 Deo
615 2663 901 2735 loquamur
930 2667 981 2719 in
1011 2666 1263 2736 precibus
1305 2666 1525 2721 no'stris.
1557 2666 1614 2720 Si
1647 2665 1759 2720 elo-

156 2757 295 2827 quia
325 2757 441 2828 ejus
491 2758 807 2814 obedienter
851 2759 1203 2825 audierimus,
1254 2761 1307 2815 in
1346 2760 1502 2815 nobis
1548 2759 1757 2815 habitat

157 2865 325 2922 quem
376 2864 651 2922 rogamus,
700 2852 786 2908 cui
830 2862 914 2908 est
957 2854 1133 2909 honor
1161 2861 1215 2909 et
1242 2851 1415 2925 gloria
1458 2854 1512 2908 in
1560 2854 1756 2909 saecula

160 2940 507 2997 saculorum.
534 2940 724 2998 Amen.

726 3072 1011 3132 HOMlLlA
1047 3075 1211 3131 LXX.

619 3204 672 3243 IN
709 3203 797 3243 DIE
832 3202 1035 3244 SANC‘I'O
1070 3202 1305 3242 PASCHB.

1856 2036 2006 2077 crum
2038 2029 2321 2087 venerunt,
2348 2021 2631 2091 cupientes
2657 2020 2771 2090 ejus
2792 2021 3221 2077 sacratissimum
3252 2038 3451 2093 corpus

1856 2111 2047 2167 saltem
2079 2121 2349 2168 mortuum
2384 2126 2604 2182 ungere,
2640 2126 2799 2183 quem
2827 2112 3094 2168 viventem
3129 2114 3294 2169 nimio
3322 2115 3453 2172 dile-

1856 2213 2055 2258 xerant
2094 2218 2297 2257 amore.
2333 2202 2398 2256 Et
2427 2202 2529 2258 hoc
2569 2210 2650 2258 est
2676 2202 2819 2274 quod
2858 2198 3069 2260 Marcus
3093 2205 3205 2259 ait:
3237 2224 3254 2257 ι
3285 2203 3453 2261 Maria

1857 2292 2193 2365 Magdalene,
2215 2302 2271 2347 et
2291 2292 2459 2348 Maria
2484 2291 2694 2360 Jacobi,
2723 2302 2777 2350 et
2799 2294 3040 2363 Salome,
3065 2305 3312 2351 emerunt
3333 2310 3452 2350 aro-

1859 2394 2022 2449 mata,
2055 2406 2073 2438 »
2102 2392 2205 2440 etc.
2236 2385 2305 2440 Et
2331 2385 2556 2456 pulchre
2586 2382 2840 2442 mulieres
2868 2400 2975 2441 uno
2994 2388 3211 2443 nomine
3226 2402 3455 2443 censen-

1858 2483 1967 2543 tur,
1991 2485 2051 2532 ut
2075 2477 2269 2548 quibus
2296 2493 2402 2543 una
2426 2486 2545 2533 erat
2564 2464 2832 2544 voluntas,
2858 2492 3061 2549 parque
3102 2478 3449 2546 desiderium,

1858 2582 2025 2623 unum
2058 2576 2198 2624 esset
2228 2576 2283 2624 et
2309 2569 2653 2624 vocabulum.
2681 2566 2919 2637 Quarum
2956 2571 3237 2625 nominum
3263 2570 3455 2625 distin-

1859 2661 2091 2717 ctionem
2107 2661 2411 2732 evangelica
2436 2660 2595 2717 lectio
2616 2658 2870 2726 ostendit,
2890 2678 2987 2734 per
3007 2662 3269 2734 adjectiva
3288 2663 3458 2717 nomi-

1862 2764 1949 2829 na,
1992 2767 2113 2806 cum
2146 2751 2255 2805 ait:
2285 2771 2301 2802 ι
2330 2748 2658 2822 Magdalene,
2688 2749 2897 2816 Jacobi,
2922 2761 2976 2807 et
2998 2749 3229 2807 Salomc.
3262 2751 3456 2808 iMaria

1861 2841 2171 2915 Magdalene
2203 2858 2231 2897 a
2261 2841 2507 2914 Magdalo
2554 2843 2695 2898 dicta
2737 2850 2821 2898 est
2859 2842 3081 2900 castello
3118 2860 3131 2898 :
3165 2842 3279 2916 ipsa
3319 2860 3454 2915 quo-

1860 2949 1964 3003 que
1995 2948 2149 2991 soror
2177 2934 2276 2988 fuit
2304 2933 2519 2999 Lazari,
2549 2949 2668 3004 quae
2691 2935 2961 3005 quendam
2994 2934 3076 3006 (ut
3117 2933 3295 2991 Lucas
3327 2951 3454 2991 nar-

1861 3026 1965 3099 rat)
1996 3026 2272 3098 peccatrix
2302 3026 2356 3081 in
2385 3025 2605 3081 civitate
2634 3025 2737 3080 fuit
2772 3044 2784 3079 :
2824 3028 2917 3082 sed
2945 3025 3071 3097 quia
3102 3022 3293 3083 dilexit
3321 3028 3458 3082 mul-

1826 3136 1829 3137 '
1863 3128 1993 3184 tum,
2023 3117 2243 3173 dimissa
2287 3116 2333 3171 ei
2373 3125 2499 3172 sunt
2528 3126 2753 3187 peccata
2783 3116 2972 3172 multa.
3014 3117 3182 3173 Maria
3211 3116 3395 3173 Jacobi
3425 3135 3455 3174 a

1866 3208 1978 3264 lilio
1998 3223 2097 3265 suo
2116 3207 2285 3263 Jacob
2307 3208 2450 3262 dicta
2476 3215 2579 3272 est,
2609 3224 2730 3278 quae
2752 3218 3044 3265 matertera
3100 3196 3451 3275 fuit'Domini,

248 3300 441 3371 (Mane.
471 3301 606 3373 xw.)
642 3320 661 3354 ι
697 3301 754 3356 ln
783 3301 874 3357 illo
917 3310 1156 3371 tempore
1183 3315 1196 3354 :
1222 3300 1388 3355 Maria
1420 3298 1752 3371 Magdalene,
1783 3277 1830 3342 δ
1864 3303 1917 3357 id
1943 3311 2027 3357 est
2059 3315 2216 3356 soror
2254 3301 2462 3365 matris,
2503 3309 2557 3356 et
2595 3277 2769 3355 mater
2795 3300 2984 3356 Jacobi
3017 3308 3071 3356 et
3100 3300 3320 3374 Josepb.
3348 3301 3461 3365 Ma-

187 3407 205 3442 ι
251 3399 307 3445 et
345 3390 505 3445 Maria
531 3391 734 3458 Jacobi,
773 3400 827 3446 et
857 3391 1091 3455 Salome,
1120 3399 1368 3445 emerunt
1396 3398 1660 3455 aromata,
1699 3396 1758 3446 ut

187 3501 205 3533 ι
254 3483 527 3539 venientes
573 3492 839 3556 ungerent
884 3484 1089 3539 Jesum.
1142 3503 1159 3535 ι
1212 3482 1280 3537 Ει
1328 3481 1553 3553 reliqua.
1598 3482 1758 3538 Com-

176 3576 588 3633 mendatnobis
636 3576 751 3633 haec
797 3577 1165 3633 sacratissima
1215 3576 1394 3640 lectio,
1447 3584 1757 3631 sanctarum

172 3667 458 3722 mulierum
486 3668 848 3733 devotionem,
884 3666 1229 3723 commendat
1253 3675 1307 3720 et
1333 3666 1644 3738 angelorum
1669 3682 1762 3736 ap-

168 3760 514 3841 paritionem,
543 3768 618 3826 et,
654 3760 796 3829 quod
839 3758 921 3815 bis
953 3740 1126 3828 majus
1165 3767 1266 3822 est,
1307 3757 1636 3812 Dominicam
1670 3771 1760 3811 re-

154 3844 583 3909 ‘surrectionem.
634 3853 741 3910 Sed
785 3862 977 3910 cuncta
1018 3869 1116 3923 per
1163 3853 1406 3909 ordinem
1453 3853 1757 3909 videamus.

167 3941 259 3995 Ait
310 3943 455 3996 enim
504 3943 828 4014 evangelista
875 3962 888 3998 :
940 3961 958 3995 ι
1007 3943 1174 3998 Maria
1218 3941 1550 4014 Magdalene,
1596 3960 1615 3997 ›
1652 3954 1757 4001 etc.

167 4033 451 4088 Praedicta:
506 4040 738 4105 namqne
788 4034 1041 4090 mulieres
1087 4034 1166 4106 (ut
1211 4033 1386 4090 Lucas
1432 4035 1761 4107 evangelista

169 4131 586 4199 commemorat)
612 4144 640 4183 a
663 4128 879 4184 Galilaaa
905 4128 1186 4183 Deminum
1214 4138 1413 4184 secuta:
1434 4129 1670 4195 fuerant,
1696 4129 1763 4184 de

170 4219 289 4273 suis
334 4219 652 4275 substantiis
680 4221 728 4275 ei
774 4221 1144 4276 ministrantes
1193 4240 1205 4273 :
1246 4222 1372 4291 quia
1415 4221 1618 4277 licitum
1645 4229 1764 4277 erat

173 4312 320 4381 apud
346 4311 579 4379 Judzeos,
612 4305 716 4368 nec
736 4313 1032 4370 ducebatur
1079 4315 1130 4370 in
1158 4316 1392 4386 culpam,
1426 4325 1482 4370 ut
1512 4317 1765 4373 mulieres

171 4404 622 4474 praedicatoribus
662 4407 728 4462 de
758 4407 872 4463 suis
903 4407 1248 4464 facultatibus
1274 4411 1476 4464 victum
1522 4418 1574 4464 et
1603 4410 1765 4465 vesti-

173 4503 295 4549 tum
327 4496 713 4552 ministrarent.
765 4498 937 4566 Quam
988 4501 1427 4555 consuetudinem
1480 4510 1767 4559 tenuerunt

171 4585 428 4655 apostoli,
459 4596 579 4657 post
611 4587 819 4642 Domini
867 4588 1337 4657 resurrectionem,
1369 4590 1450 4647 vel
1493 4592 1767 4647 ascensio-

1858 3394 1936 3448 ria
1963 3392 2196 3457 Salome,
2238 3392 2321 3448 vel
2351 3408 2381 3446 a
2408 3392 2545 3460 vico,
2579 3392 2663 3447 vel
2691 3408 2719 3446 a
2749 3393 2868 3447 viro
2900 3394 3044 3447 dicta
3068 3402 3171 3449 est.
3206 3393 3453 3450 Tradunt

1857 3498 2001 3539 enim
2031 3498 2149 3538 eam
2183 3481 2439 3539 habuisse
2467 3482 2602 3538 duos
2628 3483 2798 3551 viros,
2830 3482 3122 3554 Cleopbam
3164 3485 3371 3541 scilicet
3399 3495 3455 3542 et

1861 3577 2128 3634 Salomem
2157 3595 2169 3630 :
2196 3577 2364 3646 ipsam
2401 3576 2589 3631 volunt
2624 3592 2766 3643 esse,
2799 3593 2918 3648 qua:
2947 3576 3074 3633 alibi
3103 3576 3270 3633 Maria
3306 3577 3459 3635 Cleo-

1860 3670 1981 3742 phte
2006 3669 2324 3741 appellatur.
2346 3668 2512 3724 Maria
2537 3676 2716 3724 autem
2735 3667 2978 3742 Syriace,
3009 3669 3275 3725 nobiscum
3301 3670 3453 3726 stella
3498 3704 3499 3707 η

1862 3762 2056 3828 maris,
2108 3762 2220 3816 sive
2265 3761 2478 3815 domina
2532 3760 2924 3831 interpretatur
2963 3780 2975 3816 :
3020 3762 3289 3835 signiﬁcat
3333 3779 3460 3820 vero

1860 3850 2183 3917 Ecclesiam,
2214 3862 2334 3922 qua
2363 3852 2415 3905 in
2438 3851 2617 3907 medio
2639 3852 2877 3907 nationis
2903 3869 3085 3924 prava:
3108 3863 3161 3910 et
3190 3868 3459 3925 perversa:

1862 3944 2005 3999 lueet
2056 3955 2309 4015 tanquam
2358 3943 2645 3999 luminaria
2687 3944 2740 3999 in
2784 3945 3010 4011 mumlo,
3057 3945 3280 4001 verbum
3329 3947 3453 4003 vitae

1863 4041 2165 4096 continens.
2210 4037 2339 4107 Qua:
2389 4038 2731 4111 significatio,
2773 4041 3022 4111 quamvis
3062 4041 3153 4096 Dei
3204 4043 3453 4113 genitrici

1865 4133 2218 4204 spiritualiter
2264 4140 2545 4204 congruat,
2589 4147 2692 4204 per
2720 4131 2872 4201 cujus
2901 4142 3113 4203 partum
3162 4134 3462 4207 virgineum

1867 4220 1957 4279 Sol
1979 4221 2203 4293 iustitia:
2230 4222 2432 4278 mundo
2456 4222 2810 4294 resplenduit,
2845 4232 3023 4279 tamen
3059 4233 3113 4279 et
3144 4224 3258 4280 istis
3286 4234 3463 4296 potest

1866 4330 2190 4385 congruere,
2219 4330 2338 4385 quae
2373 4330 2497 4370 cum
2525 4314 2857 4371 aromatibus
2886 4315 3161 4371 venientes
3192 4318 3258 4370 ad
3287 4317 3463 4387 sepul-

1867 4420 2040 4474 crum,
2065 4408 2299 4479 primum
2340 4406 2680 4478 splendorem
2724 4404 3019 4462 Dominicae
3046 4408 3462 4463 resurrectionis

1868 4501 2068 4557 mundo
2096 4501 2500 4557 nuntiaverunt.
2536 4499 2761 4573 Mystice
2790 4510 2990 4564 autem,
3033 4516 3130 4571 per
3162 4500 3257 4555 has
3301 4503 3461 4557 devo-

1870 4592 2107 4647 tissimas
2153 4593 2423 4656 mulieres,
2460 4599 2648 4647 sancta
2690 4590 2925 4648 Ecclesia
2957 4591 3291 4662 designatur,
3334 4608 3465 4662 qua-

173 4651 326 4739 nem,
347 4651 487 4745 quod
509 4678 780 4747 apostolus
808 4677 1002 4734 Paulus
1024 4680 1243 4749 probat;
1274 4651 1367 4738 sed
1388 4682 1521 4753 ipse,
1546 4692 1768 4754 propter
1796 4651 1845 4711 D
1876 4701 1996 4740 rum
2018 4684 2293 4739 nominum
2322 4651 2696 4754 interpretatio
2724 4689 2868 4737 recte
2891 4680 2997 4736 illis
3019 4651 3288 4753 congruit.
3317 4651 3462 4754 Mag-

173 4769 458 4822 vitandum
484 4770 797 4825 scandalum
828 4772 967 4826 inter
1002 4782 1210 4844 gentes,
1252 4774 1353 4830 hac
1379 4777 1765 4832 consuetudine

174 4863 255 4916 uti
306 4861 493 4927 noluit,
531 4863 714 4918 dicens
739 4883 749 4917 :
782 4882 801 4915 ‹
829 4863 1077 4935 Nunquid
1107 4882 1211 4921 non
1241 4868 1499 4923 habemus
1524 4877 1764 4939 potesta-

176 4960 292 5006 tem
318 4966 556 5007 sororem
586 4952 863 5009 mulierem
906 4956 1361 5021 circumducendi,
1408 4960 1548 5015 sicut
1573 4970 1628 5016 et
1656 4976 1763 5015 cae-

178 5043 285 5098 teri
319 5044 563 5112 apostoli,
608 5053 661 5100 et
694 5044 892 5101 fratres
937 5048 1168 5108 Domini.
1208 5059 1263 5104 et
1304 5048 1514 5120 Cephas
1545 5048 1596 5123 (1
1638 5052 1761 5106 Cor.

177 5135 260 5197 Ix)
282 5134 309 5186 ?
339 5154 359 5185 ι
391 5134 601 5204 Cephas
627 5136 866 5208 Syriace,
898 5137 1086 5195 Latine
1133 5140 1332 5195 dicitur
1365 5141 1574 5198 Petrus.
1619 5143 1696 5198 Ac
1723 5141 1768 5197 si

179 5232 411 5293 diceret,
449 5230 726 5288 habemus.
754 5232 819 5287 Et
842 5232 891 5287 in
922 5232 1145 5289 Actibus
1169 5235 1531 5305 apostolorum
1557 5237 1621 5290 de
1641 5236 1770 5306 ipsis

180 5322 446 5391 apostolis
484 5323 711 5394 legitur:
745 5344 759 5373 ι
801 5322 863 5378 Hi
894 5340 1080 5379 omnes
1111 5332 1267 5380 erant
1298 5326 1626 5380 unanimiter
1650 5342 1774 5397 per-

180 5422 499 5470 severantes
531 5416 584 5469 in
613 5416 857 5471 oratione
886 5432 1005 5472 cum
1037 5417 1349 5473 mulieribus
1379 5426 1431 5472 et
1463 5418 1627 5473 Maria
1660 5437 1773 5474 ma-

183 5514 274 5560 ter
301 5503 426 5559 Jesu
451 5504 590 5569 (Act.
621 5506 683 5575 ι).
724 5527 742 5557 ι
779 5507 885 5561 Sed
924 5506 1175 5565 mulieres
1218 5524 1337 5579 qum
1376 5510 1660 5564 Dominum
1691 5525 1773 5565 se-

183 5604 332 5649 cuta!
380 5593 620 5661 fuerant,
681 5597 925 5651 videntes
969 5611 1090 5652 eum
1140 5598 1545 5669 comprehendi,
1598 5599 1776 5671 ligari,

184 5685 451 5757 ﬂagellari
489 5695 545 5742 et
581 5687 845 5759 cmcillgi,
892 5688 1167 5758 discipulis
1194 5692 1283 5760 qui
1316 5690 1567 5746 dicebant
1595 5693 1774 5762 prius,

192 5800 212 5831 σ
259 5780 462 5835 Eamus
490 5790 683 5841 cruos,
719 5790 777 5836 ut
808 5782 1101 5836 moriamur
1128 5798 1248 5836 cum
1275 5781 1365 5839 illo
1395 5782 1574 5855 (Joan.
1612 5784 1711 5855 ιι),
1757 5802 1775 5837 ι

184 5868 550 5940 fugientibus,
583 5871 711 5945 ipsa».
740 5888 860 5927 cum
883 5888 949 5929 eo
980 5883 1390 5930 remanserunt:
1416 5885 1471 5931 et
1495 5878 1573 5931 sic
1598 5876 1784 5950 imple-

1877 4779 2029 4834 dalns
2069 4793 2218 4845 vero,
2245 4793 2276 4832 a
2317 4794 2423 4849 quo
2444 4777 2610 4832 Maria
2634 4775 2943 4849 Magdalena
2960 4775 3100 4832 dicta
3123 4786 3226 4841 est,
3249 4785 3307 4830 ut
3330 4776 3466 4831 dixi-

1877 4884 2019 4935 mus,
2038 4870 2199 4924 turris
2215 4869 2617 4939 interpretatur,
2634 4877 2688 4924 et
2710 4867 2980 4940 significat
3001 4866 3314 4923 Ecclesiam.
3332 4867 3466 4923 Tur-

1878 4960 1951 5015 ris
1986 4960 2181 5031 quippe
2201 4975 2306 5015 non
2329 4959 2499 5014 solum
2523 4958 2827 5023 sublimior,
2845 4958 2938 5013 sed
2955 4959 3119 5014 etiam
3141 4960 3332 5015 domus
3360 4969 3461 5025 est,

1878 5072 1982 5110 non
1999 5053 2155 5109 facile
2168 5052 2410 5109 hostibus
2426 5060 2613 5124 patens
2632 5070 2643 5103 :
2662 5068 2724 5108 ac
2745 5068 2840 5123 per
2859 5053 2962 5107 hoc
2985 5050 3276 5114 Ecclesium
3302 5053 3465 5124 signi-

1874 5147 2020 5213 fleat,
2034 5161 2154 5217 quae
2177 5154 2456 5201 etterrena
2479 5144 2702 5211 deserit,
2727 5152 2780 5200 et
2801 5143 3044 5200 etelestia
3068 5144 3355 5209 desiderat,
3373 5162 3465 5216 pn-

1876 5254 2046 5310 gnans
2093 5239 2232 5293 inter
2266 5235 2537 5308 spiritales
2568 5237 2859 5308 nequitias,
2904 5236 3142 5307 quotidie
3168 5236 3268 5292 sibi
3296 5236 3452 5290 auxi-

1876 5330 2005 5384 lium
2039 5346 2068 5383 a
2096 5330 2204 5383 Deo
2232 5328 2296 5382 de
2320 5326 2569 5397 supernis
2599 5326 2943 5399 postulando,
2973 5334 3030 5381 ut
3055 5327 3261 5397 antiqui
3291 5325 3463 5380 hostis

1880 5420 2102 5475 insidias
2142 5433 2401 5489 superare
2428 5418 2631 5489 possit,
2674 5417 3155 5489 fortitudinemque
3178 5434 3329 5473 suam
3361 5433 3466 5470 non

1885 5512 2019 5576 sibi,
2069 5510 2159 5566 sed
2192 5511 2419 5565 Domino
2458 5512 2765 5578 committit,
2798 5527 2961 5566 orans
3000 5527 3120 5565 tum
3160 5507 3465 5579 Propheta:

1891 5623 1908 5653 ι
1949 5601 2080 5657 Esto
2102 5601 2253 5665 mihi,
2289 5601 2537 5668 Domine,
2569 5603 2733 5658 turris
2763 5600 3117 5667 fortitudinis,
3146 5618 3173 5655 a
3199 5599 3333 5654 fat-ie
3368 5600 3470 5654 ini-
3536 5590 3543 5595 ’

1888 5691 2011 5746 ιυὶεί
2059 5688 2228 5761 (Psal.
2265 5689 2377 5763 ιε).
2412 5712 2429 5744 ι
2465 5690 2590 5748 Hinc
2630 5692 2772 5748 enim
2815 5691 2907 5747 illa
2935 5700 3016 5746 est
3046 5690 3206 5744 turris
3239 5689 3389 5745 fortis
3416 5702 3471 5745 et

1890 5781 2340 5853 inexpugnabilis,
2373 5784 2460 5838 cui
2489 5800 2621 5840 voce
2656 5782 2838 5854 sponsi
2878 5781 2931 5836 in
2959 5781 3195 5837 Canticis
3227 5783 3469 5837 cantico-

1894 5889 2012 5931 rum
2044 5874 2279 5929 dicitur:
2311 5894 2329 5926 ι
2360 5874 2513 5932 Sicut
2542 5877 2707 5931 turris
2736 5874 2905 5929 David
2937 5872 3129 5931 collum
3160 5886 3328 5942 tuum,
3351 5890 3471 5948 quae
3542 5859 3549 5865 ’
