  <div class='ocr_page' id='page_1' title='image "/cluster/home/n/w/nwhite01/storage/ocr_20150623/118/hvd.32044015466907/229.png"; bbox 0 0 3934 6346; ppageno 0'>
   <div class='ocr_carea' id='block_1_1' title="bbox 517 410 620 465">
    <p class='ocr_par' dir='ltr' id='par_1_1' title="bbox 517 410 620 465">
     <span class='ocr_line' id='line_1_1' title="bbox 517 410 620 465; baseline 0.01 -1"><span class='ocrx_word' id='word_1_1' title='bbox 517 410 620 465; x_wconf 69' lang='grc'><strong>447</strong></span> 
     </span>
    </p>
   </div>
   <div class='ocr_carea' id='block_1_2' title="bbox 1129 394 3160 459">
    <p class='ocr_par' dir='ltr' id='par_1_2' title="bbox 1129 394 3160 459">
     <span class='ocr_line' id='line_1_2' title="bbox 1129 394 3160 459; baseline -0.004 0"><span class='ocrx_word' id='word_1_2' title='bbox 1129 401 1479 459; x_wconf 78' lang='lat' dir='ltr'><strong>HAYMONIS</strong></span> <span class='ocrx_word' id='word_1_3' title='bbox 1515 399 1990 456; x_wconf 81' lang='lat' dir='ltr'><strong>HALBERSTAT.</strong></span> <span class='ocrx_word' id='word_1_4' title='bbox 2039 397 2252 454; x_wconf 80' lang='lat' dir='ltr'><strong>EPISC.</strong></span> <span class='ocrx_word' id='word_1_5' title='bbox 2293 397 2439 453; x_wconf 88' lang='lat' dir='ltr'><strong>OPP.</strong></span> <span class='ocrx_word' id='word_1_6' title='bbox 2503 395 2683 452; x_wconf 78' lang='lat' dir='ltr'><strong>PARS</strong></span> <span class='ocrx_word' id='word_1_7' title='bbox 2718 394 2782 450; x_wconf 88' lang='grc'><strong>11.</strong></span> <span class='ocrx_word' id='word_1_8' title='bbox 2821 425 2891 436; x_wconf 90' lang='grc'><strong>-</strong></span> <span class='ocrx_word' id='word_1_9' title='bbox 2927 394 3160 452; x_wconf 77' lang='lat' dir='ltr'><strong>HOMIL.</strong></span> 
     </span>
    </p>
   </div>
   <div class='ocr_carea' id='block_1_3' title="bbox 3723 400 3832 452">
    <p class='ocr_par' dir='ltr' id='par_1_3' title="bbox 3723 400 3832 452">
     <span class='ocr_line' id='line_1_3' title="bbox 3723 400 3832 452; baseline 0 0"><span class='ocrx_word' id='word_1_10' title='bbox 3723 400 3832 452; x_wconf 69' lang='grc'><strong>448</strong></span> 
     </span>
    </p>
   </div>
   <div class='ocr_carea' id='block_1_4' title="bbox 515 506 3830 587">
    <p class='ocr_par' dir='ltr' id='par_1_4' title="bbox 515 506 3830 587">
     <span class='ocr_line' id='line_1_4' title="bbox 515 506 3830 587; baseline -0.004 -9"><span class='ocrx_word' id='word_1_11' title='bbox 515 522 779 578; x_wconf 80' lang='lat' dir='ltr'><strong>:ediﬁcata</strong></span> <span class='ocrx_word' id='word_1_12' title='bbox 799 529 879 575; x_wconf 87' lang='lat' dir='ltr'><strong>est</strong></span> <span class='ocrx_word' id='word_1_13' title='bbox 905 532 1025 574; x_wconf 91' lang='lat' dir='ltr'><strong>cum</strong></span> <span class='ocrx_word' id='word_1_14' title='bbox 1047 515 1477 587; x_wconf 76' lang='lat' dir='ltr'><strong>propugnaculis.</strong></span> <span class='ocrx_word' id='word_1_15' title='bbox 1500 514 1641 570; x_wconf 80' lang='lat' dir='ltr'><strong>Mille</strong></span> <span class='ocrx_word' id='word_1_16' title='bbox 1665 513 1837 585; x_wconf 86' lang='lat' dir='ltr'><strong>clypei</strong></span> <span class='ocrx_word' id='word_1_17' title='bbox 1860 514 2094 584; x_wconf 91' lang='lat' dir='ltr'><strong>pendent</strong></span> <span class='ocrx_word' id='word_1_18' title='bbox 2120 515 2169 574; x_wconf 76' lang='grc' dir='ltr'>Α</span> <span class='ocrx_word' id='word_1_19' title='bbox 2197 509 2479 565; x_wconf 74' lang='lat' dir='ltr'><strong>Matthaeus</strong></span> <span class='ocrx_word' id='word_1_20' title='bbox 2531 507 2802 564; x_wconf 81' lang='lat' dir='ltr'><strong>describat</strong></span> <span class='ocrx_word' id='word_1_21' title='bbox 2838 526 2851 562; x_wconf 92' lang='lat'><strong>:</strong></span> <span class='ocrx_word' id='word_1_22' title='bbox 2908 525 2928 560; x_wconf 88' lang='grc' dir='ltr'><strong>ι</strong></span> <span class='ocrx_word' id='word_1_23' title='bbox 2976 506 3215 579; x_wconf 79' lang='lat' dir='ltr'><strong>Vespere</strong></span> <span class='ocrx_word' id='word_1_24' title='bbox 3269 518 3450 566; x_wconf 89' lang='lat' dir='ltr'><strong>autem</strong></span> <span class='ocrx_word' id='word_1_25' title='bbox 3539 508 3794 564; x_wconf 76' lang='lat' dir='ltr'><strong>sabbati</strong></span> <span class='ocrx_word' id='word_1_26' title='bbox 3815 552 3830 577; x_wconf 92' lang='lat'><strong>,</strong></span> 
     </span>
    </p>
   </div>
   <div class='ocr_carea' id='block_1_5' title="bbox 514 603 2088 677">
    <p class='ocr_par' dir='ltr' id='par_1_5' title="bbox 514 603 2088 677">
     <span class='ocr_line' id='line_1_5' title="bbox 514 603 2088 677; baseline -0.006 -9"><span class='ocrx_word' id='word_1_27' title='bbox 514 628 581 668; x_wconf 82' lang='lat' dir='ltr'><strong>ex</strong></span> <span class='ocrx_word' id='word_1_28' title='bbox 611 627 673 669; x_wconf 84' lang='lat' dir='ltr'><strong>ea</strong></span> <span class='ocrx_word' id='word_1_29' title='bbox 695 653 709 677; x_wconf 96' lang='lat'><strong>,</strong></span> <span class='ocrx_word' id='word_1_30' title='bbox 753 611 928 666; x_wconf 90' lang='lat' dir='ltr'><strong>omnis</strong></span> <span class='ocrx_word' id='word_1_31' title='bbox 967 616 1239 662; x_wconf 86' lang='lat' dir='ltr'><strong>armatura</strong></span> <span class='ocrx_word' id='word_1_32' title='bbox 1270 606 1488 662; x_wconf 79' lang='lat' dir='ltr'><strong>fortium</strong></span> <span class='ocrx_word' id='word_1_33' title='bbox 1525 605 1700 677; x_wconf 83' lang='lat' dir='ltr'><strong>(Cant.</strong></span> <span class='ocrx_word' id='word_1_34' title='bbox 1729 604 1823 675; x_wconf 82' lang='lat' dir='ltr'><strong>iv).</strong></span> <span class='ocrx_word' id='word_1_35' title='bbox 1862 625 1880 655; x_wconf 77' lang='grc' dir='ltr'><strong>ι</strong></span> <span class='ocrx_word' id='word_1_36' title='bbox 1921 604 1987 658; x_wconf 85' lang='grc' dir='ltr'><strong>Ει</strong></span> <span class='ocrx_word' id='word_1_37' title='bbox 2020 603 2088 658; x_wconf 90' lang='lat' dir='ltr'><strong>de</strong></span> 
     </span>
    </p>
   </div>
   <div class='ocr_carea' id='block_1_6' title="bbox 515 693 2092 774">
    <p class='ocr_par' dir='ltr' id='par_1_6' title="bbox 515 693 2092 774">
     <span class='ocr_line' id='line_1_6' title="bbox 515 693 2092 774; baseline -0.007 -17"><span class='ocrx_word' id='word_1_38' title='bbox 515 719 620 774; x_wconf 83' lang='lat' dir='ltr'><strong>qua</strong></span> <span class='ocrx_word' id='word_1_39' title='bbox 658 701 907 757; x_wconf 89' lang='lat' dir='ltr'><strong>Salomon</strong></span> <span class='ocrx_word' id='word_1_40' title='bbox 937 699 1050 754; x_wconf 86' lang='lat' dir='ltr'><strong>ait:</strong></span> <span class='ocrx_word' id='word_1_41' title='bbox 1089 697 1276 753; x_wconf 86' lang='lat' dir='ltr'><strong>Turris</strong></span> <span class='ocrx_word' id='word_1_42' title='bbox 1303 695 1598 752; x_wconf 90' lang='lat' dir='ltr'><strong>fortissima</strong></span> <span class='ocrx_word' id='word_1_43' title='bbox 1629 710 1827 750; x_wconf 91' lang='lat' dir='ltr'><strong>nomen</strong></span> <span class='ocrx_word' id='word_1_44' title='bbox 1855 693 2092 759; x_wconf 89' lang='lat' dir='ltr'><strong>Domini,</strong></span> 
     </span>
    </p>
   </div>
   <div class='ocr_carea' id='block_1_7' title="bbox 517 782 2094 862">
    <p class='ocr_par' dir='ltr' id='par_1_7' title="bbox 517 782 2094 862">
     <span class='ocr_line' id='line_1_7' title="bbox 517 782 2094 862; baseline -0.007 -13"><span class='ocrx_word' id='word_1_45' title='bbox 517 794 586 849; x_wconf 86' lang='lat' dir='ltr'><strong>ad</strong></span> <span class='ocrx_word' id='word_1_46' title='bbox 617 794 785 862; x_wconf 83' lang='lat' dir='ltr'><strong>ipsam</strong></span> <span class='ocrx_word' id='word_1_47' title='bbox 810 790 988 846; x_wconf 88' lang='lat' dir='ltr'><strong>currit</strong></span> <span class='ocrx_word' id='word_1_48' title='bbox 1024 788 1221 858; x_wconf 91' lang='lat' dir='ltr'><strong>justus,</strong></span> <span class='ocrx_word' id='word_1_49' title='bbox 1250 799 1306 843; x_wconf 91' lang='lat' dir='ltr'><strong>et</strong></span> <span class='ocrx_word' id='word_1_50' title='bbox 1335 787 1680 843; x_wconf 90' lang='lat' dir='ltr'><strong>exaltabitur.</strong></span> <span class='ocrx_word' id='word_1_51' title='bbox 1717 785 1884 839; x_wconf 74' lang='lat' dir='ltr'><strong>Maria</strong></span> <span class='ocrx_word' id='word_1_52' title='bbox 1909 782 2094 839; x_wconf 82' lang='lat' dir='ltr'><strong>Jacobi</strong></span> 
     </span>
    </p>
   </div>
   <div class='ocr_carea' id='block_1_8' title="bbox 520 876 2094 954">
    <p class='ocr_par' dir='ltr' id='par_1_8' title="bbox 520 876 2094 954">
     <span class='ocr_line' id='line_1_8' title="bbox 520 876 2094 954; baseline -0.006 -15"><span class='ocrx_word' id='word_1_53' title='bbox 520 886 902 954; x_wconf 86' lang='lat' dir='ltr'><strong>interpretatur</strong></span> <span class='ocrx_word' id='word_1_54' title='bbox 925 880 1314 951; x_wconf 73' lang='lat' dir='ltr'><strong>supplantatrix</strong></span> <span class='ocrx_word' id='word_1_55' title='bbox 1338 899 1349 934; x_wconf 94' lang='lat'><strong>:</strong></span> <span class='ocrx_word' id='word_1_56' title='bbox 1383 879 1650 950; x_wconf 90' lang='lat' dir='ltr'><strong>signiﬁcat</strong></span> <span class='ocrx_word' id='word_1_57' title='bbox 1677 885 1733 932; x_wconf 90' lang='lat' dir='ltr'><strong>et</strong></span> <span class='ocrx_word' id='word_1_58' title='bbox 1769 877 1883 946; x_wconf 91' lang='lat' dir='ltr'><strong>ipsa</strong></span> <span class='ocrx_word' id='word_1_59' title='bbox 1907 876 2094 932; x_wconf 86' lang='lat' dir='ltr'><strong>Eccle-</strong></span> 
     </span>
    </p>
   </div>
   <div class='ocr_carea' id='block_1_9' title="bbox 515 968 2096 1047">
    <p class='ocr_par' dir='ltr' id='par_1_9' title="bbox 515 968 2096 1047">
     <span class='ocr_line' id='line_1_9' title="bbox 515 968 2096 1047; baseline -0.008 -13"><span class='ocrx_word' id='word_1_60' title='bbox 515 979 674 1044; x_wconf 84' lang='lat' dir='ltr'><strong>siam,</strong></span> <span class='ocrx_word' id='word_1_61' title='bbox 722 992 840 1047; x_wconf 84' lang='lat' dir='ltr'><strong>quae</strong></span> <span class='ocrx_word' id='word_1_62' title='bbox 866 984 928 1030; x_wconf 92' lang='lat' dir='ltr'><strong>ut</strong></span> <span class='ocrx_word' id='word_1_63' title='bbox 947 974 1178 1029; x_wconf 83' lang='lat' dir='ltr'><strong>virtutes</strong></span> <span class='ocrx_word' id='word_1_64' title='bbox 1208 972 1454 1042; x_wconf 90' lang='lat' dir='ltr'><strong>accipere</strong></span> <span class='ocrx_word' id='word_1_65' title='bbox 1475 971 1667 1041; x_wconf 91' lang='lat' dir='ltr'><strong>possit,</strong></span> <span class='ocrx_word' id='word_1_66' title='bbox 1688 970 1818 1024; x_wconf 90' lang='lat' dir='ltr'><strong>vitia</strong></span> <span class='ocrx_word' id='word_1_67' title='bbox 1841 968 2096 1040; x_wconf 89' lang='lat' dir='ltr'><strong>supplan-</strong></span> 
     </span>
    </p>
   </div>
   <div class='ocr_carea' id='block_1_10' title="bbox 515 1061 2092 1132">
    <p class='ocr_par' dir='ltr' id='par_1_10' title="bbox 515 1061 2092 1132">
     <span class='ocr_line' id='line_1_10' title="bbox 515 1061 2092 1132; baseline -0.006 -7"><span class='ocrx_word' id='word_1_68' title='bbox 515 1079 632 1125; x_wconf 86' lang='lat' dir='ltr'><strong>tare</strong></span> <span class='ocrx_word' id='word_1_69' title='bbox 682 1069 850 1124; x_wconf 88' lang='lat' dir='ltr'><strong>novit.</strong></span> <span class='ocrx_word' id='word_1_70' title='bbox 901 1067 1068 1122; x_wconf 79' lang='lat' dir='ltr'><strong>Maria</strong></span> <span class='ocrx_word' id='word_1_71' title='bbox 1135 1064 1351 1121; x_wconf 86' lang='lat' dir='ltr'><strong>Salome</strong></span> <span class='ocrx_word' id='word_1_72' title='bbox 1407 1064 1796 1132; x_wconf 87' lang='lat' dir='ltr'><strong>interpretatur</strong></span> <span class='ocrx_word' id='word_1_73' title='bbox 1831 1061 2092 1132; x_wconf 76' lang='lat' dir='ltr'><strong>paciﬁca:</strong></span> 
     </span>
    </p>
   </div>
   <div class='ocr_carea' id='block_1_11' title="bbox 514 1153 2098 1232">
    <p class='ocr_par' dir='ltr' id='par_1_11' title="bbox 514 1153 2098 1232">
     <span class='ocr_line' id='line_1_11' title="bbox 514 1153 2098 1232; baseline -0.007 -15"><span class='ocrx_word' id='word_1_74' title='bbox 514 1163 765 1232; x_wconf 75' lang='lat' dir='ltr'><strong>congruit</strong></span> <span class='ocrx_word' id='word_1_75' title='bbox 791 1170 846 1216; x_wconf 89' lang='lat' dir='ltr'><strong>et</strong></span> <span class='ocrx_word' id='word_1_76' title='bbox 877 1161 994 1230; x_wconf 89' lang='lat' dir='ltr'><strong>ipsa</strong></span> <span class='ocrx_word' id='word_1_77' title='bbox 1018 1157 1296 1223; x_wconf 73' lang='lat' dir='ltr'><strong>Ecclesiae,</strong></span> <span class='ocrx_word' id='word_1_78' title='bbox 1321 1171 1441 1227; x_wconf 84' lang='lat' dir='ltr'><strong>quae</strong></span> <span class='ocrx_word' id='word_1_79' title='bbox 1464 1170 1568 1210; x_wconf 92' lang='lat' dir='ltr'><strong>non</strong></span> <span class='ocrx_word' id='word_1_80' title='bbox 1597 1153 1768 1209; x_wconf 88' lang='lat' dir='ltr'><strong>solum</strong></span> <span class='ocrx_word' id='word_1_81' title='bbox 1800 1154 1852 1207; x_wconf 91' lang='lat' dir='ltr'><strong>in</strong></span> <span class='ocrx_word' id='word_1_82' title='bbox 1878 1167 2098 1223; x_wconf 89' lang='lat' dir='ltr'><strong>prospe-</strong></span> 
     </span>
    </p>
   </div>
   <div class='ocr_carea' id='block_1_12' title="bbox 492 1244 2093 1318">
    <p class='ocr_par' dir='ltr' id='par_1_12' title="bbox 492 1244 2093 1318">
     <span class='ocr_line' id='line_1_12' title="bbox 492 1244 2093 1318; baseline -0.007 -10"><span class='ocrx_word' id='word_1_83' title='bbox 492 1253 611 1318; x_wconf 81' lang='lat' dir='ltr'><strong>ris,</strong></span> <span class='ocrx_word' id='word_1_84' title='bbox 643 1252 743 1307; x_wconf 92' lang='lat' dir='ltr'><strong>sed</strong></span> <span class='ocrx_word' id='word_1_85' title='bbox 765 1251 930 1305; x_wconf 88' lang='lat' dir='ltr'><strong>etiam</strong></span> <span class='ocrx_word' id='word_1_86' title='bbox 958 1250 1012 1304; x_wconf 92' lang='lat' dir='ltr'><strong>in</strong></span> <span class='ocrx_word' id='word_1_87' title='bbox 1043 1247 1282 1303; x_wconf 83' lang='lat' dir='ltr'><strong>adversis</strong></span> <span class='ocrx_word' id='word_1_88' title='bbox 1311 1244 1635 1300; x_wconf 89' lang='lat' dir='ltr'><strong>invisibilem</strong></span> <span class='ocrx_word' id='word_1_89' title='bbox 1665 1258 1852 1314; x_wconf 88' lang='lat' dir='ltr'><strong>pacem</strong></span> <span class='ocrx_word' id='word_1_90' title='bbox 1880 1250 2093 1308; x_wconf 91' lang='lat' dir='ltr'><strong>servat,</strong></span> 
     </span>
    </p>
   </div>
   <div class='ocr_carea' id='block_1_13' title="bbox 515 1337 2094 1415">
    <p class='ocr_par' dir='ltr' id='par_1_13' title="bbox 515 1337 2094 1415">
     <span class='ocr_line' id='line_1_13' title="bbox 515 1337 2094 1415; baseline -0.008 -13"><span class='ocrx_word' id='word_1_91' title='bbox 515 1347 701 1402; x_wconf 92' lang='lat' dir='ltr'><strong>dicens</strong></span> <span class='ocrx_word' id='word_1_92' title='bbox 719 1359 842 1399; x_wconf 92' lang='lat' dir='ltr'><strong>cum</strong></span> <span class='ocrx_word' id='word_1_93' title='bbox 865 1341 1179 1415; x_wconf 88' lang='lat' dir='ltr'><strong>prophetis:</strong></span> <span class='ocrx_word' id='word_1_94' title='bbox 1207 1358 1227 1392; x_wconf 82' lang='grc' dir='ltr'><strong>ι</strong></span> <span class='ocrx_word' id='word_1_95' title='bbox 1255 1338 1388 1396; x_wconf 90' lang='lat' dir='ltr'><strong>Cum</strong></span> <span class='ocrx_word' id='word_1_96' title='bbox 1415 1339 1500 1393; x_wconf 87' lang='lat' dir='ltr'><strong>his</strong></span> <span class='ocrx_word' id='word_1_97' title='bbox 1521 1338 1613 1408; x_wconf 91' lang='lat' dir='ltr'><strong>qui</strong></span> <span class='ocrx_word' id='word_1_98' title='bbox 1633 1337 1862 1393; x_wconf 86' lang='lat' dir='ltr'><strong>oderunt</strong></span> <span class='ocrx_word' id='word_1_99' title='bbox 1885 1350 2094 1405; x_wconf 91' lang='lat' dir='ltr'><strong>pacem,</strong></span> 
     </span>
    </p>
   </div>
   <div class='ocr_carea' id='block_1_14' title="bbox 516 1427 2099 1505">
    <p class='ocr_par' dir='ltr' id='par_1_14' title="bbox 516 1427 2099 1505">
     <span class='ocr_line' id='line_1_14' title="bbox 516 1427 2099 1505; baseline -0.006 -14"><span class='ocrx_word' id='word_1_100' title='bbox 516 1451 666 1491; x_wconf 89' lang='lat' dir='ltr'><strong>eram</strong></span> <span class='ocrx_word' id='word_1_101' title='bbox 708 1433 968 1505; x_wconf 88' lang='lat' dir='ltr'><strong>paciﬁcus</strong></span> <span class='ocrx_word' id='word_1_102' title='bbox 1000 1429 1175 1503; x_wconf 74' lang='lat' dir='ltr'><strong>(Psal.</strong></span> <span class='ocrx_word' id='word_1_103' title='bbox 1213 1430 1386 1500; x_wconf 76' lang='lat' dir='ltr'><strong>cxrx).</strong></span> <span class='ocrx_word' id='word_1_104' title='bbox 1420 1449 1438 1480; x_wconf 77' lang='grc' dir='ltr'><strong>ι</strong></span> <span class='ocrx_word' id='word_1_105' title='bbox 1474 1429 1540 1484; x_wconf 85' lang='grc' dir='ltr'><strong>Ει</strong></span> <span class='ocrx_word' id='word_1_106' title='bbox 1565 1429 1758 1484; x_wconf 90' lang='lat' dir='ltr'><strong>iterum</strong></span> <span class='ocrx_word' id='word_1_107' title='bbox 1783 1443 1797 1482; x_wconf 90' lang='lat'><strong>:</strong></span> <span class='ocrx_word' id='word_1_108' title='bbox 1826 1447 1844 1480; x_wconf 88' lang='grc' dir='ltr'><strong>ι</strong></span> <span class='ocrx_word' id='word_1_109' title='bbox 1876 1427 1932 1482; x_wconf 86' lang='grc' dir='ltr'><strong>1η</strong></span> <span class='ocrx_word' id='word_1_110' title='bbox 1966 1441 2099 1496; x_wconf 85' lang='lat' dir='ltr'><strong>pace</strong></span> 
     </span>
    </p>
   </div>
   <div class='ocr_carea' id='block_1_15' title="bbox 519 1519 2094 1593">
    <p class='ocr_par' dir='ltr' id='par_1_15' title="bbox 519 1519 2094 1593">
     <span class='ocr_line' id='line_1_15' title="bbox 519 1519 2094 1593; baseline -0.003 -13"><span class='ocrx_word' id='word_1_111' title='bbox 519 1526 694 1580; x_wconf 86' lang='lat' dir='ltr'><strong>factus</strong></span> <span class='ocrx_word' id='word_1_112' title='bbox 719 1534 802 1580; x_wconf 87' lang='lat' dir='ltr'><strong>est</strong></span> <span class='ocrx_word' id='word_1_113' title='bbox 831 1524 980 1580; x_wconf 89' lang='lat' dir='ltr'><strong>locus</strong></span> <span class='ocrx_word' id='word_1_114' title='bbox 1007 1523 1146 1593; x_wconf 86' lang='lat' dir='ltr'><strong>ejus,</strong></span> <span class='ocrx_word' id='word_1_115' title='bbox 1172 1533 1228 1579; x_wconf 90' lang='lat' dir='ltr'><strong>et</strong></span> <span class='ocrx_word' id='word_1_116' title='bbox 1257 1524 1312 1578; x_wconf 94' lang='lat' dir='ltr'><strong>in</strong></span> <span class='ocrx_word' id='word_1_117' title='bbox 1335 1521 1465 1578; x_wconf 91' lang='lat' dir='ltr'><strong>Sion</strong></span> <span class='ocrx_word' id='word_1_118' title='bbox 1495 1521 1755 1576; x_wconf 87' lang='lat' dir='ltr'><strong>habitatio</strong></span> <span class='ocrx_word' id='word_1_119' title='bbox 1782 1519 1897 1589; x_wconf 88' lang='lat' dir='ltr'><strong>ejus</strong></span> <span class='ocrx_word' id='word_1_120' title='bbox 1923 1520 2094 1592; x_wconf 77' lang='lat' dir='ltr'><strong>(Psal.</strong></span> 
     </span>
    </p>
   </div>
   <div class='ocr_carea' id='block_1_16' title="bbox 517 1613 2096 1688">
    <p class='ocr_par' dir='ltr' id='par_1_16' title="bbox 517 1613 2096 1688">
     <span class='ocr_line' id='line_1_16' title="bbox 517 1613 2096 1688; baseline -0.003 -18"><span class='ocrx_word' id='word_1_121' title='bbox 517 1617 704 1688; x_wconf 83' lang='lat' dir='ltr'><strong>Lxxv).</strong></span> <span class='ocrx_word' id='word_1_122' title='bbox 745 1636 762 1668; x_wconf 75' lang='grc' dir='ltr'><strong>ι</strong></span> <span class='ocrx_word' id='word_1_123' title='bbox 807 1615 1044 1672; x_wconf 86' lang='lat' dir='ltr'><strong>Veniunt</strong></span> <span class='ocrx_word' id='word_1_124' title='bbox 1089 1630 1218 1686; x_wconf 91' lang='lat' dir='ltr'><strong>ergo</strong></span> <span class='ocrx_word' id='word_1_125' title='bbox 1265 1613 1627 1670; x_wconf 75' lang='lat' dir='ltr'><strong>devotissima:</strong></span> <span class='ocrx_word' id='word_1_126' title='bbox 1675 1613 1929 1668; x_wconf 86' lang='lat' dir='ltr'><strong>mulieres</strong></span> <span class='ocrx_word' id='word_1_127' title='bbox 1975 1627 2096 1666; x_wconf 91' lang='lat' dir='ltr'><strong>cum</strong></span> 
     </span>
    </p>
   </div>
   <div class='ocr_carea' id='block_1_17' title="bbox 517 1703 2096 1776">
    <p class='ocr_par' dir='ltr' id='par_1_17' title="bbox 517 1703 2096 1776">
     <span class='ocr_line' id='line_1_17' title="bbox 517 1703 2096 1776; baseline -0.001 -16"><span class='ocrx_word' id='word_1_128' title='bbox 517 1707 851 1762; x_wconf 86' lang='lat' dir='ltr'><strong>aromatibus</strong></span> <span class='ocrx_word' id='word_1_129' title='bbox 877 1706 1183 1776; x_wconf 89' lang='lat' dir='ltr'><strong>sepulcrum</strong></span> <span class='ocrx_word' id='word_1_130' title='bbox 1205 1705 1418 1760; x_wconf 88' lang='lat' dir='ltr'><strong>Domini</strong></span> <span class='ocrx_word' id='word_1_131' title='bbox 1447 1704 1688 1769; x_wconf 89' lang='lat' dir='ltr'><strong>visitare,</strong></span> <span class='ocrx_word' id='word_1_132' title='bbox 1708 1705 1834 1773; x_wconf 88' lang='lat' dir='ltr'><strong>quia</strong></span> <span class='ocrx_word' id='word_1_133' title='bbox 1859 1703 2096 1758; x_wconf 85' lang='lat' dir='ltr'><strong>Ecclesia</strong></span> 
     </span>
    </p>
   </div>
   <div class='ocr_carea' id='block_1_18' title="bbox 517 1796 2096 1868">
    <p class='ocr_par' dir='ltr' id='par_1_18' title="bbox 517 1796 2096 1868">
     <span class='ocr_line' id='line_1_18' title="bbox 517 1796 2096 1868; baseline 0 -18"><span class='ocrx_word' id='word_1_134' title='bbox 517 1812 615 1868; x_wconf 89' lang='lat' dir='ltr'><strong>per</strong></span> <span class='ocrx_word' id='word_1_135' title='bbox 637 1797 938 1853; x_wconf 87' lang='lat' dir='ltr'><strong>devotionis</strong></span> <span class='ocrx_word' id='word_1_136' title='bbox 962 1797 1198 1853; x_wconf 87' lang='lat' dir='ltr'><strong>studium</strong></span> <span class='ocrx_word' id='word_1_137' title='bbox 1221 1837 1236 1862; x_wconf 94' lang='lat'><strong>,</strong></span> <span class='ocrx_word' id='word_1_138' title='bbox 1269 1796 1511 1867; x_wconf 89' lang='lat' dir='ltr'><strong>quotidie</strong></span> <span class='ocrx_word' id='word_1_139' title='bbox 1541 1796 1652 1851; x_wconf 90' lang='lat' dir='ltr'><strong>Deo</strong></span> <span class='ocrx_word' id='word_1_140' title='bbox 1681 1796 2096 1866; x_wconf 86' lang='lat' dir='ltr'><strong>appropinquat,</strong></span> 
     </span>
    </p>
   </div>
   <div class='ocr_carea' id='block_1_19' title="bbox 2193 601 3826 675">
    <p class='ocr_par' dir='ltr' id='par_1_19' title="bbox 2193 601 3826 675">
     <span class='ocr_line' id='line_1_19' title="bbox 2193 601 3826 675; baseline -0.001 -18"><span class='ocrx_word' id='word_1_141' title='bbox 2193 619 2312 675; x_wconf 67' lang='lat' dir='ltr'><strong>quae</strong></span> <span class='ocrx_word' id='word_1_142' title='bbox 2355 601 2578 658; x_wconf 88' lang='lat' dir='ltr'><strong>lucescit</strong></span> <span class='ocrx_word' id='word_1_143' title='bbox 2629 601 2684 656; x_wconf 92' lang='lat' dir='ltr'><strong>in</strong></span> <span class='ocrx_word' id='word_1_144' title='bbox 2724 601 2900 671; x_wconf 87' lang='lat' dir='ltr'><strong>prima</strong></span> <span class='ocrx_word' id='word_1_145' title='bbox 2953 601 3198 669; x_wconf 84' lang='lat' dir='ltr'><strong>sabbati,</strong></span> <span class='ocrx_word' id='word_1_146' title='bbox 3250 604 3399 658; x_wconf 87' lang='lat' dir='ltr'><strong>venit</strong></span> <span class='ocrx_word' id='word_1_147' title='bbox 3425 602 3639 658; x_wconf 78' lang='lat' dir='ltr'><strong>Maria</strong></span> <span class='ocrx_word' id='word_1_148' title='bbox 3669 602 3826 672; x_wconf 82' lang='lat' dir='ltr'><strong>Mag-</strong></span> 
     </span>
    </p>
   </div>
   <div class='ocr_carea' id='block_1_20' title="bbox 2195 693 3824 766">
    <p class='ocr_par' dir='ltr' id='par_1_20' title="bbox 2195 693 3824 766">
     <span class='ocr_line' id='line_1_20' title="bbox 2195 693 3824 766; baseline -0.002 -13"><span class='ocrx_word' id='word_1_149' title='bbox 2195 697 2403 761; x_wconf 91' lang='lat' dir='ltr'><strong>dalene,</strong></span> <span class='ocrx_word' id='word_1_150' title='bbox 2429 705 2484 751; x_wconf 94' lang='lat' dir='ltr'><strong>et</strong></span> <span class='ocrx_word' id='word_1_151' title='bbox 2504 695 2673 750; x_wconf 90' lang='lat' dir='ltr'><strong>altera</strong></span> <span class='ocrx_word' id='word_1_152' title='bbox 2699 693 2866 749; x_wconf 83' lang='lat' dir='ltr'><strong>Maria</strong></span> <span class='ocrx_word' id='word_1_153' title='bbox 2887 695 3072 751; x_wconf 88' lang='lat' dir='ltr'><strong>videre</strong></span> <span class='ocrx_word' id='word_1_154' title='bbox 3093 697 3420 766; x_wconf 90' lang='lat' dir='ltr'><strong>sepulcrum.</strong></span> <span class='ocrx_word' id='word_1_155' title='bbox 3458 718 3476 750; x_wconf 74' lang='grc' dir='ltr'><strong>ι</strong></span> <span class='ocrx_word' id='word_1_156' title='bbox 3525 697 3634 752; x_wconf 79' lang='lat' dir='ltr'><strong>Ad</strong></span> <span class='ocrx_word' id='word_1_157' title='bbox 3677 698 3824 765; x_wconf 85' lang='lat' dir='ltr'><strong>quod</strong></span> 
     </span>
    </p>
   </div>
   <div class='ocr_carea' id='block_1_21' title="bbox 2192 783 3821 858">
    <p class='ocr_par' dir='ltr' id='par_1_21' title="bbox 2192 783 3821 858">
     <span class='ocr_line' id='line_1_21' title="bbox 2192 783 3821 858; baseline 0.001 -18"><span class='ocrx_word' id='word_1_158' title='bbox 2192 786 2428 858; x_wconf 88' lang='lat' dir='ltr'><strong>prudens</strong></span> <span class='ocrx_word' id='word_1_159' title='bbox 2476 785 2646 841; x_wconf 90' lang='lat' dir='ltr'><strong>lector</strong></span> <span class='ocrx_word' id='word_1_160' title='bbox 2693 783 2849 840; x_wconf 81' lang='lat' dir='ltr'><strong>facile</strong></span> <span class='ocrx_word' id='word_1_161' title='bbox 2897 787 3227 856; x_wconf 89' lang='lat' dir='ltr'><strong>respondere</strong></span> <span class='ocrx_word' id='word_1_162' title='bbox 3267 795 3478 858; x_wconf 86' lang='lat' dir='ltr'><strong>potest,</strong></span> <span class='ocrx_word' id='word_1_163' title='bbox 3536 789 3694 857; x_wconf 83' lang='lat' dir='ltr'><strong>quia</strong></span> <span class='ocrx_word' id='word_1_164' title='bbox 3727 804 3821 842; x_wconf 83' lang='lat' dir='ltr'><strong>vo-</strong></span> 
     </span>
    </p>
   </div>
   <div class='ocr_carea' id='block_1_22' title="bbox 2193 876 3818 946">
    <p class='ocr_par' dir='ltr' id='par_1_22' title="bbox 2193 876 3818 946">
     <span class='ocr_line' id='line_1_22' title="bbox 2193 876 3818 946; baseline -0.002 -13"><span class='ocrx_word' id='word_1_165' title='bbox 2193 877 2400 934; x_wconf 89' lang='lat' dir='ltr'><strong>luntate</strong></span> <span class='ocrx_word' id='word_1_166' title='bbox 2455 887 2509 934; x_wconf 92' lang='lat' dir='ltr'><strong>et</strong></span> <span class='ocrx_word' id='word_1_167' title='bbox 2568 877 2836 933; x_wconf 90' lang='lat' dir='ltr'><strong>desiderio</strong></span> <span class='ocrx_word' id='word_1_168' title='bbox 2891 877 3091 932; x_wconf 92' lang='lat' dir='ltr'><strong>mentis</strong></span> <span class='ocrx_word' id='word_1_169' title='bbox 3134 893 3392 946; x_wconf 88' lang='lat' dir='ltr'><strong>vespere,</strong></span> <span class='ocrx_word' id='word_1_170' title='bbox 3447 878 3624 933; x_wconf 89' lang='lat' dir='ltr'><strong>sicut</strong></span> <span class='ocrx_word' id='word_1_171' title='bbox 3683 876 3818 930; x_wconf 63' lang='lat' dir='ltr'><strong>Mat-</strong></span> 
     </span>
    </p>
   </div>
   <div class='ocr_carea' id='block_1_23' title="bbox 2195 967 3818 1038">
    <p class='ocr_par' dir='ltr' id='par_1_23' title="bbox 2195 967 3818 1038">
     <span class='ocr_line' id='line_1_23' title="bbox 2195 967 3818 1038; baseline -0.001 -16"><span class='ocrx_word' id='word_1_172' title='bbox 2195 969 2368 1024; x_wconf 66' lang='lat' dir='ltr'><strong>thaaus</strong></span> <span class='ocrx_word' id='word_1_173' title='bbox 2406 969 2564 1032; x_wconf 90' lang='lat' dir='ltr'><strong>dicit,</strong></span> <span class='ocrx_word' id='word_1_174' title='bbox 2613 967 2796 1022; x_wconf 90' lang='lat' dir='ltr'><strong>venire</strong></span> <span class='ocrx_word' id='word_1_175' title='bbox 2833 973 3144 1038; x_wconf 67' lang='lat' dir='ltr'><strong>coeperunt,</strong></span> <span class='ocrx_word' id='word_1_176' title='bbox 3190 968 3282 1022; x_wconf 91' lang='lat' dir='ltr'><strong>sed</strong></span> <span class='ocrx_word' id='word_1_177' title='bbox 3305 967 3586 1023; x_wconf 88' lang='lat' dir='ltr'><strong>&#39;tenebris</strong></span> <span class='ocrx_word' id='word_1_178' title='bbox 3640 969 3818 1022; x_wconf 85' lang='lat' dir='ltr'><strong>noctis</strong></span> 
     </span>
    </p>
   </div>
   <div class='ocr_carea' id='block_1_24' title="bbox 2195 1057 3814 1130">
    <p class='ocr_par' dir='ltr' id='par_1_24' title="bbox 2195 1057 3814 1130">
     <span class='ocr_line' id='line_1_24' title="bbox 2195 1057 3814 1130; baseline -0.001 -16"><span class='ocrx_word' id='word_1_179' title='bbox 2195 1059 2610 1130; x_wconf 87' lang='lat' dir='ltr'><strong>impedientibus</strong></span> <span class='ocrx_word' id='word_1_180' title='bbox 2630 1099 2645 1121; x_wconf 93' lang='lat'><strong>,</strong></span> <span class='ocrx_word' id='word_1_181' title='bbox 2681 1057 2977 1114; x_wconf 90' lang='lat' dir='ltr'><strong>secundum</strong></span> <span class='ocrx_word' id='word_1_182' title='bbox 3005 1058 3246 1114; x_wconf 83' lang='lat' dir='ltr'><strong>Marcum</strong></span> <span class='ocrx_word' id='word_1_183' title='bbox 3280 1059 3439 1114; x_wconf 88' lang='lat' dir='ltr'><strong>valde</strong></span> <span class='ocrx_word' id='word_1_184' title='bbox 3466 1075 3664 1114; x_wconf 85' lang='lat' dir='ltr'><strong>mane</strong></span> <span class='ocrx_word' id='word_1_185' title='bbox 3694 1075 3814 1113; x_wconf 90' lang='lat' dir='ltr'><strong>cor-</strong></span> 
     </span>
    </p>
   </div>
   <div class='ocr_carea' id='block_1_25' title="bbox 2194 1152 3814 1224">
    <p class='ocr_par' dir='ltr' id='par_1_25' title="bbox 2194 1152 3814 1224">
     <span class='ocr_line' id='line_1_25' title="bbox 2194 1152 3814 1224; baseline 0.001 -16"><span class='ocrx_word' id='word_1_186' title='bbox 2194 1155 2452 1224; x_wconf 90' lang='lat' dir='ltr'><strong>poraliter</strong></span> <span class='ocrx_word' id='word_1_187' title='bbox 2470 1155 2536 1209; x_wconf 89' lang='lat' dir='ltr'><strong>ad</strong></span> <span class='ocrx_word' id='word_1_188' title='bbox 2557 1152 2766 1208; x_wconf 90' lang='lat' dir='ltr'><strong>Domini</strong></span> <span class='ocrx_word' id='word_1_189' title='bbox 2787 1153 3088 1223; x_wconf 88' lang='lat' dir='ltr'><strong>sepulcrum</strong></span> <span class='ocrx_word' id='word_1_190' title='bbox 3113 1161 3498 1224; x_wconf 88' lang='lat' dir='ltr'><strong>pervenerunt.</strong></span> <span class='ocrx_word' id='word_1_191' title='bbox 3523 1153 3644 1208; x_wconf 71' lang='lat' dir='ltr'><strong>Vel</strong></span> <span class='ocrx_word' id='word_1_192' title='bbox 3668 1164 3814 1209; x_wconf 82' lang='lat' dir='ltr'><strong>certe</strong></span> 
     </span>
    </p>
   </div>
   <div class='ocr_carea' id='block_1_26' title="bbox 2196 1243 3813 1316">
    <p class='ocr_par' dir='ltr' id='par_1_26' title="bbox 2196 1243 3813 1316">
     <span class='ocr_line' id='line_1_26' title="bbox 2196 1243 3813 1316; baseline 0.001 -16"><span class='ocrx_word' id='word_1_193' title='bbox 2196 1261 2320 1300; x_wconf 92' lang='lat' dir='ltr'><strong>cum</strong></span> <span class='ocrx_word' id='word_1_194' title='bbox 2346 1245 2627 1300; x_wconf 63' lang='lat' dir='ltr'><strong>Matthaaus</strong></span> <span class='ocrx_word' id='word_1_195' title='bbox 2655 1245 2768 1299; x_wconf 88' lang='lat' dir='ltr'><strong>ait:</strong></span> <span class='ocrx_word' id='word_1_196' title='bbox 2807 1264 2824 1297; x_wconf 87' lang='grc' dir='ltr'><strong>ι</strong></span> <span class='ocrx_word' id='word_1_197' title='bbox 2867 1243 3102 1316; x_wconf 88' lang='lat' dir='ltr'><strong>Vespere</strong></span> <span class='ocrx_word' id='word_1_198' title='bbox 3130 1245 3370 1311; x_wconf 87' lang='lat' dir='ltr'><strong>sabbati,</strong></span> <span class='ocrx_word' id='word_1_199' title='bbox 3402 1261 3543 1316; x_wconf 66' lang='lat' dir='ltr'><strong>qua</strong></span> <span class='ocrx_word' id='word_1_200' title='bbox 3575 1247 3813 1302; x_wconf 81' lang='lat' dir='ltr'><strong>lucescit</strong></span> 
     </span>
    </p>
   </div>
   <div class='ocr_carea' id='block_1_27' title="bbox 2197 1334 3806 1408">
    <p class='ocr_par' dir='ltr' id='par_1_27' title="bbox 2197 1334 3806 1408">
     <span class='ocr_line' id='line_1_27' title="bbox 2197 1334 3806 1408; baseline -0.001 -16"><span class='ocrx_word' id='word_1_201' title='bbox 2197 1337 2250 1392; x_wconf 94' lang='lat' dir='ltr'><strong>in</strong></span> <span class='ocrx_word' id='word_1_202' title='bbox 2276 1336 2447 1407; x_wconf 90' lang='lat' dir='ltr'><strong>prima</strong></span> <span class='ocrx_word' id='word_1_203' title='bbox 2477 1334 2705 1401; x_wconf 89' lang='lat' dir='ltr'><strong>sabbati,</strong></span> <span class='ocrx_word' id='word_1_204' title='bbox 2733 1344 2997 1390; x_wconf 90' lang='lat' dir='ltr'><strong>venerunt</strong></span> <span class='ocrx_word' id='word_1_205' title='bbox 3014 1336 3197 1391; x_wconf 89' lang='lat' dir='ltr'><strong>videre</strong></span> <span class='ocrx_word' id='word_1_206' title='bbox 3225 1336 3546 1408; x_wconf 86' lang='lat' dir='ltr'><strong>sepulcrum</strong></span> <span class='ocrx_word' id='word_1_207' title='bbox 3582 1336 3806 1408; x_wconf 61' lang='lat' dir='ltr'><strong>(lauit.</strong></span> 
     </span>
    </p>
   </div>
   <div class='ocr_carea' id='block_1_28' title="bbox 2197 1425 3807 1496">
    <p class='ocr_par' dir='ltr' id='par_1_28' title="bbox 2197 1425 3807 1496">
     <span class='ocr_line' id='line_1_28' title="bbox 2197 1425 3807 1496; baseline 0.001 -16"><span class='ocrx_word' id='word_1_208' title='bbox 2197 1425 2389 1494; x_wconf 84' lang='lat' dir='ltr'><strong>xxvu),</strong></span> <span class='ocrx_word' id='word_1_209' title='bbox 2420 1446 2439 1478; x_wconf 74' lang='grc' dir='ltr'><strong>ι</strong></span> <span class='ocrx_word' id='word_1_210' title='bbox 2472 1442 2502 1480; x_wconf 87' lang='lat' dir='ltr'><strong>a</strong></span> <span class='ocrx_word' id='word_1_211' title='bbox 2528 1434 2682 1495; x_wconf 89' lang='lat' dir='ltr'><strong>parte</strong></span> <span class='ocrx_word' id='word_1_212' title='bbox 2709 1427 2901 1491; x_wconf 79' lang='lat' dir='ltr'><strong>noetis,</strong></span> <span class='ocrx_word' id='word_1_213' title='bbox 2926 1442 3032 1496; x_wconf 91' lang='lat' dir='ltr'><strong>qua</strong></span> <span class='ocrx_word' id='word_1_214' title='bbox 3054 1435 3336 1494; x_wconf 86' lang='lat' dir='ltr'><strong>venerant,</strong></span> <span class='ocrx_word' id='word_1_215' title='bbox 3360 1436 3550 1484; x_wconf 88' lang='lat' dir='ltr'><strong>totam</strong></span> <span class='ocrx_word' id='word_1_216' title='bbox 3587 1437 3807 1483; x_wconf 84' lang='lat' dir='ltr'><strong>noctem</strong></span> 
     </span>
    </p>
   </div>
   <div class='ocr_carea' id='block_1_29' title="bbox 2198 1517 3806 1592">
    <p class='ocr_par' dir='ltr' id='par_1_29' title="bbox 2198 1517 3806 1592">
     <span class='ocr_line' id='line_1_29' title="bbox 2198 1517 3806 1592; baseline 0.003 -21"><span class='ocrx_word' id='word_1_217' title='bbox 2198 1517 2496 1588; x_wconf 86' lang='lat' dir='ltr'><strong>intelligere</strong></span> <span class='ocrx_word' id='word_1_218' title='bbox 2515 1517 2686 1572; x_wconf 93' lang='lat' dir='ltr'><strong>voluit</strong></span> <span class='ocrx_word' id='word_1_219' title='bbox 2709 1535 2721 1570; x_wconf 92' lang='lat'><strong>:</strong></span> <span class='ocrx_word' id='word_1_220' title='bbox 2746 1519 2870 1586; x_wconf 85' lang='lat' dir='ltr'><strong>quia</strong></span> <span class='ocrx_word' id='word_1_221' title='bbox 2891 1535 3021 1573; x_wconf 90' lang='lat' dir='ltr'><strong>usus</strong></span> <span class='ocrx_word' id='word_1_222' title='bbox 3048 1517 3340 1590; x_wconf 70' lang='lat' dir='ltr'><strong>Scriptura:</strong></span> <span class='ocrx_word' id='word_1_223' title='bbox 3359 1530 3450 1576; x_wconf 91' lang='lat' dir='ltr'><strong>est</strong></span> <span class='ocrx_word' id='word_1_224' title='bbox 3501 1522 3806 1592; x_wconf 81' lang='lat' dir='ltr'><strong>aliquando</strong></span> 
     </span>
    </p>
   </div>
   <div class='ocr_carea' id='block_1_30' title="bbox 2199 1612 3804 1689">
    <p class='ocr_par' dir='ltr' id='par_1_30' title="bbox 2199 1612 3804 1689">
     <span class='ocr_line' id='line_1_30' title="bbox 2199 1612 3804 1689; baseline 0.004 -23"><span class='ocrx_word' id='word_1_225' title='bbox 2199 1630 2226 1667; x_wconf 92' lang='lat' dir='ltr'><strong>a</strong></span> <span class='ocrx_word' id='word_1_226' title='bbox 2256 1621 2406 1682; x_wconf 85' lang='lat' dir='ltr'><strong>parte</strong></span> <span class='ocrx_word' id='word_1_227' title='bbox 2426 1621 2596 1668; x_wconf 92' lang='lat' dir='ltr'><strong>totum</strong></span> <span class='ocrx_word' id='word_1_228' title='bbox 2623 1612 2947 1682; x_wconf 86' lang='lat' dir='ltr'><strong>signiﬁcare.</strong></span> <span class='ocrx_word' id='word_1_229' title='bbox 2974 1613 3100 1682; x_wconf 91' lang='lat' dir='ltr'><strong>Sed,</strong></span> <span class='ocrx_word' id='word_1_230' title='bbox 3127 1624 3187 1670; x_wconf 92' lang='lat' dir='ltr'><strong>ut</strong></span> <span class='ocrx_word' id='word_1_231' title='bbox 3209 1615 3446 1672; x_wconf 87' lang='lat' dir='ltr'><strong>lucidius</strong></span> <span class='ocrx_word' id='word_1_232' title='bbox 3473 1626 3534 1672; x_wconf 91' lang='lat' dir='ltr'><strong>et</strong></span> <span class='ocrx_word' id='word_1_233' title='bbox 3556 1621 3804 1689; x_wconf 84' lang='lat' dir='ltr'><strong>apertius</strong></span> 
     </span>
    </p>
   </div>
   <div class='ocr_carea' id='block_1_31' title="bbox 2199 1705 3802 1776">
    <p class='ocr_par' dir='ltr' id='par_1_31' title="bbox 2199 1705 3802 1776">
     <span class='ocr_line' id='line_1_31' title="bbox 2199 1705 3802 1776; baseline 0.004 -18"><span class='ocrx_word' id='word_1_234' title='bbox 2199 1705 2549 1774; x_wconf 89' lang='lat' dir='ltr'><strong>intelligatur,</strong></span> <span class='ocrx_word' id='word_1_235' title='bbox 2581 1705 2861 1760; x_wconf 88' lang='lat' dir='ltr'><strong>sciendum</strong></span> <span class='ocrx_word' id='word_1_236' title='bbox 2890 1714 2974 1760; x_wconf 89' lang='lat' dir='ltr'><strong>est</strong></span> <span class='ocrx_word' id='word_1_237' title='bbox 3003 1707 3128 1776; x_wconf 88' lang='lat' dir='ltr'><strong>quia</strong></span> <span class='ocrx_word' id='word_1_238' title='bbox 3175 1708 3313 1762; x_wconf 89' lang='lat' dir='ltr'><strong>sicut</strong></span> <span class='ocrx_word' id='word_1_239' title='bbox 3342 1708 3516 1764; x_wconf 84' lang='lat' dir='ltr'><strong>habet</strong></span> <span class='ocrx_word' id='word_1_240' title='bbox 3553 1710 3686 1765; x_wconf 87' lang='lat' dir='ltr'><strong>dies</strong></span> <span class='ocrx_word' id='word_1_241' title='bbox 3723 1726 3802 1765; x_wconf 76' lang='lat' dir='ltr'><strong>ve-</strong></span> 
     </span>
    </p>
   </div>
   <div class='ocr_carea' id='block_1_32' title="bbox 2198 1797 3797 1874">
    <p class='ocr_par' dir='ltr' id='par_1_32' title="bbox 2198 1797 3797 1874">
     <span class='ocr_line' id='line_1_32' title="bbox 2198 1797 3797 1874; baseline 0.005 -23"><span class='ocrx_word' id='word_1_242' title='bbox 2198 1811 2433 1867; x_wconf 89' lang='lat' dir='ltr'><strong>speram,</strong></span> <span class='ocrx_word' id='word_1_243' title='bbox 2456 1798 2529 1852; x_wconf 89' lang='lat' dir='ltr'><strong>ita</strong></span> <span class='ocrx_word' id='word_1_244' title='bbox 2551 1806 2603 1851; x_wconf 89' lang='lat' dir='ltr'><strong>et</strong></span> <span class='ocrx_word' id='word_1_245' title='bbox 2621 1813 2745 1852; x_wconf 80' lang='lat' dir='ltr'><strong>nox.</strong></span> <span class='ocrx_word' id='word_1_246' title='bbox 2776 1797 2890 1853; x_wconf 83' lang='lat' dir='ltr'><strong>Hoc</strong></span> <span class='ocrx_word' id='word_1_247' title='bbox 2906 1807 3085 1854; x_wconf 91' lang='lat' dir='ltr'><strong>tamen</strong></span> <span class='ocrx_word' id='word_1_248' title='bbox 3114 1799 3256 1856; x_wconf 89' lang='lat' dir='ltr'><strong>inter</strong></span> <span class='ocrx_word' id='word_1_249' title='bbox 3279 1809 3590 1874; x_wconf 87' lang='lat' dir='ltr'><strong>utrumque</strong></span> <span class='ocrx_word' id='word_1_250' title='bbox 3614 1806 3797 1866; x_wconf 79' lang='lat' dir='ltr'><strong>distat,</strong></span> 
     </span>
    </p>
   </div>
   <div class='ocr_carea' id='block_1_33' title="bbox 516 1884 3792 1959">
    <p class='ocr_par' dir='ltr' id='par_1_33' title="bbox 516 1884 3792 1959">
     <span class='ocr_line' id='line_1_33' title="bbox 516 1884 3792 1959; baseline 0.003 -17"><span class='ocrx_word' id='word_1_251' title='bbox 516 1888 701 1944; x_wconf 91' lang='lat' dir='ltr'><strong>dicens</strong></span> <span class='ocrx_word' id='word_1_252' title='bbox 727 1904 850 1943; x_wconf 93' lang='lat' dir='ltr'><strong>cum</strong></span> <span class='ocrx_word' id='word_1_253' title='bbox 878 1888 1160 1944; x_wconf 88' lang='lat' dir='ltr'><strong>Psalmista</strong></span> <span class='ocrx_word' id='word_1_254' title='bbox 1188 1906 1202 1942; x_wconf 89' lang='lat'><strong>:</strong></span> <span class='ocrx_word' id='word_1_255' title='bbox 1235 1906 1254 1939; x_wconf 82' lang='grc' dir='ltr'><strong>ι</strong></span> <span class='ocrx_word' id='word_1_256' title='bbox 1289 1887 1562 1958; x_wconf 88' lang='lat' dir='ltr'><strong>Dirigatur</strong></span> <span class='ocrx_word' id='word_1_257' title='bbox 1597 1890 1773 1941; x_wconf 87' lang='lat' dir='ltr'><strong>oratio</strong></span> <span class='ocrx_word' id='word_1_258' title='bbox 1802 1901 1921 1941; x_wconf 91' lang='lat' dir='ltr'><strong>mea</strong></span> <span class='ocrx_word' id='word_1_259' title='bbox 1961 1887 2098 1941; x_wconf 90' lang='lat' dir='ltr'><strong>sicut</strong></span> <span class='ocrx_word' id='word_1_260' title='bbox 2124 1884 2173 1945; x_wconf 91' lang='lat' dir='ltr'><strong>B</strong></span> <span class='ocrx_word' id='word_1_261' title='bbox 2199 1889 2325 1959; x_wconf 88' lang='lat' dir='ltr'><strong>quia</strong></span> <span class='ocrx_word' id='word_1_262' title='bbox 2368 1903 2559 1957; x_wconf 89' lang='lat' dir='ltr'><strong>vesper</strong></span> <span class='ocrx_word' id='word_1_263' title='bbox 2581 1889 2689 1944; x_wconf 88' lang='lat' dir='ltr'><strong>diei</strong></span> <span class='ocrx_word' id='word_1_264' title='bbox 2719 1890 3095 1946; x_wconf 85' lang='lat' dir='ltr'><strong>teuebrescere</strong></span> <span class='ocrx_word' id='word_1_265' title='bbox 3135 1895 3418 1949; x_wconf 85' lang='lat' dir='ltr'><strong>consuevit</strong></span> <span class='ocrx_word' id='word_1_266' title='bbox 3452 1896 3514 1950; x_wconf 92' lang='lat' dir='ltr'><strong>in</strong></span> <span class='ocrx_word' id='word_1_267' title='bbox 3547 1907 3792 1958; x_wconf 82' lang='lat' dir='ltr'><strong>noctem.</strong></span> 
     </span>
    </p>
   </div>
   <div class='ocr_carea' id='block_1_34' title="bbox 515 1979 2092 2051">
    <p class='ocr_par' dir='ltr' id='par_1_34' title="bbox 515 1979 2092 2051">
     <span class='ocr_line' id='line_1_34' title="bbox 515 1979 2092 2051; baseline 0 -17"><span class='ocrx_word' id='word_1_268' title='bbox 515 1980 793 2036; x_wconf 88' lang='lat' dir='ltr'><strong>incensum</strong></span> <span class='ocrx_word' id='word_1_269' title='bbox 838 1982 894 2035; x_wconf 95' lang='lat' dir='ltr'><strong>in</strong></span> <span class='ocrx_word' id='word_1_270' title='bbox 928 1989 1220 2051; x_wconf 89' lang='lat' dir='ltr'><strong>conspectu</strong></span> <span class='ocrx_word' id='word_1_271' title='bbox 1254 1989 1344 2036; x_wconf 90' lang='lat' dir='ltr'><strong>tuo</strong></span> <span class='ocrx_word' id='word_1_272' title='bbox 1374 1979 1558 2050; x_wconf 80' lang='lat' dir='ltr'><strong>(Psal.</strong></span> <span class='ocrx_word' id='word_1_273' title='bbox 1583 1979 1740 2050; x_wconf 83' lang='lat' dir='ltr'><strong>ch).</strong></span> <span class='ocrx_word' id='word_1_274' title='bbox 1777 1999 1794 2031; x_wconf 77' lang='grc' dir='ltr'><strong>ι</strong></span> <span class='ocrx_word' id='word_1_275' title='bbox 1836 1979 2092 2034; x_wconf 79' lang='lat' dir='ltr'><strong>Aromata</strong></span> 
     </span>
    </p>
   </div>
   <div class='ocr_carea' id='block_1_35' title="bbox 490 2058 2096 2141">
    <p class='ocr_par' dir='ltr' id='par_1_35' title="bbox 490 2058 2096 2141">
     <span class='ocr_line' id='line_1_35' title="bbox 490 2058 2096 2141; baseline 0.001 -17"><span class='ocrx_word' id='word_1_276' title='bbox 490 2059 725 2140; x_wconf 87' lang='lat' dir='ltr'><strong>quoque</strong></span> <span class='ocrx_word' id='word_1_277' title='bbox 749 2072 1026 2126; x_wconf 88' lang='lat' dir='ltr'><strong>orationes</strong></span> <span class='ocrx_word' id='word_1_278' title='bbox 1052 2058 1699 2141; x_wconf 65' lang='lat' dir='ltr'><strong>sanctorum&#39;signiﬁcant</strong></span> <span class='ocrx_word' id='word_1_279' title='bbox 1721 2112 1734 2135; x_wconf 94' lang='lat'><strong>,</strong></span> <span class='ocrx_word' id='word_1_280' title='bbox 1769 2085 1888 2140; x_wconf 73' lang='lat' dir='ltr'><strong>quae</strong></span> <span class='ocrx_word' id='word_1_281' title='bbox 1917 2078 2096 2126; x_wconf 89' lang='lat' dir='ltr'><strong>autem</strong></span> 
     </span>
    </p>
   </div>
   <div class='ocr_carea' id='block_1_36' title="bbox 508 2162 2099 2233">
    <p class='ocr_par' dir='ltr' id='par_1_36' title="bbox 508 2162 2099 2233">
     <span class='ocr_line' id='line_1_36' title="bbox 508 2162 2099 2233; baseline -0.001 -15"><span class='ocrx_word' id='word_1_282' title='bbox 508 2162 698 2219; x_wconf 61' lang='lat' dir='ltr'><strong>Graiae</strong></span> <span class='ocrx_word' id='word_1_283' title='bbox 721 2173 990 2229; x_wconf 90' lang='lat' dir='ltr'><strong>aromata,</strong></span> <span class='ocrx_word' id='word_1_284' title='bbox 1018 2163 1208 2217; x_wconf 88' lang='lat' dir='ltr'><strong>Latine</strong></span> <span class='ocrx_word' id='word_1_285' title='bbox 1237 2162 1884 2227; x_wconf 89' lang='lat' dir='ltr'><strong>dicunturodorameuta,</strong></span> <span class='ocrx_word' id='word_1_286' title='bbox 1915 2177 1980 2218; x_wconf 91' lang='lat' dir='ltr'><strong>ac</strong></span> <span class='ocrx_word' id='word_1_287' title='bbox 2001 2177 2099 2233; x_wconf 89' lang='lat' dir='ltr'><strong>per</strong></span> 
     </span>
    </p>
   </div>
   <div class='ocr_carea' id='block_1_37' title="bbox 492 2253 2096 2326">
    <p class='ocr_par' dir='ltr' id='par_1_37' title="bbox 492 2253 2096 2326">
     <span class='ocr_line' id='line_1_37' title="bbox 492 2253 2096 2326; baseline 0.001 -18"><span class='ocrx_word' id='word_1_288' title='bbox 492 2255 612 2326; x_wconf 86' lang='lat' dir='ltr'><strong>hoc</strong></span> <span class='ocrx_word' id='word_1_289' title='bbox 649 2254 856 2310; x_wconf 81' lang='lat' dir='ltr'><strong>devotae</strong></span> <span class='ocrx_word' id='word_1_290' title='bbox 885 2255 1146 2311; x_wconf 89' lang='lat' dir='ltr'><strong>orationis</strong></span> <span class='ocrx_word' id='word_1_291' title='bbox 1188 2253 1542 2324; x_wconf 90' lang='lat' dir='ltr'><strong>fragrantiam</strong></span> <span class='ocrx_word' id='word_1_292' title='bbox 1585 2253 1907 2323; x_wconf 84' lang='lat' dir='ltr'><strong>designant,</strong></span> <span class='ocrx_word' id='word_1_293' title='bbox 1954 2254 2096 2310; x_wconf 89' lang='lat' dir='ltr'><strong>sicut</strong></span> 
     </span>
    </p>
   </div>
   <div class='ocr_carea' id='block_1_38' title="bbox 507 2344 2096 2417">
    <p class='ocr_par' dir='ltr' id='par_1_38' title="bbox 507 2344 2096 2417">
     <span class='ocr_line' id='line_1_38' title="bbox 507 2344 2096 2417; baseline 0.001 -18"><span class='ocrx_word' id='word_1_294' title='bbox 507 2344 746 2400; x_wconf 88' lang='lat' dir='ltr'><strong>Joannes</strong></span> <span class='ocrx_word' id='word_1_295' title='bbox 792 2346 847 2400; x_wconf 92' lang='lat' dir='ltr'><strong>in</strong></span> <span class='ocrx_word' id='word_1_296' title='bbox 873 2345 1198 2417; x_wconf 86' lang='lat' dir='ltr'><strong>Apocalypsi</strong></span> <span class='ocrx_word' id='word_1_297' title='bbox 1247 2344 1362 2399; x_wconf 90' lang='lat' dir='ltr'><strong>ait:</strong></span> <span class='ocrx_word' id='word_1_298' title='bbox 1406 2363 1423 2395; x_wconf 87' lang='grc' dir='ltr'><strong>ι</strong></span> <span class='ocrx_word' id='word_1_299' title='bbox 1459 2344 1525 2398; x_wconf 84' lang='lat' dir='ltr'><strong>Et</strong></span> <span class='ocrx_word' id='word_1_300' title='bbox 1569 2344 1846 2399; x_wconf 87' lang='lat' dir='ltr'><strong>habebant</strong></span> <span class='ocrx_word' id='word_1_301' title='bbox 1886 2344 2096 2416; x_wconf 87' lang='lat' dir='ltr'><strong>phialas</strong></span> 
     </span>
    </p>
   </div>
   <div class='ocr_carea' id='block_1_39' title="bbox 507 2433 2096 2506">
    <p class='ocr_par' dir='ltr' id='par_1_39' title="bbox 507 2433 2096 2506">
     <span class='ocr_line' id='line_1_39' title="bbox 507 2433 2096 2506; baseline 0.003 -19"><span class='ocrx_word' id='word_1_302' title='bbox 507 2433 695 2505; x_wconf 89' lang='lat' dir='ltr'><strong>plenas</strong></span> <span class='ocrx_word' id='word_1_303' title='bbox 718 2437 1194 2492; x_wconf 89' lang='lat' dir='ltr'><strong>odoramentorum</strong></span> <span class='ocrx_word' id='word_1_304' title='bbox 1216 2476 1232 2502; x_wconf 95' lang='lat'><strong>,</strong></span> <span class='ocrx_word' id='word_1_305' title='bbox 1274 2450 1394 2506; x_wconf 78' lang='lat' dir='ltr'><strong>quae</strong></span> <span class='ocrx_word' id='word_1_306' title='bbox 1423 2443 1550 2490; x_wconf 92' lang='lat' dir='ltr'><strong>sunt</strong></span> <span class='ocrx_word' id='word_1_307' title='bbox 1577 2435 1850 2492; x_wconf 91' lang='lat' dir='ltr'><strong>orationes</strong></span> <span class='ocrx_word' id='word_1_308' title='bbox 1881 2445 2096 2491; x_wconf 89' lang='lat' dir='ltr'><strong>sancto-</strong></span> 
     </span>
    </p>
   </div>
   <div class='ocr_carea' id='block_1_40' title="bbox 506 2525 2094 2598">
    <p class='ocr_par' dir='ltr' id='par_1_40' title="bbox 506 2525 2094 2598">
     <span class='ocr_line' id='line_1_40' title="bbox 506 2525 2094 2598; baseline 0.003 -20"><span class='ocrx_word' id='word_1_309' title='bbox 506 2541 624 2579; x_wconf 90' lang='lat' dir='ltr'><strong>rum</strong></span> <span class='ocrx_word' id='word_1_310' title='bbox 655 2527 839 2598; x_wconf 82' lang='lat' dir='ltr'><strong>(Apoc.</strong></span> <span class='ocrx_word' id='word_1_311' title='bbox 883 2526 960 2598; x_wconf 89' lang='lat' dir='ltr'><strong>v).</strong></span> <span class='ocrx_word' id='word_1_312' title='bbox 995 2546 1013 2578; x_wconf 77' lang='grc' dir='ltr'><strong>ι</strong></span> <span class='ocrx_word' id='word_1_313' title='bbox 1051 2527 1122 2582; x_wconf 85' lang='grc' dir='ltr'><strong>Ει</strong></span> <span class='ocrx_word' id='word_1_314' title='bbox 1158 2527 1352 2582; x_wconf 89' lang='lat' dir='ltr'><strong>iterum</strong></span> <span class='ocrx_word' id='word_1_315' title='bbox 1381 2544 1394 2580; x_wconf 94' lang='lat'><strong>:</strong></span> <span class='ocrx_word' id='word_1_316' title='bbox 1429 2544 1447 2576; x_wconf 87' lang='grc' dir='ltr'><strong>ι</strong></span> <span class='ocrx_word' id='word_1_317' title='bbox 1484 2525 1646 2581; x_wconf 88' lang='lat' dir='ltr'><strong>Stetit</strong></span> <span class='ocrx_word' id='word_1_318' title='bbox 1679 2525 1900 2596; x_wconf 89' lang='lat' dir='ltr'><strong>angelus</strong></span> <span class='ocrx_word' id='word_1_319' title='bbox 1937 2525 2094 2595; x_wconf 80' lang='lat' dir='ltr'><strong>juxta</strong></span> 
     </span>
    </p>
   </div>
   <div class='ocr_carea' id='block_1_41' title="bbox 503 2618 2092 2688">
    <p class='ocr_par' dir='ltr' id='par_1_41' title="bbox 503 2618 2092 2688">
     <span class='ocr_line' id='line_1_41' title="bbox 503 2618 2092 2688; baseline 0.002 -19"><span class='ocrx_word' id='word_1_320' title='bbox 503 2631 654 2670; x_wconf 89' lang='lat' dir='ltr'><strong>aram</strong></span> <span class='ocrx_word' id='word_1_321' title='bbox 685 2618 901 2688; x_wconf 91' lang='lat' dir='ltr'><strong>templi,</strong></span> <span class='ocrx_word' id='word_1_322' title='bbox 955 2619 1162 2674; x_wconf 87' lang='lat' dir='ltr'><strong>habens</strong></span> <span class='ocrx_word' id='word_1_323' title='bbox 1195 2618 1526 2673; x_wconf 90' lang='lat' dir='ltr'><strong>thuribulum</strong></span> <span class='ocrx_word' id='word_1_324' title='bbox 1567 2633 1789 2674; x_wconf 88' lang='lat' dir='ltr'><strong>aureum</strong></span> <span class='ocrx_word' id='word_1_325' title='bbox 1832 2618 1888 2672; x_wconf 94' lang='lat' dir='ltr'><strong>in</strong></span> <span class='ocrx_word' id='word_1_326' title='bbox 1929 2634 2092 2675; x_wconf 87' lang='lat' dir='ltr'><strong>manu</strong></span> 
     </span>
    </p>
   </div>
   <div class='ocr_carea' id='block_1_42' title="bbox 503 2708 2093 2775">
    <p class='ocr_par' dir='ltr' id='par_1_42' title="bbox 503 2708 2093 2775">
     <span class='ocr_line' id='line_1_42' title="bbox 503 2708 2093 2775; baseline 0.002 -14"><span class='ocrx_word' id='word_1_327' title='bbox 503 2722 623 2770; x_wconf 91' lang='lat' dir='ltr'><strong>sua,</strong></span> <span class='ocrx_word' id='word_1_328' title='bbox 675 2717 729 2764; x_wconf 92' lang='lat' dir='ltr'><strong>et</strong></span> <span class='ocrx_word' id='word_1_329' title='bbox 761 2711 884 2764; x_wconf 91' lang='lat' dir='ltr'><strong>data</strong></span> <span class='ocrx_word' id='word_1_330' title='bbox 921 2718 1048 2764; x_wconf 90' lang='lat' dir='ltr'><strong>sunt</strong></span> <span class='ocrx_word' id='word_1_331' title='bbox 1089 2709 1139 2764; x_wconf 93' lang='lat' dir='ltr'><strong>ei</strong></span> <span class='ocrx_word' id='word_1_332' title='bbox 1167 2710 1408 2775; x_wconf 39' lang='lat' dir='ltr'><strong>‘incensa</strong></span> <span class='ocrx_word' id='word_1_333' title='bbox 1436 2708 1636 2774; x_wconf 92' lang='lat' dir='ltr'><strong>multa,</strong></span> <span class='ocrx_word' id='word_1_334' title='bbox 1667 2718 1727 2764; x_wconf 92' lang='lat' dir='ltr'><strong>ut</strong></span> <span class='ocrx_word' id='word_1_335' title='bbox 1747 2708 1986 2764; x_wconf 89' lang='lat' dir='ltr'><strong>adoleret</strong></span> <span class='ocrx_word' id='word_1_336' title='bbox 2030 2723 2093 2764; x_wconf 88' lang='lat' dir='ltr'><strong>ea</strong></span> 
     </span>
    </p>
   </div>
   <div class='ocr_carea' id='block_1_43' title="bbox 503 2799 2090 2870">
    <p class='ocr_par' dir='ltr' id='par_1_43' title="bbox 503 2799 2090 2870">
     <span class='ocr_line' id='line_1_43' title="bbox 503 2799 2090 2870; baseline 0.003 -19"><span class='ocrx_word' id='word_1_337' title='bbox 503 2807 627 2852; x_wconf 90' lang='lat' dir='ltr'><strong>ante</strong></span> <span class='ocrx_word' id='word_1_338' title='bbox 667 2799 840 2856; x_wconf 89' lang='lat' dir='ltr'><strong>altare</strong></span> <span class='ocrx_word' id='word_1_339' title='bbox 882 2815 1141 2865; x_wconf 89' lang='lat' dir='ltr'><strong>aureum,</strong></span> <span class='ocrx_word' id='word_1_340' title='bbox 1185 2803 1328 2870; x_wconf 90' lang='lat' dir='ltr'><strong>quod</strong></span> <span class='ocrx_word' id='word_1_341' title='bbox 1359 2810 1443 2855; x_wconf 92' lang='lat' dir='ltr'><strong>est</strong></span> <span class='ocrx_word' id='word_1_342' title='bbox 1483 2811 1610 2856; x_wconf 89' lang='lat' dir='ltr'><strong>ante</strong></span> <span class='ocrx_word' id='word_1_343' title='bbox 1651 2801 1835 2856; x_wconf 88' lang='lat' dir='ltr'><strong>oculos</strong></span> <span class='ocrx_word' id='word_1_344' title='bbox 1883 2801 2090 2856; x_wconf 90' lang='lat' dir='ltr'><strong>Domini</strong></span> 
     </span>
    </p>
   </div>
   <div class='ocr_carea' id='block_1_44' title="bbox 502 2889 2094 2962">
    <p class='ocr_par' dir='ltr' id='par_1_44' title="bbox 502 2889 2094 2962">
     <span class='ocr_line' id='line_1_44' title="bbox 502 2889 2094 2962; baseline 0.004 -21"><span class='ocrx_word' id='word_1_345' title='bbox 502 2889 688 2960; x_wconf 77' lang='lat' dir='ltr'><strong>(Apoc.</strong></span> <span class='ocrx_word' id='word_1_346' title='bbox 718 2900 857 2962; x_wconf 86' lang='lat' dir='ltr'><strong>vm).</strong></span> <span class='ocrx_word' id='word_1_347' title='bbox 889 2911 909 2944; x_wconf 78' lang='grc' dir='ltr'><strong>ι</strong></span> <span class='ocrx_word' id='word_1_348' title='bbox 937 2890 1074 2946; x_wconf 89' lang='lat' dir='ltr'><strong>Cum</strong></span> <span class='ocrx_word' id='word_1_349' title='bbox 1098 2893 1241 2946; x_wconf 91' lang='lat' dir='ltr'><strong>enim</strong></span> <span class='ocrx_word' id='word_1_350' title='bbox 1268 2903 1510 2948; x_wconf 89' lang='lat' dir='ltr'><strong>aromata</strong></span> <span class='ocrx_word' id='word_1_351' title='bbox 1535 2907 1749 2962; x_wconf 90' lang='lat' dir='ltr'><strong>semper</strong></span> <span class='ocrx_word' id='word_1_352' title='bbox 1777 2893 1885 2946; x_wconf 91' lang='lat' dir='ltr'><strong>sint</strong></span> <span class='ocrx_word' id='word_1_353' title='bbox 1913 2892 2094 2948; x_wconf 89' lang='lat' dir='ltr'><strong>odori-</strong></span> 
     </span>
    </p>
   </div>
   <div class='ocr_carea' id='block_1_45' title="bbox 512 2980 2091 3053">
    <p class='ocr_par' dir='ltr' id='par_1_45' title="bbox 512 2980 2091 3053">
     <span class='ocr_line' id='line_1_45' title="bbox 512 2980 2091 3053; baseline 0.001 -19"><span class='ocrx_word' id='word_1_354' title='bbox 512 2980 646 3048; x_wconf 86' lang='lat' dir='ltr'><strong>fera,</strong></span> <span class='ocrx_word' id='word_1_355' title='bbox 684 2991 861 3037; x_wconf 89' lang='lat' dir='ltr'><strong>tamen</strong></span> <span class='ocrx_word' id='word_1_356' title='bbox 892 2992 1019 3038; x_wconf 92' lang='lat' dir='ltr'><strong>tunc</strong></span> <span class='ocrx_word' id='word_1_357' title='bbox 1043 2982 1303 3052; x_wconf 90' lang='lat' dir='ltr'><strong>majorem</strong></span> <span class='ocrx_word' id='word_1_358' title='bbox 1333 2984 1516 3040; x_wconf 91' lang='lat' dir='ltr'><strong>odoris</strong></span> <span class='ocrx_word' id='word_1_359' title='bbox 1551 2983 1906 3053; x_wconf 83' lang='lat' dir='ltr'><strong>fragrantiam</strong></span> <span class='ocrx_word' id='word_1_360' title='bbox 1938 2983 2091 3037; x_wconf 84' lang='lat' dir='ltr'><strong>exhi-</strong></span> 
     </span>
    </p>
   </div>
   <div class='ocr_carea' id='block_1_46' title="bbox 501 3074 2092 3146">
    <p class='ocr_par' dir='ltr' id='par_1_46' title="bbox 501 3074 2092 3146">
     <span class='ocr_line' id='line_1_46' title="bbox 501 3074 2092 3146; baseline 0.002 -21"><span class='ocrx_word' id='word_1_361' title='bbox 501 3074 647 3134; x_wconf 90' lang='lat' dir='ltr'><strong>bent,</strong></span> <span class='ocrx_word' id='word_1_362' title='bbox 683 3088 806 3128; x_wconf 91' lang='lat' dir='ltr'><strong>cum</strong></span> <span class='ocrx_word' id='word_1_363' title='bbox 829 3074 906 3144; x_wconf 63' lang='lat' dir='ltr'><strong>[in</strong></span> <span class='ocrx_word' id='word_1_364' title='bbox 951 3076 1074 3146; x_wconf 88' lang='lat' dir='ltr'><strong>igne</strong></span> <span class='ocrx_word' id='word_1_365' title='bbox 1120 3076 1294 3146; x_wconf 81' lang='lat' dir='ltr'><strong>posita</strong></span> <span class='ocrx_word' id='word_1_366' title='bbox 1342 3076 1545 3131; x_wconf 78' lang='lat' dir='ltr'><strong>fuerint</strong></span> <span class='ocrx_word' id='word_1_367' title='bbox 1586 3096 1597 3130; x_wconf 90' lang='lat'><strong>:</strong></span> <span class='ocrx_word' id='word_1_368' title='bbox 1652 3074 1777 3146; x_wconf 90' lang='lat' dir='ltr'><strong>quia</strong></span> <span class='ocrx_word' id='word_1_369' title='bbox 1819 3075 2092 3128; x_wconf 90' lang='lat' dir='ltr'><strong>orationes</strong></span> 
     </span>
    </p>
   </div>
   <div class='ocr_carea' id='block_1_47' title="bbox 501 3167 2084 3239">
    <p class='ocr_par' dir='ltr' id='par_1_47' title="bbox 501 3167 2084 3239">
     <span class='ocr_line' id='line_1_47' title="bbox 501 3167 2084 3239; baseline 0.001 -20"><span class='ocrx_word' id='word_1_370' title='bbox 501 3173 814 3220; x_wconf 87' lang='lat' dir='ltr'><strong>sanctorum</strong></span> <span class='ocrx_word' id='word_1_371' title='bbox 849 3174 997 3222; x_wconf 89' lang='lat' dir='ltr'><strong>tanto</strong></span> <span class='ocrx_word' id='word_1_372' title='bbox 1027 3168 1199 3239; x_wconf 89' lang='lat' dir='ltr'><strong>magis</strong></span> <span class='ocrx_word' id='word_1_373' title='bbox 1229 3176 1355 3224; x_wconf 89' lang='lat' dir='ltr'><strong>ante</strong></span> <span class='ocrx_word' id='word_1_374' title='bbox 1386 3170 1551 3224; x_wconf 91' lang='lat' dir='ltr'><strong>Deum</strong></span> <span class='ocrx_word' id='word_1_375' title='bbox 1580 3170 1796 3224; x_wconf 89' lang='lat' dir='ltr'><strong>suavius</strong></span> <span class='ocrx_word' id='word_1_376' title='bbox 1822 3167 2084 3232; x_wconf 87' lang='lat' dir='ltr'><strong>redolent,</strong></span> 
     </span>
    </p>
   </div>
   <div class='ocr_carea' id='block_1_48' title="bbox 2199 1969 3792 2059">
    <p class='ocr_par' dir='ltr' id='par_1_48' title="bbox 2199 1969 3792 2059">
     <span class='ocr_line' id='line_1_48' title="bbox 2199 1969 3792 2059; baseline 0.008 -29"><span class='ocrx_word' id='word_1_377' title='bbox 2199 1969 2391 2048; x_wconf 74' lang='lat' dir='ltr'><strong>vesper</strong></span> <span class='ocrx_word' id='word_1_378' title='bbox 2411 1987 2590 2034; x_wconf 88' lang='lat' dir='ltr'><strong>autem</strong></span> <span class='ocrx_word' id='word_1_379' title='bbox 2621 1980 2796 2035; x_wconf 90' lang='lat' dir='ltr'><strong>noctis</strong></span> <span class='ocrx_word' id='word_1_380' title='bbox 2827 1979 3101 2037; x_wconf 89' lang='lat' dir='ltr'><strong>lucescere</strong></span> <span class='ocrx_word' id='word_1_381' title='bbox 3129 1983 3182 2037; x_wconf 93' lang='lat' dir='ltr'><strong>in</strong></span> <span class='ocrx_word' id='word_1_382' title='bbox 3209 1985 3371 2039; x_wconf 84' lang='lat' dir='ltr'><strong>diem.</strong></span> <span class='ocrx_word' id='word_1_383' title='bbox 3397 1985 3476 2042; x_wconf 86' lang='lat' dir='ltr'><strong>Ut</strong></span> <span class='ocrx_word' id='word_1_384' title='bbox 3501 2002 3643 2059; x_wconf 81' lang='lat' dir='ltr'><strong>ergo</strong></span> <span class='ocrx_word' id='word_1_385' title='bbox 3663 1988 3792 2042; x_wconf 75' lang='lat' dir='ltr'><strong>Mat-</strong></span> 
     </span>
    </p>
   </div>
   <div class='ocr_carea' id='block_1_49' title="bbox 2200 2071 3790 2150">
    <p class='ocr_par' dir='ltr' id='par_1_49' title="bbox 2200 2071 3790 2150">
     <span class='ocr_line' id='line_1_49' title="bbox 2200 2071 3790 2150; baseline 0.008 -26"><span class='ocrx_word' id='word_1_386' title='bbox 2200 2071 2371 2125; x_wconf 73' lang='lat' dir='ltr'><strong>tharus</strong></span> <span class='ocrx_word' id='word_1_387' title='bbox 2412 2086 2516 2125; x_wconf 95' lang='lat' dir='ltr'><strong>non</strong></span> <span class='ocrx_word' id='word_1_388' title='bbox 2550 2086 2834 2142; x_wconf 88' lang='lat' dir='ltr'><strong>vesperam</strong></span> <span class='ocrx_word' id='word_1_389' title='bbox 2864 2073 3000 2139; x_wconf 91' lang='lat' dir='ltr'><strong>diei,</strong></span> <span class='ocrx_word' id='word_1_390' title='bbox 3031 2074 3124 2130; x_wconf 90' lang='lat' dir='ltr'><strong>sed</strong></span> <span class='ocrx_word' id='word_1_391' title='bbox 3153 2077 3327 2132; x_wconf 91' lang='lat' dir='ltr'><strong>noctis</strong></span> <span class='ocrx_word' id='word_1_392' title='bbox 3349 2078 3721 2150; x_wconf 83' lang='lat' dir='ltr'><strong>descripsisse</strong></span> <span class='ocrx_word' id='word_1_393' title='bbox 3739 2098 3790 2136; x_wconf 76' lang='lat' dir='ltr'><strong>se</strong></span> 
     </span>
    </p>
   </div>
   <div class='ocr_carea' id='block_1_50' title="bbox 2197 2159 3782 2238">
    <p class='ocr_par' dir='ltr' id='par_1_50' title="bbox 2197 2159 3782 2238">
     <span class='ocr_line' id='line_1_50' title="bbox 2197 2159 3782 2238; baseline 0.007 -24"><span class='ocrx_word' id='word_1_394' title='bbox 2197 2159 2524 2224; x_wconf 88' lang='lat' dir='ltr'><strong>ostenderet,</strong></span> <span class='ocrx_word' id='word_1_395' title='bbox 2552 2167 2836 2230; x_wconf 90' lang='lat' dir='ltr'><strong>postquam</strong></span> <span class='ocrx_word' id='word_1_396' title='bbox 2865 2162 3022 2228; x_wconf 85' lang='lat' dir='ltr'><strong>dixit,</strong></span> <span class='ocrx_word' id='word_1_397' title='bbox 3045 2181 3064 2215; x_wconf 86' lang='grc' dir='ltr'><strong>ι</strong></span> <span class='ocrx_word' id='word_1_398' title='bbox 3083 2179 3310 2234; x_wconf 90' lang='lat' dir='ltr'><strong>vespere</strong></span> <span class='ocrx_word' id='word_1_399' title='bbox 3335 2167 3581 2233; x_wconf 88' lang='lat' dir='ltr'><strong>sabbati,</strong></span> <span class='ocrx_word' id='word_1_400' title='bbox 3608 2191 3628 2222; x_wconf 73' lang='grc' dir='ltr'><strong>ι</strong></span> <span class='ocrx_word' id='word_1_401' title='bbox 3654 2170 3782 2238; x_wconf 82' lang='lat' dir='ltr'><strong>adje-</strong></span> 
     </span>
    </p>
   </div>
   <div class='ocr_carea' id='block_1_51' title="bbox 2197 2250 3775 2322">
    <p class='ocr_par' dir='ltr' id='par_1_51' title="bbox 2197 2250 3775 2322">
     <span class='ocr_line' id='line_1_51' title="bbox 2197 2250 3775 2322; baseline 0.008 -19"><span class='ocrx_word' id='word_1_402' title='bbox 2197 2250 2289 2312; x_wconf 85' lang='lat' dir='ltr'><strong>cit,</strong></span> <span class='ocrx_word' id='word_1_403' title='bbox 2345 2267 2364 2299; x_wconf 85' lang='grc' dir='ltr'><strong>ι</strong></span> <span class='ocrx_word' id='word_1_404' title='bbox 2397 2264 2517 2318; x_wconf 67' lang='lat' dir='ltr'><strong>quae</strong></span> <span class='ocrx_word' id='word_1_405' title='bbox 2546 2250 2769 2306; x_wconf 89' lang='lat' dir='ltr'><strong>lucescit</strong></span> <span class='ocrx_word' id='word_1_406' title='bbox 2797 2254 2849 2307; x_wconf 93' lang='lat' dir='ltr'><strong>in</strong></span> <span class='ocrx_word' id='word_1_407' title='bbox 2876 2253 3050 2322; x_wconf 89' lang='lat' dir='ltr'><strong>prima</strong></span> <span class='ocrx_word' id='word_1_408' title='bbox 3074 2254 3306 2321; x_wconf 88' lang='lat' dir='ltr'><strong>sabbati,</strong></span> <span class='ocrx_word' id='word_1_409' title='bbox 3337 2277 3356 2308; x_wconf 71' lang='grc' dir='ltr'><strong>ι</strong></span> <span class='ocrx_word' id='word_1_410' title='bbox 3385 2268 3444 2312; x_wconf 94' lang='lat' dir='ltr'><strong>et</strong></span> <span class='ocrx_word' id='word_1_411' title='bbox 3472 2259 3603 2315; x_wconf 90' lang='lat' dir='ltr'><strong>ideo</strong></span> <span class='ocrx_word' id='word_1_412' title='bbox 3629 2277 3775 2315; x_wconf 80' lang='lat' dir='ltr'><strong>unum</strong></span> 
     </span>
    </p>
   </div>
   <div class='ocr_carea' id='block_1_52' title="bbox 2197 2340 3779 2413">
    <p class='ocr_par' dir='ltr' id='par_1_52' title="bbox 2197 2340 3779 2413">
     <span class='ocr_line' id='line_1_52' title="bbox 2197 2340 3779 2413; baseline 0.008 -19"><span class='ocrx_word' id='word_1_413' title='bbox 2197 2340 2447 2411; x_wconf 88' lang='lat' dir='ltr'><strong>idemque</strong></span> <span class='ocrx_word' id='word_1_414' title='bbox 2487 2351 2573 2396; x_wconf 91' lang='lat' dir='ltr'><strong>est</strong></span> <span class='ocrx_word' id='word_1_415' title='bbox 2620 2343 2762 2412; x_wconf 89' lang='lat' dir='ltr'><strong>quod</strong></span> <span class='ocrx_word' id='word_1_416' title='bbox 2806 2342 3020 2400; x_wconf 85' lang='lat' dir='ltr'><strong>Marcus</strong></span> <span class='ocrx_word' id='word_1_417' title='bbox 3060 2345 3164 2410; x_wconf 89' lang='lat' dir='ltr'><strong>ait,</strong></span> <span class='ocrx_word' id='word_1_418' title='bbox 3205 2364 3224 2398; x_wconf 81' lang='grc' dir='ltr'><strong>ι</strong></span> <span class='ocrx_word' id='word_1_419' title='bbox 3261 2347 3420 2403; x_wconf 87' lang='lat' dir='ltr'><strong>valde</strong></span> <span class='ocrx_word' id='word_1_420' title='bbox 3450 2365 3652 2413; x_wconf 88' lang='lat' dir='ltr'><strong>mane,</strong></span> <span class='ocrx_word' id='word_1_421' title='bbox 3687 2373 3704 2404; x_wconf 74' lang='grc' dir='ltr'><strong>ι</strong></span> <span class='ocrx_word' id='word_1_422' title='bbox 3734 2363 3779 2407; x_wconf 86' lang='lat' dir='ltr'><strong>et</strong></span> 
     </span>
    </p>
   </div>
   <div class='ocr_carea' id='block_1_53' title="bbox 2194 2433 3778 2508">
    <p class='ocr_par' dir='ltr' id='par_1_53' title="bbox 2194 2433 3778 2508">
     <span class='ocr_line' id='line_1_53' title="bbox 2194 2433 3778 2508; baseline 0.009 -23"><span class='ocrx_word' id='word_1_423' title='bbox 2194 2433 2335 2502; x_wconf 83' lang='lat' dir='ltr'><strong>quod</strong></span> <span class='ocrx_word' id='word_1_424' title='bbox 2367 2433 2648 2489; x_wconf 74' lang='lat' dir='ltr'><strong>Matthaeus</strong></span> <span class='ocrx_word' id='word_1_425' title='bbox 2673 2435 2825 2500; x_wconf 88' lang='lat' dir='ltr'><strong>dicit,</strong></span> <span class='ocrx_word' id='word_1_426' title='bbox 2860 2454 2878 2487; x_wconf 81' lang='grc' dir='ltr'><strong>ι</strong></span> <span class='ocrx_word' id='word_1_427' title='bbox 2910 2451 3132 2508; x_wconf 88' lang='lat' dir='ltr'><strong>vespere</strong></span> <span class='ocrx_word' id='word_1_428' title='bbox 3157 2438 3392 2494; x_wconf 86' lang='lat' dir='ltr'><strong>sabbati.</strong></span> <span class='ocrx_word' id='word_1_429' title='bbox 3426 2459 3443 2492; x_wconf 81' lang='grc' dir='ltr'><strong>ι</strong></span> <span class='ocrx_word' id='word_1_430' title='bbox 3480 2441 3540 2495; x_wconf 88' lang='lat' dir='ltr'><strong>In</strong></span> <span class='ocrx_word' id='word_1_431' title='bbox 3569 2444 3778 2498; x_wconf 88' lang='lat' dir='ltr'><strong>Domini</strong></span> 
     </span>
    </p>
   </div>
   <div class='ocr_carea' id='block_1_54' title="bbox 2195 2527 3779 2603">
    <p class='ocr_par' dir='ltr' id='par_1_54' title="bbox 2195 2527 3779 2603">
     <span class='ocr_line' id='line_1_54' title="bbox 2195 2527 3779 2603; baseline 0.009 -26"><span class='ocrx_word' id='word_1_432' title='bbox 2195 2540 2426 2594; x_wconf 90' lang='lat' dir='ltr'><strong>namque</strong></span> <span class='ocrx_word' id='word_1_433' title='bbox 2451 2527 2866 2593; x_wconf 88' lang='lat' dir='ltr'><strong>resurrectione,</strong></span> <span class='ocrx_word' id='word_1_434' title='bbox 2890 2529 3053 2584; x_wconf 87' lang='lat' dir='ltr'><strong>etiam</strong></span> <span class='ocrx_word' id='word_1_435' title='bbox 3076 2530 3191 2601; x_wconf 89' lang='lat' dir='ltr'><strong>ipse</strong></span> <span class='ocrx_word' id='word_1_436' title='bbox 3217 2533 3353 2588; x_wconf 91' lang='lat' dir='ltr'><strong>ordo</strong></span> <span class='ocrx_word' id='word_1_437' title='bbox 3375 2538 3635 2603; x_wconf 87' lang='lat' dir='ltr'><strong>temporis</strong></span> <span class='ocrx_word' id='word_1_438' title='bbox 3664 2553 3779 2591; x_wconf 82' lang='lat' dir='ltr'><strong>mu-</strong></span> 
     </span>
    </p>
   </div>
   <div class='ocr_carea' id='block_1_55' title="bbox 2197 2617 3775 2695">
    <p class='ocr_par' dir='ltr' id='par_1_55' title="bbox 2197 2617 3775 2695">
     <span class='ocr_line' id='line_1_55' title="bbox 2197 2617 3775 2695; baseline 0.009 -25"><span class='ocrx_word' id='word_1_439' title='bbox 2197 2625 2339 2671; x_wconf 87' lang='lat' dir='ltr'><strong>tatus</strong></span> <span class='ocrx_word' id='word_1_440' title='bbox 2383 2627 2484 2672; x_wconf 89' lang='lat' dir='ltr'><strong>est.</strong></span> <span class='ocrx_word' id='word_1_441' title='bbox 2536 2617 2619 2673; x_wconf 84' lang='lat' dir='ltr'><strong>Ab</strong></span> <span class='ocrx_word' id='word_1_442' title='bbox 2665 2618 2820 2674; x_wconf 90' lang='lat' dir='ltr'><strong>initio</strong></span> <span class='ocrx_word' id='word_1_443' title='bbox 2859 2621 3003 2675; x_wconf 90' lang='lat' dir='ltr'><strong>enim</strong></span> <span class='ocrx_word' id='word_1_444' title='bbox 3049 2623 3229 2678; x_wconf 71' lang='lat' dir='ltr'><strong>smculi</strong></span> <span class='ocrx_word' id='word_1_445' title='bbox 3269 2640 3437 2695; x_wconf 89' lang='lat' dir='ltr'><strong>usque</strong></span> <span class='ocrx_word' id='word_1_446' title='bbox 3462 2627 3530 2681; x_wconf 88' lang='lat' dir='ltr'><strong>ad</strong></span> <span class='ocrx_word' id='word_1_447' title='bbox 3559 2629 3775 2684; x_wconf 89' lang='lat' dir='ltr'><strong>Domini</strong></span> 
     </span>
    </p>
   </div>
   <div class='ocr_carea' id='block_1_56' title="bbox 2194 2708 3770 2786">
    <p class='ocr_par' dir='ltr' id='par_1_56' title="bbox 2194 2708 3770 2786">
     <span class='ocr_line' id='line_1_56' title="bbox 2194 2708 3770 2786; baseline 0.006 -24"><span class='ocrx_word' id='word_1_448' title='bbox 2194 2708 2666 2774; x_wconf 88' lang='lat' dir='ltr'><strong>resurrectionem,</strong></span> <span class='ocrx_word' id='word_1_449' title='bbox 2691 2710 2806 2765; x_wconf 90' lang='lat' dir='ltr'><strong>dies</strong></span> <span class='ocrx_word' id='word_1_450' title='bbox 2828 2712 3191 2780; x_wconf 80' lang='lat' dir='ltr'><strong>praecedebat,</strong></span> <span class='ocrx_word' id='word_1_451' title='bbox 3208 2723 3264 2769; x_wconf 90' lang='lat' dir='ltr'><strong>et</strong></span> <span class='ocrx_word' id='word_1_452' title='bbox 3281 2717 3594 2786; x_wconf 80' lang='lat' dir='ltr'><strong>sequebatur</strong></span> <span class='ocrx_word' id='word_1_453' title='bbox 3608 2735 3733 2774; x_wconf 79' lang='lat' dir='ltr'><strong>nox</strong></span> <span class='ocrx_word' id='word_1_454' title='bbox 3753 2738 3770 2771; x_wconf 91' lang='lat'><strong>:</strong></span> 
     </span>
    </p>
   </div>
   <div class='ocr_carea' id='block_1_57' title="bbox 2193 2793 3826 2880">
    <p class='ocr_par' dir='ltr' id='par_1_57' title="bbox 2193 2793 3826 2880">
     <span class='ocr_line' id='line_1_57' title="bbox 2193 2793 3826 2880; baseline 0.009 -27"><span class='ocrx_word' id='word_1_455' title='bbox 2193 2815 2225 2853; x_wconf 90' lang='lat' dir='ltr'><strong>a</strong></span> <span class='ocrx_word' id='word_1_456' title='bbox 2255 2800 2464 2854; x_wconf 88' lang='lat' dir='ltr'><strong>Domini</strong></span> <span class='ocrx_word' id='word_1_457' title='bbox 2497 2816 2628 2856; x_wconf 88' lang='lat' dir='ltr'><strong>vero</strong></span> <span class='ocrx_word' id='word_1_458' title='bbox 2650 2806 3065 2870; x_wconf 88' lang='lat' dir='ltr'><strong>resurrectione,</strong></span> <span class='ocrx_word' id='word_1_459' title='bbox 3097 2821 3204 2862; x_wconf 91' lang='lat' dir='ltr'><strong>nox</strong></span> <span class='ocrx_word' id='word_1_460' title='bbox 3229 2810 3516 2880; x_wconf 63' lang='lat' dir='ltr'><strong>praecedens</strong></span> <span class='ocrx_word' id='word_1_461' title='bbox 3555 2813 3618 2866; x_wconf 89' lang='lat' dir='ltr'><strong>ad</strong></span> <span class='ocrx_word' id='word_1_462' title='bbox 3648 2827 3749 2866; x_wconf 83' lang='lat' dir='ltr'><strong>se—</strong></span> <span class='ocrx_word' id='word_1_463' title='bbox 3822 2793 3826 2795; x_wconf 16' lang='lat' dir='ltr'><strong>l</strong></span> 
     </span>
    </p>
   </div>
   <div class='ocr_carea' id='block_1_58' title="bbox 2193 2892 3768 2968">
    <p class='ocr_par' dir='ltr' id='par_1_58' title="bbox 2193 2892 3768 2968">
     <span class='ocr_line' id='line_1_58' title="bbox 2193 2892 3768 2968; baseline 0.01 -24"><span class='ocrx_word' id='word_1_464' title='bbox 2193 2899 2441 2960; x_wconf 88' lang='lat' dir='ltr'><strong>quentem</strong></span> <span class='ocrx_word' id='word_1_465' title='bbox 2471 2892 2611 2947; x_wconf 91' lang='lat' dir='ltr'><strong>diem</strong></span> <span class='ocrx_word' id='word_1_466' title='bbox 2634 2894 2868 2962; x_wconf 89' lang='lat' dir='ltr'><strong>pertinet</strong></span> <span class='ocrx_word' id='word_1_467' title='bbox 2895 2912 2908 2948; x_wconf 95' lang='lat'><strong>:</strong></span> <span class='ocrx_word' id='word_1_468' title='bbox 2941 2897 3065 2965; x_wconf 89' lang='lat' dir='ltr'><strong>quia</strong></span> <span class='ocrx_word' id='word_1_469' title='bbox 3094 2899 3185 2967; x_wconf 93' lang='lat' dir='ltr'><strong>qui</strong></span> <span class='ocrx_word' id='word_1_470' title='bbox 3215 2899 3271 2953; x_wconf 93' lang='lat' dir='ltr'><strong>in</strong></span> <span class='ocrx_word' id='word_1_471' title='bbox 3303 2899 3453 2968; x_wconf 85' lang='lat' dir='ltr'><strong>hujus</strong></span> <span class='ocrx_word' id='word_1_472' title='bbox 3478 2902 3652 2957; x_wconf 84' lang='lat' dir='ltr'><strong>noctis</strong></span> <span class='ocrx_word' id='word_1_473' title='bbox 3669 2904 3768 2958; x_wconf 78' lang='lat' dir='ltr'><strong>ul-</strong></span> 
     </span>
    </p>
   </div>
   <div class='ocr_carea' id='block_1_59' title="bbox 2195 2982 3766 3062">
    <p class='ocr_par' dir='ltr' id='par_1_59' title="bbox 2195 2982 3766 3062">
     <span class='ocr_line' id='line_1_59' title="bbox 2195 2982 3766 3062; baseline 0.01 -27"><span class='ocrx_word' id='word_1_474' title='bbox 2195 2982 2319 3036; x_wconf 90' lang='lat' dir='ltr'><strong>tima</strong></span> <span class='ocrx_word' id='word_1_475' title='bbox 2343 2992 2497 3052; x_wconf 88' lang='lat' dir='ltr'><strong>parte</strong></span> <span class='ocrx_word' id='word_1_476' title='bbox 2521 2999 2552 3038; x_wconf 91' lang='lat' dir='ltr'><strong>a</strong></span> <span class='ocrx_word' id='word_1_477' title='bbox 2575 2985 2804 3039; x_wconf 90' lang='lat' dir='ltr'><strong>mortuis</strong></span> <span class='ocrx_word' id='word_1_478' title='bbox 2832 2989 3149 3054; x_wconf 86' lang='lat' dir='ltr'><strong>resurrexit,</strong></span> <span class='ocrx_word' id='word_1_479' title='bbox 3183 2990 3354 3062; x_wconf 80' lang='lat' dir='ltr'><strong>ipsam</strong></span> <span class='ocrx_word' id='word_1_480' title='bbox 3385 3003 3591 3049; x_wconf 89' lang='lat' dir='ltr'><strong>noctem</strong></span> <span class='ocrx_word' id='word_1_481' title='bbox 3617 2995 3766 3052; x_wconf 85' lang='lat' dir='ltr'><strong>luci-</strong></span> 
     </span>
    </p>
   </div>
   <div class='ocr_carea' id='block_1_60' title="bbox 2194 3075 3765 3153">
    <p class='ocr_par' dir='ltr' id='par_1_60' title="bbox 2194 3075 3765 3153">
     <span class='ocr_line' id='line_1_60' title="bbox 2194 3075 3765 3153; baseline 0.01 -26"><span class='ocrx_word' id='word_1_482' title='bbox 2194 3075 2315 3129; x_wconf 87' lang='lat' dir='ltr'><strong>dam</strong></span> <span class='ocrx_word' id='word_1_483' title='bbox 2361 3083 2521 3145; x_wconf 89' lang='lat' dir='ltr'><strong>atque</strong></span> <span class='ocrx_word' id='word_1_484' title='bbox 2561 3091 2841 3132; x_wconf 89' lang='lat' dir='ltr'><strong>coruscam</strong></span> <span class='ocrx_word' id='word_1_485' title='bbox 2885 3080 3147 3145; x_wconf 87' lang='lat' dir='ltr'><strong>reddidit,</strong></span> <span class='ocrx_word' id='word_1_486' title='bbox 3195 3091 3249 3136; x_wconf 91' lang='lat' dir='ltr'><strong>et</strong></span> <span class='ocrx_word' id='word_1_487' title='bbox 3286 3088 3682 3153; x_wconf 84' lang='lat' dir='ltr'><strong>quodammodo</strong></span> <span class='ocrx_word' id='word_1_488' title='bbox 3712 3089 3765 3143; x_wconf 89' lang='lat' dir='ltr'><strong>in</strong></span> 
     </span>
    </p>
   </div>
   <div class='ocr_carea' id='block_1_61' title="bbox 2194 3165 3762 3242">
    <p class='ocr_par' dir='ltr' id='par_1_61' title="bbox 2194 3165 3762 3242">
     <span class='ocr_line' id='line_1_61' title="bbox 2194 3165 3762 3242; baseline 0.011 -24"><span class='ocrx_word' id='word_1_489' title='bbox 2194 3165 2333 3221; x_wconf 87' lang='lat' dir='ltr'><strong>diem</strong></span> <span class='ocrx_word' id='word_1_490' title='bbox 2375 3168 2745 3222; x_wconf 82' lang='lat' dir='ltr'><strong>commutavit.</strong></span> <span class='ocrx_word' id='word_1_491' title='bbox 2797 3168 2872 3224; x_wconf 92' lang='lat' dir='ltr'><strong>De</strong></span> <span class='ocrx_word' id='word_1_492' title='bbox 2908 3186 3012 3239; x_wconf 91' lang='lat' dir='ltr'><strong>qua</strong></span> <span class='ocrx_word' id='word_1_493' title='bbox 3058 3173 3315 3242; x_wconf 90' lang='lat' dir='ltr'><strong>scriptum</strong></span> <span class='ocrx_word' id='word_1_494' title='bbox 3364 3186 3479 3230; x_wconf 86' lang='lat' dir='ltr'><strong>cst:</strong></span> <span class='ocrx_word' id='word_1_495' title='bbox 3515 3197 3534 3229; x_wconf 81' lang='grc' dir='ltr'><strong>ι</strong></span> <span class='ocrx_word' id='word_1_496' title='bbox 3568 3178 3632 3233; x_wconf 81' lang='lat' dir='ltr'><strong>Et</strong></span> <span class='ocrx_word' id='word_1_497' title='bbox 3661 3196 3762 3235; x_wconf 90' lang='lat' dir='ltr'><strong>nox</strong></span> 
     </span>
    </p>
   </div>
   <div class='ocr_carea' id='block_1_62' title="bbox 498 3241 3760 3336">
    <p class='ocr_par' dir='ltr' id='par_1_62' title="bbox 498 3241 3760 3336">
     <span class='ocr_line' id='line_1_62' title="bbox 498 3241 3760 3336; baseline 0.005 -27"><span class='ocrx_word' id='word_1_498' title='bbox 498 3265 701 3327; x_wconf 86' lang='lat' dir='ltr'><strong>quanto</strong></span> <span class='ocrx_word' id='word_1_499' title='bbox 748 3259 920 3330; x_wconf 89' lang='lat' dir='ltr'><strong>magis</strong></span> <span class='ocrx_word' id='word_1_500' title='bbox 962 3260 1030 3314; x_wconf 88' lang='lat' dir='ltr'><strong>ab</strong></span> <span class='ocrx_word' id='word_1_501' title='bbox 1071 3261 1194 3332; x_wconf 91' lang='lat' dir='ltr'><strong>igne</strong></span> <span class='ocrx_word' id='word_1_502' title='bbox 1235 3261 1661 3332; x_wconf 87' lang='lat' dir='ltr'><strong>compunctionis</strong></span> <span class='ocrx_word' id='word_1_503' title='bbox 1695 3268 1932 3315; x_wconf 82' lang='lat' dir='ltr'><strong>excoctae</strong></span> <span class='ocrx_word' id='word_1_504' title='bbox 1960 3258 2079 3314; x_wconf 87' lang='lat' dir='ltr'><strong>fue-</strong></span> <span class='ocrx_word' id='word_1_505' title='bbox 2110 3241 2154 3304; x_wconf 71' lang='grc' dir='ltr'>Ο</span> <span class='ocrx_word' id='word_1_506' title='bbox 2187 3258 2328 3312; x_wconf 91' lang='lat' dir='ltr'><strong>sicut</strong></span> <span class='ocrx_word' id='word_1_507' title='bbox 2349 3258 2463 3313; x_wconf 90' lang='lat' dir='ltr'><strong>dies</strong></span> <span class='ocrx_word' id='word_1_508' title='bbox 2489 3258 3068 3331; x_wconf 80' lang='lat' dir='ltr'><strong>illuminabitur(Psal.</strong></span> <span class='ocrx_word' id='word_1_509' title='bbox 3091 3241 3374 3336; x_wconf 80' lang='lat' dir='ltr'><strong>cxxxviu).</strong></span> <span class='ocrx_word' id='word_1_510' title='bbox 3401 3287 3417 3317; x_wconf 73' lang='grc' dir='ltr'><strong>ι</strong></span> <span class='ocrx_word' id='word_1_511' title='bbox 3441 3267 3507 3322; x_wconf 80' lang='lat' dir='ltr'><strong>Et</strong></span> <span class='ocrx_word' id='word_1_512' title='bbox 3535 3269 3760 3325; x_wconf 87' lang='lat' dir='ltr'><strong>iterum:</strong></span> 
     </span>
    </p>
   </div>
   <div class='ocr_carea' id='block_1_63' title="bbox 488 3347 2078 3418">
    <p class='ocr_par' dir='ltr' id='par_1_63' title="bbox 488 3347 2078 3418">
     <span class='ocr_line' id='line_1_63' title="bbox 488 3347 2078 3418; baseline 0.003 -17"><span class='ocrx_word' id='word_1_513' title='bbox 488 3347 609 3410; x_wconf 77' lang='lat' dir='ltr'><strong>rint</strong></span> <span class='ocrx_word' id='word_1_514' title='bbox 636 3365 650 3402; x_wconf 89' lang='lat'><strong>:</strong></span> <span class='ocrx_word' id='word_1_515' title='bbox 682 3349 737 3403; x_wconf 95' lang='lat' dir='ltr'><strong>in</strong></span> <span class='ocrx_word' id='word_1_516' title='bbox 762 3357 1000 3418; x_wconf 89' lang='lat' dir='ltr'><strong>tantum,</strong></span> <span class='ocrx_word' id='word_1_517' title='bbox 1026 3360 1088 3406; x_wconf 92' lang='lat' dir='ltr'><strong>ut</strong></span> <span class='ocrx_word' id='word_1_518' title='bbox 1127 3352 1392 3408; x_wconf 88' lang='lat' dir='ltr'><strong>suavitate</strong></span> <span class='ocrx_word' id='word_1_519' title='bbox 1430 3351 1726 3408; x_wconf 85' lang='lat' dir='ltr'><strong>delectatus</strong></span> <span class='ocrx_word' id='word_1_520' title='bbox 1763 3367 1858 3406; x_wconf 87' lang='lat' dir='ltr'><strong>rex</strong></span> <span class='ocrx_word' id='word_1_521' title='bbox 1895 3351 2078 3406; x_wconf 89' lang='lat' dir='ltr'><strong>dicat:</strong></span> 
     </span>
    </p>
   </div>
   <div class='ocr_carea' id='block_1_64' title="bbox 494 3435 2084 3514">
    <p class='ocr_par' dir='ltr' id='par_1_64' title="bbox 494 3435 2084 3514">
     <span class='ocr_line' id='line_1_64' title="bbox 494 3435 2084 3514; baseline 0.004 -22"><span class='ocrx_word' id='word_1_522' title='bbox 494 3435 522 3492; x_wconf 82' lang='grc' dir='ltr'><strong>ἰ</strong></span> <span class='ocrx_word' id='word_1_523' title='bbox 559 3441 689 3509; x_wconf 65' lang='lat' dir='ltr'><strong>Quae</strong></span> <span class='ocrx_word' id='word_1_524' title='bbox 717 3453 801 3498; x_wconf 92' lang='lat' dir='ltr'><strong>est</strong></span> <span class='ocrx_word' id='word_1_525' title='bbox 828 3445 930 3499; x_wconf 87' lang='lat' dir='ltr'><strong>ista</strong></span> <span class='ocrx_word' id='word_1_526' title='bbox 959 3459 1078 3514; x_wconf 56' lang='lat' dir='ltr'><strong>quae</strong></span> <span class='ocrx_word' id='word_1_527' title='bbox 1105 3444 1349 3500; x_wconf 91' lang='lat' dir='ltr'><strong>ascendit</strong></span> <span class='ocrx_word' id='word_1_528' title='bbox 1377 3459 1472 3514; x_wconf 88' lang='lat' dir='ltr'><strong>per</strong></span> <span class='ocrx_word' id='word_1_529' title='bbox 1492 3445 1785 3508; x_wconf 90' lang='lat' dir='ltr'><strong>desertum,</strong></span> <span class='ocrx_word' id='word_1_530' title='bbox 1817 3445 1958 3499; x_wconf 92' lang='lat' dir='ltr'><strong>sicut</strong></span> <span class='ocrx_word' id='word_1_531' title='bbox 1975 3445 2084 3498; x_wconf 86' lang='lat' dir='ltr'><strong>vir-</strong></span> 
     </span>
    </p>
   </div>
   <div class='ocr_carea' id='block_1_65' title="bbox 499 3533 2080 3609">
    <p class='ocr_par' dir='ltr' id='par_1_65' title="bbox 499 3533 2080 3609">
     <span class='ocr_line' id='line_1_65' title="bbox 499 3533 2080 3609; baseline 0.004 -22"><span class='ocrx_word' id='word_1_532' title='bbox 499 3534 621 3604; x_wconf 86' lang='lat' dir='ltr'><strong>gula</strong></span> <span class='ocrx_word' id='word_1_533' title='bbox 648 3533 778 3589; x_wconf 90' lang='lat' dir='ltr'><strong>fumi</strong></span> <span class='ocrx_word' id='word_1_534' title='bbox 807 3550 873 3590; x_wconf 79' lang='lat' dir='ltr'><strong>ex</strong></span> <span class='ocrx_word' id='word_1_535' title='bbox 911 3535 1243 3592; x_wconf 89' lang='lat' dir='ltr'><strong>aromatibus</strong></span> <span class='ocrx_word' id='word_1_536' title='bbox 1273 3537 1506 3609; x_wconf 74' lang='lat' dir='ltr'><strong>myrrha:</strong></span> <span class='ocrx_word' id='word_1_537' title='bbox 1538 3543 1591 3592; x_wconf 89' lang='lat' dir='ltr'><strong>et</strong></span> <span class='ocrx_word' id='word_1_538' title='bbox 1621 3537 1827 3604; x_wconf 90' lang='lat' dir='ltr'><strong>thuris,</strong></span> <span class='ocrx_word' id='word_1_539' title='bbox 1875 3547 1931 3592; x_wconf 92' lang='lat' dir='ltr'><strong>et</strong></span> <span class='ocrx_word' id='word_1_540' title='bbox 1957 3539 2080 3593; x_wconf 91' lang='lat' dir='ltr'><strong>uni-</strong></span> 
     </span>
    </p>
   </div>
   <div class='ocr_carea' id='block_1_66' title="bbox 497 3625 2082 3697">
    <p class='ocr_par' dir='ltr' id='par_1_66' title="bbox 497 3625 2082 3697">
     <span class='ocr_line' id='line_1_66' title="bbox 497 3625 2082 3697; baseline 0.003 -19"><span class='ocrx_word' id='word_1_541' title='bbox 497 3625 639 3680; x_wconf 83' lang='lat' dir='ltr'><strong>versi</strong></span> <span class='ocrx_word' id='word_1_542' title='bbox 675 3625 911 3694; x_wconf 89' lang='lat' dir='ltr'><strong>pulveris</strong></span> <span class='ocrx_word' id='word_1_543' title='bbox 937 3626 1321 3697; x_wconf 88' lang='lat' dir='ltr'><strong>pigmentarii?</strong></span> <span class='ocrx_word' id='word_1_544' title='bbox 1351 3647 1370 3678; x_wconf 78' lang='grc' dir='ltr'><strong>ι</strong></span> <span class='ocrx_word' id='word_1_545' title='bbox 1420 3625 1597 3696; x_wconf 82' lang='lat' dir='ltr'><strong>(Cant.</strong></span> <span class='ocrx_word' id='word_1_546' title='bbox 1639 3627 1746 3697; x_wconf 88' lang='grc' dir='ltr'><strong>ιιι.)</strong></span> <span class='ocrx_word' id='word_1_547' title='bbox 1772 3625 1869 3682; x_wconf 90' lang='lat' dir='ltr'><strong>Cui</strong></span> <span class='ocrx_word' id='word_1_548' title='bbox 1898 3637 2082 3682; x_wconf 89' lang='lat' dir='ltr'><strong>sancta</strong></span> 
     </span>
    </p>
   </div>
   <div class='ocr_carea' id='block_1_67' title="bbox 499 3714 2083 3785">
    <p class='ocr_par' dir='ltr' id='par_1_67' title="bbox 499 3714 2083 3785">
     <span class='ocr_line' id='line_1_67' title="bbox 499 3714 2083 3785; baseline 0.003 -18"><span class='ocrx_word' id='word_1_549' title='bbox 499 3715 680 3768; x_wconf 87' lang='lat' dir='ltr'><strong>anima</strong></span> <span class='ocrx_word' id='word_1_550' title='bbox 727 3714 858 3768; x_wconf 93' lang='lat' dir='ltr'><strong>nihil</strong></span> <span class='ocrx_word' id='word_1_551' title='bbox 910 3716 976 3769; x_wconf 94' lang='lat' dir='ltr'><strong>de</strong></span> <span class='ocrx_word' id='word_1_552' title='bbox 1027 3730 1085 3769; x_wconf 86' lang='lat' dir='ltr'><strong>se</strong></span> <span class='ocrx_word' id='word_1_553' title='bbox 1122 3729 1486 3785; x_wconf 83' lang='lat' dir='ltr'><strong>praesumens,</strong></span> <span class='ocrx_word' id='word_1_554' title='bbox 1535 3715 1658 3768; x_wconf 87' lang='lat' dir='ltr'><strong>ait:</strong></span> <span class='ocrx_word' id='word_1_555' title='bbox 1703 3734 1721 3765; x_wconf 79' lang='grc' dir='ltr'><strong>ι</strong></span> <span class='ocrx_word' id='word_1_556' title='bbox 1767 3715 1944 3770; x_wconf 90' lang='lat' dir='ltr'><strong>Trahe</strong></span> <span class='ocrx_word' id='word_1_557' title='bbox 1997 3731 2083 3771; x_wconf 90' lang='lat' dir='ltr'><strong>me</strong></span> 
     </span>
    </p>
   </div>
   <div class='ocr_carea' id='block_1_68' title="bbox 498 3791 2080 3876">
    <p class='ocr_par' dir='ltr' id='par_1_68' title="bbox 498 3791 2080 3876">
     <span class='ocr_line' id='line_1_68' title="bbox 498 3791 2080 3876; baseline 0.003 -19"><span class='ocrx_word' id='word_1_558' title='bbox 498 3813 622 3874; x_wconf 89' lang='lat' dir='ltr'><strong>post</strong></span> <span class='ocrx_word' id='word_1_559' title='bbox 651 3812 733 3868; x_wconf 90' lang='lat' dir='ltr'><strong>te,</strong></span> <span class='ocrx_word' id='word_1_560' title='bbox 770 3791 1052 3860; x_wconf 83' lang='lat' dir='ltr'><strong>curremus</strong></span> <span class='ocrx_word' id='word_1_561' title='bbox 1092 3806 1146 3860; x_wconf 91' lang='lat' dir='ltr'><strong>in</strong></span> <span class='ocrx_word' id='word_1_562' title='bbox 1186 3806 1407 3860; x_wconf 89' lang='lat' dir='ltr'><strong>odorem</strong></span> <span class='ocrx_word' id='word_1_563' title='bbox 1445 3813 1838 3876; x_wconf 91' lang='lat' dir='ltr'><strong>unguentorum</strong></span> <span class='ocrx_word' id='word_1_564' title='bbox 1868 3815 2080 3862; x_wconf 91' lang='lat' dir='ltr'><strong>tuorum</strong></span> 
     </span>
    </p>
   </div>
   <div class='ocr_carea' id='block_1_69' title="bbox 504 3891 2085 3967">
    <p class='ocr_par' dir='ltr' id='par_1_69' title="bbox 504 3891 2085 3967">
     <span class='ocr_line' id='line_1_69' title="bbox 504 3891 2085 3967; baseline 0.006 -23"><span class='ocrx_word' id='word_1_565' title='bbox 504 3891 685 3962; x_wconf 82' lang='lat' dir='ltr'><strong>(Cant.</strong></span> <span class='ocrx_word' id='word_1_566' title='bbox 716 3895 778 3966; x_wconf 93' lang='grc' dir='ltr'><strong>ι).</strong></span> <span class='ocrx_word' id='word_1_567' title='bbox 810 3913 828 3947; x_wconf 78' lang='grc' dir='ltr'><strong>ι</strong></span> <span class='ocrx_word' id='word_1_568' title='bbox 864 3893 1030 3961; x_wconf 85' lang='lat' dir='ltr'><strong>Quasi</strong></span> <span class='ocrx_word' id='word_1_569' title='bbox 1077 3895 1222 3950; x_wconf 89' lang='lat' dir='ltr'><strong>enim</strong></span> <span class='ocrx_word' id='word_1_570' title='bbox 1261 3903 1503 3950; x_wconf 91' lang='lat' dir='ltr'><strong>aromata</strong></span> <span class='ocrx_word' id='word_1_571' title='bbox 1549 3897 1811 3962; x_wconf 87' lang='lat' dir='ltr'><strong>emimus,</strong></span> <span class='ocrx_word' id='word_1_572' title='bbox 1859 3912 1978 3967; x_wconf 80' lang='lat' dir='ltr'><strong>quae</strong></span> <span class='ocrx_word' id='word_1_573' title='bbox 2017 3899 2085 3953; x_wconf 90' lang='lat' dir='ltr'><strong>ad</strong></span> 
     </span>
    </p>
   </div>
   <div class='ocr_carea' id='block_1_70' title="bbox 503 3983 2083 4058">
    <p class='ocr_par' dir='ltr' id='par_1_70' title="bbox 503 3983 2083 4058">
     <span class='ocr_line' id='line_1_70' title="bbox 503 3983 2083 4058; baseline 0.006 -21"><span class='ocrx_word' id='word_1_574' title='bbox 503 3983 809 4053; x_wconf 85' lang='lat' dir='ltr'><strong>sepulcrum</strong></span> <span class='ocrx_word' id='word_1_575' title='bbox 851 3985 1186 4051; x_wconf 89' lang='lat' dir='ltr'><strong>deferamus,</strong></span> <span class='ocrx_word' id='word_1_576' title='bbox 1225 3986 1443 4056; x_wconf 88' lang='lat' dir='ltr'><strong>quando</strong></span> <span class='ocrx_word' id='word_1_577' title='bbox 1473 3987 1768 4058; x_wconf 84' lang='lat' dir='ltr'><strong>ingressuri</strong></span> <span class='ocrx_word' id='word_1_578' title='bbox 1799 3989 2083 4046; x_wconf 81' lang='lat' dir='ltr'><strong>ecclesiam</strong></span> 
     </span>
    </p>
   </div>
   <div class='ocr_carea' id='block_1_71' title="bbox 503 4075 2087 4153">
    <p class='ocr_par' dir='ltr' id='par_1_71' title="bbox 503 4075 2087 4153">
     <span class='ocr_line' id='line_1_71' title="bbox 503 4075 2087 4153; baseline 0.006 -25"><span class='ocrx_word' id='word_1_579' title='bbox 503 4075 569 4128; x_wconf 90' lang='lat' dir='ltr'><strong>ad</strong></span> <span class='ocrx_word' id='word_1_580' title='bbox 609 4076 910 4133; x_wconf 90' lang='lat' dir='ltr'><strong>orationem</strong></span> <span class='ocrx_word' id='word_1_581' title='bbox 927 4119 942 4144; x_wconf 92' lang='lat'><strong>,</strong></span> <span class='ocrx_word' id='word_1_582' title='bbox 985 4088 1200 4133; x_wconf 88' lang='lat' dir='ltr'><strong>nostras</strong></span> <span class='ocrx_word' id='word_1_583' title='bbox 1222 4078 1585 4134; x_wconf 89' lang='lat' dir='ltr'><strong>conscientias</strong></span> <span class='ocrx_word' id='word_1_584' title='bbox 1609 4095 1640 4134; x_wconf 91' lang='lat' dir='ltr'><strong>a</strong></span> <span class='ocrx_word' id='word_1_585' title='bbox 1671 4081 1919 4138; x_wconf 89' lang='lat' dir='ltr'><strong>sordibus</strong></span> <span class='ocrx_word' id='word_1_586' title='bbox 1941 4084 2087 4153; x_wconf 92' lang='lat' dir='ltr'><strong>cogi-</strong></span> 
     </span>
    </p>
   </div>
   <div class='ocr_carea' id='block_1_72' title="bbox 502 4163 2084 4243">
    <p class='ocr_par' dir='ltr' id='par_1_72' title="bbox 502 4163 2084 4243">
     <span class='ocr_line' id='line_1_72' title="bbox 502 4163 2084 4243; baseline 0.006 -23"><span class='ocrx_word' id='word_1_587' title='bbox 502 4168 798 4224; x_wconf 89' lang='lat' dir='ltr'><strong>tationibus</strong></span> <span class='ocrx_word' id='word_1_588' title='bbox 816 4163 1188 4235; x_wconf 88' lang='lat' dir='ltr'><strong>emundamus,</strong></span> <span class='ocrx_word' id='word_1_589' title='bbox 1204 4171 1444 4226; x_wconf 88' lang='lat' dir='ltr'><strong>dicentes</strong></span> <span class='ocrx_word' id='word_1_590' title='bbox 1465 4186 1587 4227; x_wconf 91' lang='lat' dir='ltr'><strong>cum</strong></span> <span class='ocrx_word' id='word_1_591' title='bbox 1610 4173 1908 4243; x_wconf 85' lang='lat' dir='ltr'><strong>Propheta:</strong></span> <span class='ocrx_word' id='word_1_592' title='bbox 1939 4195 1958 4228; x_wconf 81' lang='grc' dir='ltr'><strong>ι</strong></span> <span class='ocrx_word' id='word_1_593' title='bbox 1986 4176 2084 4230; x_wconf 83' lang='lat' dir='ltr'><strong>Pa-</strong></span> 
     </span>
    </p>
   </div>
   <div class='ocr_carea' id='block_1_73' title="bbox 503 4257 2085 4335">
    <p class='ocr_par' dir='ltr' id='par_1_73' title="bbox 503 4257 2085 4335">
     <span class='ocr_line' id='line_1_73' title="bbox 503 4257 2085 4335; baseline 0.008 -24"><span class='ocrx_word' id='word_1_594' title='bbox 503 4267 677 4314; x_wconf 89' lang='lat' dir='ltr'><strong>ratum</strong></span> <span class='ocrx_word' id='word_1_595' title='bbox 703 4275 798 4316; x_wconf 92' lang='lat' dir='ltr'><strong>cor</strong></span> <span class='ocrx_word' id='word_1_596' title='bbox 820 4277 1018 4328; x_wconf 90' lang='lat' dir='ltr'><strong>meum,</strong></span> <span class='ocrx_word' id='word_1_597' title='bbox 1047 4263 1202 4326; x_wconf 90' lang='lat' dir='ltr'><strong>Deus,</strong></span> <span class='ocrx_word' id='word_1_598' title='bbox 1219 4271 1468 4332; x_wconf 86' lang='lat' dir='ltr'><strong>paratum</strong></span> <span class='ocrx_word' id='word_1_599' title='bbox 1491 4278 1586 4318; x_wconf 92' lang='lat' dir='ltr'><strong>cor</strong></span> <span class='ocrx_word' id='word_1_600' title='bbox 1605 4279 1782 4320; x_wconf 90' lang='lat' dir='ltr'><strong>meum</strong></span> <span class='ocrx_word' id='word_1_601' title='bbox 1804 4257 2085 4335; x_wconf 84' lang='lat' dir='ltr'><strong>:cantabo,</strong></span> 
     </span>
    </p>
   </div>
   <div class='ocr_carea' id='block_1_74' title="bbox 500 4354 2090 4433">
    <p class='ocr_par' dir='ltr' id='par_1_74' title="bbox 500 4354 2090 4433">
     <span class='ocr_line' id='line_1_74' title="bbox 500 4354 2090 4433; baseline 0.008 -28"><span class='ocrx_word' id='word_1_602' title='bbox 500 4363 555 4406; x_wconf 90' lang='lat' dir='ltr'><strong>et</strong></span> <span class='ocrx_word' id='word_1_603' title='bbox 584 4354 844 4424; x_wconf 86' lang='lat' dir='ltr'><strong>psalmum</strong></span> <span class='ocrx_word' id='word_1_604' title='bbox 866 4356 1040 4410; x_wconf 90' lang='lat' dir='ltr'><strong>dicam</strong></span> <span class='ocrx_word' id='word_1_605' title='bbox 1067 4356 1315 4414; x_wconf 90' lang='lat' dir='ltr'><strong>Domino.</strong></span> <span class='ocrx_word' id='word_1_606' title='bbox 1340 4376 1358 4411; x_wconf 76' lang='grc' dir='ltr'><strong>ι</strong></span> <span class='ocrx_word' id='word_1_607' title='bbox 1377 4357 1484 4414; x_wconf 66' lang='lat' dir='ltr'><strong>Illae</strong></span> <span class='ocrx_word' id='word_1_608' title='bbox 1505 4375 1636 4431; x_wconf 91' lang='lat' dir='ltr'><strong>ergo</strong></span> <span class='ocrx_word' id='word_1_609' title='bbox 1655 4361 1912 4416; x_wconf 89' lang='lat' dir='ltr'><strong>mulieres</strong></span> <span class='ocrx_word' id='word_1_610' title='bbox 1931 4376 2090 4433; x_wconf 88' lang='lat' dir='ltr'><strong>ange-</strong></span> 
     </span>
    </p>
   </div>
   <div class='ocr_carea' id='block_1_75' title="bbox 501 4445 2084 4523">
    <p class='ocr_par' dir='ltr' id='par_1_75' title="bbox 501 4445 2084 4523">
     <span class='ocr_line' id='line_1_75' title="bbox 501 4445 2084 4523; baseline 0.008 -27"><span class='ocrx_word' id='word_1_611' title='bbox 501 4445 580 4498; x_wconf 89' lang='lat' dir='ltr'><strong>los</strong></span> <span class='ocrx_word' id='word_1_612' title='bbox 609 4446 818 4512; x_wconf 90' lang='lat' dir='ltr'><strong>vident,</strong></span> <span class='ocrx_word' id='word_1_613' title='bbox 867 4463 986 4517; x_wconf 69' lang='lat' dir='ltr'><strong>qua:</strong></span> <span class='ocrx_word' id='word_1_614' title='bbox 1029 4464 1150 4503; x_wconf 90' lang='lat' dir='ltr'><strong>cum</strong></span> <span class='ocrx_word' id='word_1_615' title='bbox 1179 4450 1513 4506; x_wconf 88' lang='lat' dir='ltr'><strong>aromatibus</strong></span> <span class='ocrx_word' id='word_1_616' title='bbox 1545 4453 1611 4506; x_wconf 91' lang='lat' dir='ltr'><strong>ad</strong></span> <span class='ocrx_word' id='word_1_617' title='bbox 1642 4452 1949 4523; x_wconf 89' lang='lat' dir='ltr'><strong>sepulcrum</strong></span> <span class='ocrx_word' id='word_1_618' title='bbox 1985 4469 2084 4510; x_wconf 85' lang='lat' dir='ltr'><strong>ve-</strong></span> 
     </span>
    </p>
   </div>
   <div class='ocr_carea' id='block_1_76' title="bbox 502 4540 2081 4615">
    <p class='ocr_par' dir='ltr' id='par_1_76' title="bbox 502 4540 2081 4615">
     <span class='ocr_line' id='line_1_76' title="bbox 502 4540 2081 4615; baseline 0.006 -23"><span class='ocrx_word' id='word_1_619' title='bbox 502 4540 690 4594; x_wconf 91' lang='lat' dir='ltr'><strong>niunt:</strong></span> <span class='ocrx_word' id='word_1_620' title='bbox 729 4541 854 4609; x_wconf 84' lang='lat' dir='ltr'><strong>quia</strong></span> <span class='ocrx_word' id='word_1_621' title='bbox 901 4540 1007 4596; x_wconf 63' lang='lat' dir='ltr'><strong>illa:</strong></span> <span class='ocrx_word' id='word_1_622' title='bbox 1044 4542 1239 4598; x_wconf 65' lang='lat' dir='ltr'><strong>animae</strong></span> <span class='ocrx_word' id='word_1_623' title='bbox 1285 4543 1353 4596; x_wconf 86' lang='lat' dir='ltr'><strong>ad</strong></span> <span class='ocrx_word' id='word_1_624' title='bbox 1394 4545 1727 4598; x_wconf 82' lang='lat' dir='ltr'><strong>consortium</strong></span> <span class='ocrx_word' id='word_1_625' title='bbox 1769 4546 2081 4615; x_wconf 90' lang='lat' dir='ltr'><strong>angelorum</strong></span> 
     </span>
    </p>
   </div>
   <div class='ocr_carea' id='block_1_77' title="bbox 500 4632 2071 4708">
    <p class='ocr_par' dir='ltr' id='par_1_77' title="bbox 500 4632 2071 4708">
     <span class='ocr_line' id='line_1_77' title="bbox 500 4632 2071 4708; baseline 0.008 -24"><span class='ocrx_word' id='word_1_626' title='bbox 500 4632 788 4700; x_wconf 89' lang='lat' dir='ltr'><strong>pertinent,</strong></span> <span class='ocrx_word' id='word_1_627' title='bbox 813 4649 931 4705; x_wconf 84' lang='lat' dir='ltr'><strong>quae</strong></span> <span class='ocrx_word' id='word_1_628' title='bbox 950 4649 1072 4690; x_wconf 92' lang='lat' dir='ltr'><strong>cum</strong></span> <span class='ocrx_word' id='word_1_629' title='bbox 1093 4636 1344 4706; x_wconf 89' lang='lat' dir='ltr'><strong>opinione</strong></span> <span class='ocrx_word' id='word_1_630' title='bbox 1366 4637 1487 4691; x_wconf 90' lang='lat' dir='ltr'><strong>honi</strong></span> <span class='ocrx_word' id='word_1_631' title='bbox 1510 4639 1688 4708; x_wconf 89' lang='lat' dir='ltr'><strong>operis</strong></span> <span class='ocrx_word' id='word_1_632' title='bbox 1705 4640 2071 4696; x_wconf 86' lang='lat' dir='ltr'><strong>assiduitatem</strong></span> 
     </span>
    </p>
   </div>
   <div class='ocr_carea' id='block_1_78' title="bbox 505 4725 2070 4800">
    <p class='ocr_par' dir='ltr' id='par_1_78' title="bbox 505 4725 2070 4800">
     <span class='ocr_line' id='line_1_78' title="bbox 505 4725 2070 4800; baseline 0.01 -26"><span class='ocrx_word' id='word_1_633' title='bbox 505 4725 699 4777; x_wconf 75' lang='lat' dir='ltr'><strong>habent</strong></span> <span class='ocrx_word' id='word_1_634' title='bbox 727 4728 1008 4781; x_wconf 92' lang='lat' dir='ltr'><strong>orationis.</strong></span> <span class='ocrx_word' id='word_1_635' title='bbox 1036 4727 1181 4784; x_wconf 89' lang='lat' dir='ltr'><strong>Talis</strong></span> <span class='ocrx_word' id='word_1_636' title='bbox 1203 4739 1322 4784; x_wconf 87' lang='lat' dir='ltr'><strong>erat</strong></span> <span class='ocrx_word' id='word_1_637' title='bbox 1345 4730 1430 4784; x_wconf 90' lang='lat' dir='ltr'><strong>ille</strong></span> <span class='ocrx_word' id='word_1_638' title='bbox 1451 4731 1540 4800; x_wconf 88' lang='lat' dir='ltr'><strong>qui</strong></span> <span class='ocrx_word' id='word_1_639' title='bbox 1559 4731 1802 4788; x_wconf 90' lang='lat' dir='ltr'><strong>dicebat:</strong></span> <span class='ocrx_word' id='word_1_640' title='bbox 1831 4753 1848 4783; x_wconf 90' lang='grc' dir='ltr'><strong>ι</strong></span> <span class='ocrx_word' id='word_1_641' title='bbox 1870 4736 2070 4790; x_wconf 79' lang='lat' dir='ltr'><strong>Christi</strong></span> 
     </span>
    </p>
   </div>
   <div class='ocr_carea' id='block_1_79' title="bbox 501 4811 2071 4896">
    <p class='ocr_par' dir='ltr' id='par_1_79' title="bbox 501 4811 2071 4896">
     <span class='ocr_line' id='line_1_79' title="bbox 501 4811 2071 4896; baseline 0.006 -30"><span class='ocrx_word' id='word_1_642' title='bbox 501 4811 676 4868; x_wconf 88' lang='lat' dir='ltr'><strong>bonus</strong></span> <span class='ocrx_word' id='word_1_643' title='bbox 705 4815 840 4869; x_wconf 89' lang='lat' dir='ltr'><strong>odor</strong></span> <span class='ocrx_word' id='word_1_644' title='bbox 863 4832 1066 4881; x_wconf 89' lang='lat' dir='ltr'><strong>sumus,</strong></span> <span class='ocrx_word' id='word_1_645' title='bbox 1104 4819 1216 4874; x_wconf 91' lang='lat' dir='ltr'><strong>Deo</strong></span> <span class='ocrx_word' id='word_1_646' title='bbox 1244 4820 1298 4873; x_wconf 94' lang='lat' dir='ltr'><strong>in</strong></span> <span class='ocrx_word' id='word_1_647' title='bbox 1334 4820 1480 4874; x_wconf 92' lang='lat' dir='ltr'><strong>omni</strong></span> <span class='ocrx_word' id='word_1_648' title='bbox 1507 4820 1627 4877; x_wconf 92' lang='lat' dir='ltr'><strong>loco</strong></span> <span class='ocrx_word' id='word_1_649' title='bbox 1666 4821 1752 4894; x_wconf 91' lang='lat' dir='ltr'><strong>(II</strong></span> <span class='ocrx_word' id='word_1_650' title='bbox 1787 4822 1908 4878; x_wconf 90' lang='lat' dir='ltr'><strong>Cor.</strong></span> <span class='ocrx_word' id='word_1_651' title='bbox 1934 4825 2016 4896; x_wconf 88' lang='grc' dir='ltr'><strong>ιι).</strong></span> <span class='ocrx_word' id='word_1_652' title='bbox 2055 4846 2071 4876; x_wconf 73' lang='grc' dir='ltr'><strong>ι</strong></span> 
     </span>
    </p>
   </div>
   <div class='ocr_carea' id='block_1_80' title="bbox 502 4904 2078 4982">
    <p class='ocr_par' dir='ltr' id='par_1_80' title="bbox 502 4904 2078 4982">
     <span class='ocr_line' id='line_1_80' title="bbox 502 4904 2078 4982; baseline 0.008 -24"><span class='ocrx_word' id='word_1_653' title='bbox 502 4904 777 4960; x_wconf 88' lang='lat' dir='ltr'><strong>Imitemur</strong></span> <span class='ocrx_word' id='word_1_654' title='bbox 794 4922 922 4977; x_wconf 89' lang='lat' dir='ltr'><strong>ergo</strong></span> <span class='ocrx_word' id='word_1_655' title='bbox 947 4916 1003 4962; x_wconf 93' lang='lat' dir='ltr'><strong>et</strong></span> <span class='ocrx_word' id='word_1_656' title='bbox 1024 4923 1123 4962; x_wconf 87' lang='lat' dir='ltr'><strong>nos</strong></span> <span class='ocrx_word' id='word_1_657' title='bbox 1146 4909 1364 4965; x_wconf 89' lang='lat' dir='ltr'><strong>easdem</strong></span> <span class='ocrx_word' id='word_1_658' title='bbox 1397 4921 1612 4968; x_wconf 90' lang='lat' dir='ltr'><strong>sanctas</strong></span> <span class='ocrx_word' id='word_1_659' title='bbox 1629 4922 1682 4968; x_wconf 91' lang='lat' dir='ltr'><strong>et</strong></span> <span class='ocrx_word' id='word_1_660' title='bbox 1701 4914 2078 4982; x_wconf 83' lang='lat' dir='ltr'><strong>devotissimas</strong></span> 
     </span>
    </p>
   </div>
   <div class='ocr_carea' id='block_1_81' title="bbox 506 4997 2079 5064">
    <p class='ocr_par' dir='ltr' id='par_1_81' title="bbox 506 4997 2079 5064">
     <span class='ocr_line' id='line_1_81' title="bbox 506 4997 2079 5064; baseline 0.008 -14"><span class='ocrx_word' id='word_1_661' title='bbox 506 4997 790 5062; x_wconf 87' lang='lat' dir='ltr'><strong>mulieres,</strong></span> <span class='ocrx_word' id='word_1_662' title='bbox 841 5007 899 5052; x_wconf 93' lang='lat' dir='ltr'><strong>ut</strong></span> <span class='ocrx_word' id='word_1_663' title='bbox 940 4999 1082 5053; x_wconf 91' lang='lat' dir='ltr'><strong>sicut</strong></span> <span class='ocrx_word' id='word_1_664' title='bbox 1122 5000 1226 5055; x_wconf 65' lang='lat' dir='ltr'><strong>illa:</strong></span> <span class='ocrx_word' id='word_1_665' title='bbox 1265 5017 1386 5057; x_wconf 90' lang='lat' dir='ltr'><strong>cum</strong></span> <span class='ocrx_word' id='word_1_666' title='bbox 1433 5006 1763 5062; x_wconf 85' lang='lat' dir='ltr'><strong>aromatibus</strong></span> <span class='ocrx_word' id='word_1_667' title='bbox 1796 5007 2079 5064; x_wconf 90' lang='lat' dir='ltr'><strong>Dominum</strong></span> 
     </span>
    </p>
   </div>
   <div class='ocr_carea' id='block_1_82' title="bbox 505 5089 2080 5168">
    <p class='ocr_par' dir='ltr' id='par_1_82' title="bbox 505 5089 2080 5168">
     <span class='ocr_line' id='line_1_82' title="bbox 505 5089 2080 5168; baseline 0.007 -26"><span class='ocrx_word' id='word_1_668' title='bbox 505 5098 620 5144; x_wconf 83' lang='lat' dir='ltr'><strong>toto</strong></span> <span class='ocrx_word' id='word_1_669' title='bbox 649 5089 915 5144; x_wconf 87' lang='lat' dir='ltr'><strong>desiderio</strong></span> <span class='ocrx_word' id='word_1_670' title='bbox 939 5091 1251 5158; x_wconf 65' lang='lat' dir='ltr'><strong>quaerebant</strong></span> <span class='ocrx_word' id='word_1_671' title='bbox 1282 5093 1333 5148; x_wconf 93' lang='lat' dir='ltr'><strong>in</strong></span> <span class='ocrx_word' id='word_1_672' title='bbox 1363 5096 1639 5166; x_wconf 88' lang='lat' dir='ltr'><strong>sepulcro,</strong></span> <span class='ocrx_word' id='word_1_673' title='bbox 1680 5099 1822 5166; x_wconf 92' lang='lat' dir='ltr'><strong>quod</strong></span> <span class='ocrx_word' id='word_1_674' title='bbox 1847 5111 1930 5152; x_wconf 86' lang='lat' dir='ltr'><strong>est</strong></span> <span class='ocrx_word' id='word_1_675' title='bbox 1956 5115 2080 5168; x_wconf 88' lang='lat' dir='ltr'><strong>pro-</strong></span> 
     </span>
    </p>
   </div>
   <div class='ocr_carea' id='block_1_83' title="bbox 503 5180 2077 5258">
    <p class='ocr_par' dir='ltr' id='par_1_83' title="bbox 503 5180 2077 5258">
     <span class='ocr_line' id='line_1_83' title="bbox 503 5180 2077 5258; baseline 0.009 -27"><span class='ocrx_word' id='word_1_676' title='bbox 503 5180 654 5250; x_wconf 87' lang='lat' dir='ltr'><strong>prius</strong></span> <span class='ocrx_word' id='word_1_677' title='bbox 681 5189 1010 5236; x_wconf 84' lang='lat' dir='ltr'><strong>mortuorum</strong></span> <span class='ocrx_word' id='word_1_678' title='bbox 1038 5181 1224 5238; x_wconf 86' lang='lat' dir='ltr'><strong>locus:</strong></span> <span class='ocrx_word' id='word_1_679' title='bbox 1258 5184 1333 5239; x_wconf 88' lang='lat' dir='ltr'><strong>ita</strong></span> <span class='ocrx_word' id='word_1_680' title='bbox 1362 5195 1416 5241; x_wconf 92' lang='lat' dir='ltr'><strong>et</strong></span> <span class='ocrx_word' id='word_1_681' title='bbox 1445 5201 1567 5253; x_wconf 91' lang='lat' dir='ltr'><strong>nos,</strong></span> <span class='ocrx_word' id='word_1_682' title='bbox 1597 5203 1702 5242; x_wconf 94' lang='lat' dir='ltr'><strong>non</strong></span> <span class='ocrx_word' id='word_1_683' title='bbox 1731 5189 1784 5242; x_wconf 93' lang='lat' dir='ltr'><strong>in</strong></span> <span class='ocrx_word' id='word_1_684' title='bbox 1808 5189 2077 5258; x_wconf 90' lang='lat' dir='ltr'><strong>sepulcro,</strong></span> 
     </span>
    </p>
   </div>
   <div class='ocr_carea' id='block_1_84' title="bbox 506 5271 2084 5350">
    <p class='ocr_par' dir='ltr' id='par_1_84' title="bbox 506 5271 2084 5350">
     <span class='ocr_line' id='line_1_84' title="bbox 506 5271 2084 5350; baseline 0.006 -25"><span class='ocrx_word' id='word_1_685' title='bbox 506 5271 601 5326; x_wconf 88' lang='lat' dir='ltr'><strong>sed</strong></span> <span class='ocrx_word' id='word_1_686' title='bbox 624 5286 745 5324; x_wconf 89' lang='lat' dir='ltr'><strong>cum</strong></span> <span class='ocrx_word' id='word_1_687' title='bbox 768 5273 1116 5350; x_wconf 88' lang='lat' dir='ltr'><strong>aromatibus,</strong></span> <span class='ocrx_word' id='word_1_688' title='bbox 1144 5275 1351 5332; x_wconf 82' lang='lat' dir='ltr'><strong>scilicet</strong></span> <span class='ocrx_word' id='word_1_689' title='bbox 1377 5277 1735 5344; x_wconf 90' lang='lat' dir='ltr'><strong>orationibus,</strong></span> <span class='ocrx_word' id='word_1_690' title='bbox 1755 5287 1868 5334; x_wconf 88' lang='lat' dir='ltr'><strong>toto</strong></span> <span class='ocrx_word' id='word_1_691' title='bbox 1890 5278 2084 5334; x_wconf 76' lang='lat' dir='ltr'><strong>affectu</strong></span> 
     </span>
    </p>
   </div>
   <div class='ocr_carea' id='block_1_85' title="bbox 441 5362 2086 5439">
    <p class='ocr_par' dir='ltr' id='par_1_85' title="bbox 441 5362 2086 5439">
     <span class='ocr_line' id='line_1_85' title="bbox 441 5362 2086 5439; baseline 0.006 -23"><span class='ocrx_word' id='word_1_692' title='bbox 441 5374 452 5388; x_wconf 91' lang='lat'><strong><em>&#39;</em></strong></span> <span class='ocrx_word' id='word_1_693' title='bbox 507 5362 706 5417; x_wconf 89' lang='lat' dir='ltr'><strong>mentis</strong></span> <span class='ocrx_word' id='word_1_694' title='bbox 725 5378 1029 5432; x_wconf 66' lang='lat' dir='ltr'><strong>quaeramus</strong></span> <span class='ocrx_word' id='word_1_695' title='bbox 1056 5379 1176 5419; x_wconf 92' lang='lat' dir='ltr'><strong>eum</strong></span> <span class='ocrx_word' id='word_1_696' title='bbox 1205 5365 1257 5421; x_wconf 90' lang='lat' dir='ltr'><strong>in</strong></span> <span class='ocrx_word' id='word_1_697' title='bbox 1277 5367 1437 5433; x_wconf 66' lang='lat' dir='ltr'><strong>caelo,</strong></span> <span class='ocrx_word' id='word_1_698' title='bbox 1454 5383 1562 5438; x_wconf 91' lang='lat' dir='ltr'><strong>quo</strong></span> <span class='ocrx_word' id='word_1_699' title='bbox 1584 5369 1757 5439; x_wconf 90' lang='lat' dir='ltr'><strong>ipsum</strong></span> <span class='ocrx_word' id='word_1_700' title='bbox 1779 5370 2086 5426; x_wconf 89' lang='lat' dir='ltr'><strong>ascendisse</strong></span> 
     </span>
    </p>
   </div>
   <div class='ocr_carea' id='block_1_86' title="bbox 508 5454 774 5509">
    <p class='ocr_par' dir='ltr' id='par_1_86' title="bbox 508 5454 774 5509">
     <span class='ocr_line' id='line_1_86' title="bbox 508 5454 774 5509; baseline -0.004 0"><span class='ocrx_word' id='word_1_701' title='bbox 508 5454 774 5509; x_wconf 87' lang='lat' dir='ltr'><strong>novimus.</strong></span> 
     </span>
    </p>
   </div>
   <div class='ocr_carea' id='block_1_87' title="bbox 584 5545 2088 5609">
    <p class='ocr_par' dir='ltr' id='par_1_87' title="bbox 584 5545 2088 5609">
     <span class='ocr_line' id='line_1_87' title="bbox 584 5545 2088 5609; baseline 0.008 -12"><span class='ocrx_word' id='word_1_702' title='bbox 584 5565 602 5596; x_wconf 86' lang='grc' dir='ltr'><strong>ι</strong></span> <span class='ocrx_word' id='word_1_703' title='bbox 637 5545 708 5600; x_wconf 84' lang='grc' dir='ltr'><strong>Ει</strong></span> <span class='ocrx_word' id='word_1_704' title='bbox 736 5545 889 5602; x_wconf 85' lang='lat' dir='ltr'><strong>valde</strong></span> <span class='ocrx_word' id='word_1_705' title='bbox 917 5562 1077 5604; x_wconf 90' lang='lat' dir='ltr'><strong>mane</strong></span> <span class='ocrx_word' id='word_1_706' title='bbox 1107 5565 1210 5603; x_wconf 91' lang='lat' dir='ltr'><strong>una</strong></span> <span class='ocrx_word' id='word_1_707' title='bbox 1243 5549 1595 5606; x_wconf 89' lang='lat' dir='ltr'><strong>sabbatorum</strong></span> <span class='ocrx_word' id='word_1_708' title='bbox 1624 5553 1847 5607; x_wconf 90' lang='lat' dir='ltr'><strong>veniunt</strong></span> <span class='ocrx_word' id='word_1_709' title='bbox 1874 5553 1942 5608; x_wconf 90' lang='lat' dir='ltr'><strong>ad</strong></span> <span class='ocrx_word' id='word_1_710' title='bbox 1974 5569 2088 5609; x_wconf 83' lang='lat' dir='ltr'><strong>mo-</strong></span> 
     </span>
    </p>
   </div>
   <div class='ocr_carea' id='block_1_88' title="bbox 516 5639 2084 5713">
    <p class='ocr_par' dir='ltr' id='par_1_88' title="bbox 516 5639 2084 5713">
     <span class='ocr_line' id='line_1_88' title="bbox 516 5639 2084 5713; baseline 0.006 -24"><span class='ocrx_word' id='word_1_711' title='bbox 516 5658 533 5689; x_wconf 85' lang='grc' dir='ltr'><strong>ι</strong></span> <span class='ocrx_word' id='word_1_712' title='bbox 574 5648 917 5705; x_wconf 92' lang='lat' dir='ltr'><strong>numentum,</strong></span> <span class='ocrx_word' id='word_1_713' title='bbox 971 5649 1093 5694; x_wconf 93' lang='lat' dir='ltr'><strong>orto</strong></span> <span class='ocrx_word' id='word_1_714' title='bbox 1135 5639 1246 5708; x_wconf 90' lang='lat' dir='ltr'><strong>jam</strong></span> <span class='ocrx_word' id='word_1_715' title='bbox 1292 5641 1429 5696; x_wconf 92' lang='lat' dir='ltr'><strong>sole.</strong></span> <span class='ocrx_word' id='word_1_716' title='bbox 1481 5661 1500 5693; x_wconf 75' lang='grc' dir='ltr'><strong>ι</strong></span> <span class='ocrx_word' id='word_1_717' title='bbox 1551 5641 1650 5697; x_wconf 84' lang='lat' dir='ltr'><strong>Hic</strong></span> <span class='ocrx_word' id='word_1_718' title='bbox 1704 5643 2084 5713; x_wconf 89' lang='lat' dir='ltr'><strong>inquirendqu</strong></span> 
     </span>
    </p>
   </div>
   <div class='ocr_carea' id='block_1_89' title="bbox 511 5731 2085 5799">
    <p class='ocr_par' dir='ltr' id='par_1_89' title="bbox 511 5731 2085 5799">
     <span class='ocr_line' id='line_1_89' title="bbox 511 5731 2085 5799; baseline 0.005 -16"><span class='ocrx_word' id='word_1_719' title='bbox 511 5737 593 5783; x_wconf 87' lang='lat' dir='ltr'><strong>est</strong></span> <span class='ocrx_word' id='word_1_720' title='bbox 649 5745 815 5797; x_wconf 88' lang='lat' dir='ltr'><strong>quare</strong></span> <span class='ocrx_word' id='word_1_721' title='bbox 855 5731 1325 5799; x_wconf 87' lang='lat' dir='ltr'><strong>iste-evangelista</strong></span> <span class='ocrx_word' id='word_1_722' title='bbox 1356 5732 1538 5786; x_wconf 90' lang='lat' dir='ltr'><strong>dicat:</strong></span> <span class='ocrx_word' id='word_1_723' title='bbox 1575 5753 1592 5784; x_wconf 86' lang='grc' dir='ltr'><strong>ι</strong></span> <span class='ocrx_word' id='word_1_724' title='bbox 1632 5733 1697 5790; x_wconf 82' lang='grc' dir='ltr'><strong>Ει</strong></span> <span class='ocrx_word' id='word_1_725' title='bbox 1739 5736 1891 5792; x_wconf 86' lang='lat' dir='ltr'><strong>valde</strong></span> <span class='ocrx_word' id='word_1_726' title='bbox 1929 5752 2085 5791; x_wconf 87' lang='lat' dir='ltr'><strong>mane</strong></span> 
     </span>
    </p>
   </div>
   <div class='ocr_carea' id='block_1_90' title="bbox 515 5819 2081 5892">
    <p class='ocr_par' dir='ltr' id='par_1_90' title="bbox 515 5819 2081 5892">
     <span class='ocr_line' id='line_1_90' title="bbox 515 5819 2081 5892; baseline 0.004 -21"><span class='ocrx_word' id='word_1_727' title='bbox 515 5834 618 5872; x_wconf 88' lang='lat' dir='ltr'><strong>una</strong></span> <span class='ocrx_word' id='word_1_728' title='bbox 671 5819 1017 5874; x_wconf 87' lang='lat' dir='ltr'><strong>sabbatorqu</strong></span> <span class='ocrx_word' id='word_1_729' title='bbox 1059 5820 1278 5876; x_wconf 81' lang='lat' dir='ltr'><strong>veniunt</strong></span> <span class='ocrx_word' id='word_1_730' title='bbox 1319 5823 1382 5875; x_wconf 86' lang='lat' dir='ltr'><strong>ad</strong></span> <span class='ocrx_word' id='word_1_731' title='bbox 1429 5834 1864 5892; x_wconf 87' lang='lat' dir='ltr'><strong>monumentum,</strong></span> <span class='ocrx_word' id='word_1_732' title='bbox 1903 5848 1921 5880; x_wconf 73' lang='grc' dir='ltr'><strong>ι</strong></span> <span class='ocrx_word' id='word_1_733' title='bbox 1961 5844 2081 5882; x_wconf 85' lang='lat' dir='ltr'><strong>cum</strong></span> 
     </span>
    </p>
   </div>
   <div class='ocr_carea' id='block_1_91' title="bbox 2109 4593 2160 4654">
    <p class='ocr_par' dir='ltr' id='par_1_91' title="bbox 2109 4593 2160 4654">
     <span class='ocr_line' id='line_1_91' title="bbox 2109 4593 2160 4654; baseline 0 0"><span class='ocrx_word' id='word_1_734' title='bbox 2109 4593 2160 4654; x_wconf 88' lang='lat' dir='ltr'><strong>D</strong></span> 
     </span>
    </p>
   </div>
   <div class='ocr_carea' id='block_1_92' title="bbox 2191 3349 3757 3433">
    <p class='ocr_par' dir='ltr' id='par_1_92' title="bbox 2191 3349 3757 3433">
     <span class='ocr_line' id='line_1_92' title="bbox 2191 3349 3757 3433; baseline 0.008 -31"><span class='ocrx_word' id='word_1_735' title='bbox 2191 3367 2210 3401; x_wconf 88' lang='grc' dir='ltr'><strong>ι</strong></span> <span class='ocrx_word' id='word_1_736' title='bbox 2247 3349 2314 3404; x_wconf 86' lang='lat' dir='ltr'><strong>Et</strong></span> <span class='ocrx_word' id='word_1_737' title='bbox 2339 3365 2444 3404; x_wconf 87' lang='lat' dir='ltr'><strong>nox</strong></span> <span class='ocrx_word' id='word_1_738' title='bbox 2472 3350 2795 3406; x_wconf 88' lang='lat' dir='ltr'><strong>illuminatio</strong></span> <span class='ocrx_word' id='word_1_739' title='bbox 2823 3368 2961 3416; x_wconf 91' lang='lat' dir='ltr'><strong>mea,</strong></span> <span class='ocrx_word' id='word_1_740' title='bbox 3001 3354 3054 3407; x_wconf 91' lang='lat' dir='ltr'><strong>in</strong></span> <span class='ocrx_word' id='word_1_741' title='bbox 3084 3354 3291 3411; x_wconf 92' lang='lat' dir='ltr'><strong>deliciis</strong></span> <span class='ocrx_word' id='word_1_742' title='bbox 3323 3359 3459 3413; x_wconf 88' lang='lat' dir='ltr'><strong>meis</strong></span> <span class='ocrx_word' id='word_1_743' title='bbox 3490 3360 3703 3433; x_wconf 81' lang='lat' dir='ltr'><strong>(lbid.).</strong></span> <span class='ocrx_word' id='word_1_744' title='bbox 3740 3383 3757 3414; x_wconf 81' lang='grc' dir='ltr'><strong>ι</strong></span> 
     </span>
    </p>
   </div>
   <div class='ocr_carea' id='block_1_93' title="bbox 2185 3441 3761 3522">
    <p class='ocr_par' dir='ltr' id='par_1_93' title="bbox 2185 3441 3761 3522">
     <span class='ocr_line' id='line_1_93' title="bbox 2185 3441 3761 3522; baseline 0.006 -26"><span class='ocrx_word' id='word_1_745' title='bbox 2185 3441 2251 3496; x_wconf 85' lang='grc' dir='ltr'><strong>Ει</strong></span> <span class='ocrx_word' id='word_1_746' title='bbox 2277 3450 2401 3511; x_wconf 88' lang='lat' dir='ltr'><strong>apte</strong></span> <span class='ocrx_word' id='word_1_747' title='bbox 2423 3443 2694 3512; x_wconf 92' lang='lat' dir='ltr'><strong>quondam</strong></span> <span class='ocrx_word' id='word_1_748' title='bbox 2724 3443 2840 3498; x_wconf 91' lang='lat' dir='ltr'><strong>dies</strong></span> <span class='ocrx_word' id='word_1_749' title='bbox 2867 3445 3203 3513; x_wconf 70' lang='lat' dir='ltr'><strong>praacedebat</strong></span> <span class='ocrx_word' id='word_1_750' title='bbox 3237 3455 3474 3515; x_wconf 87' lang='lat' dir='ltr'><strong>noctem,</strong></span> <span class='ocrx_word' id='word_1_751' title='bbox 3499 3451 3625 3519; x_wconf 84' lang='lat' dir='ltr'><strong>quia</strong></span> <span class='ocrx_word' id='word_1_752' title='bbox 3652 3453 3761 3522; x_wconf 86' lang='lat' dir='ltr'><strong>pri-</strong></span> 
     </span>
    </p>
   </div>
   <div class='ocr_carea' id='block_1_94' title="bbox 2184 3533 3765 3602">
    <p class='ocr_par' dir='ltr' id='par_1_94' title="bbox 2184 3533 3765 3602">
     <span class='ocr_line' id='line_1_94' title="bbox 2184 3533 3765 3602; baseline 0.007 -14"><span class='ocrx_word' id='word_1_753' title='bbox 2184 3548 2306 3588; x_wconf 90' lang='lat' dir='ltr'><strong>mus</strong></span> <span class='ocrx_word' id='word_1_754' title='bbox 2335 3533 2495 3588; x_wconf 92' lang='lat' dir='ltr'><strong>homo</strong></span> <span class='ocrx_word' id='word_1_755' title='bbox 2524 3549 2555 3587; x_wconf 89' lang='lat' dir='ltr'><strong>a</strong></span> <span class='ocrx_word' id='word_1_756' title='bbox 2582 3549 2711 3589; x_wconf 89' lang='lat' dir='ltr'><strong>vera</strong></span> <span class='ocrx_word' id='word_1_757' title='bbox 2737 3534 2856 3589; x_wconf 91' lang='lat' dir='ltr'><strong>luce</strong></span> <span class='ocrx_word' id='word_1_758' title='bbox 2881 3535 3182 3602; x_wconf 86' lang='lat' dir='ltr'><strong>discedens,</strong></span> <span class='ocrx_word' id='word_1_759' title='bbox 3212 3537 3265 3592; x_wconf 92' lang='lat' dir='ltr'><strong>in</strong></span> <span class='ocrx_word' id='word_1_760' title='bbox 3289 3541 3547 3598; x_wconf 85' lang='lat' dir='ltr'><strong>tenebras</strong></span> <span class='ocrx_word' id='word_1_761' title='bbox 3573 3547 3765 3599; x_wconf 83' lang='lat' dir='ltr'><strong>erroris</strong></span> 
     </span>
    </p>
   </div>
   <div class='ocr_carea' id='block_1_95' title="bbox 2185 3622 3760 3705">
    <p class='ocr_par' dir='ltr' id='par_1_95' title="bbox 2185 3622 3760 3705">
     <span class='ocr_line' id='line_1_95' title="bbox 2185 3622 3760 3705; baseline 0.008 -29"><span class='ocrx_word' id='word_1_762' title='bbox 2185 3622 2394 3678; x_wconf 89' lang='lat' dir='ltr'><strong>incidit.</strong></span> <span class='ocrx_word' id='word_1_763' title='bbox 2425 3624 2562 3694; x_wconf 82' lang='lat' dir='ltr'><strong>Apte</strong></span> <span class='ocrx_word' id='word_1_764' title='bbox 2593 3625 2756 3678; x_wconf 88' lang='lat' dir='ltr'><strong>etiam</strong></span> <span class='ocrx_word' id='word_1_765' title='bbox 2788 3640 2931 3680; x_wconf 92' lang='lat' dir='ltr'><strong>nunc</strong></span> <span class='ocrx_word' id='word_1_766' title='bbox 2960 3626 3074 3680; x_wconf 87' lang='lat' dir='ltr'><strong>dies</strong></span> <span class='ocrx_word' id='word_1_767' title='bbox 3104 3636 3318 3684; x_wconf 88' lang='lat' dir='ltr'><strong>noctem</strong></span> <span class='ocrx_word' id='word_1_768' title='bbox 3345 3633 3614 3701; x_wconf 90' lang='lat' dir='ltr'><strong>sequitur,</strong></span> <span class='ocrx_word' id='word_1_769' title='bbox 3641 3637 3760 3705; x_wconf 82' lang='lat' dir='ltr'><strong>quia</strong></span> 
     </span>
    </p>
   </div>
   <div class='ocr_carea' id='block_1_96' title="bbox 2185 3717 3761 3786">
    <p class='ocr_par' dir='ltr' id='par_1_96' title="bbox 2185 3717 3761 3786">
     <span class='ocr_line' id='line_1_96' title="bbox 2185 3717 3761 3786; baseline 0.008 -17"><span class='ocrx_word' id='word_1_770' title='bbox 2185 3731 2283 3786; x_wconf 90' lang='lat' dir='ltr'><strong>per</strong></span> <span class='ocrx_word' id='word_1_771' title='bbox 2316 3717 2522 3772; x_wconf 90' lang='lat' dir='ltr'><strong>Domini</strong></span> <span class='ocrx_word' id='word_1_772' title='bbox 2561 3717 3009 3772; x_wconf 89' lang='lat' dir='ltr'><strong>resurrectionem</strong></span> <span class='ocrx_word' id='word_1_773' title='bbox 3037 3719 3103 3774; x_wconf 91' lang='lat' dir='ltr'><strong>de</strong></span> <span class='ocrx_word' id='word_1_774' title='bbox 3136 3721 3371 3778; x_wconf 88' lang='lat' dir='ltr'><strong>tenebris</strong></span> <span class='ocrx_word' id='word_1_775' title='bbox 3405 3727 3612 3780; x_wconf 90' lang='lat' dir='ltr'><strong>erroris</strong></span> <span class='ocrx_word' id='word_1_776' title='bbox 3636 3727 3761 3781; x_wconf 85' lang='lat' dir='ltr'><strong>libe-</strong></span> 
     </span>
    </p>
   </div>
   <div class='ocr_carea' id='block_1_97' title="bbox 2187 3809 3762 3889">
    <p class='ocr_par' dir='ltr' id='par_1_97' title="bbox 2187 3809 3762 3889">
     <span class='ocr_line' id='line_1_97' title="bbox 2187 3809 3762 3889; baseline 0.006 -25"><span class='ocrx_word' id='word_1_777' title='bbox 2187 3809 2316 3875; x_wconf 87' lang='lat' dir='ltr'><strong>rari,</strong></span> <span class='ocrx_word' id='word_1_778' title='bbox 2346 3809 2412 3864; x_wconf 92' lang='lat' dir='ltr'><strong>ad</strong></span> <span class='ocrx_word' id='word_1_779' title='bbox 2439 3824 2624 3865; x_wconf 89' lang='lat' dir='ltr'><strong>veram</strong></span> <span class='ocrx_word' id='word_1_780' title='bbox 2645 3809 2820 3865; x_wconf 90' lang='lat' dir='ltr'><strong>lucem</strong></span> <span class='ocrx_word' id='word_1_781' title='bbox 2851 3814 3098 3868; x_wconf 90' lang='lat' dir='ltr'><strong>conversi</strong></span> <span class='ocrx_word' id='word_1_782' title='bbox 3130 3829 3338 3880; x_wconf 90' lang='lat' dir='ltr'><strong>sumus,</strong></span> <span class='ocrx_word' id='word_1_783' title='bbox 3367 3817 3512 3872; x_wconf 91' lang='lat' dir='ltr'><strong>sicut</strong></span> <span class='ocrx_word' id='word_1_784' title='bbox 3534 3821 3762 3889; x_wconf 76' lang='lat' dir='ltr'><strong>aitApo-</strong></span> 
     </span>
    </p>
   </div>
   <div class='ocr_carea' id='block_1_98' title="bbox 2186 3900 3765 3981">
    <p class='ocr_par' dir='ltr' id='par_1_98' title="bbox 2186 3900 3765 3981">
     <span class='ocr_line' id='line_1_98' title="bbox 2186 3900 3765 3981; baseline 0.004 -24"><span class='ocrx_word' id='word_1_785' title='bbox 2186 3902 2393 3957; x_wconf 90' lang='lat' dir='ltr'><strong>stolus:</strong></span> <span class='ocrx_word' id='word_1_786' title='bbox 2429 3921 2448 3952; x_wconf 85' lang='grc'><strong>(</strong></span> <span class='ocrx_word' id='word_1_787' title='bbox 2485 3900 2600 3957; x_wconf 86' lang='lat' dir='ltr'><strong>Nox</strong></span> <span class='ocrx_word' id='word_1_788' title='bbox 2629 3905 2932 3974; x_wconf 69' lang='lat' dir='ltr'><strong>praecessit,</strong></span> <span class='ocrx_word' id='word_1_789' title='bbox 2963 3905 3079 3960; x_wconf 89' lang='lat' dir='ltr'><strong>dies</strong></span> <span class='ocrx_word' id='word_1_790' title='bbox 3109 3916 3289 3962; x_wconf 89' lang='lat' dir='ltr'><strong>autem</strong></span> <span class='ocrx_word' id='word_1_791' title='bbox 3318 3911 3765 3981; x_wconf 74' lang='lat' dir='ltr'><strong>appropinquavit</strong></span> 
     </span>
    </p>
   </div>
   <div class='ocr_carea' id='block_1_99' title="bbox 2188 3985 3767 4066">
    <p class='ocr_par' dir='ltr' id='par_1_99' title="bbox 2188 3985 3767 4066">
     <span class='ocr_line' id='line_1_99' title="bbox 2188 3985 3767 4066; baseline 0.008 -20"><span class='ocrx_word' id='word_1_792' title='bbox 2188 3992 2368 4066; x_wconf 82' lang='lat' dir='ltr'><strong>(Rom.</strong></span> <span class='ocrx_word' id='word_1_793' title='bbox 2393 3993 2534 4065; x_wconf 82' lang='lat' dir='ltr'><strong>xm).</strong></span> <span class='ocrx_word' id='word_1_794' title='bbox 2572 4013 2590 4046; x_wconf 78' lang='grc' dir='ltr'><strong>ι</strong></span> <span class='ocrx_word' id='word_1_795' title='bbox 2619 3993 2818 4050; x_wconf 89' lang='lat' dir='ltr'><strong>lterum</strong></span> <span class='ocrx_word' id='word_1_796' title='bbox 2845 3985 3024 4051; x_wconf 86' lang='lat' dir='ltr'><strong>autem</strong></span> <span class='ocrx_word' id='word_1_797' title='bbox 3047 3998 3377 4052; x_wconf 73' lang='lat' dir='ltr'><strong>contrarium</strong></span> <span class='ocrx_word' id='word_1_798' title='bbox 3409 4016 3604 4056; x_wconf 89' lang='lat' dir='ltr'><strong>sonare</strong></span> <span class='ocrx_word' id='word_1_799' title='bbox 3623 4005 3767 4058; x_wconf 84' lang='lat' dir='ltr'><strong>vide—</strong></span> 
     </span>
    </p>
   </div>
   <div class='ocr_carea' id='block_1_100' title="bbox 2189 4082 3763 4158">
    <p class='ocr_par' dir='ltr' id='par_1_100' title="bbox 2189 4082 3763 4158">
     <span class='ocr_line' id='line_1_100' title="bbox 2189 4082 3763 4158; baseline 0.008 -21"><span class='ocrx_word' id='word_1_800' title='bbox 2189 4092 2297 4148; x_wconf 93' lang='lat' dir='ltr'><strong>tur,</strong></span> <span class='ocrx_word' id='word_1_801' title='bbox 2328 4085 2470 4152; x_wconf 90' lang='lat' dir='ltr'><strong>quod</strong></span> <span class='ocrx_word' id='word_1_802' title='bbox 2508 4082 2720 4139; x_wconf 79' lang='lat' dir='ltr'><strong>Marcus</strong></span> <span class='ocrx_word' id='word_1_803' title='bbox 2770 4085 2868 4150; x_wconf 89' lang='lat' dir='ltr'><strong>ait,</strong></span> <span class='ocrx_word' id='word_1_804' title='bbox 2903 4105 2921 4137; x_wconf 80' lang='grc' dir='ltr'><strong>ι</strong></span> <span class='ocrx_word' id='word_1_805' title='bbox 2959 4085 3194 4142; x_wconf 85' lang='lat' dir='ltr'><strong>Veniunt</strong></span> <span class='ocrx_word' id='word_1_806' title='bbox 3229 4089 3296 4143; x_wconf 90' lang='lat' dir='ltr'><strong>ad</strong></span> <span class='ocrx_word' id='word_1_807' title='bbox 3326 4103 3763 4158; x_wconf 84' lang='lat' dir='ltr'><strong>monumentum,</strong></span> 
     </span>
    </p>
   </div>
   <div class='ocr_carea' id='block_1_101' title="bbox 2187 4171 3765 4245">
    <p class='ocr_par' dir='ltr' id='par_1_101' title="bbox 2187 4171 3765 4245">
     <span class='ocr_line' id='line_1_101' title="bbox 2187 4171 3765 4245; baseline 0.01 -19"><span class='ocrx_word' id='word_1_808' title='bbox 2187 4181 2306 4226; x_wconf 92' lang='lat' dir='ltr'><strong>orto</strong></span> <span class='ocrx_word' id='word_1_809' title='bbox 2338 4171 2449 4240; x_wconf 91' lang='lat' dir='ltr'><strong>jam</strong></span> <span class='ocrx_word' id='word_1_810' title='bbox 2482 4174 2617 4237; x_wconf 87' lang='lat' dir='ltr'><strong>sole,</strong></span> <span class='ocrx_word' id='word_1_811' title='bbox 2652 4194 2668 4225; x_wconf 80' lang='grc' dir='ltr'><strong>ι</strong></span> <span class='ocrx_word' id='word_1_812' title='bbox 2701 4173 2923 4240; x_wconf 88' lang='lat' dir='ltr'><strong>Joanni,</strong></span> <span class='ocrx_word' id='word_1_813' title='bbox 2953 4176 3044 4245; x_wconf 89' lang='lat' dir='ltr'><strong>qui</strong></span> <span class='ocrx_word' id='word_1_814' title='bbox 3069 4177 3222 4239; x_wconf 88' lang='lat' dir='ltr'><strong>dicit,</strong></span> <span class='ocrx_word' id='word_1_815' title='bbox 3275 4199 3292 4229; x_wconf 87' lang='grc' dir='ltr'><strong>ι</strong></span> <span class='ocrx_word' id='word_1_816' title='bbox 3324 4179 3459 4236; x_wconf 92' lang='lat' dir='ltr'><strong>Cum</strong></span> <span class='ocrx_word' id='word_1_817' title='bbox 3490 4184 3667 4240; x_wconf 88' lang='lat' dir='ltr'><strong>adhuc</strong></span> <span class='ocrx_word' id='word_1_818' title='bbox 3692 4198 3765 4240; x_wconf 84' lang='lat' dir='ltr'><strong>te-</strong></span> 
     </span>
    </p>
   </div>
   <div class='ocr_carea' id='block_1_102' title="bbox 2188 4266 3765 4340">
    <p class='ocr_par' dir='ltr' id='par_1_102' title="bbox 2188 4266 3765 4340">
     <span class='ocr_line' id='line_1_102' title="bbox 2188 4266 3765 4340; baseline 0.006 -20"><span class='ocrx_word' id='word_1_819' title='bbox 2188 4266 2369 4320; x_wconf 72' lang='lat' dir='ltr'><strong>nebra:</strong></span> <span class='ocrx_word' id='word_1_820' title='bbox 2394 4275 2611 4331; x_wconf 89' lang='lat' dir='ltr'><strong>essent,</strong></span> <span class='ocrx_word' id='word_1_821' title='bbox 2661 4267 2809 4321; x_wconf 89' lang='lat' dir='ltr'><strong>venit</strong></span> <span class='ocrx_word' id='word_1_822' title='bbox 2830 4267 2998 4323; x_wconf 83' lang='lat' dir='ltr'><strong>Maria</strong></span> <span class='ocrx_word' id='word_1_823' title='bbox 3023 4268 3332 4340; x_wconf 82' lang='lat' dir='ltr'><strong>Magdalene</strong></span> <span class='ocrx_word' id='word_1_824' title='bbox 3358 4273 3426 4327; x_wconf 90' lang='lat' dir='ltr'><strong>ad</strong></span> <span class='ocrx_word' id='word_1_825' title='bbox 3455 4291 3765 4332; x_wconf 78' lang='lat' dir='ltr'><strong>monumen—</strong></span> 
     </span>
    </p>
   </div>
   <div class='ocr_carea' id='block_1_103' title="bbox 2191 4355 3767 4436">
    <p class='ocr_par' dir='ltr' id='par_1_103' title="bbox 2191 4355 3767 4436">
     <span class='ocr_line' id='line_1_103' title="bbox 2191 4355 3767 4436; baseline 0.008 -26"><span class='ocrx_word' id='word_1_826' title='bbox 2191 4364 2322 4410; x_wconf 92' lang='lat' dir='ltr'><strong>tum.</strong></span> <span class='ocrx_word' id='word_1_827' title='bbox 2349 4375 2367 4407; x_wconf 77' lang='grc' dir='ltr'><strong>ι</strong></span> <span class='ocrx_word' id='word_1_828' title='bbox 2394 4355 2496 4412; x_wconf 91' lang='lat' dir='ltr'><strong>Ubi</strong></span> <span class='ocrx_word' id='word_1_829' title='bbox 2515 4357 2797 4412; x_wconf 91' lang='lat' dir='ltr'><strong>dicendum</strong></span> <span class='ocrx_word' id='word_1_830' title='bbox 2828 4367 2933 4425; x_wconf 92' lang='lat' dir='ltr'><strong>est,</strong></span> <span class='ocrx_word' id='word_1_831' title='bbox 2959 4360 3084 4429; x_wconf 88' lang='lat' dir='ltr'><strong>quia</strong></span> <span class='ocrx_word' id='word_1_832' title='bbox 3109 4371 3333 4432; x_wconf 88' lang='lat' dir='ltr'><strong>pr0pter</strong></span> <span class='ocrx_word' id='word_1_833' title='bbox 3352 4366 3767 4436; x_wconf 83' lang='lat' dir='ltr'><strong>magnitudinem</strong></span> 
     </span>
    </p>
   </div>
   <div class='ocr_carea' id='block_1_104' title="bbox 2190 4445 3768 4521">
    <p class='ocr_par' dir='ltr' id='par_1_104' title="bbox 2190 4445 3768 4521">
     <span class='ocr_line' id='line_1_104' title="bbox 2190 4445 3768 4521; baseline 0.01 -22"><span class='ocrx_word' id='word_1_834' title='bbox 2190 4447 2390 4501; x_wconf 89' lang='lat' dir='ltr'><strong>amoris</strong></span> <span class='ocrx_word' id='word_1_835' title='bbox 2436 4445 2600 4502; x_wconf 84' lang='lat' dir='ltr'><strong>Maria</strong></span> <span class='ocrx_word' id='word_1_836' title='bbox 2643 4447 2956 4518; x_wconf 75' lang='lat' dir='ltr'><strong>Magdalene</strong></span> <span class='ocrx_word' id='word_1_837' title='bbox 2995 4452 3229 4519; x_wconf 92' lang='lat' dir='ltr'><strong>primum</strong></span> <span class='ocrx_word' id='word_1_838' title='bbox 3260 4453 3374 4508; x_wconf 89' lang='lat' dir='ltr'><strong>sola</strong></span> <span class='ocrx_word' id='word_1_839' title='bbox 3397 4495 3415 4521; x_wconf 94' lang='lat'><strong>,</strong></span> <span class='ocrx_word' id='word_1_840' title='bbox 3447 4472 3572 4511; x_wconf 92' lang='lat' dir='ltr'><strong>cum</strong></span> <span class='ocrx_word' id='word_1_841' title='bbox 3601 4459 3768 4514; x_wconf 82' lang='lat' dir='ltr'><strong>adhuc</strong></span> 
     </span>
    </p>
   </div>
   <div class='ocr_carea' id='block_1_105' title="bbox 2193 4536 3767 4612">
    <p class='ocr_par' dir='ltr' id='par_1_105' title="bbox 2193 4536 3767 4612">
     <span class='ocr_line' id='line_1_105' title="bbox 2193 4536 3767 4612; baseline 0.008 -19"><span class='ocrx_word' id='word_1_842' title='bbox 2193 4540 2432 4595; x_wconf 61' lang='lat' dir='ltr'><strong>tenebrw</strong></span> <span class='ocrx_word' id='word_1_843' title='bbox 2459 4549 2672 4606; x_wconf 89' lang='lat' dir='ltr'><strong>essent,</strong></span> <span class='ocrx_word' id='word_1_844' title='bbox 2699 4541 2766 4595; x_wconf 91' lang='lat' dir='ltr'><strong>ad</strong></span> <span class='ocrx_word' id='word_1_845' title='bbox 2797 4554 3204 4600; x_wconf 90' lang='lat' dir='ltr'><strong>monumentum</strong></span> <span class='ocrx_word' id='word_1_846' title='bbox 3233 4547 3408 4612; x_wconf 88' lang='lat' dir='ltr'><strong>venit,</strong></span> <span class='ocrx_word' id='word_1_847' title='bbox 3445 4551 3586 4604; x_wconf 88' lang='lat' dir='ltr'><strong>sicut</strong></span> <span class='ocrx_word' id='word_1_848' title='bbox 3611 4536 3767 4605; x_wconf 71' lang='lat' dir='ltr'><strong>Joan—</strong></span> 
     </span>
    </p>
   </div>
   <div class='ocr_carea' id='block_1_106' title="bbox 2185 4633 3768 4707">
    <p class='ocr_par' dir='ltr' id='par_1_106' title="bbox 2185 4633 3768 4707">
     <span class='ocr_line' id='line_1_106' title="bbox 2185 4633 3768 4707; baseline 0.008 -21"><span class='ocrx_word' id='word_1_849' title='bbox 2185 4647 2282 4687; x_wconf 87' lang='lat' dir='ltr'><strong>nes</strong></span> <span class='ocrx_word' id='word_1_850' title='bbox 2302 4641 2490 4686; x_wconf 89' lang='lat' dir='ltr'><strong>narrat</strong></span> <span class='ocrx_word' id='word_1_851' title='bbox 2513 4649 2528 4686; x_wconf 95' lang='lat'><strong>:</strong></span> <span class='ocrx_word' id='word_1_852' title='bbox 2551 4640 2736 4702; x_wconf 90' lang='lat' dir='ltr'><strong>postea</strong></span> <span class='ocrx_word' id='word_1_853' title='bbox 2761 4649 2891 4688; x_wconf 89' lang='lat' dir='ltr'><strong>vero</strong></span> <span class='ocrx_word' id='word_1_854' title='bbox 2911 4649 3032 4689; x_wconf 91' lang='lat' dir='ltr'><strong>cum</strong></span> <span class='ocrx_word' id='word_1_855' title='bbox 3051 4633 3256 4692; x_wconf 89' lang='lat' dir='ltr'><strong>duabus</strong></span> <span class='ocrx_word' id='word_1_856' title='bbox 3278 4637 3522 4707; x_wconf 86' lang='lat' dir='ltr'><strong>ejusdem</strong></span> <span class='ocrx_word' id='word_1_857' title='bbox 3547 4645 3768 4698; x_wconf 86' lang='lat' dir='ltr'><strong>nominis</strong></span> 
     </span>
    </p>
   </div>
   <div class='ocr_carea' id='block_1_107' title="bbox 2178 4725 3762 4794">
    <p class='ocr_par' dir='ltr' id='par_1_107' title="bbox 2178 4725 3762 4794">
     <span class='ocr_line' id='line_1_107' title="bbox 2178 4725 3762 4794; baseline 0.009 -15"><span class='ocrx_word' id='word_1_858' title='bbox 2178 4725 2396 4780; x_wconf 86' lang='lat' dir='ltr'><strong>feminis</strong></span> <span class='ocrx_word' id='word_1_859' title='bbox 2423 4726 2617 4780; x_wconf 91' lang='lat' dir='ltr'><strong>iterum</strong></span> <span class='ocrx_word' id='word_1_860' title='bbox 2641 4736 2763 4782; x_wconf 89' lang='lat' dir='ltr'><strong>orto</strong></span> <span class='ocrx_word' id='word_1_861' title='bbox 2799 4729 2930 4792; x_wconf 88' lang='lat' dir='ltr'><strong>sole,</strong></span> <span class='ocrx_word' id='word_1_862' title='bbox 2961 4731 3100 4785; x_wconf 90' lang='lat' dir='ltr'><strong>sicut</strong></span> <span class='ocrx_word' id='word_1_863' title='bbox 3134 4731 3341 4787; x_wconf 80' lang='lat' dir='ltr'><strong>Marcus</strong></span> <span class='ocrx_word' id='word_1_864' title='bbox 3359 4748 3762 4794; x_wconf 82' lang='lat' dir='ltr'><strong>commemorat.</strong></span> 
     </span>
    </p>
   </div>
   <div class='ocr_carea' id='block_1_108' title="bbox 2188 4817 3767 4892">
    <p class='ocr_par' dir='ltr' id='par_1_108' title="bbox 2188 4817 3767 4892">
     <span class='ocr_line' id='line_1_108' title="bbox 2188 4817 3767 4892; baseline 0.008 -20"><span class='ocrx_word' id='word_1_865' title='bbox 2188 4817 2282 4872; x_wconf 88' lang='lat' dir='ltr'><strong>Est</strong></span> <span class='ocrx_word' id='word_1_866' title='bbox 2325 4827 2505 4871; x_wconf 87' lang='lat' dir='ltr'><strong>tamen</strong></span> <span class='ocrx_word' id='word_1_867' title='bbox 2535 4827 2590 4872; x_wconf 88' lang='lat' dir='ltr'><strong>et</strong></span> <span class='ocrx_word' id='word_1_868' title='bbox 2627 4819 2729 4872; x_wconf 90' lang='lat' dir='ltr'><strong>alia</strong></span> <span class='ocrx_word' id='word_1_869' title='bbox 2759 4821 2917 4886; x_wconf 88' lang='lat' dir='ltr'><strong>ratio,</strong></span> <span class='ocrx_word' id='word_1_870' title='bbox 2950 4837 3048 4892; x_wconf 89' lang='lat' dir='ltr'><strong>per</strong></span> <span class='ocrx_word' id='word_1_871' title='bbox 3073 4838 3232 4892; x_wconf 91' lang='lat' dir='ltr'><strong>quam</strong></span> <span class='ocrx_word' id='word_1_872' title='bbox 3278 4825 3415 4879; x_wconf 88' lang='lat' dir='ltr'><strong>nihil</strong></span> <span class='ocrx_word' id='word_1_873' title='bbox 3440 4831 3767 4884; x_wconf 85' lang='lat' dir='ltr'><strong>contrarium</strong></span> 
     </span>
    </p>
   </div>
   <div class='ocr_carea' id='block_1_109' title="bbox 2185 4909 3768 4987">
    <p class='ocr_par' dir='ltr' id='par_1_109' title="bbox 2185 4909 3768 4987">
     <span class='ocr_line' id='line_1_109' title="bbox 2185 4909 3768 4987; baseline 0.008 -24"><span class='ocrx_word' id='word_1_874' title='bbox 2185 4909 2324 4964; x_wconf 85' lang='lat' dir='ltr'><strong>inter</strong></span> <span class='ocrx_word' id='word_1_875' title='bbox 2353 4924 2408 4963; x_wconf 93' lang='lat' dir='ltr'><strong>se</strong></span> <span class='ocrx_word' id='word_1_876' title='bbox 2434 4910 2778 4980; x_wconf 74' lang='lat' dir='ltr'><strong>evangelista:</strong></span> <span class='ocrx_word' id='word_1_877' title='bbox 2808 4913 3042 4968; x_wconf 89' lang='lat' dir='ltr'><strong>sensisse</strong></span> <span class='ocrx_word' id='word_1_878' title='bbox 3076 4927 3500 4985; x_wconf 88' lang='lat' dir='ltr'><strong>cognoscuntur.</strong></span> <span class='ocrx_word' id='word_1_879' title='bbox 3524 4919 3768 4987; x_wconf 84' lang='lat' dir='ltr'><strong>Quotidie</strong></span> 
     </span>
    </p>
   </div>
   <div class='ocr_carea' id='block_1_110' title="bbox 2187 5000 3770 5081">
    <p class='ocr_par' dir='ltr' id='par_1_110' title="bbox 2187 5000 3770 5081">
     <span class='ocr_line' id='line_1_110' title="bbox 2187 5000 3770 5081; baseline 0.009 -27"><span class='ocrx_word' id='word_1_880' title='bbox 2187 5001 2330 5055; x_wconf 90' lang='lat' dir='ltr'><strong>enim</strong></span> <span class='ocrx_word' id='word_1_881' title='bbox 2355 5000 2526 5056; x_wconf 91' lang='lat' dir='ltr'><strong>oculis</strong></span> <span class='ocrx_word' id='word_1_882' title='bbox 2547 5002 2843 5070; x_wconf 90' lang='lat' dir='ltr'><strong>cernimus,</strong></span> <span class='ocrx_word' id='word_1_883' title='bbox 2861 5005 3006 5074; x_wconf 90' lang='lat' dir='ltr'><strong>quod</strong></span> <span class='ocrx_word' id='word_1_884' title='bbox 3031 5008 3349 5076; x_wconf 87' lang='lat' dir='ltr'><strong>crepusculo</strong></span> <span class='ocrx_word' id='word_1_885' title='bbox 3369 5008 3476 5064; x_wconf 91' lang='lat' dir='ltr'><strong>diei</strong></span> <span class='ocrx_word' id='word_1_886' title='bbox 3491 5013 3770 5081; x_wconf 87' lang='lat' dir='ltr'><strong>appropin-</strong></span> 
     </span>
    </p>
   </div>
   <div class='ocr_carea' id='block_1_111' title="bbox 2187 5095 3770 5169">
    <p class='ocr_par' dir='ltr' id='par_1_111' title="bbox 2187 5095 3770 5169">
     <span class='ocr_line' id='line_1_111' title="bbox 2187 5095 3770 5169; baseline 0.008 -23"><span class='ocrx_word' id='word_1_887' title='bbox 2187 5101 2420 5162; x_wconf 87' lang='lat' dir='ltr'><strong>quante,</strong></span> <span class='ocrx_word' id='word_1_888' title='bbox 2473 5110 2594 5148; x_wconf 91' lang='lat' dir='ltr'><strong>cum</strong></span> <span class='ocrx_word' id='word_1_889' title='bbox 2645 5095 2722 5148; x_wconf 87' lang='lat' dir='ltr'><strong>sol</strong></span> <span class='ocrx_word' id='word_1_890' title='bbox 2767 5109 3034 5151; x_wconf 89' lang='lat' dir='ltr'><strong>concavas</strong></span> <span class='ocrx_word' id='word_1_891' title='bbox 3073 5105 3340 5153; x_wconf 90' lang='lat' dir='ltr'><strong>terrarum</strong></span> <span class='ocrx_word' id='word_1_892' title='bbox 3388 5111 3573 5169; x_wconf 87' lang='lat' dir='ltr'><strong>partes</strong></span> <span class='ocrx_word' id='word_1_893' title='bbox 3615 5103 3770 5158; x_wconf 76' lang='lat' dir='ltr'><strong>relin-</strong></span> 
     </span>
    </p>
   </div>
   <div class='ocr_carea' id='block_1_112' title="bbox 2187 5183 3768 5259">
    <p class='ocr_par' dir='ltr' id='par_1_112' title="bbox 2187 5183 3768 5259">
     <span class='ocr_line' id='line_1_112' title="bbox 2187 5183 3768 5259; baseline 0.009 -26"><span class='ocrx_word' id='word_1_894' title='bbox 2187 5199 2388 5252; x_wconf 87' lang='lat' dir='ltr'><strong>quens,</strong></span> <span class='ocrx_word' id='word_1_895' title='bbox 2440 5183 2620 5238; x_wconf 87' lang='lat' dir='ltr'><strong>radios</strong></span> <span class='ocrx_word' id='word_1_896' title='bbox 2657 5199 2766 5238; x_wconf 73' lang='lat' dir='ltr'><strong>suae</strong></span> <span class='ocrx_word' id='word_1_897' title='bbox 2794 5184 2929 5240; x_wconf 89' lang='lat' dir='ltr'><strong>lucis</strong></span> <span class='ocrx_word' id='word_1_898' title='bbox 2967 5188 3176 5254; x_wconf 88' lang='lat' dir='ltr'><strong>aperire</strong></span> <span class='ocrx_word' id='word_1_899' title='bbox 3198 5190 3453 5259; x_wconf 64' lang='lat' dir='ltr'><strong>caeperit,</strong></span> <span class='ocrx_word' id='word_1_900' title='bbox 3493 5192 3564 5246; x_wconf 87' lang='lat' dir='ltr'><strong>ita</strong></span> <span class='ocrx_word' id='word_1_901' title='bbox 3601 5193 3656 5247; x_wconf 92' lang='lat' dir='ltr'><strong>ﬁt</strong></span> <span class='ocrx_word' id='word_1_902' title='bbox 3681 5193 3768 5248; x_wconf 86' lang='lat' dir='ltr'><strong>lux</strong></span> 
     </span>
    </p>
   </div>
   <div class='ocr_carea' id='block_1_113' title="bbox 2191 5275 3770 5355">
    <p class='ocr_par' dir='ltr' id='par_1_113' title="bbox 2191 5275 3770 5355">
     <span class='ocr_line' id='line_1_113' title="bbox 2191 5275 3770 5355; baseline 0.008 -27"><span class='ocrx_word' id='word_1_903' title='bbox 2191 5275 2241 5328; x_wconf 90' lang='lat' dir='ltr'><strong>in</strong></span> <span class='ocrx_word' id='word_1_904' title='bbox 2262 5275 2491 5339; x_wconf 90' lang='lat' dir='ltr'><strong>oriente,</strong></span> <span class='ocrx_word' id='word_1_905' title='bbox 2518 5284 2576 5328; x_wconf 92' lang='lat' dir='ltr'><strong>ut</strong></span> <span class='ocrx_word' id='word_1_906' title='bbox 2600 5292 2705 5330; x_wconf 91' lang='lat' dir='ltr'><strong>non</strong></span> <span class='ocrx_word' id='word_1_907' title='bbox 2733 5277 2912 5332; x_wconf 85' lang='lat' dir='ltr'><strong>desint</strong></span> <span class='ocrx_word' id='word_1_908' title='bbox 2943 5281 3174 5334; x_wconf 58' lang='lat' dir='ltr'><strong>tenebrae</strong></span> <span class='ocrx_word' id='word_1_909' title='bbox 3205 5281 3256 5335; x_wconf 88' lang='lat' dir='ltr'><strong>in</strong></span> <span class='ocrx_word' id='word_1_910' title='bbox 3284 5283 3587 5339; x_wconf 91' lang='lat' dir='ltr'><strong>occidente.</strong></span> <span class='ocrx_word' id='word_1_911' title='bbox 3611 5285 3770 5355; x_wconf 84' lang='lat' dir='ltr'><strong>igitur</strong></span> 
     </span>
    </p>
   </div>
   <div class='ocr_carea' id='block_1_114' title="bbox 2192 5367 3769 5437">
    <p class='ocr_par' dir='ltr' id='par_1_114' title="bbox 2192 5367 3769 5437">
     <span class='ocr_line' id='line_1_114' title="bbox 2192 5367 3769 5437; baseline 0.006 -17"><span class='ocrx_word' id='word_1_912' title='bbox 2192 5367 2235 5420; x_wconf 90' lang='lat' dir='ltr'><strong>si</strong></span> <span class='ocrx_word' id='word_1_913' title='bbox 2266 5375 2444 5436; x_wconf 90' lang='lat' dir='ltr'><strong>partes</strong></span> <span class='ocrx_word' id='word_1_914' title='bbox 2464 5368 2689 5422; x_wconf 90' lang='lat' dir='ltr'><strong>orientis</strong></span> <span class='ocrx_word' id='word_1_915' title='bbox 2713 5369 3260 5437; x_wconf 87' lang='lat' dir='ltr'><strong>consideraverimus,</strong></span> <span class='ocrx_word' id='word_1_916' title='bbox 3286 5373 3417 5427; x_wconf 91' lang='lat' dir='ltr'><strong>nihil</strong></span> <span class='ocrx_word' id='word_1_917' title='bbox 3441 5377 3769 5430; x_wconf 86' lang='lat' dir='ltr'><strong>contrarium</strong></span> 
     </span>
    </p>
   </div>
   <div class='ocr_carea' id='block_1_115' title="bbox 2191 5459 3770 5538">
    <p class='ocr_par' dir='ltr' id='par_1_115' title="bbox 2191 5459 3770 5538">
     <span class='ocr_line' id='line_1_115' title="bbox 2191 5459 3770 5538; baseline 0.009 -28"><span class='ocrx_word' id='word_1_918' title='bbox 2191 5460 2401 5514; x_wconf 89' lang='lat' dir='ltr'><strong>videtur</strong></span> <span class='ocrx_word' id='word_1_919' title='bbox 2428 5460 2626 5516; x_wconf 89' lang='lat' dir='ltr'><strong>dixisse</strong></span> <span class='ocrx_word' id='word_1_920' title='bbox 2652 5459 2862 5517; x_wconf 86' lang='lat' dir='ltr'><strong>Marcus</strong></span> <span class='ocrx_word' id='word_1_921' title='bbox 2888 5478 3012 5518; x_wconf 90' lang='lat' dir='ltr'><strong>cum</strong></span> <span class='ocrx_word' id='word_1_922' title='bbox 3042 5464 3140 5530; x_wconf 90' lang='lat' dir='ltr'><strong>ait,</strong></span> <span class='ocrx_word' id='word_1_923' title='bbox 3171 5483 3191 5515; x_wconf 78' lang='grc' dir='ltr'><strong>ι</strong></span> <span class='ocrx_word' id='word_1_924' title='bbox 3219 5475 3339 5521; x_wconf 88' lang='lat' dir='ltr'><strong>orto</strong></span> <span class='ocrx_word' id='word_1_925' title='bbox 3361 5467 3475 5538; x_wconf 89' lang='lat' dir='ltr'><strong>jam</strong></span> <span class='ocrx_word' id='word_1_926' title='bbox 3500 5469 3613 5526; x_wconf 90' lang='lat' dir='ltr'><strong>sole</strong></span> <span class='ocrx_word' id='word_1_927' title='bbox 3637 5489 3650 5524; x_wconf 92' lang='lat'><strong>:</strong></span> <span class='ocrx_word' id='word_1_928' title='bbox 3677 5491 3698 5522; x_wconf 76' lang='grc' dir='ltr'><strong>ι</strong></span> <span class='ocrx_word' id='word_1_929' title='bbox 3725 5470 3770 5525; x_wconf 88' lang='lat' dir='ltr'><strong>si</strong></span> 
     </span>
    </p>
   </div>
   <div class='ocr_carea' id='block_1_116' title="bbox 2193 5553 3771 5629">
    <p class='ocr_par' dir='ltr' id='par_1_116' title="bbox 2193 5553 3771 5629">
     <span class='ocr_line' id='line_1_116' title="bbox 2193 5553 3771 5629; baseline 0.007 -26"><span class='ocrx_word' id='word_1_930' title='bbox 2193 5559 2374 5619; x_wconf 83' lang='lat' dir='ltr'><strong>partes</strong></span> <span class='ocrx_word' id='word_1_931' title='bbox 2409 5553 2741 5618; x_wconf 89' lang='lat' dir='ltr'><strong>occidentis,</strong></span> <span class='ocrx_word' id='word_1_932' title='bbox 2773 5569 2883 5609; x_wconf 91' lang='lat' dir='ltr'><strong>non</strong></span> <span class='ocrx_word' id='word_1_933' title='bbox 2907 5555 3125 5611; x_wconf 89' lang='lat' dir='ltr'><strong>videtur</strong></span> <span class='ocrx_word' id='word_1_934' title='bbox 3152 5556 3428 5613; x_wconf 91' lang='lat' dir='ltr'><strong>dissonum</strong></span> <span class='ocrx_word' id='word_1_935' title='bbox 3465 5561 3608 5629; x_wconf 91' lang='lat' dir='ltr'><strong>quod</strong></span> <span class='ocrx_word' id='word_1_936' title='bbox 3645 5561 3771 5616; x_wconf 83' lang='lat' dir='ltr'><strong>dicit</strong></span> 
     </span>
    </p>
   </div>
   <div class='ocr_carea' id='block_1_117' title="bbox 2189 5642 3769 5722">
    <p class='ocr_par' dir='ltr' id='par_1_117' title="bbox 2189 5642 3769 5722">
     <span class='ocr_line' id='line_1_117' title="bbox 2189 5642 3769 5722; baseline 0.007 -25"><span class='ocrx_word' id='word_1_937' title='bbox 2189 5642 2440 5712; x_wconf 86' lang='lat' dir='ltr'><strong>Joannes,</strong></span> <span class='ocrx_word' id='word_1_938' title='bbox 2481 5667 2497 5697; x_wconf 86' lang='grc' dir='ltr'><strong>ι</strong></span> <span class='ocrx_word' id='word_1_939' title='bbox 2533 5663 2655 5702; x_wconf 92' lang='lat' dir='ltr'><strong>cum</strong></span> <span class='ocrx_word' id='word_1_940' title='bbox 2686 5647 2863 5703; x_wconf 89' lang='lat' dir='ltr'><strong>adhuc</strong></span> <span class='ocrx_word' id='word_1_941' title='bbox 2887 5650 3124 5704; x_wconf 52' lang='lat' dir='ltr'><strong>tenebrae.</strong></span> <span class='ocrx_word' id='word_1_942' title='bbox 3152 5659 3354 5704; x_wconf 88' lang='lat' dir='ltr'><strong>essent.</strong></span> <span class='ocrx_word' id='word_1_943' title='bbox 3394 5672 3412 5702; x_wconf 75' lang='grc' dir='ltr'><strong>ι</strong></span> <span class='ocrx_word' id='word_1_944' title='bbox 3443 5649 3606 5707; x_wconf 83' lang='lat' dir='ltr'><strong>Forte</strong></span> <span class='ocrx_word' id='word_1_945' title='bbox 3625 5667 3769 5722; x_wconf 65' lang='lat' dir='ltr'><strong>que-</strong></span> 
     </span>
    </p>
   </div>
   <div class='ocr_carea' id='block_1_118' title="bbox 2188 5737 3766 5807">
    <p class='ocr_par' dir='ltr' id='par_1_118' title="bbox 2188 5737 3766 5807">
     <span class='ocr_line' id='line_1_118' title="bbox 2188 5737 3766 5807; baseline 0.005 -19"><span class='ocrx_word' id='word_1_946' title='bbox 2188 5737 2345 5798; x_wconf 90' lang='lat' dir='ltr'><strong>ritur,</strong></span> <span class='ocrx_word' id='word_1_947' title='bbox 2376 5753 2542 5806; x_wconf 90' lang='lat' dir='ltr'><strong>quare</strong></span> <span class='ocrx_word' id='word_1_948' title='bbox 2576 5739 2810 5794; x_wconf 86' lang='lat' dir='ltr'><strong>Joannes</strong></span> <span class='ocrx_word' id='word_1_949' title='bbox 2843 5756 3004 5795; x_wconf 89' lang='lat' dir='ltr'><strong>unam</strong></span> <span class='ocrx_word' id='word_1_950' title='bbox 3048 5740 3418 5796; x_wconf 89' lang='lat' dir='ltr'><strong>tantummodo</strong></span> <span class='ocrx_word' id='word_1_951' title='bbox 3453 5743 3766 5807; x_wconf 81' lang='lat' dir='ltr'><strong>nominans,</strong></span> 
     </span>
    </p>
   </div>
   <div class='ocr_carea' id='block_1_119' title="bbox 2190 5827 3770 5898">
    <p class='ocr_par' dir='ltr' id='par_1_119' title="bbox 2190 5827 3770 5898">
     <span class='ocr_line' id='line_1_119' title="bbox 2190 5827 3770 5898; baseline 0.006 -18"><span class='ocrx_word' id='word_1_952' title='bbox 2190 5827 2408 5898; x_wconf 81' lang='lat' dir='ltr'><strong>angelos</strong></span> <span class='ocrx_word' id='word_1_953' title='bbox 2443 5831 2638 5887; x_wconf 80' lang='lat' dir='ltr'><strong>vidisse</strong></span> <span class='ocrx_word' id='word_1_954' title='bbox 2661 5840 2885 5898; x_wconf 78' lang='lat' dir='ltr'><strong>asserat,</strong></span> <span class='ocrx_word' id='word_1_955' title='bbox 2919 5847 3040 5887; x_wconf 87' lang='lat' dir='ltr'><strong>cum</strong></span> <span class='ocrx_word' id='word_1_956' title='bbox 3058 5832 3271 5889; x_wconf 79' lang='lat' dir='ltr'><strong>Murcus</strong></span> <span class='ocrx_word' id='word_1_957' title='bbox 3292 5841 3405 5890; x_wconf 80' lang='lat' dir='ltr'><strong>tres</strong></span> <span class='ocrx_word' id='word_1_958' title='bbox 3429 5833 3660 5890; x_wconf 69' lang='lat' dir='ltr'><strong>scribat?</strong></span> <span class='ocrx_word' id='word_1_959' title='bbox 3682 5834 3770 5890; x_wconf 71' lang='lat' dir='ltr'><strong>Ad</strong></span> 
     </span>
    </p>
   </div>
  </div>
