3934 6346
135 378 277 434 449

1424 374 1726 433 nonnum
1766 375 1856 431 DE
1894 374 2243 461 TEMPORE.

3333 357 3439 436 450

136 491 321 560 quod
352 490 668 554 dicendum,
705 489 863 558 quia,
905 501 963 543 ut
991 489 1256 554 diximus,
1299 488 1381 543 vel
1422 489 1574 560 prius
1610 489 1757 544 venit
1785 493 1836 554 Α
1859 488 2163 559 vitulosque
2202 458 2390 545 earum
2437 492 2774 551 recluserunt
2819 493 2986 551 domi.
3035 495 3104 549 Et
3138 495 3280 552 sicut
3309 458 3446 552 scri-

136 583 347 638 Maria
375 581 718 653 Magdalene,
768 589 823 637 et
864 591 1051 652 postea
1095 583 1288 638 iterum
1331 597 1453 638 cum
1480 581 1640 638 aliis:
1673 581 1759 638 vel

137 685 281 730 tres
326 674 485 730 simul
519 683 812 740 venerunt,
869 681 922 729 et
966 673 1200 730 Joannes
1247 690 1412 730 unam
1448 675 1754 741 nominans,

138 765 311 821 alias
340 767 554 821 venisse
583 765 815 835 negavit.
855 763 1014 820 Juxta
1058 781 1189 821 vero
1232 766 1529 835 spiritalem
1561 765 1759 822 intelli-

139 859 432 926 gentiam,
461 857 696 912 tenebrae
718 858 773 912 in
795 859 1046 913 cordibus
1070 857 1355 914 mulierum
1386 867 1560 925 erant,
1589 875 1758 929 quan-

141 951 226 1007 do
282 952 456 1008 Deum
486 951 633 1006 velut
673 959 943 1006 mortuum
975 952 1291 1020 quaerebant
1323 951 1464 1006 inter
1493 960 1752 1007 mortuos.

141 1041 338 1098 Ortus
366 1051 450 1098 est
476 1043 555 1097 eis
576 1041 674 1107 sol,
701 1042 916 1112 quando
945 1043 1184 1097 auditam
1211 1043 1280 1097 ab
1306 1042 1386 1097 eis
1409 1042 1758 1098 resurrectio-

139 1149 294 1188 nem
325 1134 707 1199 crediderunt,
757 1132 886 1187 solis
925 1133 1068 1188 enim
1098 1133 1312 1189 nomine
1353 1132 1406 1186 in
1440 1131 1753 1204 Scripturis,

138 1221 465 1293 aliquando
494 1222 755 1277 Dominus
793 1220 951 1277 Jesus
975 1221 1222 1278 Christus
1250 1223 1580 1294 intelligitur,
1615 1223 1756 1278 sicut

139 1315 437 1384 scriptum
479 1320 600 1368 est:
640 1332 658 1363 ι
695 1311 788 1368 Sol
825 1313 1074 1384 cognovit
1104 1328 1357 1369 occasum
1399 1329 1552 1368 suum
1578 1311 1752 1384 (Psal.

145 1406 324 1476 cm),
359 1424 378 1457 ›
413 1404 466 1459 id
493 1413 574 1459 est
596 1403 843 1459 Christus
870 1404 1196 1473 passionem.
1226 1405 1294 1459 Et
1321 1405 1555 1460 iterum:
1591 1424 1607 1455 ‹
1645 1405 1753 1461 Vo-

136 1495 236 1552 bis
270 1494 378 1566 qui
409 1493 610 1548 timetis
636 1492 922 1548 Dominum
961 1493 1168 1548 orietur
1193 1493 1272 1550 sol
1293 1493 1518 1570 iustitiae
1539 1534 1554 1559 ,
1579 1501 1632 1549 et
1661 1509 1752 1549 sa-

139 1589 318 1643 nitas
361 1588 414 1642 in
462 1585 655 1656 pennis
701 1584 818 1654 ejus
855 1585 1014 1656 (Mal.
1055 1586 1150 1657 1v).
1181 1586 1389 1654 »_Quod
1411 1571 1596 1642 autem
1637 1587 1750 1640 ait:

145 1700 164 1729 ο
210 1695 340 1734 una
370 1679 717 1735 sabbatorum
756 1697 773 1728 ι
821 1677 1052 1748 primam
1093 1679 1299 1734 sabbati
1334 1677 1636 1749 intelligere
1660 1678 1754 1734 de-

140 1772 378 1837 bemus,
406 1771 460 1825 id
479 1779 564 1825 est
589 1769 823 1840 primum
855 1769 998 1823 diem
1020 1777 1142 1840 post
1167 1769 1473 1836 sabbatum,
1498 1784 1661 1839 quam
1682 1769 1752 1826 ob

1856 588 2010 651 ptum
2037 589 2120 636 est
2144 598 2156 634 :
2193 599 2212 632 ι
2247 581 2401 637 Ibant
2421 598 2600 640 vaccae
2626 586 2683 640 in
2713 585 3000 653 directum,
3031 601 3129 657 per
3153 587 3300 642 viam
3325 603 3446 658 quae

1857 671 2006 728 ducit
2034 673 2359 742 Bethsamis,
2392 685 2680 747 pergentes
2707 687 2762 734 et
2782 679 3108 750 mugientes,
3136 692 3237 741 nec
3265 688 3446 736 tamen

1859 767 1926 821 ad
1948 767 2223 824 dexteram
2235 769 2320 824 vel
2339 767 2406 823 ad
2421 769 2696 824 sinistram
2713 770 3048 828 declinantes
3070 771 3120 842 (Ι
3145 771 3270 843 Reg.
3293 773 3370 844 vi)
3388 788 3440 829 υ

1857 855 1934 910 ita
1959 865 2015 912 et
2037 856 2121 913 hae
2150 857 2405 914 mulieres
2429 866 2715 929 pergentes
2750 858 3092 916 Doniinicum
3134 861 3441 931 sepulcrum

1858 945 2122 1012 invisere,
2175 948 2329 1017 quasi
2377 948 2682 1019 mugientes
2716 955 2773 1004 et
2817 958 3094 1018 gementes
3143 950 3438 1008 dicebant:

1862 1055 1882 1087 ι
1909 1036 2042 1104 Quis
2061 1039 2304 1094 revolvet
2327 1039 2483 1095 nobis
2504 1038 2761 1108 lapidem,
2784 1057 2803 1091 ›
2828 1047 2957 1105 etc.,
2988 1055 3089 1097 nec
3116 1049 3294 1098 tamen
3318 1058 3444 1114 pro-

1854 1136 1980 1199 pter
2013 1147 2176 1187 sexus
2213 1131 2590 1205 fragilitatem,
2633 1146 2735 1188 nec
2768 1140 2991 1202 propter
3018 1135 3444 1205 magnitudinem

1857 1223 2084 1298 lapidis,
2133 1238 2234 1279 nec
2261 1232 2482 1295 pr0pter
2504 1230 2711 1278 metum
2733 1221 3018 1278 custodum
3035 1263 3050 1288 ,
3101 1239 3132 1278 a
3159 1236 3336 1296 erepto
3361 1226 3450 1282 iti-

1838 1327 1987 1372 "nere
2013 1313 2371 1372 declinabant.
2400 1311 2678 1368 Imitemur
2705 1310 2869 1382 igitur
2894 1318 2950 1365 et
2978 1326 3076 1366 nos
3107 1313 3299 1370 harum
3319 1329 3450 1370 con-

1855 1407 2111 1462 stantiam
2135 1404 2446 1470 mulierum,
2471 1411 2534 1459 ut
2553 1419 2651 1474 per
2676 1403 2822 1458 viam
2841 1402 2938 1458 Dei
2962 1402 3328 1471 ambulantes,"
3346 1420 3446 1460 nec

1853 1507 2074 1569 prepter
2101 1497 2458 1552 tentationem
2485 1496 2791 1551 daemonum
2808 1535 2824 1561 ,
2868 1510 2971 1551 nec
2994 1504 3216 1565 propter
3244 1504 3445 1552 metum

1853 1591 2132 1646 hominum
2151 1629 2166 1655 ,
2211 1603 2310 1644 nec
2327 1597 2552 1660 prepter
2578 1604 2764 1644 curam
2798 1598 3086 1658 parentum
3115 1605 3147 1644 a
3172 1598 3321 1645 recto
3354 1591 3443 1646 iti-
3475 1654 3480 1660 ,

1854 1697 1985 1738 nere
2005 1681 2280 1737 deviemus
2304 1699 2317 1734 :
2347 1681 2474 1750 quia
2499 1680 2881 1738 inchoantibus
2905 1681 3188 1751 praemium
3226 1681 3446 1752 promit-

1855 1774 2006 1838 titur,
2056 1773 2151 1830 sed
2191 1773 2664 1844 perseverantibus
2692 1773 2870 1838 datur,
2918 1755 3148 1828 Domino
3180 1772 3395 1828 dicente
3429 1785 3443 1824 :

143 1860 431 1917 honorem
483 1870 538 1916 et
580 1860 940 1917 reverentiam
981 1861 1275 1917 Dominicae
1312 1862 1747 1927 resurrectionis,
1779 1849 1828 1910 Β
1861 1883 1882 1918 ε
1908 1865 2009 1933 Qui
2030 1864 2467 1936 perseveraverit
2483 1879 2653 1935 usque
2672 1865 2727 1921 in
2749 1864 2936 1931 finem,
2953 1864 3043 1920 hic
3067 1865 3250 1920 salvus
3272 1865 3394 1920 erit.
3421 1883 3440 1916 ι

143 1950 504 2006 Dominicam
533 1952 892 2007 nominamus.
941 1949 1093 2006 Sicut
1117 1953 1260 2007 enim
1288 1967 1386 2008 nos
1413 1953 1644 2022 primam
1669 1952 1754 2008 fe-

141 2041 326 2108 riam,
361 2043 654 2098 secundam
690 2041 880 2096 feriam
903 2082 918 2108 ,
944 2043 1159 2097 tertiam
1189 2042 1378 2097 feriam
1400 2083 1415 2110 ,
1447 2052 1502 2099 et
1529 2052 1756 2100 cancros

140 2145 260 2200 per
290 2132 537 2188 ordinem
563 2133 682 2187 dies
703 2133 955 2196 dicimus,
981 2133 1060 2187 sic
1080 2131 1250 2188 Judaei
1270 2135 1498 2204 primam
1524 2135 1754 2202 sabbati,

139 2222 464 2275 secundam
499 2219 739 2284 sabbati,
792 2223 1009 2276 tertiam
1038 2225 1246 2279 sabbati
1277 2225 1645 2280 nominabant.
1689 2225 1759 2279 Et

142 2311 312 2364 sicut
341 2309 566 2365 Cantica
591 2311 924 2366 canticorum
945 2353 959 2379 ,
1001 2321 1054 2367 et
1083 2313 1280 2369 Sancta
1323 2323 1632 2370 sanctorum
1659 2331 1758 2385 pro

142 2401 246 2456 sui
300 2401 672 2472 magnitudine
705 2404 759 2457 in
789 2403 1085 2474 Scripturis
1107 2404 1382 2471 dicuntur,
1409 2405 1490 2460 sic
1513 2406 1618 2460 iste
1645 2405 1760 2460 dies

145 2493 457 2548 sabbatum
480 2495 827 2551 sabbatorum
847 2506 1067 2566 propter
1093 2497 1320 2567 gloriam
1343 2499 1758 2554 resurrectionis

152 2585 470 2640 Dominicae
499 2586 605 2640 dici
629 2595 824 2656 potest.
866 2587 992 2644 Haac
1019 2596 1199 2644 autem
1223 2589 1339 2644 dies
1366 2598 1420 2643 et
1449 2605 1558 2644 una
1586 2598 1669 2645 est
1693 2589 1760 2646 de

151 2684 407 2747 septem,
458 2685 512 2731 et
539 2684 694 2731 extra
736 2687 962 2747 septem.
1009 2678 1067 2732 In
1116 2679 1220 2734 hac
1247 2679 1393 2733 enim
1424 2678 1755 2734 hebdomada

151 2770 451 2827 exordium
495 2770 690 2836 sumit,
740 2777 795 2824 et
821 2771 1109 2825 terminum
1132 2771 1348 2841 accipit.
1384 2769 1474 2826 Sic
1501 2770 1645 2825 enim
1675 2777 1760 2824 est

154 2863 366 2934 prima,
389 2871 448 2916 ut
466 2861 538 2917 sit
558 2862 715 2916 tertia
741 2879 754 2915 :
786 2870 842 2918 et
867 2863 945 2918 sic
968 2864 1149 2930 tertia,
1173 2872 1232 2918 ut
1258 2871 1418 2918 etiam
1442 2863 1513 2918 sit
1530 2870 1752 2918 octava:

158 2957 341 3027 prima
363 2953 602 3026 quidem,
632 2955 684 3009 in
712 2955 1018 3011 conditione
1048 2972 1062 3021 ;
1099 2957 1280 3021 tertia,
1313 2956 1365 3009 in
1394 2955 1754 3011 resurrectio-

163 3063 237 3103 ne
265 3064 281 3114 ;
312 3054 524 3114 octava,
551 3047 608 3102 in
632 3047 984 3102 revolutione.
1002 3047 1103 3114 Qui
1119 3063 1250 3119 ergo
1271 3048 1322 3102 in
1340 3049 1441 3103 hac
1465 3048 1554 3103 die
1578 3063 1758 3103 resur-

166 3153 301 3208 gere
344 3138 593 3209 dignatus
632 3147 748 3204 est,
790 3139 1129 3194 octonarium
1167 3154 1454 3193 numerum
1480 3138 1549 3194 ad
1575 3153 1756 3193 resur-

1859 1957 2074 2030 (Matth.
2097 1957 2271 2028 Lx1v.)

1936 2069 1955 2102 ι
1991 2050 2477 2120 Et-respicientes,
2515 2049 2770 2104 viderunt
2799 2047 3105 2103 revolutum
3131 2047 3382 2118 lapidem.
3421 2066 3439 2100 ι

1861 2141 2104 2209 Qualiter
2123 2141 2208 2196 vel
2227 2140 2498 2212 quomodo
2522 2140 2787 2196 revolutio
2812 2139 3006 2210 lapidis
3029 2138 3169 2195 facta
3195 2139 3283 2203 sit,
3310 2139 3446 2194 alius

1860 2229 2222 2300 evangelista,
2275 2229 2557 2285 Matthmus
2607 2230 2844 2295 scilicet,
2895 2229 3174 2295 declarat,
3223 2229 3442 2286 dicens:

1867 2339 1887 2372 ε
1918 2321 2156 2392 Angelus
2180 2321 2377 2391 quippe
2403 2319 2618 2376 Domini
2639 2320 2918 2375 descendit
2943 2321 3008 2375 de
3033 2319 3192 2386 coelo,
3215 2327 3271 2374 et
3294 2334 3448 2375 acce—

1862 2411 1996 2466 dens
2023 2409 2252 2464 revolvit
2273 2409 2522 2478 lapidem,
2553 2417 2609 2464 et
2633 2409 2859 2464 sedebat
2891 2424 3054 2478 super
3078 2423 3201 2463 eum
3226 2407 3444 2481 (Matth.

1862 2500 2076 2571 xxvm).
2116 2520 2134 2552 ι
2172 2498 2421 2553 Revolvit
2453 2513 2582 2569 ergo
2613 2498 2834 2569 angelus
2861 2497 3121 2567 lapidem,
3153 2505 3209 2552 et
3233 2511 3341 2552 non
3389 2510 3449 2550 ut

1860 2606 2147 2662 egressuro
2175 2591 2403 2645 Domino
2449 2591 2594 2644 viam
2630 2590 2926 2660 panderet,
2975 2588 3071 2643 sed
3108 2596 3170 2643 ut
3195 2594 3448 2659 egreSsus

1860 2682 1978 2752 ejus
2003 2674 2260 2736 indicium
2286 2681 2537 2736 omnibus
2567 2681 2742 2744 daret,
2776 2679 2831 2734 id
2859 2687 2946 2734 est
2970 2687 3032 2732 ut
3055 2694 3245 2734 omnes
3267 2693 3390 2733 eum
3417 2693 3447 2732 a

1860 2772 2089 2828 mortuis
2130 2771 2496 2825 resurrexisse
2527 2769 2832 2824 crederent.
2876 2767 2995 2824 Non
3033 2767 3179 2822 enim
3222 2766 3450 2836 indiguit

1860 2865 1914 2919 in
1944 2864 2342 2919 resurrectione
2365 2861 2568 2917 auxilio
2590 2861 2928 2932 angelorum,
2955 2860 3048 2930 qui
3083 2859 3298 2931 propria
3328 2858 3443 2914 vir-

1861 2966 1975 3012 tute
1998 2957 2234 3012 claustra
2264 2954 2545 3024 dissipavit
2573 2953 2892 3010 inferorum.

1936 3069 1953 3100 ι
1991 3049 2124 3104 Erat
2163 3048 2361 3120 quippe
2406 3062 2636 3118 magnus
2672 3045 2848 3102 valde.
2885 3065 2905 3096 ι
2949 3043 3279 3116 Spiritaliter
3310 3043 3447 3114 lapis

1815 3171 1824 3209 ;
1862 3145 1964 3199 iste
1983 3144 2050 3198 ad
2078 3143 2277 3198 ostium
2298 3140 2638 3196 monumenti
2668 3139 2893 3209 positus,
2924 3138 3096 3208 ipsam
3120 3136 3446 3208 oblationem

170 3234 464 3289 rectionem
496 3234 769 3305 pertinere
796 3233 1138 3290 monstravit.
1182 3232 1500 3288 Resurrexit
1529 3231 1583 3285 in
1615 3231 1752 3301 ipsa,
1783 3207 1828 3271 (ἶ
1859 3236 2107 3306 designat
2131 3235 2460 3297 inferorum,
2498 3248 2604 3302 qua
2645 3233 2810 3287 etiam
2834 3231 2966 3300 justi
2996 3245 3093 3300 per
3117 3229 3444 3306 praemi-ica-

179 3333 238 3377 ut
265 3324 561 3381 ostenderet
588 3326 882 3380 humanum
906 3339 1076 3397 genus
1104 3325 1159 3378 in
1180 3331 1372 3378 octava
1392 3329 1550 3376 aetate
1575 3320 1756 3375 saeculi

178 3425 620 3472 resurrecturum.
655 3416 808 3473 Unde
843 3431 942 3486 per
981 3415 1330 3470 Salomonem
1361 3412 1596 3468 dicitur:
1626 3428 1644 3462 ι
1681 3411 1755 3465 Da

171 3519 352 3579 partes
396 3518 599 3580 septem
627 3550 641 3574 ,
685 3523 894 3563 necnon
933 3516 988 3561 et
1022 3515 1146 3562 octo
1172 3503 1383 3578 (Eccle.
1412 3501 1522 3574 ιι).
1553 3521 1574 3553 ι
1609 3500 1760 3555 Sicut

169 3601 313 3654 enim
347 3601 573 3671 septima
610 3601 696 3656 die
729 3599 874 3654 Deus
912 3599 981 3654 ab
1022 3597 1275 3670 operibus
1311 3595 1424 3651 suis
1459 3592 1755 3664 requievit,

169 3700 247 3752 sic
278 3699 503 3768 septima
531 3707 661 3751 aetas
687 3696 884 3751 dicitur
908 3695 1120 3764 requies
1141 3700 1474 3755 sanctorum,
1499 3703 1620 3743 cum
1644 3687 1758 3740 ani-

170 3806 270 3844 mae
299 3791 502 3860 absque
530 3788 848 3859 corporibus
877 3795 1003 3842 sunt
1030 3786 1084 3840 in
1115 3784 1320 3854 requie.
1348 3781 1548 3838 Octava
1578 3787 1756 3834 autem

168 3891 327 3939 :etate
364 3883 635 3953 accipient
665 3882 794 3951 ipsae
839 3894 1064 3950 corpus,
1099 3887 1156 3933 et
1185 3884 1346 3932 erunt
1367 3875 1421 3929 in
1449 3871 1659 3942 requie.
1700 3870 1758 3924 ln

169 3975 321 4046 cujus
345 3985 471 4048 typo
492 3976 575 4032 vel
607 3975 800 4045 ﬁgura,
823 3983 946 4030 octo
968 3973 1162 4027 animae
1186 3970 1243 4026 in
1272 3985 1396 4024 arca
1420 3967 1582 4023 salvae
1605 3965 1759 4020 facta:

170 4076 296 4124 sunt
335 4066 466 4123 Noe.
519 4066 645 4121 Haec
669 4074 752 4122 est
789 4065 934 4120 enim
975 4063 1065 4118 illa
1109 4063 1226 4118 dies
1273 4061 1338 4117 de
1368 4075 1473 4130 qua
1513 4058 1754 4113 dicitur:

176 4179 193 4213 ι
223 4159 355 4216 Ηκο
381 4169 464 4232 est
494 4160 609 4216 dies
651 4174 814 4229 quam
855 4157 987 4212 fecit
1025 4155 1317 4220 Dominus,
1346 4150 1678 4208 exsultemus
1704 4157 1760 4204 et

171 4249 415 4307 laetemur
444 4251 500 4306 in
527 4265 590 4306 ea
619 4249 792 4322 (Psal.
816 4247 1003 4319 cxvn).
1035 4266 1056 4299 ι

244 4363 267 4394 ε
304 4343 371 4398 Et
420 4343 672 4399 dicebant
723 4342 790 4397 ad
833 4340 1064 4395 invicem
1097 4357 1110 4392 :
1149 4337 1282 4405 Quis
1321 4336 1564 4392 revolvet
1605 4333 1760 4389 nobis

178 4455 194 4485 ‹
224 4434 462 4505 lapidem
492 4435 559 4489 ab
588 4433 728 4489 ostio
769 4430 1142 4487 monumenti?
1174 4449 1191 4482 ι
1226 4427 1509 4482 Matthmus
1532 4439 1761 4494 evange-

173 4524 298 4580 lista
325 4525 474 4591 dicit,
507 4526 648 4596 quod
679 4539 802 4579 cum
834 4521 1035 4592 Joseph
1066 4519 1369 4590 sepeliisset
1391 4517 1680 4571 Dominum
1704 4515 1757 4568 in

176 4618 424 4689 sepulcro
467 4633 564 4673 suo
590 4632 759 4682 novo,
808 4615 1048 4671 advolvit
1085 4615 1152 4670 ad
1189 4612 1384 4668 ostium
1416 4609 1752 4665 monumenti

176 4725 363 4764 saxum
391 4724 646 4780 magnum
667 4751 682 4775 ,
714 4716 767 4762 et
794 4707 948 4772 abiit,
989 4705 1187 4761 Judaeis
1214 4703 1549 4774 signantibus
1579 4703 1751 4771 ipsum
1785 4748 1798 4764 ,

177 4815 298 4855 cum
329 4800 660 4855 custodibus.
689 4797 828 4867 Ergo
854 4798 969 4852 istm
996 4795 1249 4850 mulieres
1277 4794 1554 4849 venientes
1580 4789 1757 4860 sepul—

179 4908 329 4948 crum
358 4892 568 4947 Domini
595 4892 834 4956 visitare,
873 4899 927 4944 et
954 4903 1115 4944 sexus
1144 4887 1228 4942 sui
1260 4884 1604 4957 fragilitatem
1630 4898 1758 4939 con-

180 4983 510 5048 siderantes,
537 4990 592 5037 et
618 4980 1043 5050 magnitudinem
1075 4977 1267 5046 lapidis
1308 4975 1636 5038 recolentes,
1666 4973 1757 5042 qui

181 5081 290 5127 tam
317 5088 543 5144 magnus
565 5071 733 5128 fuisse
772 5071 945 5125 fertur
979 5077 1038 5122 ut
1072 5067 1160 5122 vix
1192 5081 1222 5119 a
1245 5065 1432 5136 viginti
1456 5061 1766 5120 hominibus

183 5166 382 5221 moveri
410 5175 611 5236 posset,
641 5163 894 5220 dicebant
920 5183 931 5217 :
973 5183 991 5215 ‹
1022 5161 1154 5230 Quis
1185 5159 1425 5215 revolvet
1453 5157 1612 5214 nobis
1633 5157 1766 5227 lapi-

184 5257 304 5312 dem
332 5257 399 5312 ab
423 5257 564 5313 ostio
598 5255 978 5312 monumenti?
1007 5274 1024 5306 ι
1057 5253 1164 5309 Sed
1193 5250 1441 5322 quamvis
1471 5249 1596 5303 talia
1623 5249 1768 5304 dice-

190 5355 324 5412 rent,
352 5361 456 5402 non
487 5356 664 5423 tamen
683 5361 712 5401 a
739 5355 917 5416 coepto
937 5345 1132 5399 itinere
1153 5342 1458 5405 cessabant,
1482 5338 1766 5394 credentes

188 5438 438 5493 divinitus
499 5437 615 5492 fieri
675 5436 929 5508 possibile
987 5435 1130 5506 quod
1191 5423 1442 5488 humanae
1486 5429 1762 5501 fragilitati

187 5529 463 5586 videbatur
498 5529 847 5601 impossibile.
876 5529 1114 5595 Quarum
1145 5526 1432 5580 mulierum
1460 5522 1762 5582 constantia

190 5621 240 5676 in
289 5622 436 5678 libris
493 5623 698 5694 Regum
741 5622 963 5694 pulchre
1007 5622 1348 5692 praefigurata
1392 5627 1500 5683 est,
1550 5616 1766 5688 quando

191 5712 448 5786 Allephyli
477 5713 658 5770 arcam
688 5714 900 5771 Domini
927 5722 1141 5784 captam
1174 5712 1228 5766 in
1259 5720 1458 5767 terram
1487 5709 1652 5764 Israel
1676 5724 1764 5763 re-
1804 5761 1806 5763 ,

193 5805 480 5876 mittentes,
494 5807 789 5878 junxerunt
813 5809 946 5864 duas
966 5821 1158 5864 vaccas
1182 5805 1341 5862 foetas
1355 5805 1420 5860 ad
1440 5804 1760 5875 plaustrum,

1859 3305 2059 3383 tionem
2088 3327 2251 3398 primi
2278 3335 2460 3380 reatus
2486 3325 2806 3380 tenebantur
2826 3322 3064 3378 obnoxii.
3089 3321 3192 3388 Qui
3221 3305 3448 3390 magnus

1857 3418 2010 3473 valde
2042 3417 2208 3472 fuisse
2236 3416 2450 3480 dicitur,
2487 3415 2612 3485 quia
2651 3413 2906 3484 obligatio
2937 3411 3215 3482 originalis
3238 3399 3446 3481 peccati

1859 3510 1912 3565 in
1940 3517 2147 3564 tantum
2172 3507 2310 3562 dura
2329 3515 2384 3562 et
2407 3504 2711 3562 insolubilis
2731 3502 2930 3571 fuit,ut
2947 3501 3126 3557 nullus
3148 3509 3255 3555 tam
3269 3500 3449 3569 justus

1859 3599 2025 3655 fuisse
2053 3598 2281 3669 legatur,
2313 3596 2402 3667 qui
2434 3609 2492 3651 se
2520 3594 2762 3663 aliosque
2793 3593 2862 3648 ab
2893 3607 2955 3648 ea
2986 3590 3215 3646 liberare
3241 3597 3444 3660 posset,

1860 3695 2209 3763 quoadusque
2241 3690 2327 3746 ille
2367 3689 2516 3745 venit
2552 3688 2646 3759 qui
2685 3686 2862 3742 factus
2898 3693 2983 3741 est
3018 3685 3162 3740 inter
3207 3689 3450 3738 mortuos

1859 3783 2013 3838 liber.
2065 3781 2170 3836 Sed
2218 3779 2477 3835 Dominus
2522 3777 2679 3834 Jesus
2720 3776 2990 3841 Christus,
3029 3774 3120 3843 qui
3151 3781 3236 3829 est
3266 3771 3448 3843 magni

1860 3873 2071 3931 consilii
2099 3872 2342 3944 angelus,
2375 3869 2445 3924 ab
2473 3869 2614 3926 ostio
2642 3865 2979 3923 monumenti
3009 3863 3242 3936 lapidem
3271 3861 3446 3918 revol-

1860 3965 1961 4031 vit,
1985 3964 2112 4036 quia
2143 3963 2401 4018 hodierna
2434 3960 2521 4016 die
2565 3976 2597 4015 a
2637 3958 2869 4015 mortuis
2899 3970 3212 4026 resurgens,
3246 3952 3452 4009 Cheru-

1860 4060 1971 4116 bim
1997 4067 2052 4113 et
2075 4057 2384 4112 flammeum
2415 4055 2652 4125 gladium
2702 4063 2865 4124 atque
2910 4051 3252 4115 versatilem,
3293 4064 3324 4104 a
3366 4048 3448 4103 via

1860 4147 2098 4221 paradisi
2131 4146 2392 4211 removit;
2443 4145 2585 4200 unde
2618 4145 2878 4216 scriptum
2907 4151 3029 4199 est:
3060 4161 3078 4193 ι
3112 4140 3304 4197 Tollite
3330 4155 3452 4210 por-

1863 4247 1963 4304 tas,
1991 4238 2283 4309 principes,
2308 4244 2538 4301 vestras,
2555 4243 2608 4291 et
2631 4235 2938 4301 elevamini,
2958 4241 3126 4304 porta:
3145 4231 3447 4293 aeternales,

1860 4341 1917 4389 et
1943 4331 2188 4386 introibit
2218 4347 2310 4385 rex
2343 4329 2528 4399 gloriae
2555 4326 2727 4398 (Psal.
2758 4328 2936 4401 χχιιι).
2969 4346 2987 4379 ι
3024 4325 3135 4381 Nec
3165 4325 3310 4380 solus
3339 4324 3449 4392 ipse

1861 4441 1892 4479 a
1915 4423 2148 4478 mortuis
2176 4421 2497 4486 resurrexit,
2523 4421 2617 4475 sed
2639 4421 2803 4474 etiam
2827 4433 3015 4473 omnes
3043 4415 3252 4470 animas
3273 4411 3448 4480 justo-

1866 4533 1983 4573 rum
2014 4517 2080 4572 de
2113 4515 2310 4570 inferni
2347 4513 2600 4570 claustris
2629 4511 2901 4573 liberavit,
2924 4506 3144 4577 impleta
3166 4504 3448 4575 prophetia

1867 4610 2019 4666 Oscae
2048 4609 2140 4679 qui
2171 4609 2284 4662 ait:
2324 4627 2341 4659 ι
2375 4607 2482 4660 Ero
2512 4620 2659 4660 mors
2686 4613 2797 4669 tua,
2837 4617 2871 4656 o
2897 4616 3062 4666 mors,
3104 4614 3200 4654 ero
3240 4611 3453 4652 morsus

1869 4712 2013 4764 tuus,
2040 4700 2252 4756 inferne
2282 4697 2427 4770 (Ose.
2454 4698 2596 4768 xm).
2631 4715 2649 4748 θ
2686 4697 2755 4750 Ει
2780 4693 3076 4748 Dominus:
3113 4709 3131 4741 ‹
3164 4690 3220 4745 Si
3247 4688 3448 4744 exalta-

1869 4804 1954 4850 tus
1981 4795 2133 4849 fuero
2164 4811 2193 4847 a
2222 4802 2386 4858 terra,
2419 4791 2602 4846 omnia
2632 4787 2845 4843 traham
2875 4787 2945 4840 ad
2973 4785 3234 4854 meipsum
3265 4781 3446 4854 (Joan.

1867 4889 1988 4959 xu).
2015 4908 2033 4940 ι
2063 4885 2226 4956 Cujus
2248 4885 2575 4954 singularem
2596 4883 2848 4938 virtutem
2869 4878 3282 4936 resurrectionis
3303 4875 3451 4932 Sam-

1869 4997 1968 5038 son
1996 4981 2083 5035 ille
2108 4979 2436 5036 fortissimus
2465 4973 2850 5049 praeﬁguravit,
2883 4975 2950 5030 de
2975 4988 3082 5043 quo
3107 4973 3159 5026 in
3195 4971 3334 5026 libro
3359 4968 3450 5024 Ju-

1870 5075 2050 5130 dicum
2076 5073 2306 5146 legimus
2331 5072 2532 5142 (Judic.
2564 5070 2699 5140 xvi),
2731 5069 2857 5140 quia
2891 5083 3014 5124 cum
3036 5065 3238 5120 Gazam
3264 5061 3450 5117 civita-

1871 5178 1977 5224 tem
2011 5167 2198 5223 fuisset
2228 5166 2502 5236 ingressus
2532 5163 2598 5219 ad
2625 5161 2986 5226 meretricem,
3013 5157 3295 5212 audientes
3326 5152 3449 5207 Phi-

1871 5257 2027 5313 listzei
2051 5257 2169 5327 ejus
2196 5255 2494 5320 introitum,
2526 5252 2800 5309 civitatem
2831 5249 3138 5304 munierunt
3170 5243 3448 5301 custodes-

1871 5363 1975 5418 que
2006 5348 2444 5416 deportaverunt,
2474 5351 2528 5398 et
2547 5343 2701 5414 quasi
2719 5340 2831 5411 jam
2859 5355 2916 5396 se
2940 5354 3061 5393 eum
3084 5337 3284 5392 habere
3303 5346 3424 5388 com

1873 5439 2198 5512 prehensum
2231 5436 2401 5509 gavisi
2432 5445 2576 5492 sunt.
2620 5433 2727 5491 Sed
2756 5433 2884 5504 quid
2912 5430 3038 5487 fecit
3078 5427 3305 5482 Samson
3351 5439 3449 5476 au-

1874 5513 2104 5587 diamus.
2152 5531 2267 5585 Non
2315 5527 2488 5584 solum
2534 5526 2708 5583 media
2751 5533 2909 5581 nocte
2950 5520 3110 5584 exiit,
3155 5515 3248 5572 sed
3288 5516 3449 5568 etiam

1874 5631 2131 5691 utrasque
2169 5628 2353 5692 portas
2392 5617 2628 5675 civitatis
2659 5631 2781 5672 cum
2813 5612 3057 5684 postibus
3084 5606 3315 5678 propriis
3346 5602 3449 5656 hu—

1874 5714 2038 5769 meris
2061 5713 2113 5768 in
2137 5723 2374 5768 montem
2409 5712 2548 5776 tulit,
2579 5708 2936 5776 custodesque
2964 5704 3152 5757 inanes
3179 5707 3236 5754 et
3264 5697 3450 5753 illusos

1875 5803 2112 5873 reliquit.
2152 5803 2322 5870 Quem
2353 5803 2578 5857 Samson
2619 5799 2706 5855 ille
2746 5795 3074 5852 fortissimus
3107 5788 3448 5863 significavit,
