3934 6346
511 380 613 437 451

1144 378 1496 435 HAYMONIS
1535 378 2015 441 HALBERSTAT.
2057 375 2271 442 EPISC.
2308 378 2459 437 OPP.
2499 380 2678 437 PARS
2716 378 2777 435 ll.
2804 411 2874 421 —
2911 380 3143 438 HOMIL.

3724 383 3832 440 452

512 460 620 557 nisi
648 490 933 551 Dominum
954 487 1139 551 Jesum
1162 489 1459 556 Christum,
1482 491 1547 547 de
1569 506 1675 562 quo
1695 490 1955 561 scriptum
1976 497 2061 548 est
2087 507 2100 547 :
2130 493 2179 559 Α
2210 491 2410 546 tudinis
2445 499 2770 559 statuerunt,
2823 493 3190 564 appendentes
3229 501 3353 548 ante
3390 509 3521 550 eam
3570 494 3831 566 pharon:

521 602 538 635 ι
570 582 832 641 Dominus
854 581 1011 641 fortis
1040 588 1095 638 et
1123 588 1339 653 potens,
1370 581 1629 639 Dominus
1659 592 1847 655 potens
1878 582 1929 637 in
1960 597 2095 653 pra:-

516 672 624 731 lio?
651 694 669 727 ι
702 673 835 733 Cum
864 688 990 744 ergo
1020 673 1211 731 fuisset
1251 672 1307 729 in
1337 673 1609 729 civitatem
1650 674 1958 744 ingressus,
1997 673 2096 731 ad-

516 764 685 821 mavit
720 764 1096 830 meretricem,
1129 763 1183 821 id
1216 773 1319 831 est,
1349 764 1596 822 Christus
1622 764 1939 831 Ecclesiain,
1978 781 2099 837 quae

517 864 639 923 post
687 852 950 909 idolorum
998 853 1263 911 culturam
1312 855 1376 910 ad
1423 854 1620 911 festum
1668 852 1870 913 Christi
1909 862 2098 911 vocata

516 954 618 999 est.
650 941 787 1009 Quid
822 941 966 999 Gaza
997 944 1189 1001 civitas
1211 986 1224 1011 ,
1255 945 1359 1001 nisi
1401 945 1708 1013 infernum;
1741 946 1870 1019 quid
1929 945 2097 1003 Phili-

516 1034 692 1099 sthrei,
719 1034 823 1089 nisi
849 1033 1065 1091 Iudaeos
1096 1036 1413 1109 designant?
1457 1033 1686 1093 Samson
1729 1052 1858 1109 ergo
1897 1037 2098 1095 Gazam

516 1127 786 1183 civitatem
819 1127 1087 1198 ingresso,
1118 1127 1415 1187 Philisthzei
1450 1129 1771 1187 laetabantur
1803 1148 1814 1185 :
1847 1130 1971 1201 quia
2009 1127 2100 1191 Ju~

515 1219 615 1275 dmi
638 1218 847 1288 sepulto
871 1219 1098 1275 Domino
1128 1219 1195 1276 ad
1223 1220 1420 1279 inferni
1448 1219 1681 1277 claustra
1713 1221 2098 1288 descendente,

516 1315 681 1375 laztati
710 1326 856 1382 sunt,
889 1323 1145 1387 putantes
1173 1328 1369 1371 nomen
1411 1314 1528 1389 ejus
1565 1329 1626 1368 se
1670 1313 1870 1371 habere
1898 1315 2101 1373 exstin-

515 1417 681 1465 ctum.
707 1408 814 1463 Sed
843 1406 972 1477 quid
1002 1404 1233 1461 Samson
1258 1414 1462 1474 noster,
1489 1406 1696 1463 scilicet
1722 1407 1980 1467 Dominus
2007 1404 2098 1462 Je-

521 1514 616 1557 sus
643 1498 914 1564 Christus,
947 1496 1111 1552 fecit?
1133 1495 1248 1553 Non
1272 1496 1446 1553 solum
1478 1496 1612 1553 liber
1639 1496 1794 1564 exiit,
1819 1496 1912 1553 sed
1939 1496 2098 1555 etiam

515 1601 700 1662 portas
739 1590 899 1646 tulit:
930 1589 1056 1661 quia
1099 1604 1208 1647 non
1250 1589 1422 1647 solum
1473 1588 1586 1661 ipse
1632 1588 1700 1642 ab
1744 1586 1931 1642 inferis
1969 1586 2102 1642 liber

516 1681 680 1745 exiit,
724 1680 817 1735 sed
861 1679 1028 1735 etiam
1058 1694 1246 1737 omnes
1276 1678 1485 1739 animas
1504 1677 1771 1749 iustorum
1802 1677 1867 1732 de
1891 1675 2100 1734 inferno

516 1771 785 1841 liberavit,
816 1778 870 1826 et
897 1772 965 1825 ad
994 1778 1271 1836 montana,
1300 1769 1353 1826 id
1378 1778 1478 1834 est,
1508 1768 1574 1825 ad
1605 1768 1845 1825 cmlestia
1870 1784 2096 1823 revoca-

518 1860 613 1916 vit.
654 1859 751 1916 Cui
784 1875 883 1932 per
924 1861 1241 1930 prophetam
1289 1858 1608 1921 Zachariam
1650 1858 1847 1914 dicitur
1887 1877 1899 1913 :

516 1967 728 2021 quoque
769 1952 822 2005 in
863 1952 1122 2021 sanguine
1169 1952 1475 2005 testamenti
1520 1950 1594 2004 tui
1626 1946 1857 2007 eduxisti
1888 1951 2097 2015 vinctos

518 2049 638 2099 tuos
664 2041 728 2099 de
754 2040 897 2107 lacu,
929 2040 984 2098 in
1015 2055 1123 2113 quo
1155 2056 1261 2097 non
1302 2052 1421 2097 erat
1455 2056 1593 2111 aqua
1632 2038 1816 2114 (Zach.
1846 2041 1944 2112 ιχ).
1976 2062 1993 2094 ι
2031 2040 2098 2096 Ει

514 2120 585 2192 ne
611 2132 804 2205 aliquis
832 2133 896 2193 de
923 2133 1321 2190 resurrectione
1344 2134 1637 2200 dubitaret,
1663 2133 1825 2189 etiam
1854 2133 2097 2205 aliquan-

517 2231 601 2281 tos
628 2239 854 2297 corpore
887 2224 1267 2281 resuscitavit:
1299 2225 1425 2300 quia
1452 2224 1626 2296 (sicut
1673 2224 1933 2295 scriptum
1981 2224 2095 2298 est)

518 2330 538 2362 ι
570 2312 734 2367 multa
763 2327 991 2382 corpora
1027 2322 1366 2379 sanctorum,
1410 2314 1501 2385 qui
1533 2314 1885 2382 dormierant,
1918 2330 2097 2371 surre-

513 2411 709 2457 xerunt
737 2401 950 2473 (Mattlt.
981 2403 1175 2474 xxvu).
1209 2423 1227 2457 ι

589 2516 606 2546 ‹
634 2495 702 2551 Ει
727 2496 1063 2553 introeuntes
1093 2498 1147 2552 in
1175 2509 1603 2555 monumentum.
1637 2516 1655 2555 ι
1688 2496 1977 2569 Postquam
2004 2498 2097 2555 de-

514 2596 653 2643 vota:
680 2587 938 2647 mulieres
970 2587 1204 2659 lapidem
1246 2589 1313 2645 ab
1353 2589 1494 2645 ostio
1522 2591 1856 2647 inonutnenti
1886 2590 2095 2645 revolu-

514 2687 628 2735 tum
650 2680 920 2745 viderunt,
935 2680 1052 2736 sine
1073 2680 1178 2751 ulla
1203 2681 1455 2736 tarditate
1477 2682 1529 2736 in
1553 2682 1725 2751 ipsum
1751 2682 2092 2738 introierunt.

517 2767 625 2826 Sed
654 2769 793 2825 forte
820 2781 999 2827 movet
1028 2772 1265 2847 aliquos,
1313 2773 1406 2844 qui
1457 2781 1663 2828 tantum
1701 2786 1956 2830 consueta
1984 2790 2097 2831 mo-

518 2870 774 2919 numenta
806 2864 1172 2933 considerant,
1221 2866 1492 2935 quomodo
1537 2865 1844 2934 sepulcrum
1881 2865 2094 2923 Domini

513 2951 835 3008 mdiﬁcatum
863 2954 1046 3022 fuerit,
1070 2957 1215 3027 quod
1237 2964 1317 3013 tot
1339 2957 1591 3013 mulieres
1618 2974 1722 3013 una
1746 2974 1867 3017 cum
1895 2960 2096 3031 angelis

514 3058 707 3115 capere
732 3053 934 3116 posset.
967 3045 1048 3103 Ad
1088 3048 1230 3121 quod
1269 3050 1733 3119 respondendum,
1784 3051 1926 3121 quia
1957 3052 2098 3106 sicut

512 3135 588 3194 illi
623 3137 800 3195 testati
830 3147 990 3205 sunt,
1028 3140 1121 3209 qui
1165 3140 1269 3197 hoc
1317 3142 1586 3207 viderunt,
1634 3151 1687 3199 et
1727 3145 1987 3218 scriptum
2028 3145 2094 3200 ad

2198 594 2514 656 argenteum
2543 601 2664 640 cum
2692 585 3048 656 lampadibus.
3087 585 3145 641 ln
3174 595 3380 641 tantum
3422 603 3702 657 namque
3742 604 3828 643 se-

2196 664 2439 743 pulcrum
2470 676 2682 733 Domini
2715 675 2961 732 mirabile
2987 676 3191 733 factum
3217 687 3328 746 est,
3370 687 3431 732 ut
3472 679 3671 733 etiam
3703 693 3829 748 pro-

2199 766 2380 836 phetia
2403 767 2556 825 Isaiae
2579 766 2735 836 juxta
2766 768 3005 824 litteram
3028 769 3342 840 impleretur
3368 770 3633 825 dicentis
3664 786 3682 824 :
3723 790 3742 821 ι
3770 768 3822 826 In

2200 860 2285 919 die
2312 861 2399 916 illa
2434 862 2583 917 radix
2614 860 2766 919 Jesse
2799 878 2918 933 quae
2948 871 3057 919 stat
3096 864 3149 918 in
3192 864 3403 935 signum
3441 863 3819 934 papillarum,

2200 949 2372 1017 ipsum
2402 960 2590 1022 gentes
2622 952 3077 1024 deprecabuntur,
3107 962 3161 1008 et
3194 953 3298 1008 erit
3324 953 3673 1025 sepulcrum
3706 952 3818 1023 ejus

2200 1039 2488 1113 gloriosum
2516 1039 2651 1112 (Isa.
2678 1042 2777 1114 x1).
2807 1062 2828 1096 ι
2883 1064 2901 1095 ί
2935 1042 3200 1099 Viderunt
3225 1042 3487 1113 juvenem
3518 1045 3815 1100 sedentem

2206 1150 2225 1182 ι
2247 1130 2298 1187 in
2319 1132 2542 1198 dextris,
2569 1143 2881 1204 coopertum
2904 1134 3040 1190 stola
3060 1134 3306 1190 candida.
3330 1156 3348 1190 ι
3365 1136 3636 1192 Joannes
3656 1152 3814 1191 evan.

2200 1222 2387 1294 gelista
2416 1223 2577 1289 dicit,
2636 1225 2778 1295 quod
2832 1226 3130 1298 respiciens
3178 1227 3344 1283 Maria
3382 1228 3734 1301 Magdalene
3762 1231 3809 1285 in

2200 1322 2630 1382 monumentum,
2661 1315 2792 1370 vidit
2820 1315 2954 1373 duos
2990 1316 3208 1390 angelos
3246 1317 3297 1374 in
3336 1317 3487 1374 albis
3526 1320 3803 1385 sedentes,

2200 1420 2365 1463 unum
2403 1406 2470 1460 ad
2508 1414 2690 1476 caput,
2742 1416 2798 1462 et
2842 1424 3005 1464 unum
3054 1409 3121 1463 ad
3166 1409 3362 1479 pedes,
3409 1410 3515 1464 ubi
3564 1411 3804 1481 positum

2200 1494 2376 1553 fuerat
2401 1513 2597 1570 corpus
2624 1495 2773 1555 Jesu.
2817 1498 2875 1557 In
2913 1516 3019 1572 quo
3049 1500 3169 1558 loco
3197 1501 3682 1558 considerandum
3708 1514 3803 1568 est,

2200 1600 2358 1656 quam
2381 1587 2602 1657 pulchre
2630 1598 2857 1661 utraque
2881 1588 3093 1644 Domini
3121 1598 3334 1657 natura,
3361 1591 3561 1647 divina
3601 1595 3802 1665 pariter

2199 1686 2253 1732 et
2282 1677 2532 1743 humana,
2569 1678 2723 1734 nobis
2749 1681 3177 1736 commendatur.
3217 1681 3322 1737 Per
3358 1694 3536 1754 caput
3564 1702 3799 1756 namque

2201 1767 2455 1824 divinitas
2501 1769 2837 1843 designatur,
2885 1771 3023 1827 sicut
3062 1773 3351 1843 Apostolus
3396 1774 3531 1831 ait:
3577 1797 3598 1830 ς
3636 1776 3798 1847 Caput

1950 1879 1967 1911 ι
2015 1857 2094 1931 Tu
2124 1846 2172 1909 Β
2197 1858 2395 1915 Christi
2421 1860 2561 1916 Deus
2588 1861 2638 1934 (Ι
2663 1860 2785 1918 Cor.
2810 1865 2887 1934 xi)
2911 1882 2923 1917 :
2949 1884 2970 1917 ι
3000 1880 3095 1934 per
3119 1866 3283 1936 pedes
3309 1882 3437 1922 vero
3459 1846 3793 1931 humanitas,

2201 1953 2343 2011 unde
2380 1952 2554 2009 Moses
2589 1953 2763 2012 dicit:
2800 1975 2819 2007 ι
2847 1956 2912 2011 Et
2942 1959 3032 2027 qui
3061 1959 3505 2031 appropinquant
3540 1962 3612 2017 ad
3642 1964 3795 2033 pedes

2199 2041 2334 2113 ejus,
2384 2045 2650 2117 accipient
2696 2047 2762 2103 de
2810 2048 3054 2105 doctrina
3104 2048 3220 2120 ejus
3268 2050 3461 2121 (Deut.
3511 2053 3741 2124 xxxm).
3770 2073 3787 2105 ι

2200 2136 2364 2205 Quasi
2404 2153 2534 2211 ergo
2572 2140 2796 2212 angelus
2838 2142 2904 2197 ad
2947 2152 3108 2212 caput
3155 2145 3347 2210 sedet,
3394 2160 3525 2200 cum
3566 2145 3787 2202 Joannes

2199 2225 2397 2283 clamat
2421 2245 2434 2281 :
2471 2246 2490 2279 ι
2522 2226 2581 2283 In
2606 2229 2873 2301 principio
2901 2242 3020 2286 erat
3046 2232 3305 2300 Verbum,
3330 2244 3385 2291 et
3407 2234 3655 2295 Verbum
3676 2245 3785 2292 erat

2200 2318 2339 2389 apud
2366 2317 2565 2387 Deum,
2597 2330 2654 2377 et
2681 2321 2823 2377 Deus
2852 2335 2970 2379 erat
2998 2323 3232 2380 Verbum
3260 2323 3443 2397 (Joan.
3470 2326 3535 2401 ι).
3567 2348 3587 2381 ι
3631 2328 3782 2397 Quasi

2199 2410 2265 2465 ad
2293 2410 2486 2481 pedes,
2528 2428 2650 2471 cum
2698 2414 2841 2471 idem
2885 2417 3214 2491 evangelista
3254 2420 3373 2473 ait:
3407 2440 3425 2472 ι
3460 2421 3533 2477 Et
3557 2420 3779 2479 Verbum

2199 2517 2327 2560 caro
2356 2502 2556 2563 factum
2585 2516 2688 2573 est,
2717 2518 2773 2563 et
2798 2509 3065 2565 habitavit
3094 2512 3147 2567 in
3174 2511 3332 2569 nobis
3356 2513 3566 2588 (Ibid.).
3598 2536 3616 2570 ι
3654 2517 3784 2572 litar-

2198 2611 2294 2652 cus
2316 2606 2495 2654 autem
2520 2600 2769 2655 eumdem
2790 2603 3037 2673 angelum
3055 2604 3111 2661 in
3131 2603 3340 2662 dextris
3361 2607 3557 2665 sedisse
3580 2609 3783 2664 descri—

2197 2684 2297 2750 bit,
2340 2694 2401 2741 ut
2427 2686 2712 2744 Dominum
2743 2690 2807 2745 de
2835 2692 3165 2751 mortalitate
3212 2694 3283 2749 ad
3329 2696 3777 2753 immortalitatem

2199 2773 2458 2829 transisse
2490 2774 2745 2833 insinuet.
2775 2776 2928 2835 Sicut
2952 2781 3094 2836 enim
3123 2797 3221 2854 per
3243 2784 3494 2841 sinistram
3521 2802 3765 2857 prazsens

2197 2861 2327 2929 vita,
2357 2864 2434 2919 sic
2477 2873 2532 2920 et
2571 2881 2670 2938 per
2722 2865 2967 2925 dextram
3015 2869 3209 2928 futurae
3250 2874 3373 2933 vitae
3406 2874 3770 2931 immortalitas

2200 2952 2535 3026 designatur,
2584 2965 2720 3013 teste
2764 2958 3073 3030 Salomone,
3118 2963 3210 3035 qui
3252 2965 3376 3020 ait:
3423 2965 3608 3024 «Laeva
3647 2968 3769 3040 ejus

2199 3043 2298 3100 sub
2334 3047 2513 3117 capite
2549 3064 2690 3116 meo,
2727 3060 2782 3105 et
2814 3051 3035 3109 dextera
3083 3052 3224 3110 illius
3264 3056 3653 3128 amplexabitur
3691 3075 3773 3114 me

2203 3133 2378 3207 (Cant.
2408 3136 2469 3211 ι).
2505 3159 2523 3191 ι
2570 3140 2638 3195 Ει
2674 3151 2820 3199 recte
2861 3146 3013 3201 testis
3038 3144 3154 3217 ejus
3181 3151 3593 3211 resurrectionis
3617 3169 3769 3224 ange-

513 3237 757 3287 nostram
788 3206 1103 3288 memoriam
1133 3233 1495 3305 reliquerunt,
1543 3236 1631 3293 tali
1670 3206 2096 3295 modoadifica-
2121 3206 2168 3271 ϐ
2202 3227 2282 3284 lus
2309 3229 2363 3284 ίη
2395 3230 2604 3288 deum
2634 3237 2908 3307 apparuit.
2954 3247 3015 3293 ιιι
3051 3241 3368 3299 ostenderet
3405 3259 3525 3299 eum
3566 3245 3629 3302 de
3663 3262 3769 3302 00r-

514 3324 629 3373 tum
654 3318 775 3374 fuit.
805 3320 934 3377 Erat
961 3322 1104 3377 enim
1140 3322 1274 3395 lapis
1315 3340 1541 3395 magnus
1576 3328 1630 3381 in
1665 3328 1845 3393 horto,
1876 3328 2096 3399 guttulis

517 3410 803 3481 purpureis
828 3410 1106 3479 intinctus,
1140 3414 1319 3471 colore
1349 3417 1577 3473 candido
1603 3417 1895 3490 refulgens,
1925 3418 1978 3473 in
2004 3436 2095 3483 cu—

509 3500 599 3571 jus
626 3499 795 3556 latere
821 3511 939 3557 erat
969 3503 1274 3574 sepulcrum
1304 3507 1566 3571 excisum,
1618 3516 1779 3563 tanta:
1826 3509 2089 3580 magnituo

514 3590 673 3656 diuis,
703 3600 763 3646 ut
787 3602 911 3647 octo
939 3593 1021 3647 vel
1067 3610 1255 3653 novem
1294 3596 1542 3653 homines
1571 3614 1765 3667 capere
1790 3609 1971 3668 posset
1999 3619 2009 3652 :
2042 3609 2097 3656 et

512 3688 677 3737 tanta:
701 3681 1022 3748 altitudinis,
1049 3670 1107 3739 ut
1133 3687 1358 3755 quisque
1383 3689 1433 3740 in
1456 3686 1572 3755 ejus
1593 3688 1900 3757 pavimento
1923 3698 2092 3756 stans,

513 3778 695 3825 erecta
720 3786 881 3827 manu
904 3772 1115 3827 culmen
1140 3776 1445 3845 pertingere
1468 3785 1666 3847 posset.
1690 3777 1748 3832 In
1773 3780 1925 3850 cujus
1945 3780 2097 3850 aqui-

511 3858 690 3914 lonari
720 3867 871 3929 parte
901 3860 1206 3931 sepulcrum
1237 3862 1445 3919 Domini
1479 3864 1718 3920 excisum
1748 3875 1849 3933 est,
1888 3877 2093 3939 septem

511 3950 676 4019 pedes
705 3958 759 4004 et
791 3951 1024 4007 medium
1054 3952 1133 4023 (ut
1165 3953 1369 4029 dicunt)
1404 3957 1606 4012 habens
1639 3958 2007 4031 longitudinis,
2040 3971 2095 4018 et

514 4049 623 4095 tres
648 4042 853 4111 palmas
879 4053 933 4098 ct
959 4045 1189 4099 mediam
1222 4044 1541 4103 latitudinis.
1576 4049 1783 4106 Ostium
1816 4068 1942 4110 vero
1974 4072 2094 4128 spe-

512 4129 703 4197 luncw,
731 4132 972 4203 patulum
1000 4143 1084 4191 est
1113 4136 1178 4189 ad
1204 4136 1489 4204 orientem,
1527 4141 1666 4195 unde
1698 4142 2092 4203 introeuntibus

440 4228 449 4239 ‘
510 4220 686 4276 locum
725 4221 989 4278 Dominici
1030 4226 1271 4296 corporis
1310 4227 1361 4281 in
1404 4228 1609 4285 dextris
1651 4232 1923 4290 habetur:
1965 4238 2089 4307 quia

511 4311 845 4366 Dominicum
869 4328 1065 4383 corpus
1092 4316 1163 4368 ita
1192 4317 1244 4371 in
1270 4329 1617 4375 monumento
1633 4320 1824 4392 jacuit,
1851 4334 1907 4380 ut
1928 4338 2090 4399 caput

507 4402 651 4458 illius
680 4404 745 4458 ad
775 4406 1127 4473 occidentem,
1171 4419 1226 4463 et
1258 4411 1419 4480 pedes
1450 4414 1515 4467 ad
1552 4414 1816 4471 orientem
1850 4421 2087 4491 respice-

506 4504 626 4548 rent
653 4512 664 4546 :
695 4494 915 4551 dextera
947 4513 1162 4569 quoque
1189 4517 1380 4557 manus
1420 4505 1485 4559 ad
1531 4508 1834 4576 meridiem,
1866 4512 2084 4569 sinistra

505 4584 571 4638 ad
599 4587 924 4656 aquilonem.
959 4590 1036 4644 Ex
1065 4608 1171 4662 quo
1202 4601 1442 4665 tempore
1467 4601 1798 4655 consuetudo
1823 4604 2081 4670 excrevit,

503 4673 935 4734 Christianorum
967 4696 1192 4751 corpora
1228 4684 1292 4737 ad
1322 4686 1463 4741 hanc
1491 4688 1895 4749 similitudinem
1927 4709 2083 4766 sepe:-

504 4761 608 4817 liri.
638 4765 705 4819 Et
727 4777 872 4824 recte
900 4770 953 4823 in
989 4771 1078 4824 tali
1122 4771 1240 4827 loco
1281 4774 1540 4831 Dominus
1575 4779 1903 4848 sepulturam
1931 4761 2082 4840 suam

505 4852 685 4924 elegit,
724 4857 812 4911 ubi
848 4858 990 4912 nulla
1022 4863 1353 4931 possibilitas
1380 4865 1662 4924 ell'odiendi
1699 4882 1858 4938 esset,
1895 4886 2081 4946 quate-

504 4958 604 4995 nus
617 4958 830 4998 onmem
847 4949 1185 5006 occasionem
1210 4954 1569 5013 calumniandi
1593 4958 1789 5017 Judreis
1810 4965 2075 5023 auferret:

505 5048 571 5084 ne
595 5031 752 5097 forte,
776 5034 818 5087 si
846 5039 1080 5093 maceria
1102 5041 1184 5095 vel
1206 5044 1445 5112 quolibet
1466 5050 1674 5119 pariete
1696 5053 2083 5114 circumclusus

503 5132 665 5187 esset,
690 5122 931 5181 dicerent
959 5128 1128 5198 ipsum
1155 5133 1443 5205 discipulos
1465 5137 1634 5208 ipsius
1657 5141 1864 5199 furatos
1894 5144 2078 5205 fuisse.

504 5214 628 5269 Post
660 5219 1028 5276 ascensionem
1069 5223 1279 5281 Domini
1324 5237 1379 5283 et
1422 5235 1896 5304 resurrectionem,
1924 5241 2080 5297 Chri-

502 5305 657 5360 stiaui
701 5308 815 5363 zelo
852 5311 1016 5366 divini
1061 5318 1261 5372 amoris
1307 5320 1599 5379 Ecclesiam
1646 5326 1697 5380 in
1743 5329 1929 5385 eodem
1961 5331 2080 5390 loco

502 5399 727 5454 rotundo
757 5401 905 5461 mitte
933 5406 1320 5476 magnitudinis
1347 5412 1769 5485 asdilicaverunt,
1797 5422 1949 5491 cujus
1977 5442 2074 5497 pa-

498 5487 789 5545 vimentum
821 5507 885 5547 ex
916 5511 1186 5552 marmore
1229 5496 1351 5553 albo
1396 5510 1701 5563 straverunt
1749 5487 1949 5568 tectum
1978 5487 2074 5570 au-

498 5585 603 5632 tem
646 5580 857 5639 laminis
900 5590 1079 5642 aureis
1126 5589 1358 5661 desuper
1401 5610 1763 5669 ornaverunt,
1812 5606 2068 5664 interiora

494 5677 672 5723 autem
700 5674 964 5741 parietum
1001 5681 1256 5735 crustulis
1294 5686 1475 5740 aureis
1512 5690 1919 5753 decoraverunt.
1963 5698 2065 5755 Su-

492 5770 589 5827 per
616 5761 916 5832 sepulcrum
949 5777 1128 5822 antem
1156 5787 1371 5829 crucem
1401 5792 1615 5832 auream
1651 5786 1797 5839 mirae
1829 5790 2062 5858 pulchri-

2199 3322 2449 3392 ruptione
2492 3324 2559 3380 ad
2592 3327 3051 3402 incorruptionem
3074 3377 3086 3400 ,
3136 3335 3201 3391 de
3240 3338 3568 3395 mortalitate
3588 3342 3650 3404 ad
3677 3341 3767 3395 im-

2198 3412 2581 3471 mortalitatem
2631 3419 2913 3489 transisse,
2965 3425 3113 3494 quia,
3160 3428 3302 3483 sicut
3348 3432 3426 3484 ait
3475 3430 3767 3503 Apostolus,

2203 3521 2220 3552 ι
2257 3500 2502 3562 Christus
2530 3522 2817 3581 resurgens
2846 3528 2876 3567 a
2904 3517 3148 3584 mortuis,
3172 3517 3283 3590 jam
3317 3537 3424 3578 non
3451 3500 3693 3591 moritur,
3720 3539 3768 3579 et

2197 3609 2345 3650 mors
2364 3595 2439 3650 illi
2461 3614 2566 3654 non
2586 3599 2722 3657 ultra
2744 3603 3106 3664 dominabitur
3125 3610 3406 3687 (Rom.vr).
3423 3636 3443 3669 ι
3465 3615 3764 3673 Etiterum:

2202 3708 2220 3740 ‹
2259 3690 2324 3744 Et
2354 3692 2397 3746 si
2444 3695 2692 3752 novimus
2734 3697 3010 3758 Christum
3049 3709 3345 3764 secundum
3388 3727 3637 3781 carnem,
3685 3715 3765 3769 sed

2188 3778 2301 3851 jam
2325 3800 2466 3840 nunc
2496 3803 2603 3842 non
2631 3790 2880 3848 novimus
2911 3793 2997 3866 (Η
3018 3794 3139 3852 Cor.
3164 3799 3240 3871 v).
3273 3820 3292 3852 ›
3326 3801 3394 3857 Ει
3418 3813 3477 3859 ut
3504 3778 3764 3861 inimicum

2196 3872 2415 3931 humani
2444 3880 2659 3949 generis
2688 3886 2927 3952 perfecte
2953 3903 2983 3941 a
3014 3888 3240 3947 Domino
3261 3907 3574 3964 superatum
3605 3898 3765 3954 deda-

2196 3979 2362 4060 raret,
2394 3985 2501 4026 non
2533 3984 2701 4039 stans,
2728 3979 2822 4033 sed
2845 3979 3037 4039 sedens
3059 3985 3281 4056 angelus
3301 4004 3568 4060 apparere
3594 3993 3762 4048 voluit.

2197 4053 2355 4153 Stare
2399 4062 2543 4117 enim
2587 4070 2876 4137 pugnantis
2923 4082 3039 4141 est,
3080 4053 3267 4135 sedere
3302 4053 3617 4153 regnantis,
3661 4088 3763 4140 sive

2188 4145 2501 4217 judicantis.
2558 4154 2721 4212 Sedet
2767 4162 2911 4217 enim
2959 4180 3052 4219 rex
3091 4166 3142 4221 in
3188 4145 3762 4245 throno'gloriae-suz,

2194 4240 2350 4296 miles
2375 4252 2553 4298 autem
2594 4258 2714 4316 post
2745 4251 3025 4332 victoriam
3061 4258 3310 4328 quiescit.
3351 4240 3488 4331 Quia
3516 4281 3642 4336 ergo
3671 4240 3763 4320 Do;

2194 4333 2371 4389 minus
2397 4346 2557 4408 caput
2579 4343 2785 4412 antiqui
2811 4349 3079 4417 serpentis
3105 4354 3278 4408 contri
3290 4366 3457 4424 verat,
3482 4333 3761 4428 omnesque

2190 4423 2391 4482 electos
2423 4427 2516 4484 Dei
2545 4431 2609 4487 de
2630 4432 2749 4502 ejus
2776 4447 3040 4506 potestate
3065 4441 3412 4515 liberaverat,
3447 4461 3593 4505 recte
3622 4423 3761 4505 testis

2192 4521 2606 4579 resurrectionis
2633 4523 2768 4595 ejus,
2792 4545 2898 4584 non
2925 4542 3095 4600 stans,
3121 4538 3214 4591 sed
3244 4540 3457 4607 sedens,
3485 4552 3545 4598 ut
3574 4545 3759 4599 dictum

2192 4615 2295 4673 est,
2318 4613 2582 4683 apparuit.
2601 4614 2701 4682 Qui
2727 4619 2887 4675 etiam
2913 4622 3048 4679 bene
3073 4627 3211 4681 stola
3232 4631 3463 4686 candida
3490 4645 3761 4706 coopertus

2193 4702 2467 4771 apparuit,
2516 4719 2572 4760 ut
2599 4708 2865 4770 ineffabile
2910 4717 3163 4787 gaudium
3190 4721 3487 4782 Dominica:
3525 4702 3757 4785 resurre-

2190 4792 2385 4849 ctionis
2423 4796 2477 4850 in
2518 4798 2635 4869 ipso
2672 4802 2856 4860 habitu
2900 4807 3323 4884 demonstraret.
3364 4816 3500 4873 Cum
3540 4824 3679 4876 enim
3711 4824 3756 4878 iu

2190 4883 2370 4987 veteri
2412 4886 2756 4952 Testamento
2800 4883 3094 4969 saepissime
3130 4906 3197 4960 ab
3239 4907 3551 4969 hominibus
3595 4915 3755 4987 angeli

2190 4974 2289 5030 visi
2323 4976 2590 5072 legantur,
2638 5002 2744 5042 non
2788 4988 2944 5047 facile
2989 4997 3225 5065 reperies
3264 5015 3593 5072 quemquam
3631 4974 3753 5061 stola

2187 5067 2415 5167 candida
2462 5070 2706 5131 indutum
2752 5083 3095 5151 apparuisse,
3135 5087 3258 5158 quia
3281 5067 3390 5146 hoc
3425 5067 3752 5167 privileg‘um

2186 5154 2478 5216 Dominicae
2504 5171 2888 5227 resurrectioni
2915 5178 3252 5235 servabatur.
3285 5182 3350 5237 Et
3376 5186 3505 5257 quia
3535 5154 3751 5244 convsue-

2183 5246 2312 5302 tudo
2332 5259 2415 5305 est
2440 5248 2742 5313 Palaestinis
2766 5260 2880 5319 dies
2908 5262 3075 5323 festos
3104 5246 3503 5334 celebrantibus
3523 5318 3537 5343 ,
3563 5288 3621 5334 ut
3642 5279 3750 5334 alba

2182 5352 2501 5442 vestimenta
2522 5345 2767 5417 induant,
2793 5368 2913 5409 cum
2938 5358 3072 5414 stola
3098 5362 3327 5420 candida
3351 5366 3572 5427 indutus
3600 5385 3751 5442 appa-

2183 5429 2323 5500 ruit,
2371 5431 2720 5495 festivitatem
2761 5443 3054 5504 Dominicae
3079 5456 3492 5515 resurrectionis
3534 5476 3592 5517 se

2179 5521 2337 5587 brare
2367 5531 2622 5586 ostendit.
2674 5533 2772 5590 Ubi
2804 5538 2848 5593 si
2879 5541 2999 5610 quis
3029 5556 3233 5616 quaerat
3279 5559 3457 5607 utrum
3503 5569 3654 5612 suam
3678 5574 3741 5611 an

2176 5630 2439 5690 nostram,
2473 5627 2771 5702 intelligere
2795 5645 2975 5705 potest
3000 5649 3054 5695 et
3090 5657 3241 5698 suam
3268 5653 3322 5700 et
3347 5658 3609 5707 nostram.
3647 5652 3741 5705 Do-

2173 5708 2302 5811 mini
2325 5715 2468 5770 enim
2500 5725 2825 5781 resurrectio
2849 5727 3115 5788 festivitas
3137 5737 3449 5807 angelorum
3475 5740 3596 5809 fuit,
3619 5759 3740 5813 quo-

2169 5816 2313 5855 niam
2343 5820 2598 5865 numerus
2624 5828 2810 5871 eorum
2829 5858 2842 5884 ,
2868 5821 2958 5891 qui
2989 5828 3384 5899 retrogradiens
3411 5848 3510 5904 per
3537 5848 3738 5907 aposta-
