3934 6346
120 432 260 490 455

1396 396 1702 483 "ObllLUE
1740 391 1828 449 DE
1864 384 2209 447 'I'EMPORE.

3307 369 3418 429 454

52 523 73 539 ’
120 559 260 605 tarn
280 541 528 616 angelum
545 537 857 596 imminutus
877 532 1154 596 fuerat,ex
1176 522 1459 581 animabus
1481 517 1720 575 ﬁdelium
1746 513 1798 573 A
1826 504 1996 578 (Ρεαι.
2042 502 2154 573 xv).
2191 498 2316 616 DmEl
2344 511 2413 553 ne
2442 494 2638 567 aliquis
2665 493 2721 549 in
2758 487 3031 547 Nazareni
3064 484 3159 543 tali
3197 484 3418 541 nomine

121 610 491 709 adimpletum
516 632 711 687 Nostra
737 625 1004 683 festivitas
1033 628 1119 677 est
1136 660 1149 684 ,
1176 617 1304 689 quia
1331 616 1397 671 de
1422 610 1729 685 perditione

124 748 248 789 nos
276 700 532 791 liberans,
561 725 637 780 ad
661 724 981 779 societatem
1010 713 1325 786 angelorum
1348 704 1642 763 revocavit.
1671 700 1729 755 in

125 842 247 881 sua
275 823 439 897 igitur
465 818 756 876 festivitate
775 822 831 869 et
858 814 913 867 in
942 818 1125 867 nostra
1155 804 1380 877 angelus
1403 802 1458 856 in
1485 794 1732 853 candidis

125 885 392 972 vestibus
417 910 697 983 apparuit,
727 915 785 960 ut
814 901 1082 959 ineffabile
1108 896 1359 971 gaudium
1387 891 1550 961 huius
1577 885 1733 942 festi-

128 1006 339 1062 vitatis
362 980 688 1061 ostenderet.
743 996 801 1052 Si
826 1010 956 1066 ergo
989 989 1242 1064 gaudium
1269 994 1353 1041 est
1387 984 1442 1038 in
1480 980 1620 1037 coelo
1644 992 1735 1034 co-

128 1118 272 1158 ram
298 1100 499 1173 angelis
517 1112 679 1169 super
698 1111 807 1151 uno
828 1100 1111 1164 peccatore
1126 1084 1500 1159 paenitentiam
1520 1086 1732 1152 agente,

130 1193 319 1264 quale
362 1171 630 1262 putamus
656 1186 908 1259 gaudium
948 1184 1114 1239 fuisse
1141 1222 1154 1247 ,
1200 1177 1415 1249 quando
1454 1183 1531 1231 tot
1568 1171 1737 1227 millia

132 1285 462 1340 animarum
501 1288 815 1337 sanctarum
854 1276 922 1331 ad
952 1288 1108 1329 suum
1138 1268 1467 1327 consortium
1508 1264 1739 1320 transire

135 1373 447 1431 viderunt?
462 1392 481 1424 ς
500 1371 626 1426 ilzec
638 1379 722 1425 est
743 1381 976 1437 namque
995 1365 1109 1420 dies
1121 1376 1284 1432 quam
1310 1358 1437 1413 fecit
1456 1356 1737 1419 Dominus,

134 1465 493 1522 ersultemus
518 1471 575 1519 et
597 1462 846 1517 hetemur
876 1458 932 1513 in
958 1472 1020 1512 ea
1047 1454 1232 1529 (Psal.
1256 1452 1443 1529 cxvii).
1467 1472 1485 1504 ι
1511 1469 1530 1502 ‹
1552 1450 1620 1504 Et
1639 1449 1737 1503 ob-

135 1564 499 1627 stupuerunt.
525 1573 544 1607 i
574 1549 919 1609 Consuetudo
946 1544 1255 1604 mortalium
1283 1553 1385 1608 est,
1410 1551 1471 1597 ut
1494 1556 1617 1597 cum
1646 1539 1742 1593 ali-

136 1647 292 1716 quid
320 1662 481 1718 super
512 1660 574 1702 se
593 1645 846 1710 viderint,
879 1640 1018 1696 infra
1053 1655 1111 1695 se
1138 1637 1544 1708 pertimescunt.
1575 1632 1654 1687 Ex
1676 1645 1742 1685 eo

138 1741 307 1795 enim
336 1749 600 1810 tempore,
630 1754 737 1810 quo
758 1738 964 1808 primus
985 1737 1147 1790 homo
1175 1749 1207 1788 a
1229 1729 1503 1787 consortio
1528 1726 1745 1796 angelo-

141 1846 283 1885 rum
309 1831 581 1901 peccando
609 1829 875 1893 discessit,
904 1828 959 1882 in
983 1834 1189 1880 tantam
1220 1821 1410 1891 dilapsi
1433 1833 1619 1875 sumus
1638 1816 1742 1871 mi-

139 1921 382 1985 seriam,
417 1930 474 1976 ut
502 1936 764 1992 supernos
792 1919 938 1975 cives
965 1919 1084 1973 sine
1104 1924 1250 1970 metu
1278 1913 1464 1968 videre
1494 1927 1599 1967 non
1623 1924 1746 1979 pos-

140 2011 352 2066 simus.
407 2011 475 2066 Et
525 2011 646 2066 ideo
685 2018 887 2066 sanctae
931 2007 1213 2070 mulieres,
1249 2017 1356 2058 non
1405 2001 1576 2058 solum
1620 1999 1744 2069 quia

140 2102 415 2172 angelum
442 2103 693 2158 viderunt
731 2107 1046 2171 coopertum
1090 2096 1229 2153 stola
1258 2093 1520 2158 candida,
1557 2092 1746 2148 obstu-

139 2204 401 2265 puerunt
428 2235 443 2260 ,
473 2196 567 2251 sed
594 2195 782 2259 etiam,
808 2193 933 2263 quia
963 2207 1189 2247 vacuum
1217 2189 1549 2245 monumenti
1570 2188 1745 2242 locum

141 2292 588 2353 conspexerunt.
632 2283 765 2337 Nam
802 2284 947 2338 idem
982 2283 1099 2352 ipse
1129 2281 1348 2351 angelus
1373 2280 1527 2334 testis
1565 2279 1747 2334 Domi-

144 2377 307 2431 uicae
332 2376 744 2431 resurrectionis
769 2375 820 2429 in
850 2373 940 2428 tali
969 2373 1150 2444 specie
1172 2372 1442 2443 apparuit,
1467 2378 1525 2425 ut
1547 2385 1613 2425 ex
1637 2370 1751 2439 ipsa

143 2481 263 2521 sua
295 2467 523 2532 visione,
552 2475 605 2520 et
626 2474 887 2521 terrorem
928 2462 1209 2534 reprobis,
1241 2470 1297 2516 et
1321 2460 1752 2516 blandimentum

148 2558 271 2629 piis
301 2558 570 2613 mentibus
600 2558 900 2612 exhiberet.
928 2554 1081 2623 Quod
1110 2553 1396 2608 Matthzeus
1426 2551 1754 2620 evangelista

151 2645 508 2711 manifestat,
532 2646 717 2701 dicens
740 2663 754 2698 :
778 2664 798 2697 ‹
818 2646 949 2700 Erat
971 2650 1223 2714 aspectus
1243 2641 1360 2711 eius
1388 2642 1530 2697 sicut
1553 2639 1751 2711 fulgur,

151 2739 489 2793 vestimenta
520 2738 638 2808 ejus
658 2738 797 2792 sicut
824 2737 937 2791 nix.
969 2756 987 2788 ›
1014 2735 1069 2790 in
1094 2735 1301 2805 fulgore
1326 2735 1525 2789 etenim
1548 2732 1756 2788 timoris

158 2840 366 2893 terror,
421 2829 475 2883 in
518 2829 640 2883 nive
682 2827 1109 2882 blandimentum
1153 2823 1393 2879 lenitatis
1427 2823 1750 2878 ostenditur.

159 2924 305 2992 Quia
338 2938 468 2993 ergo
497 2922 551 2978 in
584 2921 833 2992 fulgureo
864 2918 1013 2974 vultu
1044 2927 1095 2973 et
1128 2919 1182 2973 in
1216 2918 1373 2972 niveo
1399 2917 1635 2972 candore
1660 2929 1755 2969 an-

162 3016 323 3089 gelus
364 3014 648 3085 apparuit,
686 3011 922 3068 ostendit
970 3010 1097 3081 quia
1152 3008 1413 3063 Dominus
1437 3006 1628 3071 Jesus,
1661 3005 1755 3075 qui

165 3117 257 3163 est
279 3106 497 3177 angelus
526 3103 704 3174 magni
728 3101 936 3158 consilii
968 3099 1146 3154 dictus
1164 3138 1180 3163 ,
1212 3098 1268 3152 in
1290 3097 1482 3151 ultima
1508 3105 1563 3151 et
1591 3110 1754 3167 gene-

172 3199 277 3253 rali
308 3196 703 3253 resurrectione
730 3203 785 3251 et
829 3193 1086 3249 terribilis
1115 3191 1388 3261 reprobis,
1430 3198 1484 3245 et
1524 3189 1755 3243 blandus

180 3289 459 3358 apparebit
474 3288 656 3359 iustis.
684 3285 850 3353 Quasi
876 3284 1021 3339 enim
1060 3282 1112 3336 in
1144 3280 1388 3351 fulgureo
1412 3279 1566 3333 vultu
1597 3292 1762 3347 appa-

188 3382 331 3437 rebit
371 3382 498 3446 illis,
546 3382 741 3452 quibus
786 3380 1032 3435 dicturus
1075 3385 1194 3431 est:
1228 3394 1246 3426 ‹
1282 3370 1552 3429 Discedite
1592 3386 1621 3425 a
1649 3384 1756 3436 me,

188 3472 475 3537 maledicti,
501 3472 555 3526 in
582 3473 760 3543 ignem
785 3478 1072 3531 aeternum,
1089 3463 1181 3536 qui
1204 3471 1423 3534 paratus
1448 3470 1531 3516 est
1551 3458 1762 3514 diabolo

183 3577 242 3622 et
268 3566 467 3636 angelis
500 3565 616 3636 eius
641 3563 857 3635 (Matth.
890 3561 1038 3632 xxv).
1075 3578 1093 3610 ι
1142 3557 1306 3624 Quasi
1350 3555 1405 3609 in
1444 3554 1601 3607 niveo
1628 3565 1763 3607 can-

181 3660 317 3714 dore
355 3658 461 3713 illis
481 3698 496 3721 ,
545 3656 742 3726 quibus
776 3655 921 3709 dicet
952 3668 965 3705 :
1003 3670 1022 3702 ‹
1053 3648 1267 3713 Venite,
1294 3645 1561 3702 benedicti
1590 3642 1766 3698 Patris

181 3750 325 3815 mei,
368 3749 627 3820 percipite
664 3761 890 3817 regnum
932 3743 1076 3813 quod
1115 3740 1269 3796 vobis
1305 3747 1555 3809 paratum
1592 3746 1677 3790 est
1700 3733 1768 3789 ab

178 3842 396 3911 origine
424 3840 609 3896 mundi
641 3836 850 3910 (ΗΜ).
874 3856 894 3889 ι
922 3834 1075 3889 Hanc
1095 3830 1511 3901 descriptionem
1535 3824 1771 3882 ostendit

181 3935 410 4006 angelus
440 3935 594 3989 testis
622 3931 917 3987 Dominicis
941 3925 1354 3984 resurrectionis
1373 3963 1387 3988 ,
1421 3920 1634 3992 quando
1660 3932 1771 3989 prae

182 4028 385 4083 timore
430 4026 576 4080 illius
611 4023 861 4080 exterriti
902 4030 1030 4077 sunt
1064 4019 1346 4083 custodes,
1392 4023 1447 4070 et
1478 4014 1602 4068 facti
1647 4019 1773 4066 sunt

181 4120 337 4177 velut
364 4119 561 4176 mortui
586 4133 601 4172 :
630 4118 883 4173 mulieres
909 4125 1112 4180 autem,
1135 4128 1202 4167 ne
1229 4112 1500 4173 timerent,
1529 4105 1775 4177 protinus

184 4213 449 4269 blandam
472 4209 900 4266 consolationem
928 4212 1271 4275 acceperunt.
1305 4201 1457 4257 Unde
1487 4197 1772 4255 subditur:

272 4324 291 4358 ι
324 4304 425 4373 Qui
454 4304 586 4359 dicit
608 4302 750 4357 illis:
793 4299 969 4354 Nolite
988 4307 1367 4368 expavescere.
1402 4311 1421 4343 ι
1456 4288 1536 4344 Ac
1562 4288 1608 4342 si
1635 4287 1778 4341 dice-

190 4406 283 4453 ret
310 4415 322 4450 :
356 4395 590 4450 Paveant
618 4391 694 4446 illi
723 4391 827 4462 qui‘
851 4401 1211 4459 supernorum
1255 4383 1457 4438 civium
1490 4380 1779 4432 adventum

194 4504 312 4544 non
341 4487 609 4556 diligant;
639 4484 1029 4554 pertimescant
1056 4477 1130 4531 illi
1152 4475 1242 4545 qui
1265 4472 1573 4544 sepulcrum
1600 4467 1783 4523 Domi-

194 4582 257 4639 ni
287 4580 521 4651 maligno
549 4577 732 4632 animo
760 4573 1092 4631 custodiunt.
1117 4568 1227 4623 Vos
1260 4574 1437 4620 autem
1462 4564 1654 4616 timere
1677 4574 1783 4613 non

193 4672 440 4735 (Ιοδθιίθ,
469 4684 590 4741 qua
615 4667 868 4724 concives
909 4673 1122 4719 vestros
1151 4656 1481 4728 conspicitis.
1522 4654 1588 4708 Et
1616 4665 1785 4721 quare
1810 4628 1862 4689 D
1888 4629 2110 4741 degeret
2162 4634 2389 4688 “illum.

194 4764 459 4823 mulieres
486 4763 683 4816 timere
709 4773 817 4813 non
844 4757 1132 4819 deberent,
1174 4765 1393 4806 causam
1419 4747 1662 4819 protinus
1692 4744 1785 4799 de-

196 4864 494 4920 monstrat,
524 4868 647 4909 eum
671 4849 946 4921 subiungit
974 4866 986 4900 :
1022 4865 1041 4896 ι
1076 4842 1259 4899 Jesum
1291 4840 1550 4911 quaeritis.
1585 4858 1603 4888 ι
1630 4835 1787 4890 Jesus

199 4950 441 5005 Hebraio
473 4956 739 5006 sermone,
773 4940 963 4999 Latine
1005 4935 1255 4998 salvator,
1293 4932 1406 4986 sive
1430 4927 1681 4984 salutaris
1709 4924 1788 4978 di-

198 5042 371 5097 citur.
394 5038 473 5093 Ac
498 5036 544 5093 si
576 5036 780 5091 diceret
804 5049 818 5085 :
851 5030 982 5098 Quae
1008 5026 1345 5083 Salvatorem
1373 5019 1636 5090 quaeritis,
1664 5014 1786 5071 Sal-

203 5132 418 5188 vatoris
456 5129 705 5186 nuntium
734 5141 842 5181 non
876 5121 1087 5177 debetis
1108 5118 1330 5179 timere,
1354 5114 1447 5168 sed
1475 5110 1647 5181 magis
1673 5107 1792 5163 dili-

203 5243 360 5301 gere.
394 5227 462 5281 Et
494 5238 561 5278 ne
600 5222 740 5277 forte
768 5217 835 5272 de
862 5215 968 5269 alio
994 5213 1175 5281 aliquo
1199 5206 1323 5264 lesu
1352 5204 1457 5259 dici
1487 5209 1791 5272 putaretur,

205 5299 494 5397 subiunxit
530 5342 543 5378 :
588 5340 607 5373 ι
652 5318 1014 5374 Nazarenum.
1055 5329 1077 5362 ι
1119 5306 1435 5362 Nazarenus
1482 5299 1661 5355 dictus
1709 5302 1794 5351 est

209 5390 510 5482 Dominus,
556 5429 621 5469 eo
650 5410 795 5482 quod
835 5408 891 5462 in
929 5404 1153 5460 civitate
1177 5394 1451 5453 Nazaretb
1491 5390 1563 5447 sit
1603 5401 1795 5445 conce—

208 5522 376 5584 ptus,
419 5518 582 5578 atque
645 5501 897 5558 nutritus.
946 5495 1052 5551 Sed
1095 5492 1218 5562 quia
1258 5488 1548 5542 Nazaraeus
1583 5489 1793 5535 sanctus

214 5610 625 5676 interpretatur,
668 5604 815 5652 recte
845 5592 947 5647 hoc
978 5601 1170 5642 nomen
1209 5579 1515 5653 specialiter
1545 5574 1620 5629 illi
1662 5587 1793 5628 con-

214 5670 384 5770 gruit,
414 5693 506 5764 qui
529 5700 611 5747 est
632 5689 867 5743 Sanctus
894 5688 1201 5737 sanctorum
1227 5714 1242 5738 ,
1270 5681 1324 5727 et
1354 5670 1466 5725 Rex
1492 5681 1677 5738 regum
1696 5704 1711 5729 ,
1743 5671 1799 5717 et

216 5756 480 5845 Dominus
509 5780 919 5840 dominantium.
962 5773 1038 5827 De
1063 5784 1169 5840 quo
1191 5782 1285 5839 per
1314 5763 1640 5833 Proplictain
1670 5756 1801 5811 dici-

221 5894 349 5939 tur:
380 5902 397 5933 t
435 5879 548 5934 Non
579 5876 730 5932 dabis
753 5878 995 5927 sanctum
1021 5875 1166 5919 tuum
1197 5860 1377 5915 videre
1406 5852 1802 5922 corruptionem

1831 603 2141 658 vocaretur,
2171 588 2454 661 adiunxit:
3354 637 3357 640 ν

1909 707 1929 739 ι
1971 682 2325 741 Crucilixum.
2366 699 2384 731 ι
2420 675 2725 735 Crucitixus
2764 681 2849 729 est
2891 686 2991 748 pro
3030 669 3300 734 nobis,ut
3324 681 3422 738 per

1833 781 2036 851 lignum
2064 786 2268 835 sancta
2311 771 2523 834 crucis,
2556 769 2759 839 lignum
2808 761 3275 837 prmvaricationis
3327 776 3422 815 ex-

1835 870 2093 927 cluderet.
2130 887 2147 918 ‹
2195 862 2466 922 Surrexit.
2505 881 2523 913 ι
2584 857 2832 915 Surrexit
2858 872 2955 928 per
3005 853 3421 917 immanitatem,

1836 964 1926 1034 qui
1972 961 2175 1017 nullum
2208 973 2394 1016 casum
2421 954 2625 1027 patitur
2652 953 2703 1008 iu
2748 951 3047 1007 divinitate.
3081 950 3150 1005 Et
3178 948 3302 1004 ideo
3340 961 3423 1001 re-

1837 1070 2059 1127 surgere
2085 1050 2270 1117 voluit,
2294 1049 2387 1121 qui
2422 1060 2695 1116 nunquam
2727 1042 2941 1109 cecidit,
2967 1050 3025 1098 ut
3054 1041 3144 1097 ille
3188 1040 3425 1111 erigere-

1839 1166 1946 1221 tur,
1971 1154 2061 1224 qui
2091 1161 2237 1209 stare
2273 1148 2466 1205 noluit.
2521 1146 2675 1214 Quod
2726 1149 2907 1198 autem
2953 1139 3067 1195 ait:
3106 1156 3125 1193 ς
3177 1134 3291 1191 Non
3342 1138 3428 1188 est

1838 1250 1946 1305 hic.
1986 1269 2006 1301 ι
2043 1248 2119 1302 De
2144 1243 2430 1317 praesentia
2460 1238 2726 1311 corporali
2753 1236 2932 1291 dixit:
2959 1233 3087 1303 quia
3109 1244 3207 1302 per
3231 1225 3427 1287 divini-

1840 1340 1967 1396 tatis
2012 1336 2313 1409 potentiam
2357 1332 2557 1403 ubique
2604 1336 2690 1385 est
2719 1335 2885 1390 totus,
2934 1323 3134 1392 ubique
3182 1328 3428 1390 estprae—

1840 1446 1988 1495 sens,
2018 1429 2159 1484 sicut
2195 1428 2309 1496 ipse
2360 1424 2436 1478 ait
2484 1436 2580 1493 per
2627 1417 2995 1490 prophetam:
3044 1430 3061 1463 ι
3099 1409 3308 1467 Caelum
3372 1415 3429 1463 et

1841 1531 2046 1579 terram
2077 1535 2178 1590 ego
2208 1516 2406 1588 impleo
2444 1514 2577 1587 (Jer.
2606 1510 2787 1581 mn).
2827 1528 2845 1562 ι
2878 1507 2945 1563 Et
2969 1514 3030 1561 ut
3073 1518 3287 1590 omnem
3333 1500 3431 1555 du-

1843 1589 2160 1668 bitationem
2205 1625 2235 1663 a
2274 1606 2530 1663 cordibus
2579 1615 2768 1659 eorum
2810 1595 3127 1667 expelleret,
3172 1589 3367 1659 adjecit
3409 1603 3425 1644 :

1762 1709 1769 1714 ’
1849 1719 1873 1757 t
1916 1702 2056 1757 Ecce
2082 1700 2232 1755 locus
2283 1697 2375 1753 ubi
2400 1700 2697 1767 posuerunt
2723 1705 2868 1747 eum.
2905 1707 2925 1742 ι
2955 1685 3034 1743 Ac
3088 1683 3134 1739 si
3179 1681 3428 1738 diceret:

1848 1792 1905 1848 Si
1934 1793 2071 1849 meis
2096 1807 2207 1849 non
2232 1789 2453 1867 creditis
2495 1784 2703 1849 verbis,
2761 1781 2951 1839 saltem
3002 1791 3173 1833 vacuo
3229 1771 3433 1831 credite

1773 1890 1822 1948 B
1848 1884 2118 1956 sepulcro,
2143 1891 2200 1937 et
2223 1862 2439 1938 omnem
2471 1874 2863 1934 dubitationem
2896 1887 2928 1927 a
2955 1868 3210 1928 cordibus
3236 1862 3435 1921 vestris

1850 1973 2110 2119 felicis:
2133 2060 2230 2125 ite,
2262 2058 2426 2114 dicite
2466 2052 2745 2124 discipulis
2773 2048 2914 2120 eius,
2938 2057 2993 2105 et
3012 2018 3195 2104 Petro.
3234 2063 3255 2097 ι
3292 2042 3435 2100 Con-

1853 2155 2139 2212 sideranda
2169 2146 2334 2209 estin
2365 2151 2470 2207 hoc
2501 2147 2624 2204 loco
2663 2143 2915 2216 specialis
2962 2139 3176 2197 Domini
3224 2136 3439 2195 miscri-

1853 2248 2039 2303 cordia
2060 2261 2189 2316 erga
2215 2257 2404 2299 sexum
2432 2239 2745 2297 femineum.
2782 2233 2861 2290 Ne
2888 2233 3032 2289 enim
3074 2230 3270 2287 mulier
3289 2243 3436 2285 sem-

1854 2354 1953 2410 per
1977 2340 2031 2395 in
2080 2336 2428 2408 opprobrium
2477 2332 2792 2396 haberetur,
2835 2328 2961 2399 quia
3010 2325 3209 2382 femina
3263 2322 3438 2394 prima

1857 2429 1976 2485 viro
2036 2427 2415 2498 propinaverat
2471 2421 2724 2487 mortem,
2784 2433 2881 2489 per
2926 2416 3158 2473 feminas
3203 2412 3440 2484 primum

1857 2521 1989 2576 viris
2017 2534 2173 2575 suam
2210 2517 2380 2573 voluit
2431 2514 2683 2571 nuntiare
2737 2508 3210 2567 resurrectionem.
3265 2504 3346 2559 Ac
3394 2501 3443 2559 si

1859 2615 2133 2669 diceretur
2174 2609 2486 2667 hominibus
2524 2625 2537 2663 :
2597 2606 2674 2663 De
2724 2592 2878 2672 cuius
2927 2616 3092 2657 manu
3139 2593 3445 2667 sumpsistis

1856 2704 2048 2777 pocula
2074 2703 2285 2767 mortis,
2311 2701 2380 2758 ab
2405 2699 2523 2768 ejus
2545 2712 2641 2754 ore
2685 2695 2867 2751 audite
2899 2692 3155 2764 gaudium
3199 2700 3445 2745 resurre-

1859 2794 2075 2851 ctionis.
2105 2792 2209 2848 Sed
2239 2790 2587 2863 quaerendum
2612 2795 2697 2844 est
2715 2798 2904 2857 quare,
2950 2780 3227 2852 discipulis
3272 2777 3444 2836 norni—

1858 2889 2020 2953 natis,
2051 2886 2247 2943 Petrus
2277 2900 2345 2940 ex
2384 2883 2603 2939 nomine
2653 2879 2986 2949 designetur.
3028 2875 3120 2931 Ait
3162 2873 3305 2929 enim
3352 2886 3448 2925 an—

1858 2980 2010 3053 gelus
2042 2998 2054 3033 :
2103 2997 2122 3030 ‹
2169 2977 2341 3033 Dicite
2373 2972 2649 3046 discipulis
2677 2971 2795 3041 eius
2818 2977 2873 3027 et
2917 2954 3097 3022 Petro.
3139 2984 3156 3016 ι
3187 2964 3268 3018 Ad
3301 2960 3445 3032 quod

1861 3071 2169 3137 dicendum,
2185 3069 2333 3139 quia,
2350 3066 2489 3123 sicut
2510 3060 2820 3132 evangelica
2843 3066 3029 3113 narrat
3052 3054 3303 3119 historia,
3321 3066 3445 3107 cum

1859 3172 2110 3237 pergeret
2136 3160 2399 3218 Dominus
2427 3157 2493 3212 ad
2511 3155 2841 3227 passionem,
2872 3149 3065 3205 Petrus
3090 3161 3290 3218 pavore
3321 3158 3445 3214 per-

1786 3269 1832 3332 c
1864 3256 2109 3320 territus,
2144 3263 2229 3307 ter
2258 3265 2381 3306 eum
2424 3251 2717 3319 negaverat
2752 3249 2853 3323 :_et
2883 3238 3133 3295 fortassis
3168 3237 3313 3291 inter
3338 3249 3447 3287 cae-

1866 3357 2011 3403 teros
2034 3342 2324 3414 discipulos
2344 3339 2410 3394 ad
2442 3336 2727 3392 videndum
2753 3321 3062 3393 Dominum,
3086 3335 3209 3397 post
3235 3321 3450 3381 Domini

1868 3436 2320 3496 resurrectionem
2354 3430 2614 3486 accedere
2639 3440 2746 3479 non
2777 3423 3031 3483 auderet,
3064 3416 3171 3471 nisi
3199 3428 3323 3469 eum
3355 3426 3447 3467 an-

1867 3532 2017 3606 gelus
2047 3545 2113 3585 ex
2154 3525 2373 3583 nomine
2413 3521 2762 3593 exprimeret.
2800 3512 3036 3567 Vocatur
3076 3522 3207 3578 ergo
3249 3516 3453 3560 ex‘no-

1869 3624 2054 3689 mine,
2110 3636 2179 3675 ne
2231 3590 2544 3687 desperaret
2597 3624 2664 3664 ex
2712 3598 3021 3677 negatione.
3070 3599 3235 3654 Forte
3289 3590 3456 3650 etiam

1870 3687 2051 3772 movet
2081 3712 2339 3782 aliquem,
2370 3719 2540 3778 quare
2578 3700 2840 3757 Dominus
2873 3704 2982 3750 tam
3016 3692 3271 3749 dilectum
3300 3687 3457 3743 disci-

1870 3807 2076 3880 pulum,
2128 3778 2185 3858 in
2230 3808 2339 3856 tam
2388 3809 2553 3869 grave
2598 3791 2811 3847 facinus
2857 3787 3055 3843 cadere
3095 3778 3364 3853 permisit,
3400 3784 3462 3834 ut

1871 3895 2160 3952 Dominum
2190 3906 2255 3946 ac
2283 3886 2601 3959 magistrum
2635 3896 2791 3937 suum
2831 3876 2900 3931 ad
2941 3888 3131 3931 vocem
3175 3870 3337 3925 unius
3359 3883 3458 3922 an-

1875 3987 2012 4043 cillae
2044 3990 2285 4055 negaret.
2312 3977 2603 4035 Sciendum
2628 3980 2809 4029 autem
2834 3969 2957 4041 quia
2988 3962 3461 4038 providentissima

1876 4076 2275 4148 dispensatione
2297 4070 2509 4127 Domini
2532 4069 2634 4123 hoc
2653 4065 2855 4119 factum
2876 4068 2979 4126 est,
2996 4066 3055 4112 ut
3071 4070 3231 4127 quem
3259 4059 3465 4109 cunctae

1878 4169 2134 4225 Ecclesiae
2157 4164 2417 4237 praeferre
2463 4161 2825 4230 disposuerat,
2863 4149 3215 4220 semetipsum
3267 4155 3466 4214 negare

1878 4262 2238 4334 permitteret,
2272 4265 2334 4311 ut
2363 4270 2429 4309 ex
2461 4267 2558 4308 sua
2586 4246 2878 4321 fragilitate
2905 4243 3157 4304 disceret,
3189 4236 3310 4291 aliis
3336 4247 3458 4305 pec-

1881 4330 2151 4418 cantibus,
2180 4349 2414 4420 qualiter
2442 4340 2686 4399 misereri
2712 4335 3008 4394 debuisset.
3053 4330 3295 4384 Primum
3339 4336 3468 4393 ergo

1884 4448 1983 4505 sibi
2010 4414 2398 4502 sumostendit
2424 4445 2479 4493 et
2505 4445 2632 4491 tunc
2657 4428 2872 4488 caeteris
2916 4419 3231 4495 prmposuit,
3278 4423 3339 4469 ut
3387 4414 3467 4468 in-

1887 4540 2172 4610 telligeret,
2200 4533 2343 4605 quod
2383 4525 2776 4586 districtionem
2825 4515 2972 4570 vitiis
2992 4553 3007 4578 ,
3035 4505 3469 4610 compassionem

2433 4619 2575 4674 sicut
2611 4614 2662 4669 ei
2706 4607 2833 4664 alibi
2881 4620 2913 4658 a
2962 4599 3191 4657 Domino
3230 4593 3467 4650 dicitur:

1896 4744 1914 4776 ι
1961 4723 2073 4792 Ego
2101 4733 2202 4789 pro
2229 4725 2280 4770 te
2302 4710 2510 4782 rogavi,
2533 4706 2712 4767 Petre,
2741 4708 2799 4755 ut
2826 4712 2935 4752 non
2963 4691 3177 4750 deﬁciat
3201 4687 3334 4742 fides
3358 4693 3469 4749 tua,

1892 4821 1946 4868 et
2000 4780 2056 4864 tu
2103 4780 2405 4876 aliquando
2450 4806 2763 4855 conversus,
2801 4784 3063 4841 conﬁrma
3109 4780 3308 4834 fratres
3354 4783 3475 4830 tuos

1894 4902 2045 4976 (Luc.
2074 4870 2230 4968 XXII):
2271 4915 2288 4947 ›
2322 4890 2478 4961 Quod
2505 4896 2686 4942 autem
2715 4882 2792 4936 ait
2817 4900 2829 4935 :
2862 4898 2883 4930 ι
2928 4875 3064 4944 Quia
3089 4870 3354 4945 praecedet
3380 4882 3478 4924 vos

1901 4963 1918 5049 ζ
1965 4997 2018 5051 in
2047 4963 2347 5055 Galilaeam,
2371 4985 2445 5041 ibi
2468 4996 2592 5040 eum
2615 4974 2888 5040 videbitis,
2919 4971 3057 5027 sicut
3083 4966 3221 5022 dixit
3245 4963 3472 5038 vobis,»

1897 5089 2129 5160 idipsum
2168 5090 2270 5148 est,
2308 5081 2451 5151 quod
2495 5084 2727 5147 pergens
2778 5067 2843 5122 ad
2881 5063 3190 5160 passionem
3220 5057 3475 5156 dixerat:

1904 5200 1921 5233 ι
1970 5143 2260 5247 Postquam
2321 5176 2500 5225 autem
2551 5143 2865 5223 surrexero,
2914 5151 3221 5225 precedam
3271 5159 3369 5201 vos
3427 5143 3482 5198 in

1898 5235 2175 5328 Galilaeam
2227 5261 2453 5337 (Matth.
2509 5252 2689 5325 xm).
2753 5270 2773 5302 ι
2829 5248 2899 5303 Et
2948 5242 3175 5337 pulchre
3222 5235 3485 5337 Dominus

1900 5375 2020 5438 post
2049 5325 2505 5419 resurrectionem
2541 5364 2570 5403 a
2601 5341 2878 5414 discipulis
2904 5339 2958 5393 in
2981 5334 3200 5392 Galilzea
3226 5325 3484 5384 videndus

1906 5421 2234 5536 praedicitur,
2259 5454 2384 5526 quia
2410 5449 2524 5521 iam
2563 5445 2629 5501 de
2660 5437 3006 5509 corruptione
3037 5431 3106 5486 ad
3131 5421 3488 5536 incomptum

1905 5512 2051 5621 item,
2076 5554 2141 5609 de
2168 5512 2496 5605 mortalitate
2546 5538 2614 5592 ad
2664 5525 3132 5590 immortalitatem
3175 5512 3485 5575 transierat.

1906 5610 2125 5708 Galil'aia
2168 5651 2400 5709 namque
2442 5622 2836 5697 transmigratio
2886 5618 3030 5689 facta
3078 5610 3488 5709 interpretatur.

1910 5743 2043 5811 Quia
2086 5752 2216 5809 ergo
2255 5693 2335 5790 de
2378 5693 2722 5795 corruptione
2778 5714 2844 5769 ad
2890 5700 3380 5772 incorruptionem,

1914 5784 2240 5892 mortalitate
2297 5822 2364 5879 ad
2427 5784 2887 5879 immortalitatem
2950 5794 3196 5859 transiit,
3248 5797 3397 5849 recte
3439 5784 3494 5839 in
