3934 6346
486 373 591 430 455

1116 373 1465 431 HAYMONIS
1503 373 1981 432 HALBERSTAT.
2020 378 2235 436 EPISC.
2275 379 2425 437 OPP.
2468 381 2667 438 PARS.
2707 381 2770 437 ll.
2800 413 2843 423 -
2891 383 3124 440 HOMlL.

3687 384 3792 440 456

485 487 707 543 Gaiilaea
738 486 996 543 videndus
1041 477 1256 542 dicitur.
1299 487 1437 555 Quia
1487 490 1627 546 sicut
1677 492 1754 546 ait
1795 492 2069 562 apostolus
2096 498 2149 557 A
2173 505 2229 552 et
2253 498 2552 555 Ecclesiam
2585 515 2737 554 suam
2767 501 3120 573 praaﬁgurare
3145 500 3400 573 dignatus
3441 512 3557 571 est,
3587 503 3654 560 in
3682 520 3790 576 qua

485 579 714 637 Petrus:
753 599 772 631 ε
805 579 1056 635 Christus
1090 579 1258 634 semel
1285 597 1383 652 pro
1422 583 1661 652 peccatis
1689 585 1893 639 nostris
1924 600 2066 640 mor-

487 681 608 726 tuus
652 680 753 736 est,
782 669 960 738 justus
1006 685 1107 740 pro
1147 669 1384 740 injuslis,
1431 684 1494 727 ut
1547 688 1647 729 nos
1689 673 1909 729 offerret
1958 675 2066 730 Deo

484 761 534 830 (1
578 761 692 816 Pet.
730 759 829 832 ix).
865 780 884 813 ι
915 762 984 816 Ει
1013 761 1210 816 iterum
1246 781 1259 817 :
1299 782 1317 814 ι
1357 762 1414 819 Si
1459 773 1638 819 autem
1687 773 1932 820 mortuus
1983 774 2067 821 est

483 871 549 910 ex
577 855 913 921 inﬁrmitate,
942 856 1079 910 vivit
1118 866 1296 913 tamen
1339 874 1406 914 ex
1451 859 1651 915 virtute
1679 861 1772 915 Dei
1810 860 1899 933 (II
1940 861 2060 917 Cor.

480 945 590 1017 xv).
640 965 660 998 ι
697 946 823 1002 Sive
858 947 1014 1016 juxta
1042 949 1206 1004 aliam
1237 950 1647 1023 intelligentiam
1677 952 1918 1022 Galilaaa,
1943 970 2065 1024 qua:

479 1037 774 1094 volubilitas
803 1040 918 1096 sive
941 1050 1058 1095 rota
1089 1043 1501 1113 interpretatur,
1530 1045 1788 1117 gentilem
1809 1046 2063 1118 populum

478 1122 764 1202 signiﬁcat.
795 1130 929 1186 Cum
961 1147 1090 1204 ergo
1121 1133 1176 1188 in
1198 1133 1418 1190 Galilaea
1443 1135 1708 1191 videndus
1732 1137 2063 1207 prazdicitur,

475 1222 716 1278 ostendit
742 1221 960 1279 Judazos
983 1233 1204 1295 propter
1254 1225 1533 1295 perﬁdiam
1583 1243 1704 1282 esse
1753 1228 2065 1299 relinquen-

477 1315 595 1380 dos,
631 1323 821 1386 gentes
851 1325 1030 1371 autem
1072 1313 1352 1386 per'ﬁdem
1399 1318 1750 1389 colligendas,
1779 1336 1900 1390 quae
1942 1330 2066 1376 ante

477 1405 690 1462 Domini
718 1408 1007 1463 adventum
1036 1409 1343 1465 nescientes
1391 1411 1584 1478 Deum,
1618 1412 1672 1467 in
1728 1410 2064 1470 volubilitate

475 1499 657 1553 saeculi
689 1499 1060 1555 morabantur.
1089 1499 1216 1557 Sive
1240 1501 1416 1569 aliter,
1444 1515 1568 1573 post
1611 1507 2062 1563 resurrectionem

477 1589 530 1643 in
558 1588 778 1644 Galilaea
810 1590 1073 1646 videndus
1105 1593 1409 1660 nuntiatur,
1439 1595 1571 1665 quia
1599 1596 1677 1650 illi
1729 1597 1798 1652 ad
1824 1598 2062 1667 speciem

475 1677 593 1747 ejus
651 1675 1118 1751 contemplandam
1169 1684 1458 1753 pervenire
1519 1688 1912 1755 merebuntur,
1969 1689 2104 1758 qui_

476 1775 636 1828 modo
668 1776 1058 1847 transmigrant
1082 1776 1148 1831 de
1176 1776 1324 1832 vitiis
1367 1777 1434 1832 ad
1481 1779 1729 1848 virtutes,
1763 1781 1829 1835 de
1875 1796 2060 1837 amore

476 1863 661 1920 mundi
692 1865 760 1920 ad
789 1880 1028 1921 amorem
1059 1867 1173 1932 Dei,
1206 1867 1539 1925 declinantes
1564 1885 1594 1924 a
1621 1871 1763 1925 malo
1781 1880 1837 1927 et
1859 1871 2058 1927 facien-
2088 1855 2134 1915 Β

477 1967 558 2015 tes
578 1959 798 2016 bonum.
831 1959 981 2016 Unde
1002 1961 1141 2017 bene
1169 1961 1392 2017 Galilaea
1418 1962 1592 2034 (juxta
1614 1964 1774 2018 aliam
1798 1965 2060 2034 interpre-

476 2052 757 2124 tationem)
791 2053 1036 2107 revelatio
1062 2053 1286 2117 dicitur,
1311 2054 1436 2124 quia
1468 2071 1588 2125 quae
1628 2071 1771 2111 nunc
1814 2057 2061 2114 videmus

474 2146 528 2201 in
551 2147 751 2216 specie,
779 2156 908 2201 tunc
939 2146 1176 2202 revelata
1204 2145 1344 2203 facie
1385 2148 1688 2204 videbimus
1715 2149 1768 2202 in
1798 2163 1876 2202 re.
1910 2147 2061 2205 Unde

473 2238 764 2310 Apostolus
817 2239 941 2294 ait:
979 2259 998 2288 ι
1033 2237 1292 2294 Videmus
1339 2255 1485 2295 nunc
1525 2255 1624 2309 per
1675 2239 1953 2310 speculum
2006 2241 2060 2295 in

473 2331 782 2401 aenigmate,
815 2339 944 2386 tunc
969 2339 1151 2386 autem
1174 2329 1314 2386 facie
1339 2332 1406 2386 ad
1437 2330 1630 2388 faciem
1663 2331 1718 2403 (I
1744 2329 1866 2386 Cor.
1893 2331 2005 2403 xv).
2037 2351 2056 2383 ›

473 2420 541 2475 Ει
564 2421 760 2476 iterum
794 2439 808 2479 :
843 2439 863 2472 ‹
899 2419 1007 2476 Nos
1036 2429 1251 2488 autem,
1282 2419 1500 2488 fratres,
1530 2421 1767 2476 revelata
1790 2420 1928 2477 facie
1949 2421 2061 2493 glo-

476 2511 610 2566 riam
655 2512 869 2568 Domini
905 2503 1366 2583 contemplantes,
1393 2512 1850 2568 transformamur
1887 2528 1918 2567 a
1952 2511 2062 2568 cla-

475 2603 636 2656 ritate
682 2603 738 2657 in
793 2603 1061 2674 gloriam,
1112 2611 1167 2658 et
1223 2612 1478 2674 tanquam
1531 2619 1562 2657 a
1611 2603 1825 2658 Domini
1869 2601 2060 2672 spiritu

474 2692 562 2764 (II
576 2693 892 2767 Cor.xv1u).
918 2716 937 2748 ι
957 2696 1037 2750 Ad
1054 2695 1488 2765 quamvisionem
1519 2695 1608 2751 ille
1639 2711 1736 2751 nos
1767 2695 2063 2766 perducere

473 2783 746 2854 dignetur,
774 2786 867 2856 qui
906 2802 1026 2841 cum
1057 2785 1219 2840 Patre
1252 2797 1307 2841 et
1357 2787 1560 2858 Spiritu
1601 2795 1795 2844 sancto
1836 2787 1968 2842 vivit
2008 2795 2063 2843 et

473 2885 665 2946 regnat
693 2877 748 2932 in
770 2877 961 2934 saecula
996 2879 1338 2934 saeculorum.
1365 2878 1558 2935 Amen.

1005 2992 1287 3050 HOMILIA
1340 2995 1528 3052 LXXI.

916 3103 1074 3143 FEBIA
1111 3103 1347 3144 SECUNDA
1385 3105 1616 3145 PASCHE.

545 3201 704 3270 (Acr.
728 3200 809 3272 χ.)
841 3219 860 3252 ‹
909 3200 968 3256 ln
996 3201 1187 3259 diebus
1210 3203 1317 3258 illis
1341 3212 1492 3260 stans
1541 3203 1734 3260 Petrus
1778 3204 1833 3260 in
1881 3205 2059 3262 medio
2087 3214 2132 3278 C

479 3310 495 3343 ί
539 3293 732 3363 plebis,
759 3295 896 3351 dixit
922 3313 934 3349 :
967 3295 1079 3352 Viri
1113 3296 1333 3364 fratres,
1361 3313 1458 3354 vos
1487 3298 1642 3355 scitis
1666 3300 1809 3370 quod
1851 3301 2050 3356 factum

476 3405 493 3437 ι
535 3395 618 3442 est
645 3389 868 3444 verbum
893 3405 990 3460 per
1011 3391 1320 3446 universam
1343 3389 1604 3460 Judaaam,
1621 3393 1888 3462 incipiens
1908 3395 2052 3450 enim

478 3495 493 3528 ι
540 3494 569 3532 a
591 3478 810 3535 Galilaea
849 3491 971 3551 post
1008 3481 1338 3559 baptismum
1370 3485 1513 3554 quod
1544 3485 1859 3556 praedicavit
1884 3485 2051 3542 Joan-

473 3588 492 3620 α
535 3585 653 3637 nes,
684 3569 864 3628 Jesum
911 3589 941 3626 a
991 3573 1285 3630 Nazareth.
1339 3595 1357 3625 ι
1413 3577 1479 3630 Et
1528 3577 1753 3649 reliqua.
1803 3578 2054 3634 Breviter

465 3661 803 3732 omniahquae
851 3663 906 3717 in
955 3666 1199 3733 symbolo
1229 3667 1574 3722 continentur
1607 3669 1920 3739 complexus
1971 3679 2054 3726 est

467 3750 743 3818 apostolus
762 3751 958 3808 Petrus
987 3754 1042 3807 in
1074 3754 1307 3810 lectione
1353 3760 1632 3827 praiseuti,
1679 3776 1842 3830 quam
1901 3762 2052 3816 audi-

465 3839 584 3903 stis,
612 3840 812 3897 fratres
833 3843 1166 3911 charissimi,
1182 3847 1326 3916 quod
1347 3847 1504 3904 Jesus
1529 3850 1602 3904 sit
1623 3851 1892 3917 Christus,
1909 3853 2052 3922 quod

465 3930 708 3985 omnium
757 3932 828 3987 sit
888 3933 1168 3991 Dominus.
1200 3936 1366 3993 Stans
1390 3940 1535 3994 enim
1567 3941 1620 3995 in
1650 3943 1824 3998 medio
1853 3943 2045 4014 plebis,

464 4020 646 4074 dixit:
685 4041 704 4074 ι
740 4023 854 4078 Viri
907 4024 1130 4093 fratres,
1182 4043 1278 4084 vos
1320 4030 1470 4086 scitis
1518 4034 1662 4103 quod
1705 4033 1909 4090 factum
1967 4047 2052 4093 est

469 4128 486 4158 ι
533 4111 757 4167 verbum
793 4128 891 4183 per
918 4115 1226 4174 universam
1257 4119 1522 4189 Judaeam,
1545 4124 1812 4196 incipiens
1839 4129 1982 4184 enim
2017 4145 2048 4185 a

465 4218 488 4253 ι
525 4202 742 4260 Galilaea
782 4217 906 4277 post
927 4210 1252 4280 baptismum
1280 4216 1422 4285 quod
1446 4217 1762 4286 praedicavit
1786 4219 2044 4289 Joannes,

467 4311 486 4344 α
534 4293 719 4352 Jesum
750 4313 780 4353 a
806 4298 1099 4357 Nazareth.
1155 4324 1173 4356 ι
1225 4305 1418 4362 Totum
1457 4308 1546 4364 hic
1588 4311 1792 4380 pariter
1830 4315 2049 4371 demon-

458 4391 665 4440 stratur
693 4389 836 4458 quod
883 4392 1143 4448 mundum
1187 4397 1297 4451 Deo
1331 4399 1686 4457 reconciliare
1734 4404 1930 4460 missus
1976 4407 2048 4461 sit

458 4473 726 4546 Christus,
757 4481 996 4541 Joannes
1019 4498 1150 4542 vero
1165 4499 1250 4544 est
1273 4503 1637 4560 praeconatus,
1667 4497 1811 4566 quod
1841 4497 2044 4568 Spiritu

456 4577 644 4658 saneto
662 4579 1135 4648 perunctus,quod
1161 4579 1272 4636 Deo
1301 4582 1638 4641 inbabitante
1662 4603 1760 4658 per
1782 4588 2040 4645 miracula
2069 4576 2121 4636 D

456 4657 782 4732 declaratus,
806 4668 952 4736 quod
979 4669 1295 4739 cruciﬁxus,
1323 4683 1379 4730 et
1406 4691 1436 4729 a
1464 4657 1692 4734 mortuis
1720 4681 2038 4752 suscitatus,

454 4751 596 4841 quod
613 4751 776 4820 judex
802 4756 875 4810 sit
897 4760 1140 4815 omnium
1169 4763 1222 4816 in
1259 4763 1364 4820 fine
1392 4776 1676 4836 venturus,
1703 4773 1846 4841 quod
1876 4751 2038 4829 etiam

455 4835 756 4896 Ecclesiam
779 4860 934 4902 suam
956 4863 1056 4918 per
1079 4851 1239 4906 ﬁdem
1273 4861 1384 4911 toto
1423 4857 1494 4913 sit
1537 4835 1669 4914 orbe
1710 4835 2038 4918 i-llumiuatu-

452 4941 568 4984 rus.
600 4930 842 5002 Denique
871 4937 1214 5010 subjungitur
1239 4964 1251 4998 :

531 5038 549 5071 ι
593 5021 876 5089 Quomodo
926 5033 1080 5088 unxit
1123 5051 1245 5092 eum
1301 5040 1442 5098 Deus
1492 5043 1694 5115 Spiritu
1746 5058 1934 5104 sancto
1982 5059 2036 5105 et

459 5130 480 5164 σ
524 5115 743 5208 virtute.
782 5139 803 5174 ι
838 5120 1046 5182 Unctus
1070 5137 1152 5184 est
1176 5145 1305 5203 ergo
1334 5133 1490 5193 Jesus
1516 5154 1624 5194 non
1665 5140 1784 5196 oleo
1814 5141 2032 5208 visibili,

451 5205 547 5301 sed
574 5207 717 5265 dono
746 5214 934 5283 gratia:
953 5217 1234 5288 spiritalis,
1266 5239 1384 5294 qua:
1405 5230 1587 5284 omnia
1609 5231 1841 5301 pleniter
1863 5205 2035 5289 conti;

450 5296 615 5390 nebat
645 5302 787 5369 quod
817 5305 1010 5362 visibili
1042 5310 1381 5379 significatur
1404 5296 1696 5389 unguento.
1743 5323 1896 5390 Quod
1941 5327 2036 5382 ba-

446 5383 684 5453 ptizatus
731 5394 886 5465 ungit
937 5397 1257 5469 Ecclesiam,
1310 5405 1434 5458 dum
1479 5383 1588 5478 per
1635 5383 2033 5482 impdsitionem

446 5491 641 5538 manus
682 5483 955 5557 episcopi,
984 5488 1221 5560 Spiritus
1249 5494 1581 5564 septiformis
1627 5501 1930 5570 invocatur,
1970 5506 2024 5560 in

444 5588 549 5645 qua
613 5576 965 5637 similitudine
1023 5599 1186 5654 super
1230 5570 1364 5641 deum
1408 5589 1743 5660 baptizatum
1792 5597 2025 5668 Spiritus

441 5675 664 5723 sanctus
690 5668 742 5724 in
771 5672 952 5742 specie
972 5673 1234 5731 columbae
1262 5677 1540 5738 descendit
1581 5684 1765 5756 (Joan.
1798 5689 1861 5756 ι),
1898 5701 2025 5748 tunc

515 5816 541 5844 ι
581 5803 680 5862 Hic
709 5808 858 5865 deest
894 5810 1116 5881 aliquid,
1150 5816 1230 5872 vel
1263 5818 1519 5876 abundat.

2168 593 2438 662 praecipue
2459 593 2717 664 haptizati
2733 595 3006 666 accipiunt
3026 596 3286 668 Spiritum
3310 608 3606 656 sanctum.
3626 601 3784 660 Tunc

2167 681 2314 736 enim
2360 685 2742 756 intelligendus
2781 697 2866 742 est
2913 696 3132 756 unctus,
3177 705 3301 746 cum
3355 690 3622 750 Verbum
3657 711 3786 752 caro

2168 770 2370 828 factum
2397 783 2506 842 est,
2537 775 2592 832 id
2632 785 2735 844 est,
2763 779 2981 848 quando
3012 780 3249 836 humana
3270 792 3468 839 natura
3490 786 3633 842 sine
3664 787 3780 844 ullis

2167 866 2598 931 praecedentibus
2616 868 2881 924 honorum
2911 885 3135 940 Operum
3173 874 3407 940 meritis,
3439 875 3566 930 Deo
3598 877 3779 934 Verbo

2166 962 2251 1008 est
2287 955 2342 1010 in
2393 965 2545 1013 utero
2592 958 2814 1030 virginis
2871 961 3145 1030 copulata,
3205 972 3265 1017 ut
3314 966 3533 1036 pariter
3591 968 3771 1025 divina

2165 1053 2222 1099 et
2249 1046 2487 1103 humana
2516 1057 2711 1105 natura
2739 1067 2846 1106 una
2875 1061 3020 1108 esset
3045 1069 3296 1124 persona,
3319 1066 3375 1112 et
3403 1060 3480 1114 ob
3503 1060 3628 1115 hoc
3656 1077 3770 1116 eum

2166 1137 2490 1194 conﬁtemur
2513 1149 2698 1196 natum
2723 1142 2788 1197 de
2811 1141 3229 1213 Spiritusaneto
3248 1156 3304 1201 et
3322 1148 3498 1204 Maria
3526 1151 3762 1222 virgine.

2175 1244 2192 1275 ι
2237 1229 2338 1295 Qui
2380 1231 2729 1298 pertransivit
2755 1233 3142 1293 benefaciendo
3171 1248 3227 1293 et
3275 1241 3529 1297 sanando
3577 1257 3766 1298 omnes

2171 1335 2190 1368 ‹
2232 1333 2519 1390 oppressos
2542 1337 2572 1375 a
2595 1322 2825 1391 diabolo,
2848 1327 3105 1396 quoniam
3128 1329 3271 1386 Deus
3293 1342 3411 1387 erat
3435 1350 3575 1388 cum
3605 1335 3712 1391 illo.
3741 1356 3755 1386 ι

2164 1398 2223 1462 ιὶι
2259 1417 2362 1475 est,
2393 1409 2554 1467 Pater
2573 1427 2694 1468 cum
2725 1415 2864 1472 Filio
2890 1433 3106 1488 semper
3140 1424 3417 1491 manebat,
3443 1426 3660 1482 melius
3688 1440 3759 1483 est

2165 1497 2481 1571 intelligere,
2499 1517 2661 1572 quam
2687 1504 3021 1564 divinitatem
3047 1509 3172 1568 Filii
3197 1529 3321 1569 cum
3348 1516 3588 1574 homine
3608 1535 3756 1590 quem

2165 1593 2459 1661 assumpsit
2491 1595 2890 1654 cohabitantem
2935 1602 3286 1674 signiﬁcaret,
3311 1616 3371 1662 ut
3389 1609 3616 1666 Christi
3637 1628 3752 1682 per-

2165 1695 2352 1737 sonam
2382 1686 2703 1754 geminaret,
2737 1698 2792 1745 et
2821 1691 2876 1746 in
2901 1707 3145 1752 errorem
3192 1699 3497 1755 maximum
3552 1702 3750 1759 incide-

2164 1782 2247 1829 ret
2272 1787 2320 1828 ει.
2361 1775 2618 1848 Sequitur
2645 1797 2658 1835 :

2240 1885 2258 1916 ε
2303 1867 2371 1920 Et
2397 1884 2494 1925 nos
2523 1878 2686 1926 testes
2735 1890 2921 1931 sumus
2956 1881 3198 1936 omnium
3228 1898 3347 1952 quze
3375 1883 3519 1941 fecit
3571 1889 3627 1942 in
3677 1905 3746 1942 re-

2170 1973 2188 2006 ‹
2234 1957 2393 2030 gione
2424 1957 2732 2018 Judzeorum
2760 1975 2817 2020 et
2850 1966 3168 2026 Jerusalem.
3203 1992 3221 2023 ι
3253 1972 3418 2030 Recte
3463 1988 3654 2034 autem
3693 1996 3741 2035 se

2163 2062 2282 2103 esse
2309 2057 2474 2105 testes
2509 2060 2790 2123 testantur,
2842 2059 2934 2128 qui
2982 2074 3080 2130 per
3127 2063 3441 2121 universum
3494 2070 3740 2124 mundum

2164 2139 2315 2194 missi
2371 2151 2497 2196 sunt
2547 2144 2900 2218 Evangelium
2949 2154 3264 2223 pmdicare,
3311 2167 3371 2213 ut
3425 2160 3488 2214 in
3542 2162 3736 2218 Psalmo

2166 2227 2433 2300 legimus:
2469 2253 2487 2284 ‹
2519 2233 2578 2289 in
2607 2252 2824 2294 omnem
2858 2248 3060 2298 terram
3101 2247 3271 2302 exivit
3315 2264 3486 2307 sonus
3540 2269 3727 2318 eorum,

2163 2328 2218 2374 et
2258 2321 2312 2375 in
2342 2322 2478 2379 ﬁnes
2501 2327 2650 2382 orbis
2679 2336 2837 2385 terra:
2864 2332 3026 2388 verba
3051 2350 3240 2391 eorum
3289 2336 3464 2409 (Psal.
3499 2348 3673 2411 xviii).
3713 2365 3727 2396 ι

2165 2411 2310 2468 Deus
2339 2423 2395 2469 et
2420 2415 2606 2485 Pater,
2621 2434 2719 2488 per
2747 2421 2880 2477 duas
2901 2423 2956 2477 in
2983 2424 3202 2481 Christo
3223 2440 3485 2498 operatur
3506 2443 3732 2496 naturas,

2163 2519 2261 2573 per
2295 2522 2460 2562 unam
2483 2524 2601 2578 quae
2633 2511 2684 2568 ei
2712 2516 3016 2572 communis
3039 2526 3126 2573 est
3160 2534 3287 2575 cum
3314 2522 3422 2578 Deo
3463 2523 3642 2590 Patre,
3673 2541 3730 2581 ex

2163 2612 2229 2651 eo
2264 2599 2589 2668 quod'Deus
2618 2612 2721 2670 est,
2752 2620 2851 2675 per
2870 2607 3097 2663 alteram
3121 2626 3229 2680 qua
3252 2628 3322 2668 ex
3347 2615 3548 2686 virgine
3570 2616 3730 2672 Maria

2163 2688 2328 2746 homo
2355 2690 2532 2748 factus
2559 2702 2662 2749 est.
2686 2693 2792 2750 Per
2819 2697 2920 2754 has
2947 2700 3082 2756 duas
3107 2711 3334 2760 naturas
3357 2705 3408 2758 in
3453 2722 3552 2761 uno
3587 2707 3727 2762 Filio

2163 2782 2282 2849 Dei,
2303 2783 2438 2840 duas
2463 2786 2668 2855 pariter
2696 2788 2829 2844 facit
2852 2794 3286 2851 resurrectiones
3317 2796 3511 2850 humani
3553 2812 3712 2866 gene—

2163 2873 2259 2940 ris,
2284 2874 2338 2930 id
2367 2885 2452 2938 est
2472 2877 2777 2934 animarum
2804 2890 2861 2936 et
2889 2897 3202 2953 corporum.
3248 2887 3453 2943 Habent
3483 2889 3621 2943 enim
3664 2898 3719 2940 et

2163 2966 2358 3023 anima:
2387 2978 2618 3025 mortem
2649 2988 2824 3039 suam,
2856 2975 2912 3030 in
2943 2976 3226 3047 impietate
3275 2990 3438 3051 atque
3477 2984 3725 3052 peccatis,

2163 3061 2460 3117 secundum
2502 3079 2664 3134 quam
2721 3077 2951 3124 mortem
3006 3076 3207 3128 mortui
3249 3083 3396 3142 sunt,
3436 3077 3500 3132 de
3548 3077 3728 3146 quibus

2163 3150 2306 3205 idem
2336 3151 2600 3212 Dominus
2618 3157 2695 3211 ait
2729 3176 2741 3211 :
2783 3178 2802 3210 ‹
2838 3158 2969 3217 Sine
2990 3172 3234 3220 mortuos
3253 3167 3484 3238 sepelire
3504 3180 3726 3224 mortuos

2163 3258 2291 3298 suos
2329 3244 2485 3314 (Luc.
2520 3247 2622 3320 ix),
2669 3269 2688 3301 ι
2731 3259 2790 3305 ut
2834 3252 3043 3309 scilicet
3095 3255 3152 3310 in
3201 3258 3387 3312 anima
3426 3246 3723 3325 mortui,'in

2158 3349 2385 3405 corpore
2425 3347 2670 3395 mortuos
2719 3343 3031 3414 sepelirent.
3060 3347 3206 3405 Mors
3235 3359 3323 3406 est
3351 3353 3602 3410 videlicet
3624 3355 3724 3409 ani—

2156 3440 2280 3492 mae,
2305 3429 2522 3498 quando
2551 3429 2694 3486 Deus
2734 3433 2939 3490 deserit
2977 3453 3098 3493 eam
3133 3442 3202 3496 ob
3237 3453 3585 3512 peccatorum
3629 3462 3726 3502 ma-

2156 3519 2514 3591 gnitudinem.
2564 3524 2819 3598 Corporis
2863 3547 3010 3587 mors
3050 3542 3164 3601 est,
3193 3538 3413 3605 quando
3447 3541 3517 3596 ab
3566 3540 3724 3596 anima

2156 3611 2443 3668 deseritur.
2471 3616 2556 3673 Ab
2583 3617 2670 3674 his
2696 3620 2902 3678 duobus
2939 3627 3131 3682 mortis
3177 3630 3471 3699 generibus
3506 3634 3722 3688 musci-

2159 3711 2318 3769 tatos,
2344 3705 2480 3762 duas
2506 3708 2735 3766 dicimus
2758 3719 3205 3775 resurrectiones.
3231 3719 3386 3778 Nunc
3414 3703 3603 3780 autem
3628 3727 3722 3780 ani-

2155 3810 2366 3852 marum
2395 3799 2450 3854 in
2481 3799 2725 3860 Ecclesia
2760 3821 2861 3875 per
2887 3808 3084 3866 Filium
3110 3813 3204 3869 Dei
3232 3815 3360 3887 (hoc
3380 3827 3487 3884 est,
3519 3821 3722 3876 verbum

2153 3887 2272 3960 Dei)
2324 3890 2414 3976 ﬁt?
2430 3898 2780 3964 resurrectio,
2809 3903 3026 3969 quando
3067 3919 3167 3974 per
3192 3909 3424 3977 gratiam
3454 3911 3552 3966 Dei
3578 3913 3723 3967 viviti—

2153 3981 2261 4035 cati
2292 3973 2582 4057 resurgunt
2616 4003 2649 4044 a
2676 3999 2851 4057 morte
2873 3973 3294 4064 iniquitatis—Et
3313 4002 3434 4056 haec
3456 4014 3542 4058 est
3567 4005 3721 4074 prima

2153 4080 2506 4146 resurrectio,
2532 4096 2694 4152 quam
2741 4085 2835 4154 qui
2875 4087 3079 4144 habent
3130 4091 3187 4146 in
3229 4096 3471 4151 secunda
3504 4112 3628 4167 qua:
3654 4109 3722 4152 est

2153 4180 2468 4236 corporum,
2521 4172 2757 4231 ﬁdeliter
2802 4190 3087 4251 resurgent
3131 4183 3188 4238 in
3234 4184 3401 4242 vitam
3456 4197 3717 4244 aeternam.

2151 4258 2456 4331 Resurgent
2485 4263 2658 4335 impii,
2691 4270 3062 4342 unusquisque
3088 4274 3145 4329 in
3175 4291 3343 4333 carne
3370 4294 3494 4347 sua,
3526 4291 3588 4337 ut
3615 4299 3719 4337 cum

2150 4349 2364 4407 diabolo
2389 4362 2446 4409 et
2473 4358 2681 4427 angelis
2709 4359 2826 4428 ejus
2859 4365 3152 4433 puniantur
3181 4368 3401 4438 (Matth.
3443 4376 3597 4446 xxv).
3625 4376 3720 4430 Hoc

2151 4443 2453 4501 certissime
2481 4448 2758 4525 sciendum
2785 4463 2891 4520 est,
2915 4455 3038 4524 quia
3083 4471 3243 4514 nemo
3281 4461 3387 4516 nisi
3409 4478 3510 4534 per
3533 4443 3720 4521 indebi.

2151 4542 2260 4586 tam
2301 4535 2732 4596 misericordiam
2759 4542 2854 4598 Dei
2886 4545 3223 4616 liberabitur,
3248 4560 3303 4606 et
3326 4555 3428 4610 nisi
3455 4572 3557 4627 per
3585 4559 3718 4614 debio

2153 4633 2263 4680 tum
2293 4627 2558 4698 judicium
2595 4632 2958 4692 damnabitur.
3005 4639 3154 4696 Tunc
3186 4645 3362 4700 sancti
3406 4649 3585 4705 scient
3615 4652 3717 4721 ple-

2149 4717 2273 4774 nius
2315 4721 2446 4790 quid
2488 4723 2614 4778 boni
2643 4725 2724 4782 eis
2749 4729 3035 4785 contulerit
3081 4734 3252 4805 gratia
3298 4736 3417 4806 Dei,
3472 4742 3559 4798 vel
3606 4717 3716 4813 quid

2145 4825 2330 4870 essent
2350 4821 2652 4888 consecuti,
2678 4822 2725 4878 si
2750 4823 2930 4880 divina
2959 4843 3052 4883 eos
3081 4833 3319 4902 gratuito
3354 4851 3582 4893 munere
3626 4855 3716 4894 non

2143 4907 2393 4979 elegisset
2413 4913 2804 4972 misericordia.
2825 4917 2977 4976 Tunc
2999 4923 3104 4978 erit
3120 4925 3236 4994 ipse
3254 4925 3400 4985 Deus
3419 4941 3713 4988 sanctorum

2143 5002 2398 5069 societas,
2423 5003 2702 5062 beatorum
2724 5010 3056 5082 jucunditas,
3087 5025 3142 5072 et
3165 5021 3347 5075 omnia
3392 5038 3713 5096 quaecunque

2137 5094 2206 5150 ab
2224 5097 2304 5152 eis
2331 5098 2556 5155 honeste
2581 5103 2877 5161 desiderari
2900 5119 3146 5177 possunt,
3165 5119 3220 5167 et
3242 5115 3375 5182 vita,
3398 5126 3456 5171 et
3477 5094 3649 5185 salus,
3669 5129 3710 5172 et

2138 5188 2313 5258 copia,
2346 5190 2535 5261 gloria,
2563 5203 2620 5249 et
2644 5197 2836 5265 honor,
2868 5209 2924 5253 et
2957 5215 3082 5270 pax,
3114 5211 3314 5261 :eterna
3345 5208 3643 5274 beatitudo,
3667 5219 3713 5262 et

2138 5277 2297 5334 beata
2343 5285 2652 5350 aeternitas,
2682 5289 2767 5343 cui
2816 5290 2888 5345 sit
2940 5291 3118 5350 honor
3166 5305 3221 5352 et
3261 5296 3434 5369 gloria
3481 5316 3620 5355 nunc
3664 5306 3709 5352 et

2140 5389 2354 5446 semper
2380 5387 2435 5434 et
2466 5379 2520 5435 in
2544 5382 2739 5439 saecula
2762 5386 3105 5446 saeculorum.
3130 5391 3323 5449 Amen.

2665 5499 2947 5558 HOMlLIA
2987 5504 3197 5562 LXXII.

2553 5625 2707 5665 FERIA
2763 5629 2999 5670 SECUNDA
3051 5633 3261 5674 ΡΑδειιιε
3271 5659 3284 5672 .

2202 5716 2351 5785 (Luc.
2396 5722 2567 5792 χειν.)
2611 5743 2627 5774 ε
2675 5725 2732 5780 In
2789 5729 2880 5786 illo
2928 5739 3170 5803 tempore
3214 5755 3226 5789 :
3269 5737 3380 5792 Duo
3423 5754 3486 5793 ex
3545 5737 3697 5797 dit-ci-
