3934 6346
80 297 225 395 t5?

1353 326 1656 387 HOMILIE
1690 326 1779 383 DE
1818 327 2161 388 TEMPORE.

3112 360 3121 367 ι
3269 314 3393 392 ιη’

112 470 138 501 ς
180 449 333 521 pulis
353 439 482 505 Jesu
505 442 651 502 ibant
670 444 784 516 ipsa
808 442 893 500 die
920 440 977 499 ln
999 430 1301 509 castellum,
1320 441 1462 513 quod
1489 450 1607 496 erat
1635 441 1689 496 in
1718 444 1768 502 Α
1795 456 1940 497 mum
1967 443 2276 501 milliarium
2301 458 2686 518 pervenerant,
2708 449 2924 522 quando
2944 449 3094 508 illum
3117 451 3171 507 ιη
3194 453 3376 524 sepul-

115 561 137 592 s
180 540 368 611 spatio
383 537 686 595 stadiorum
714 536 992 607 sexaginta
1019 535 1088 590 ab
1128 532 1452 599 Jerusalem,
1475 532 1694 588 nomine

115 651 139 685 ι
182 631 473 695 Emm‘aus.
507 648 529 684 ι
556 628 632 685 Et
656 627 884 698 reliqua.
914 626 972 683 In
1006 626 1230 683 exordio
1262 623 1425 694 hujus
1450 623 1700 680 lectionis

112 722 264 780 'solet
284 736 506 779 movere
549 718 835 777 nonnullos
866 719 935 775 ad
960 717 1311 790 quaerendum
1336 716 1557 789 quinam
1607 714 1698 772 isti

114 817 232 872 duo
251 812 500 884 discipuli
527 811 749 878 fuerint,
773 812 869 883 qui
900 804 1018 883 ipsa
1042 811 1130 867 die
1178 799 1595 867 resurrectionis
1630 808 1703 864 ab

113 904 423 961 Jerusalem
450 902 784 967 recedentes,
811 902 878 956 ad
905 895 1184 957 castellum
1210 893 1467 956 Emmau‘s
1504 906 1700 970 prope-

115 997 386 1054 raverint.
421 995 575 1064 Quod
597 994 738 1059 enim
755 988 831 1050 ex
850 994 1132 1050 duodecim
1156 992 1414 1064 apostolis
1438 995 1546 1048 non
1579 989 1697 1047 lue-

114 1087 258 1152 rint;
282 1086 338 1141 in
375 1083 482 1141 ﬁne
518 1081 679 1153 hujus
718 1082 969 1140 lectionis
999 1076 1330 1154 evangelista
1360 1083 1703 1153 comprobat,

114 1184 248 1234 cum
282 1177 413 1233 dicit
438 1184 534 1232 eos
575 1172 820 1231 reversos
863 1175 916 1229 in
962 1173 1283 1239 Jerusalem,
1332 1161 1389 1228 et
1436 1172 1706 1229 invenisse

1799 549 1894 590 cro
1915 533 2233 592 collocatum
2255 536 2573 597 didicerant.
2602 540 2797 597 Verum
2817 548 3069 597 octavum
3096 542 3379 600 dimidium

1798 625 2161 699 perfecerant,
2186 629 2316 701 quia
2337 646 2458 687 eum
2485 635 2635 704 prius
2660 643 3092 693 resurrecturum
3131 620 3382 695 credide-

1800 725 1944 785 rant,
1974 719 2067 775 sed
2093 734 2162 775 ex
2203 719 2323 789 ejus
2361 725 2762 781 resurrectione
2789 726 2936 783 dubii
2980 725 3050 781 ab
3076 726 3381 786 Jerusalem

1802 808 2150 866 recedebant.
2189 810 2299 869 Sed
2340 813 2587 883 quamvis
2624 815 2692 871 de
2724 817 2939 873 Domini
2979 820 3384 876 resurrectione

1804 903 1952 960 dubii
1979 905 2048 961 ab
2071 903 2371 962 Jerusalem
2391 907 2726 973 recederent,
2750 909 2819 965 ab
2848 900 2965 979 eius
2987 920 3167 967 tamen
3191 927 3382 969 amore

1804 992 2045 1051 funditus
2067 1010 2176 1052 non
2199 1005 2558 1080 recesserant.
2587 986 2739 1055 Unde
2779 1009 2835 1054 et
2856 1000 2994 1055 bene
3018 984 3305 1080 subditur;
3376 1070 3380 1074 _

1880 1104 1900 1139 ι
1935 1086 2006 1142 Et
2024 1088 2127 1159 ipsi
2156 1079 2516 1164 loquebantur
2554 1088 2622 1143 ad
2651 1084 2885 1146 invicem
2915 1081 2981 1147 dé
3018 1092 3103 1147 his
3130 1090 3383 1155 omnibus

1812 1194 1831 1229 ‹
1865 1192 1985 1248 qua:
2034 1178 2361 1249 acciderant.
2394 1199 2413 1231 ›
2448 1176 2750 1234 Notandum
2791 1170 2973 1236 autem
3015 1168 3142 1252 quia
3177 1168 3285 1240 non
3313 1183 3384 1241 de

113 1272 486 1341 congregatos
518 1267 788 1321 undecim.
823 1264 977 1321 Unde
1014 1270 1238 1336 apparet
1260 1263 1356 1319 eos
1398 1278 1464 1319 ex
1491 1265 1707 1333 septua-
1807 1269 2115 1341 superlluis,
2149 1286 2259 1326 non
2298 1273 2363 1326 de
2390 1270 2595 1361 vatuis,
2637 1287 2812 1342 neque
2851 1287 2915 1327 ea
2946 1270 3066 1343 q'uai
3107 1259 3382 1361 ad'detra-

114 1367 278 1438 ginta
308 1362 474 1419 fuisse
498 1361 793 1432 discipulis,
816 1375 923 1416 non
951 1360 1016 1416 ex
1041 1358 1321 1442 dudde‘cim
1348 1356 1625 1429 apostolis.
1642 1352 1709 1411 Et
1811 1356 2048 1426 ctionem
2080 1360 2378 1430 pertinent,
2409 1346 2587 1450 neque
2606 1361 2774 1450 risum
2794 1362 3069 1418 moventia
3085 1346 3386 1450 l'oquebaiil

114 1460 292 1515 unius
316 1455 512 1514 nomen
541 1457 758 1526 quidem
814 1446 953 1511 intra
1003 1447 1330 1533 declaratur,
1374 1452 1463 1507 cui
1508 1450 1705 1506 nome'b
1811 1446 1917 1514 tur‘,
1940 1448 2031 1506 sed
2058 1450 2123 1505 ad
2144 1447 2373 1505 invi'celn
2397 1449 2461 1533 de
2489 1446 2574 1506 his
2594 1446 2866 1509 omnibus
2905 1466 3025 1523 quae
3053 1446 3383 1521 acciderant.

114 1549 397 1621 Cleopbas
422 1548 591 1603 fuisse
618 1537 846 1601 dicitur:
866 1544 1099 1601 alterum
1112 1528 1495 1600 verononntilli
1515 1538 1710 1612 putant
1812 1536 2020 1598 scilicet
2039 1541 2270 1612 qualiter
2301 1528 2651 1626 conversatus
2676 1536 2821 1599 esset
2855 1542 3136 1625 innocens”,
3178 1548 3236 1603 et
3260 1543 3387 1621 sine

114 1647 379 1695 vocatum
400 1637 569 1693 fuisse
587 1636 1019 1702 Enim'aus,sicut
1033 1638 1089 1691 et
1110 1633 1388 1691 castellum
1407 1631 1708 1703 quo‘ibant‘,
1812 1626 2029 1705 querela
2061 1634 2116 1691 in
2140 1630 2361 1713 mundo;
2387 1635 2616 1705 qualiter
2642 1634 2791 1711 signa
2820 1646 2874 1713 et
2897 1632 3158 1694 miracula
3186 1636 3382 1713 opera-

114 1741 174 1788 et
202 1734 332 1788 ideo
381 1718 710 1802 superﬂuum
732 1730 908 1785 visu'm
934 1727 1099 1784 fuisée
1124 1720 1561 1805 evangelistteul
1602 1722 1711 1779 uno
1743 1798 1778 1805 ᾗ
1816 1728 1902 1779 tus
1933 1724 2032 1805 sit,
2059 1710 2327 1805 quomodo
2366 1726 2504 1781 odiis
2543 1710 2850 1782 Judaeorum
2884 1722 2940 1783 et
2966 1712 3252 1805 calumniis
3279 1735 3390 1784 tra-

113 1822 283 1880 brevi
312 1798 578 1879 vei-siculo
614 1837 780 1878 unum
814 1835 1011 1876 nomen
1059 1819 1379 1890 geminaret'.
1406 1798 1511 1873 Alii
1544 1815 1706 1872 etiam
1743 1798 1955 1872 Bditus
1982 1803 2053 1871 sit
2075 1816 2142 1899 ad
2179 1803 2632 1897 brucillgendum,
2677 1806 2909 1889 qualiter
2949 1809 3008 1875 se
3047 1798 3387 1899 resurrectu~

114 1915 465 1972 arbitrantur
488 1916 635 1970 hunc
663 1913 833 1970 fuisse
898 1910 1102 1968 Lucam
1157 1903 1568 1983 evangelistam,
1616 1907 1708 1978 qui

114 2006 229 2061 hoc
281 2004 500 2075 scripsit
537 2003 896 2074 evangelium,
924 2009 981 2057 et
1015 2000 1336 2056 humilitatis
1361 2000 1525 2055 cauSa
1554 2003 1711 2054 Suum

114 2110 328 2151 nomen
359 2095 594 2151 siluisse.
625 2092 972 2149 Consuetudo
999 2079 1144 2147 enim
1188 2099 1273 2147 est
1298 2086 1608 2167 sanctorum
1629 2084 1709 2154 ut,

113 2200 255 2245 cum
282 2184 349 2240 de
377 2199 436 2240 se
464 2184 603 2238 mira
649 2189 705 2237 et
743 2192 939 2253 magna
991 2182 1302 2252 loquuntur,
1344 2188 1565 2250 propter
1614 2177 1709 2259 'cuf

111 2270 371 2335 st'odiam
403 2273 744 2337 humilitatis;
796 2272 875 2328 sic
930 2273 997 2346 de
1044 2286 1144 2326 sua
1188 2285 1419 2340 persona
1467 2270 1621 2340 quasi
1646 2270 1715 2325 de

109 2364 309 2417 aliena
362 2356 676 2432 loquantur,
718 2362 862 2417 sicut
906 2361 1119 2432 Moyses
1174 2358 1368 2415 fecisse
1417 2358 1712 2423 invenitur,

110 2452 220 2521 qui
263 2451 343 2506 sic
383 2451 453 2506 de
484 2467 542 2507 se
567 2451 723 2521 quasi
745 2452 813 2506 de
832 2449 940 2506 alio
976 2450 1316 2521 loquebatur,
1343 2449 1530 2505 dicens
1557 2467 1569 2505 :
1601 2468 1619 2501 c
1649 2449 1716 2504 Et

111 2542 488 2614 erat-Moyses
532 2543 617 2597 vir
653 2543 975 2599 mitissimus
1010 2554 1172 2612 super
1212 2555 1402 2596 omnes
1447 2540 1713 2606 homines,

116 2633 217 2703 qui
261 2633 617 2688 morabantur
666 2633 721 2688 in
748 2640 908 2689 terra
936 2632 1124 2704 (Num.
1173 2630 1257 2703 ll).
1298 2649 1318 2683 ι
1370 2631 1634 2688 Similiter
1664 2641 1716 2686 et

120 2725 328 2779 beatus
347 2719 448 2778 Job
470 2722 537 2777 de
556 2723 803 2792 se,quasi
833 2724 899 2778 de
925 2722 1030 2776 alio
1060 2720 1136 2774 ait
1167 2737 1181 2773 :
1220 2738 1238 2772 ε
1275 2720 1373 2775 Vir
1391 2730 1508 2774 erat
1530 2721 1584 2775 in
1610 2729 1714 2775 ter-

119 2829 185 2869 ra
207 2813 347 2872 llus.
368 2813 586 2867 nomine
607 2811 707 2866 Job
729 2811 850 2882 (Job
896 2810 957 2883 ι).
989 2830 1008 2862 ι
1034 2810 1134 2877 Qui
1156 2811 1299 2867 enim
1323 2810 1525 2865 Lucam
1549 2810 1713 2867 unum

124 2917 195 2960 ex
240 2903 328 2958 bis
349 2902 560 2958 duobus
617 2901 897 2972 discipulis
951 2900 1119 2957 fuisse
1164 2906 1384 2971 putant,
1417 2901 1710 2957 seéundum

127 2997 236 3050 hac
262 2993 566 3065 exemplum
588 2990 742 3049 suum
765 2998 960 3050 nomen
982 2992 1196 3049 s‘iluiSse
1217 2983 1424 3049 dicunt.
1458 2992 1564 3048 Sed
1589 2986 1711 3063 qui;

126 3088 264 3143 libct
306 3088 500 3142 borum
543 3085 726 3150 fuerit,
771 3082 1047 3141 sciendum
1095 3078 1199 3151 est,
1240 3086 1367 3156 quia
1407 3085 1475 3141 de
1500 3082 1711 3141 Domini

1810 1903 1928 1985 rum
1955 1891 2298 1977 praedixerat,
2325 1908 2467 1979 quod
2487 1903 2724 1965 nondum
2758 1906 3037 1985 videbant:
3080 1894 3218 1985 Quia
3255 1923 3386 1985 ergo

1812 1984 1926 2051 liacc
1946 1987 2003 2051 et
2045 1995 2348 2065 huiusmodi
2394 1998 2461 2053 de
2513 1997 2603 2075 illo
2645 1984 3020 2069 loquebantur;
3051 1984 3278 2073 contigit
3329 1984 3364 2057 u

1810 2080 1973 2140 etiam
2005 2084 2174 2151 illum,
2198 2100 2357 2156 quem
2394 2084 2671 2142 absentem
2710 2078 2992 2159 putabant,
3033 2079 3390 2161 corporaliter

1810 2166 2079 2251 viderent,
2103 2184 2157 2230 et
2186 2166 2238 2230 in
2263 2175 2349 2232 bi's
2367 2175 2531 2231 etiam
2553 2178 2620 2232 ad
2642 2167 2876 2232 litteram
2904 2166 3055 2249 suam
3078 2172 3393 2251 promissio-

1814 2253 1939 2319 nem
1960 2250 2221 2320 “eminus
2254 2264 2603 2335 adimpleret,
2636 2267 2688 2321 in
2719 2260 2822 2339 qua
2844 2266 3029 2349 “dicit:
3075 2250 3095 2323 ᾇ
3146 2270 3248 2329 Ubi
3277 2271 3397 2340 fue-~

1815 2357 1925 2412 rint
1951 2357 2057 2412 duo
2077 2357 2160 2412 vel
2185 2369 2296 2412 tres
2316 2360 2626 2433 congregati
2656 2350 2709 2433 in
2744 2346 2966 2421 nomine
2992 2378 3136 2428 meo,
3173 2364 3245 2419 ibi
3270 2348 3394 2423 Sunt

1817 2448 1869 2503 in
1892 2448 2070 2523 medio
2098 2463 2283 2533 eorum
2309 2447 2525 2534 (Matth.
2553 2447 2730 2595 xvmf.
2764 2455 2791 2529 ὁ¹
2831 2444 2984 2533 Unde
3023 2461 3080 2509 et
3105 2456 3352 2513 subditur
3377 2450 3392 2512 ἐ

1894 2557 1914 2591 ‹
1954 2538 2021 2594 Ει
2044 2538 2244 2595 factum
2268 2547 2369 2595 est.
2405 2530 2532 2595 dum
2559 2540 2681 2595 fabu
2707 2536 2929 2595 arentur
2948 2553 3004 2595 et
3027 2560 3209 2595 secum
3252 2563 3392 2595 mm.

1894 2557 1914 2591 ‹
1954 2538 2021 2594 Ει
2044 2538 2244 2618 factum
2268 2527 2369 2617 est,
2405 2530 2532 2596 dum
2559 2527 2929 2618 fabularentur
2948 2553 3004 2600 et
3027 2560 3210 2602 secum
3252 2563 3393 2618 qua:-

1823 2649 1842 2682 ι
1875 2640 2083 2696 rerent,
2106 2614 2161 2687 et
2181 2616 2295 2702 ipse
2314 2631 2472 2689 Jesus
2495 2614 2931 2705 appropinquans
2953 2636 3065 2693 ibat
3088 2654 3208 2695 cum
3227 2626 3397 2699 illis.‘

1818 2718 1919 2775 Ubi
1945 2705 2582 2805 notanduquiajuiita
2607 2725 2802 2780 mentis
2827 2725 3041 2782 illorum
3057 2709 3397 2805 qualitaiem,

1816 2805 2076 2890 Dominus
2104 2797 2257 2868 Silani
2295 2798 2548 2890 formavit
2583 2816 2997 2886 apparitionem.
3029 2812 3106 2874 illi
3149 2802 3292 2877 enim
3339 2808 3409 2877 in

1815 2894 1977 2956 corde
2001 2887 2287 2977 Dominum
2311 2887 2589 2972 amabant,
2621 2905 2714 2960 sed
2742 2905 2808 2961 de
2835 2904 2951 2976 ejus
2995 2892 3395 2985 resurrectione

1816 2984 2151 3077 dubitabant.
2179 2996 2440 3055 Dominus
2481 3007 2660 3054 autem
2706 3000 2787 3055 eis
2821 2994 2875 3056 in
2917 2988 3146 3078 corpore
3168 3020 3397 3078 appare-

1817 3073 1927 3150 bat,
1976 3073 2072 3141 sed
2115 3086 2237 3156 quis
2282 3096 2427 3143 esset
2465 3104 2570 3143 non
2613 3076 3037 3170 demonstrabat.
3085 3073 3400 3168 Quia—ergo

131 3177 535 3234 resurrectione
576 3177 727 3232 dubii
763 3178 833 3233 ab
854 3176 1156 3232 Jerusalem
1195 3178 1540 3243 recedebant,
1569 3176 1711 3248 quod
1741 3157 1787 3221 Ο
1820 3176 2077 3263 amabant
2102 3178 2392 3234 videbant:
2417 3179 2541 3249 quia
2567 3162 2696 3255 vero
2740 3181 2807 3265 de
2844 3171 2969 3263 ejus
3004 3157 3402 3259 resurrectione

136 3285 248 3324 non
266 3269 437 3328 solum
460 3268 661 3335 verbis,
690 3269 785 3325 sed
807 3269 973 3324 etiam
997 3268 1155 3324 factis
1180 3270 1281 3338 ipsi
1318 3270 1709 3325 demonstrant.

141 3358 247 3425 Qui
267 3360 408 3414 enim
433 3374 597 3431 usque
620 3360 671 3414 in
699 3361 913 3416 tertiam
933 3360 1075 3416 diem
1099 3360 1152 3414 in
1186 3359 1483 3417 Jerusalem
1525 3375 1714 3430 exspe-

142 3452 438 3516 ctaverant,
464 3452 794 3507 aestimantes
811 3466 934 3506 eum
967 3450 1126 3506 tertia
1150 3451 1238 3507 die
1260 3460 1710 3518 resurrecturum,

136 3537 282 3592 sicut
320 3537 430 3607 ipse
466 3540 825 3609 promiserat,
863 3541 989 3611 quia
1033 3540 1378 3610 sponsionem
1419 3557 1525 3598 non
1564 3541 1715 3598 vide-

133 3634 280 3690 rant,
301 3624 628 3694 dubitantes,
653 3629 720 3684 ab
740 3627 1037 3684 Jerusalem
1053 3629 1395 3685 recedebant.
1429 3629 1538 3686 Sed
1566 3631 1715 3702 igno-

131 3716 391 3772 scendtIm
427 3726 511 3773 est
552 3733 739 3774 eorum
777 3718 1076 3790 fragilitati,
1108 3720 1385 3791 quoniam,
1410 3720 1549 3776 sicut
1584 3722 1716 3777 dicit

131 3808 466 3877 evangelista
484 3850 498 3874 ,
526 3810 761 3865 nondum
786 3820 902 3866 erat
921 3808 1158 3882 Spiritus
1179 3813 1356 3878 datus,
1380 3831 1398 3863 ‹
1418 3814 1543 3884 quia
1556 3812 1714 3870 Jesus

132 3899 580 3955 nondumiuerat
616 3900 950 3972 gloriﬁcatus
990 3902 1174 3974 (loan.
1203 3904 1323 3976 vn).
1355 3923 1373 3955 ι
1404 3904 1556 3961 Unde
1575 3905 1713 3961 bene

132 3990 388 4064 spatium
413 3990 655 4058 itineris,
708 4008 816 4063 quo
864 3994 1181 4061 tendebant,
1219 4010 1406 4051 eorum
1443 3997 1714 4054 mentibus

132 4091 438 4152 congruere
456 4083 688 4137 videtur.
722 4083 1017 4155 Sexaginta
1035 4087 1182 4142 enim
1205 4088 1381 4143 stadia
1400 4089 1469 4145 ab
1492 4084 1712 4144 Jerusa-

133 4173 236 4227 lem
262 4187 433 4242 usque
480 4175 739 4232 Emmaus
786 4189 1160 4234 numerantur.
1207 4179 1453 4236 Stadium"
1493 4179 1636 4237 enim
1681 4196 1711 4235 a

133 4263 331 4320 stando
353 4265 556 4320 dictum
598 4276 700 4334 est,
740 4268 821 4322 vel
872 4269 1176 4338 statuendo,
1224 4285 1294 4327 eo
1330 4271 1473 4340 quod
1512 4280 1714 4327 munus

133 4358 352 4428 aliquod
378 4358 431 4413 in
458 4360 748 4423 cenulam
791 4368 1118 4417 statueretur
1156 4362 1225 4417 ad
1267 4362 1711 4420 exercitationem

134 4450 485 4505 currentium.
512 4450 728 4508 Etcum
750 4454 886 4523 apud
914 4462 1125 4510 veteres
1145 4454 1440 4509 stadiorum
1463 4469 1714 4511 mensura

134 4540 351 4596 diversa
394 4542 694 4609 habeatur,
737 4541 962 4613 legitimi
1006 4552 1187 4600 tamen
1228 4543 1391 4599 stadii
1441 4553 1716 4601 auctorem

135 4631 426 4688 Herculem
452 4634 692 4700 tradunt,
716 4634 807 4705 qui
832 4636 933 4690 sub
958 4649 1067 4690 uno
1106 4634 1346 4691 anhelitu
1373 4644 1593 4693 centum
1631 4639 1718 4694 vi-

134 4725 271 4796 ginti
307 4726 550 4796 quinque
587 4742 782 4797 passus
807 4728 1116 4784 cucurrisse
1138 4728 1358 4796 dicitur,
1386 4744 1449 4786 ac
1470 4744 1566 4800 per
1591 4731 1719 4796 hoc,

134 4817 174 4871 si
197 4825 354 4872 recte
378 4825 741 4888 computetur,
768 4819 1047 4890 sexaginta
1087 4817 1262 4875 stadia
1286 4823 1572 4892 septimum
1598 4821 1719 4876 mil-

134 4907 352 4964 liarium
388 4917 443 4964 et
487 4911 767 4965 dimidium
810 4911 1102 4981 complent.
1136 4912 1202 4966 Et
1253 4927 1344 4967 sex
1391 4914 1608 4982 quidem
1650 4914 1717 4968 ad

133 5000 276 5057 bona
302 5017 467 5072 opera
500 5004 795 5071 pertinent,
819 5004 947 5073 quia
989 5008 1082 5059 se'x
1110 5006 1224 5060 dies
1263 5014 1392 5060 sunt
1430 5007 1484 5060 in
1525 5006 1721 5076 quibus

135 5090 260 5146 licet
288 5093 504 5161 operari
531 5111 544 5147 :
576 5102 782 5164 septem
819 5102 998 5149 autem
1038 5096 1108 5151 ad
1128 5095 1370 5165 requiem
1386 5086 1718 5164 ~animarum,

135 5182 261 5252 quia
286 5183 527 5252 septimo.
547 5184 635 5238 die
660 5184 924 5253 requievit
948 5184 1089 5241 Deus
1110 5184 1178 5239 ab
1197 5184 1448 5239 omnibus
1466 5186 1721 5255 operibus

135 5273 248 5328 suis
271 5287 289 5326 :
312 5282 438 5328 octo
463 5273 529 5328 ad
557 5277 1032 5340 resurrectionem;
1056 5277 1182 5346 quia
1203 5284 1397 5332 octavo
1431 5276 1519 5331 die
1538 5276 1719 5332 Domi-

136 5381 237 5420 nus
282 5367 600 5421 resurrexit.
643 5366 710 5422 Et
751 5368 851 5439 per
891 5367 1239 5425 Salomonem
1281 5370 1483 5426 dicitur
1517 5389 1530 5425 :
1568 5392 1587 5424 ς
1637 5372 1715 5428 Da

136 5462 320 5524 partes
342 5462 572 5523 septem,
617 5471 823 5512 necnon
873 5466 931 5512 et
957 5466 1080 5513 octo
1123 5458 1319 5530 (Eccle.
1350 5459 1448 5532 χι).
1484 5480 1503 5514 ι
1551 5461 1717 5529 Quasi

134 5544 281 5599 enim
333 5544 581 5615 discipuli
609 5546 695 5601 isti
729 5556 941 5602 sextum
983 5548 1294 5605 milliarium
1336 5550 1459 5606 cum
1489 5552 1719 5611 Domino

136 5636 764 5705 cucurrerant,quando
788 5650 911 5690 eum
938 5637 991 5691 in
1016 5641 1268 5708 praesenti
1314 5640 1422 5696 vita
1464 5643 1517 5697 in
1560 5644 1717 5700 bonis

133 5724 390 5793 operibus
413 5735 822 5799 conversantem
839 5726 1099 5784 viderant.
1118 5729 1282 5797 Quasi
1298 5732 1441 5787 enim
1466 5734 1530 5789 ad
1554 5736 1718 5805 septi-

577 5822 827 5884 Pnnor.
889 5821 1143 5886 CXVIII

1820 3255 2155 3331 dubitabant,
2186 3285 2309 3325 eum
2358 3263 2521 3339 quem
2566 3258 2838 3345 videbant,
2868 3255 2977 3329 non
3007 3255 3399 3346 agnoscebant.

1821 3355 1927 3415 Sed
1948 3358 2082 3428 (quia
2107 3359 2222 3429 ipsa
2247 3359 2514 3414 dubitatio
2557 3358 2612 3437 in
2638 3360 2851 3433 illorum
2878 3365 3148 3422 mentibus
3169 3382 3238 3423 ex
3260 3360 3402 3425 antic‘

1818 3451 1909 3521 qui
1933 3451 2105 3505 hostis
2132 3449 2343 3505 insidiis
2366 3459 2491 3505 nata
2521 3446 2719 3516 fixerat,
2752 3459 2899 3507 recte
2924 3452 3302 3528 subjungitur:

1894 3559 1912 3592 ι
1942 3538 2094 3596 Oculi
2132 3547 2312 3593 autem
2343 3534 2557 3593 illorum
2584 3538 2932 3608 tenebantur,
2958 3557 3028 3598 ne
3072 3558 3197 3599 eum
3238 3537 3402 3618 agno;

1823 3647 1842 3681 ι
1872 3637 2106 3685 scerent.
2140 3646 2159 3679 ι
2189 3626 2535 3683 Tenebantur
2549 3630 2693 3683 enim
2724 3629 2936 3686 illorum
2977 3628 3143 3700 oculi,
3186 3614 3300 3690 sive
3329 3622 3400 3691 ab

1818 3720 1933 3790 ipsa
1957 3718 2310 3785 dubitatione,
2329 3720 2442 3775 sive
2465 3720 2534 3776 ab
2558 3718 2766 3792 antiqui
2786 3714 2959 3780 hostis
2984 3718 3301 3792 tentatione,
3326 3742 3396 3782 ne

1816 3825 1940 3865 eum
1977 3823 2138 3879 quem
2163 3802 2431 3892 videbant.
2467 3804 2794 3879 cognoscere
2831 3802 3070 3887 possent.
3110 3814 3213 3884 Qui
3252 3818 3397 3873 enim

1814 3898 2033 3969 propria
2062 3899 2261 3953 virtute
2290 3916 2320 3954 a
2363 3900 2593 3956 m‘ortuis
2625 3903 2939 3982 resurrexit,
2972 3904 3029 3959 in
3074 3920 3179 3977 qua
3218 3909 3402 3979 specie"

1816 3989 2007 4056 voluit,
2032 3983 2307 4061 diScipulis
2329 3988 2600 4061 apparuit.
2638 3990 2792 4047 Unde
2810 3992 2949 4049 bene
2992 3995 3128 4052 alius
3168 3990 3399 4070 evange4

1818 4080 1938 4136 lista
1978 4081 2146 4138 dicit:
2177 4100 2194 4133 ι
2228 4081 2358 4138 Post
2384 4082 2500 4139 haec
2541 4085 2792 4154 apparuit
2836 4085 3043 4142 duobus
3087 4086 3154 4142 ex'
3192 4088 3299 4146 illis
3336 4080 3395 4147 in

1824 4194 1840 4227 ι
1874 4175 1980 4232 alia
2004 4163 2178 4249 elligie
2203 4174 2396 4247 (Marc.
2426 4175 2559 4248 XVI).
2586 4196 2605 4230 ι
2852 4252 2857 4256 δ
2953 4251 2956 4255 ἢ

1895 4286 1913 4319 ι
1947 4267 2015 4323 Et
2038 4268 2117 4323 ait
2141 4268 2209 4323 ad
2234 4268 2393 4323 illos:
2425 4266 2525 4335 Qui
2565 4278 2693 4324 sunt
2717 4269 2770 4325 bi
2794 4256 3073 4328 sermones
3101 4258 3237 4344 quos
3266 4270 3397 4331 con;

1825 4354 1843 4409 ἆ
1876 4357 2028 4413 fertis
2076 4358 2144 4412 ad
2182 4357 2414 4413 invicem
2456 4358 2817 4426 ambulantes,
2857 4368 2912 4415 et
2938 4363 3069 4418 estis
3108 4365 3333 4421 tristes?
3369 4388 3390 4422 ι

1821 4449 1937 4505 Non
1981 4449 2238 4522 ignorans
2282 4448 2542 4519 Dominus
2580 4446 2926 4522 interrogavit
2966 4453 3109 4523 quod
3150 4452 3401 4526 discipuli

1822 4540 2195 4610 loquerentur;
2229 4539 2325 4595 sed
2358 4536 2429 4594 ex'
2468 4545 2656 4594 eorum
2698 4538 2966 4596 locutione
2997 4541 3176 4597 cordis
3222 4540 3406 4614 requi-'

1822 4631 1948 4687 sivit
1977 4628 2394 4695 cOnfeSsibne‘m,
2428 4639 2488 4685 ut
2512 4630 2826 4701 impleretur
2878 4631 2931 4684 in
2968 4632 3073 4687 illis
3101 4634 3243 4704 quod
3269 4634 3396 4694 alibi

1822 4710 1991 4778 dicli:
2027 4742 2045 4774 ι
2078 4722 2188 4777 Ant
2206 4736 2274 4776 ex
2302 4733 2397 4777 ore
2423 4730 2515 4776 tuo
2529 4720 2935 4791 justiﬁcabcris,
2970 4723 3064 4778 aut
3087 4724 3153 4780 ex
3192 4714 3286 4783 ore
3310 4737 3403 4783 tuo

1822 4811 2278 4867 condemnaberis
2303 4810 2518 4882 (Matth.
2561 4808 2682 4882 xu).
2721 4830 2739 4862 ι
2774 4801 2967 4868 Meritb
2989 4802 3170 4872 aulem
3217 4817 3403 4874 tristes

1824 4902 2195 4967 ambulabant,
2224 4917 2362 4972 quos
2391 4900 2524 4956 ﬁdes
2545 4898 2964 4959 resurrectionis
2991 4907 3225 4962 nondum
3264 4907 3403 4964 lani-

1829 4992 2102 5046 licaverat.
2129 4990 2378 5046 Nondum
2423 4991 2566 5045 enim
2593 4994 2712 5046 erat
2737 4991 3013 5063 impletum
3044 4995 3101 5050 in
3128 4995 3231 5060 illis
3254 5000 3400 5068 quod

1827 5083 2088 5140 Dominus
2125 5078 2539 5156 repromiserat,‘
2580 5073 2805 5141 dicens:
2860 5103 2879 5137 ι
2935 5086 3176 5143 Tristitia
3221 5095 3403 5148 vestra'

1826 5185 2069 5233 vertetur
2099 5178 2151 5233 in
2176 5166 2427 5248 gaudium
2457 5175 2636 5246 (Joan.
2665 5176 2778 5249 xvi)
2806 5195 2819 5230 :
2857 5197 2876 5230 ι
2906 5177 2999 5233 sed
3024 5179 3200 5236 adhuc
3220 5181 3274 5238 in
3311 5182 3403 5238 illa

1827 5266 2096 5327 sententia
2146 5270 2499 5332 tenebantur,
2544 5282 2665 5336 qua:
2693 5268 2769 5323 ait
2815 5286 2828 5322 :
2885 5287 2902 5319 ι
2953 5266 3183 5327 Mundus
3219 5260 3401 5327 autem
3482 5302 3497 5307 —

1826 5360 2098 5431 gaudebit,
2129 5374 2223 5414 vos
2252 5372 2380 5414 vero
2406 5358 2753 5414 tristabimini
2782 5355 2999 5431 (Ibid.):‘
3030 5381 3048 5412 ι
3074 5350 3209 5417 Nam
3246 5359 3406 5432 cujus

1825 5454 1902 5509 rei
1917 5453 2097 5529 gratia
2123 5452 2304 5507 tristes
2327 5450 2660 5517 incederent,
2682 5466 2823 5507 unus
2852 5444 3059 5517 eorum,
3093 5453 3178 5508 cui
3202 5464 3406 5511 nomen

1823 5543 2111 5613 Cleophas,
2140 5541 2396 5608 ostendit,
2419 5556 2544 5597 cum
2573 5542 2649 5598 ait
2675 5555 2689 5595 :
2841 5609 2847 5616 _

1895 5635 2027 5690 iTu
2073 5626 2219 5697 solus
2262 5632 2699 5703 p‘eregrinus‘es
2726 5633 2780 5687 in
2819 5623 3153 5695 Jerusalem,
3196 5640 3251 5685 et
3293 5636 3405 5687 non

1832 5751 1850 5785 ι
1880 5716 2177 5802 cognovisti
2204 5740 2323 5798 quae
2350 5723 2494 5785 facta
2533 5734 2658 5781 sunt
2687 5723 2741 5781 in
2773 5722 2862 5777 illa
2888 5721 2974 5776 his
2997 5720 3225 5777 diebus?
3266 5740 3285 5775 ι
3322 5721 3405 5777 Are
