3934 6346
536 308 641 366 159

1146 297 1493 356 llAYMONlS
1532 296 2008 355 HALBERSTAT.
2075 296 2286 353 EPiSC.
2325 297 2477 359 OPP.
2520 298 2697 355 PARS
2737 300 2801 354 ll.
2840 332 2909 340 —
2947 300 3176 357 llOMlL.

3698 308 3793 366 460

536 424 582 479 si
610 421 852 479 diceret:
884 415 1163 485 Quomodo
1188 430 1255 470 ex
1279 414 1529 469 omnibus
1562 422 1617 468 tu
1643 413 1788 470 solus
1832 427 2114 469 remanere
2142 417 2187 478 Α
2219 412 2371 467 fortis
2409 413 2676 484 restringe
2698 412 2964 468 luxuriam
2990 413 3111 482 (Job
3158 414 3409 488 xxxviii).
3445 435 3465 469 ι
3500 416 3653 475 Hinc
3678 422 3794 480 etin

535 514 780 587 potuisti,
805 520 865 567 ut
885 511 1160 582 ignorares
1188 521 1250 563 ea
1271 522 1391 578 quas
1420 504 1559 561 facta
1582 514 1707 560 sunt
1730 505 1814 560 his
1838 506 2026 561 diebus
2054 505 2107 560 in

538 603 854 668 Jerusalem,
881 599 1114 655 maxime
1140 605 1338 665 autem,
1366 613 1488 653 cum
1524 605 1746 668 propter
1784 596 2110 667 magnitudi-

538 712 664 751 nem
706 708 857 749 suam
901 691 1031 747 nulli
1072 706 1193 748 esse
1237 690 1508 763 incognita
1546 691 1790 762 possint?
1830 689 1937 746 Sed
1982 689 2111 744 illud

540 783 1055 858 praetermittendum
1077 797 1184 838 non
1209 790 1314 850 est,
1359 784 1503 853 quod
1530 784 1585 839 in
1621 783 1891 856 peregrini
1931 781 2112 852 specie

541 874 800 930 Dominus
825 881 946 944 post
981 886 1136 928 suam
1157 861 1611 928 resurrectionem
1639 871 1916 944 discipulis
1944 886 2110 941 appa-

540 980 662 1020 rere
704 962 891 1019 voluit.
939 962 1266 1033 Peregrinus
1307 963 1452 1018 enim
1484 970 1602 1019 erat
1643 964 1768 1030 illis,
1811 978 1843 1017 a
1884 977 2117 1035 quorum

540 1052 869 1110 mortalitate
910 1052 1065 1123 longe
1094 1052 1348 1108 distabat.
1391 1051 1518 1108 Sive
1562 1064 1708 1109 certe
1748 1053 1801 1107 in
1843 1052 2114 1124 peregrini

541 1143 720 1216 specie
744 1140 1015 1213 apparuit,
1038 1148 1096 1195 ut
1119 1155 1304 1195 eorum
1337 1150 1543 1197 mentes
1572 1141 1641 1195 ad
1684 1140 2113 1197 misericordiam

539 1220 882 1304 provocaret,
914 1238 969 1285 et
990 1244 1113 1284 eum
1141 1244 1300 1300 quem
1330 1229 1498 1286 Deum
1538 1230 1781 1301 nondum.
1821 1244 2112 1300 cognosce-

537 1326 694 1390 bant,
731 1322 919 1378 saltem
964 1329 1023 1376 ut
1056 1322 1399 1393 peregrinum
1432 1329 1699 1377 amarent.
1742 1319 1800 1375 In
1844 1318 2114 1391 peregrini

541 1418 720 1490 specie
761 1430 975 1486 quoque
1016 1415 1298 1486 apparuit,
1343 1424 1404 1470 ut
1427 1430 1550 1481 nos,
1591 1416 1684 1486 qui
1732 1406 1971 1471 membra
2000 1414 2117 1484 ejus

2212 506 2368 562 laude
2392 505 2591 577 Joseph
2635 506 2840 562 dictum
2879 518 2965 563 est
2996 525 3010 564 :
3041 527 3059 560 ι
3120 507 3265 565 Misit
3309 518 3436 565 ante
3483 527 3592 569 eos
3632 515 3793 570 virum

2213 597 2365 670 (Cen.
2396 596 2542 670 ην).
2577 617 2596 651 ι
2625 599 2761 656 Hine
2785 602 2946 657 etiam
2976 602 3259 659 Psalmista
3280 618 3382 660 nos
3405 605 3698 672 admonet,
3725 610 3791 664 di-

2212 705 2380 745 cens:
2427 707 2447 741 c
2486 688 2731 755 Viriliter
2752 692 2916 760 agite,
2946 701 3003 747 et
3043 692 3381 750 coulortetur
3405 710 3507 750 cor
3533 703 3787 765 vestrum,

2214 795 2402 839 omnes
2423 783 2517 852 qui
2537 784 2769 852 speratis
2792 784 2844 838 in
2863 784 3090 840 Domino
3108 784 3279 857 (Prol.
3303 786 3458 859 xxx).
3493 806 3517 840 ι
3551 787 3789 846 Sedlicet

2213 874 2279 928 de
2295 873 2411 941 ejus
2431 877 2827 931 resurrectione
2840 876 2987 931 dubii
3007 890 3115 932 non
3130 892 3198 932 ex
3213 885 3330 933 toto
3344 878 3606 949 discipuli
3630 889 3787 947 erant,

2213 978 2335 1018 cum
2347 964 2629 1019 Dominum
2643 965 3020 1036 prephetarum
3035 968 3350 1038 prophetam
3364 984 3501 1024 voca
3509 970 3671 1033 bant,
3682 986 3783 1026 nan

2212 1063 2269 1109 et
2290 1055 2401 1126 ipse
2427 1056 2493 1110 de
2514 1056 2694 1127 seipso
2715 1057 2790 1111 ait
2813 1071 2828 1111 :
2857 1076 2875 1110 ι
2904 1057 3019 1113 Non
3034 1068 3118 1114 est
3137 1061 3401 1130 prOpheta
3422 1061 3554 1117 sine
3580 1065 3781 1129 honore,

2216 1144 2318 1199 nisi
2349 1145 2404 1199 in
2431 1146 2605 1215 patria
2631 1161 2730 1201 sua
2755 1146 2973 1219 (Matth.
3018 1148 3162 1220 stu).
3193 1168 3213 1202 ι
3247 1149 3313 1203 Ει
3350 1150 3560 1206 iterum
3590 1168 3604 1204 :
3633 1170 3654 1203 ί
3685 1149 3781 1207 Non

2214 1245 2426 1305 oportet
2436 1238 2750 1307 prophetam
2772 1239 2944 1294 occidi
2961 1248 3115 1293 extra
3128 1237 3426 1295 Jerusalem
3442 1240 3611 1312 (Lac.
3627 1243 3776 1314 xm)»

2216 1326 2282 1381 Et
2302 1328 2353 1382 in
2386 1327 2504 1397 ejus
2523 1344 2756 1397 persona
2775 1346 2876 1401 per
2896 1330 3115 1403 Moysen
3142 1332 3341 1387 dicitur
3368 1352 3382 1386 :
3415 1352 3438 1385 ι
3471 1333 3778 1404 Prophetaut

2217 1418 2368 1473 vobis
2392 1418 2677 1474 suscitabit
2701 1420 2844 1476 Deus
2882 1421 2949 1477 de
2992 1422 3251 1478 fratribus
3289 1424 3515 1489 vestris,
3552 1433 3777 1495 tanquam

540 1523 748 1571 sumus,
780 1508 835 1562 in
856 1508 959 1561 hac
981 1507 1091 1561 vita
1135 1506 1450 1578 peregrinos
1496 1514 1551 1562 et
1598 1508 1833 1562 advenas
1862 1521 1961 1561 nos
1994 1520 2143 1577 esse_
2200 1524 2332 1579 Jne:
2351 1511 2526 1581 ipsum
2551 1511 2782 1568 audietis
2805 1511 2984 1585 (Deut.
3008 1515 3186 1584 xvut).
3219 1533 3241 1568 θ
3265 1514 3471 1571 Potens
3491 1518 3775 1586 primumin

541 1601 856 1658 sentiamus.
887 1597 1215 1669 Peregrinus
1252 1598 1396 1653 enim
1437 1597 1614 1654 dictus
1641 1605 1743 1663 est,
1791 1597 1945 1668 quasi
1993 1612 2117 1667 per-

535 1680 676 1764 gens
699 1690 929 1760 longius,
967 1689 1080 1745 sive
1098 1703 1394 1759 peragrans
1427 1688 1621 1743 aliena.
1650 1687 1766 1756 Quo
1797 1686 2015 1742 nomine
2040 1685 2116 1741 illi

2217 1617 2404 1673 opere,
2436 1603 2630 1658 deinde
2658 1605 2710 1659 in
2736 1619 2985 1661 sermone
3012 1606 3242 1661 dicitur:
3272 1608 3400 1677 quia
3448 1610 3604 1678 quod
3631 1610 3775 1665 docuit

2218 1692 2418 1758 verbis,
2432 1693 2669 1748 ostendit
2691 1694 2975 1765 exemplis,
3001 1697 3143 1751 sicut
3171 1697 3437 1768 scriptum
3464 1706 3595 1753 est:
3627 1718 3644 1750 ι
3670 1698 3775 1766 Qui:

540 1770 853 1847 censentur,
885 1780 976 1850 qui
1007 1794 1039 1833 a
1081 1768 1301 1850 proprio
1331 1778 1446 1835 solo
1470 1778 1700 1850 expulsi,
1729 1777 1962 1833 reditum
1995 1781 2193 1845 cumB
2221 1783 2386 1854 coepit
2429 1783 2591 1840 Jesus
2628 1784 2809 1842 facere
2851 1797 2907 1843 et
2948 1788 3147 1845 docere
3195 1791 3336 1862 (Act.
3384 1793 3451 1863 ι).
3488 1812 3509 1845 ι
3549 1793 3771 1849 Ordinala

544 1871 744 1942 gemitu
766 1869 1060 1939 suspirant.
1108 1869 1176 1923 Et
1204 1883 1302 1923 nos
1349 1883 1563 1940 quoque
1591 1867 1680 1937 qui
1712 1867 1947 1938 paradisi
1985 1880 2118 1936 gau-

543 1961 630 2016 dia
663 1960 961 2025 amisimus,
994 1958 1234 2029 quandiu
1273 1956 1325 2012 in
1351 1959 1454 2013 hac
1478 1958 1589 2013 vita
1618 1972 1825 2021 sumus,
1863 1956 1918 2010 in
1946 1956 2120 2010 aliena

539 2049 712 2124 patria
757 2048 1127 2104 consiStimus.
1181 2045 1334 2103 Unde
1380 2060 1604 2102 necesse
1652 2054 1736 2108 est
1778 2054 1839 2100 ut
1882 2044 2123 2115 quotidie

539 2158 663 2199 cum
687 2142 886 2214 gemitu
909 2141 976 2196 ad
996 2140 1268 2212 propriam
1306 2139 1537 2210 patriam
1581 2137 1758 2192 redire
1783 2136 2121 2202 festinemus,

542 2235 786 2289 dicentes
830 2247 952 2310 cum
998 2231 1253 2302 Apostolo
1286 2271 1299 2285 .
1337 2250 1355 2282 ι
1392 2231 1544 2295 ,Βυιιι
1585 2244 1772 2285 sumus
1793 2229 1861 2283 .in
1897 2241 2124 2298 corpore

539 2325 956 2397 pcregrinamur
975 2339 1007 2378 a
1035 2324 1263 2378 Domino
1292 2340 1305 2376 :
1335 2324 1589 2394 quoniam
1611 2337 1717 2377 non
1748 2322 2009 2377 habemus
2035 2320 2123 2375 hic

540 2424 854 2471 manentem
877 2415 1172 2481 civitatem,
1195 2417 1288 2471 sed
1314 2414 1550 2470 futuram
1573 2414 1896 2484 inquirimus
1920 2412 1972 2483 (1
1998 2410 2118 2466 Cor.

538 2506 618 2577 v).
648 2527 669 2561 ι
701 2506 755 2561 ln
783 2507 886 2561 hac
913 2506 1348 2576 peregrinatione
1374 2520 1434 2561 se
1461 2519 1581 2561 esse
1622 2504 1905 2560 sentiebat
1929 2501 2121 2566 David,

544 2614 664 2655 cum
695 2598 945 2653 dicebat:
978 2615 994 2648 ι
1025 2596 1287 2664 Quoniam
1317 2596 1535 2651 advenae
1560 2602 1616 2650 et
1636 2593 1908 2664 peregrini
1939 2605 2124 2647 sumus

544 2689 685 2760 apud
713 2698 787 2755 te,
818 2688 957 2743 sicut
979 2702 1168 2743 omnes
1198 2694 1379 2758 patres
1413 2686 1584 2741 nostri
1617 2682 1788 2757 (Psal.
1818 2682 2069 2752 xxxviii).
2099 2700 2118 2733 ι

543 2783 613 2837 Et
643 2782 837 2836 iterum
863 2798 876 2833 :
907 2798 925 2831 ‹
964 2779 1078 2833 Heu
1106 2779 1260 2843 mihi,
1285 2780 1411 2847 quia
1438 2775 1702 2832 iaculatus
1731 2789 1882 2829 meus
1904 2771 2121 2845 prolon-

546 2881 704 2940 gatus
738 2868 848 2925 est!
875 2867 1113 2924 habitari
1145 2884 1267 2923 cum
1298 2867 1668 2922 habitantibus
1689 2862 2123 2930 Cedar,‘multum

540 2961 883 3033 peregrinata
909 2967 992 3016 est
1017 2959 1195 3014 anima
1217 2973 1334 3014 mea
1363 2955 1533 3030 (Psal.
1563 2955 1732 3028 cxlx).
1770 2976 1788 3009 ›
1817 2954 1922 3010 Sed
1952 2955 2126 3009 adhuc

538 3067 734 3108 causas
755 3050 1006 3107 mteroris
1023 3047 1281 3104 Dominus
1303 3047 1611 3119 diligentius
1632 3046 1874 3117 inquirit,
1896 3045 2082 3100 dicens
2108 3062 2120 3099 :

2219 1876 2360 1931 enim
2391 1877 2703 1947 praadicatio
2723 1889 2825 1945 est,
2856 1889 2918 1935 ut
2938 1880 3171 1950 primum
3196 1898 3362 1953 opere
3385 1885 3621 1955 impleas
3659 1890 3772 1957 quod

2218 1974 2406 2036 postea
2442 1970 2623 2025 verbis
2659 1971 2874 2037 doceas,
2916 1972 3070 2042 juxta
3098 1977 3403 2047 exemplum
3454 1978 3680 2044 Domini,
3700 1982 3767 2049 qui

2221 2058 2297 2112 ait
2319 2076 2331 2112 :
2372 2075 2390 2109 ι
2426 2058 2628 2114 Discite
2652 2075 2681 2114 a
2711 2076 2797 2116 me
2821 2063 2946 2132 quia
2979 2064 3127 2119 mitis
3149 2079 3266 2120 sum
3297 2074 3354 2120 et
3376 2068 3602 2123 humilis
3620 2069 3765 2127 corde.

2222 2158 2279 2205 et
2302 2149 2587 2205 invenietis
2614 2151 2855 2222 requiem
2889 2154 3173 2211 animabus
3195 2158 3720 2231 vestris(HauIt.xr).
3745 2178 3761 2211 ι

2222 2239 2367 2295 Bene
2393 2238 2613 2310 quidem
2662 2241 2896 2312 primum
2937 2259 3123 2300 coram
3174 2246 3319 2313 Deo,
3371 2248 3571 2304 deinde
3617 2265 3761 2305 ctu-am

2221 2330 2369 2384 omni
2397 2331 2592 2401 populo
2619 2342 2809 2401 potens
2840 2349 2963 2391 esse
2987 2324 3220 2404 dicitur,
3259 2348 3317 2393 ut
3351 2340 3404 2394 in
3450 2340 3600 2395 omni
3634 2355 3760 2409 opere

2223 2430 2348 2479 ante
2373 2424 2555 2478 omnia
2584 2423 2695 2480 Deo
2726 2425 2943 2496 placere
2978 2430 3313 2487 studeamus.
3368 2431 3487 2487 Non
3516 2433 3653 2487 enim
3678 2432 3758 2502 pri-

2223 2529 2369 2568 mum
2400 2514 2717 2585 placendum
2737 2525 2822 2572 est
2850 2519 3183 2588 hominibus,
3211 2522 3307 2576 sed
3337 2523 3562 2592 primum
3580 2523 3761 2593 placere

2223 2604 2482 2660 debemus
2503 2606 2637 2672 Deo,
2686 2607 2882 2665 deinde
2924 2610 3277 2667 hominibus:
3309 2627 3414 2666 non
3441 2615 3508 2667 ob
3546 2619 3760 2667 nostram

2223 2694 2469 2764 gloriam,
2498 2696 2593 2751 sed
2618 2704 2679 2751 ut
2699 2698 2800 2768 ipsi
2827 2699 3076 2756 homines
3103 2701 3355 2772 placeant
3386 2703 3504 2766 Deo,
3545 2703 3629 2757 cui
3666 2716 3761 2756 nos

2223 2783 2435 2854 placere
2462 2785 2714 2850 viderint,
2738 2784 2893 2854 juxta
2922 2789 3065 2858 quod
3097 2790 3353 2847 Dominus
3385 2807 3472 2846 nos
3495 2791 3747 2855 admouet,

2226 2875 2412 2931 dicens
2441 2893 2455 2930 :
2489 2894 2507 2928 ι
2543 2875 2745 2932 Luceat
2784 2878 2877 2933 lux
2914 2888 3098 2937 vestra
3133 2895 3324 2937 coram
3365 2882 3672 2947 hominibus,
3697 2890 3759 2935 ut

2226 2967 2445 3025 videant
2487 2978 2669 3026 vestra
2709 2971 2851 3027 bona
2893 2987 3080 3042 opera,
3130 2982 3184 3031 et
3232 2974 3525 3046 gloriﬁcent
3567 2973 3759 3029 Patrem

2229 3069 2488 3128 vestrum,
2512 3063 2603 3133 qui
2632 3062 2686 3117 in
2716 3064 2867 3120 caelis
2896 3064 3211 3139 estKMauh.
3236 3070 3312 3140 v).
3346 3087 3366 3121 ι
3391 3068 3456 3123 Et
3471 3066 3759 3138 Apostolus:

618 3164 637 3195 ι
673 3142 847 3211 Quae?
881 3161 900 3194 ι
945 3139 1016 3196 At
1057 3139 1132 3195 illi
1168 3140 1310 3195 unde
1346 3139 1529 3194 tristes
1561 3146 1742 3194 essent
1775 3143 2122 3208 aperuerunt,
2154 3131 2197 3194 C
2234 3171 2252 3205 ι
2290 3131 2640 3209 Ρι-ογίάθίιιεε
2668 3155 2831 3220 bona,
2874 3131 3238 3213 “cnnamum
3270 3131 3477 3215 'coram
3518 3131 3649 3224 beo,
3686 3156 3762 3211 sed

542 3235 786 3291 dicentes
832 3251 845 3287 :
901 3232 935 3284 ι’
970 3230 1047 3287 De
1078 3229 1205 3287 Jesu
1246 3229 1547 3296 Nazareno,
1598 3229 1688 3299 qui
1724 3227 1827 3283 fuit
1860 3228 1944 3283 vir
1995 3243 2125 3298 pro—

549 3344 568 3376 ι
598 3325 778 3395 pheta,
810 3329 1001 3393 potens
1024 3320 1079 3376 in
1122 3335 1285 3391 opere
1327 3328 1380 3376 et
1421 3335 1671 3376 sermone
1715 3335 1895 3376 coram
1927 3319 2039 3375 Deo
2073 3325 2128 3373 et

549 3435 568 3467 ι
599 3415 746 3470 omni
775 3412 992 3485 populo.
1032 3431 1052 3466 ι
1090 3410 1273 3468 Virum
1317 3419 1371 3468 ct
1401 3413 1716 3484 prophetam
1754 3419 2041 3477 testantur,
2072 3417 2129 3464 et

545 3506 743 3562 Filium
769 3504 865 3559 Dei
892 3512 1073 3560 tacent
1107 3523 1120 3558 :
1153 3503 1239 3559 vel
1280 3502 1408 3573 quia
1434 3503 1584 3559 dubii
1613 3503 1678 3558 de
1720 3500 1837 3570 ejus
1881 3515 2127 3557 resurre-

542 3598 726 3654 ctione
770 3597 838 3652 ab
884 3596 1181 3653 Jerusalem
1234 3596 1574 3662 recedebant,
1604 3594 1688 3650 vel
1725 3594 1852 3664 quia
1900 3593 2126 3649 insidias

545 3688 855 3746 Judzeorum
901 3689 1234 3743 metuebant.
1299 3686 1418 3741 Jam
1482 3686 1624 3741 enim
1683 3686 2127 3755 conspiraverant

538 3780 754 3847 Judrei,
782 3787 841 3834 ut
893 3781 940 3835 si
988 3780 1110 3850 quis
1176 3794 1296 3833 cum
1345 3777 1695 3834 conﬁteretur
1732 3778 1934 3846 palam,
1976 3785 2128 3831 extra

545 3884 881 3940 synagogam
907 3868 1082 3922 ﬁeret.
1110 3866 1244 3934 Quia
1274 3881 1401 3936 ergo
1428 3866 1585 3922 Jesus
1608 3866 1833 3922 llebrzeo
1854 3882 2126 3932 sermone,

546 3957 739 4015 Latine
762 3957 1009 4013 Salvator
1037 3958 1255 4022 dicitur,
1279 3965 1427 4013 recte
1466 3957 1569 4013 hoc
1598 3957 1815 4013 nomine
1856 3966 2125 4027 censetur,

547 4049 701 4120 cujus
738 4049 1069 4125 resurrectio
1111 4047 1338 4104 salutem
1367 4048 1711 4104 credentibus
1739 4048 1983 4119 contulit,
2018 4049 2127 4105 sic-

546 4141 627 4197 uti
672 4141 749 4196 ait
782 4134 1057 4211 apbstolus
1077 4138 1268 4196 Petrus
1298 4160 1309 4193 :
1342 4160 1358 4192 ‹
1397 4140 1511 4201 Non
1542 4141 1688 4195 enim
1712 4150 1796 4195 est
1823 4141 1876 4195 in
1904 4142 2011 4197 alio
2033 4142 2131 4197 ali-

547 4251 656 4307 quo
685 4234 854 4304 salus,
885 4249 1060 4305 neque
1097 4234 1239 4290 aliud
1268 4250 1461 4292 nomen
1492 4236 1592 4291 sub
1635 4235 1773 4292 coelo
1818 4238 2003 4293 datum
2046 4246 2131 4293 est

545 4327 877 4391 hominibus,
896 4327 948 4382 in
966 4341 1073 4396 quo
1092 4335 1336 4396 oporteat
1355 4342 1451 4382 nos
1471 4327 1665 4383 salvari
1682 4328 1820 4400 (Act.
1844 4330 1937 4400 tv).
1954 4349 1972 4382 ι
1993 4330 2129 4398 Quia

544 4435 675 4475 vero
703 4416 997 4474 Nazaraius
1020 4419 1405 4488 interpretatur
1429 4428 1670 4486 sanctus,
1702 4421 1805 4477 hoc
1835 4437 2029 4479 nomen
2055 4423 2128 4478 illi

544 4510 793 4582 congruit
816 4511 909 4580 qui
935 4484 1217 4581 peccatum
1252 4526 1358 4565 non
1406 4510 1554 4579 fecit,
1607 4484 1708 4569 nec
1753 4514 2004 4570 inventus
2048 4484 2207 4572 estD

544 4600 699 4656 dolus
737 4600 792 4655 in
820 4616 917 4656 ore
961 4600 1098 4671 ejus.
1128 4601 1204 4656 De
1250 4617 1358 4673 quo
1391 4603 1651 4675 scriptum
1696 4617 1817 4661 est:
1849 4626 1867 4660 ι
1925 4607 2132 4663 Scitote

544 4693 799 4761 quoniam
840 4691 1151 4748 miriﬁcavit
1180 4693 1439 4749 Dominus
1478 4704 1722 4751 sanctum
1750 4713 1905 4753 suum
1953 4697 2125 4770 (Paul.

546 4781 643 4852 tv).
667 4801 685 4832 ι
718 4782 786 4835 Et
806 4783 972 4837 item:
1005 4801 1023 4834 ι
1047 4781 1165 4838 Non
1190 4784 1343 4838 dabis
1366 4776 1611 4840 sanetum
1637 4794 1786 4841 tuum
1807 4788 1994 4843 videre
2007 4803 2133 4843 cor-

544 4870 851 4939 ruptionem
887 4869 1060 4942 (Psal.
1107 4874 1250 4944 cxv).
1284 4893 1302 4927 ι
1354 4875 1496 4930 Bene
1526 4884 1704 4931 autem
1748 4893 1778 4931 a
1829 4878 2128 4948 discipulis,

551 4954 675 5012 licet
699 4972 859 5026 quem
893 4959 1145 5014 videbant
1182 4961 1576 5032 ignorantibus,
1613 4964 1865 5021 Salvator
1898 4969 1984 5021 vir
2027 4983 2126 5038 ap-

548 5043 799 5114 pellatur.
835 5044 932 5101 V’ir
982 5062 1217 5119 namque
1262 5064 1294 5104 a
1337 5052 1539 5108 viribus
1583 5052 1756 5110 dictus
1798 5064 1901 5122 est,
1952 5065 2006 5113 et
2053 5057 2129 5113 illi

552 5129 855 5201 specialiter
878 5133 982 5189 hoc
1003 5150 1196 5191 nomen
1225 5145 1460 5221 aptatur,
1487 5141 1578 5211 qui
1601 5141 1745 5197 solus
1763 5143 1958 5200 diaboli
1986 5146 2131 5204 vires

552 5224 880 5294 resurgendo
924 5240 955 5280 a
999 5228 1228 5284 mortuis
1272 5231 1450 5301 potuit
1487 5232 1828 5306 confringere
1854 5276 1869 5302 ,
1916 5238 1984 5293 de
2021 5254 2129 5309 quo

553 5316 809 5388 srriptum
845 5327 929 5376 est
963 5339 975 5375 :
1016 5339 1035 5373 ‹
1076 5321 1214 5379 Ecce
1238 5325 1342 5389 vir,
1366 5326 1550 5382 oriens
1573 5343 1768 5384 nomen
1800 5330 1915 5399 ejus
1941 5330 2126 5403 (Zach.

548 5407 644 5479 vi).
680 5428 698 5461 ι
730 5409 1013 5467 Discamus
1041 5427 1173 5484 ergo
1198 5422 1253 5468 et
1298 5429 1398 5470 nos
1438 5413 1507 5472 ab
1555 5416 1645 5471 illo
1693 5418 1978 5477 confortati
2025 5424 2130 5479 viri

549 5515 693 5568 esse,
720 5510 781 5556 ut
802 5503 999 5560 diaboli
1043 5505 1431 5562 tentationibus
1464 5506 1673 5566 fortiter
1708 5514 2044 5583 resistamus,
2074 5526 2129 5575 et

550 5599 743 5645 cuncta
767 5593 989 5649 adversa
1012 5594 1242 5649 viriliter
1264 5593 1577 5663 toleremus,
1596 5600 1746 5657 sicut
1769 5602 1898 5660 fecit
1931 5606 2019 5663 ille
2040 5609 2127 5664 cui

552 5672 753 5736 dictum
774 5690 894 5738 est:
932 5702 951 5737 ι
978 5685 1216 5755 Accinge
1235 5685 1375 5743 sicut
1396 5688 1476 5744 vir
1498 5690 1707 5748 lumbos
1734 5703 1874 5763 tuos,
1908 5708 1961 5753 et
1987 5668 2129 5757 sicut

2228 3246 2391 3298 etiam
2428 3259 2610 3299 coram
2648 3245 2899 3302 omnibus
2945 3248 3256 3306 hominibus
3301 3249 3477 3322 (Rom.
3521 3250 3637 3320 xu).
3669 3268 3686 3302 ι
3711 3248 3762 3302 Et

2227 3335 2422 3390 iterum
2454 3351 2468 3389 :
2503 3354 2522 3387 ι
2558 3335 2773 3392 Placete
2800 3338 3076 3406 omnibus,
3111 3341 3250 3396 sicut
3276 3351 3332 3397 et
3370 3357 3474 3413 ego
3496 3357 3595 3412 per
3616 3340 3761 3397 omnia

2228 3424 2477 3481 omnibus
2511 3426 2717 3497 placeo,
2748 3444 2855 3484 non
2889 3445 3137 3500 quaerens
3179 3433 3322 3502 quod
3350 3434 3483 3488 mihi
3519 3442 3606 3489 est
3645 3431 3764 3492 utile.

2229 3517 2321 3571 sed
2347 3518 2490 3587 quod
2526 3520 2730 3585 multis,
2758 3528 2819 3575 ut
2840 3521 2975 3576 salvi
3005 3522 3140 3578 ﬁant
3165 3523 3216 3595 (1
3240 3525 3363 3580 Cor.
3397 3524 3475 3595 κ).
3515 3545 3535 3580 ι

2307 3624 2326 3657 ι
2361 3608 2425 3662 Et
2448 3611 2719 3678 quomodo
2741 3612 3080 3669 tradiderunt
3102 3630 3228 3670 eum
3257 3618 3454 3672 summi
3497 3616 3765 3673 sacerdotes

2236 3714 2255 3747 ι
2293 3704 2347 3752 et
2375 3698 2646 3770 principes
2695 3702 2868 3757 nostri
2918 3703 2974 3758 in
3022 3704 3422 3762 damnationem
3474 3709 3687 3773 mortis,
3726 3714 3765 3759 et

2237 3806 2256 3839 ι
2292 3790 2679 3846 cruciﬁxerunt
2722 3808 2866 3848 eum.
2914 3814 2932 3845 ι
2982 3794 3081 3851 Hic
3119 3796 3247 3852 illud
3289 3799 3545 3869 discipuli
3574 3812 3765 3855 contineo

2231 3890 2464 3948 morant,
2515 3884 2657 3954 quod
2705 3886 2952 3955 superius
2995 3897 3178 3945 textus
3224 3891 3502 3963 Evangelii
3548 3893 3766 3953 declarat.

2231 3970 2461 4040 qualiter
2482 3973 2688 4029 scilicet
2721 3989 2754 4028 a
2800 3978 3029 4034 summis
3068 3980 3443 4037 sacerdotibus
3463 3993 3681 4052 propter
3711 3981 3768 4034 iu-

2231 4063 2427 4118 vidiam
2451 4065 2681 4121 traditus
2699 4066 2770 4121 sit
2796 4068 2863 4122 ad
2893 4070 3335 4143 cruciﬁgendum.
3367 4072 3473 4127 Sed
3514 4073 3639 4128 illud
3660 4085 3769 4143 qut-

2232 4155 2460 4210 rcndum
2489 4165 2591 4219 est,
2616 4172 2789 4227 quare
2821 4159 3006 4215 dicant
3038 4176 3161 4216 eum
3187 4176 3219 4215 a
3265 4161 3606 4232 principibus
3627 4176 3769 4218 sacer-

2232 4248 2417 4301 dotum
2453 4248 2737 4316 traditum,
2769 4265 2892 4306 cum
2920 4251 3159 4323 legamus
3188 4254 3329 4323 quod
3358 4268 3480 4309 eum
3510 4252 3674 4310 Judas
3695 4261 3773 4307 tn-

2232 4338 2447 4406 diderit,
2476 4339 2661 4397 dicens
2692 4362 2706 4397 ς
2741 4360 2760 4393 ι
2791 4342 2928 4410 Quid
2951 4345 3114 4401 vultis
3127 4346 3259 4401 mihi
3284 4347 3436 4412 dare,
3465 4355 3526 4402 et
3545 4345 3775 4419 egorohia

2234 4441 2357 4482 eum
2387 4427 2633 4483 tradam?
2662 4448 2680 4481 ι
2714 4430 2929 4502 (Matth.
2955 4432 3129 4506 xxvr.)
3151 4434 3258 4491 Sed
3282 4450 3348 4490 ex
3379 4436 3483 4491 hac
3516 4437 3771 4507 quaestione

2234 4512 2430 4573 iterum
2445 4520 2619 4586 oritur
2645 4521 2747 4575 alia
2778 4525 3032 4591 qumstio:
3061 4527 3328 4596 quomodo
3349 4525 3517 4582 Judas
3539 4528 3623 4583 vel
3643 4522 3771 4581 Judzi

2233 4627 2356 4667 eum
2386 4614 2670 4670 tradidisse
2705 4615 2987 4685 dicantur,
3024 4635 3148 4675 cum
3184 4620 3429 4692 legamus
3469 4624 3616 4693 quod
3651 4621 3774 4674 Pater

2232 4718 2357 4760 eum
2392 4706 2713 4773 tradiderit,
2756 4708 2969 4766 dicente
3007 4712 3304 4782 Apostolo:
3337 4732 3357 4765 ι
3394 4712 3629 4784 Proprie
3671 4710 3775 4766 Filio

2232 4811 2330 4852 suo
2352 4813 2459 4853 non
2489 4801 2735 4869 pepercit
2779 4801 2944 4869 Deus,
2973 4804 3067 4859 sed
3104 4820 3203 4874 pro
3229 4806 3389 4862 nobis
3416 4807 3667 4861 omnibus
3692 4815 3775 4857 tra-

2230 4886 2370 4944 didit
2411 4891 2559 4946 illum
2597 4891 2776 4964 (Rom.
2808 4895 2950 4967 vm).
2994 4916 3013 4948 ι
3038 4896 3254 4961 Νειωνθι
3283 4898 3398 4968 ipse
3442 4898 3589 4955 ﬁlius
3611 4904 3775 4954 semet—

2233 4978 2409 5051 ipsum
2463 4981 2720 5049 tradidit,
2787 4984 2932 5045 sicut
2986 4986 3129 5042 idem
3173 4986 3464 5058 Apostolus
3506 4989 3639 5044 alibi
3681 4987 3776 5041 ait:

2238 5067 2391 5145 tQui
2423 5069 2611 5126 dilexit
2668 5086 2756 5129 me
2803 5081 2858 5129 et
2908 5075 3131 5131 tradidit
3181 5079 3531 5149 semetipsum
3582 5094 3676 5150 pro
3716 5088 3781 5130 me

2235 5156 2377 5231 (Gal.
2408 5161 2492 5234 ιι).
2532 5182 2551 5215 ι
2607 5164 2671 5218 Et
2704 5164 2898 5221 iterum
2930 5184 2944 5221 :
2996 5185 3019 5220 ‹
3074 5168 3362 5226 Ambulate
3398 5171 3453 5226 in
3504 5171 3778 5229 dilectione,

2233 5250 2375 5306 sicut
2409 5261 2462 5308 et
2487 5251 2734 5312 Christus
2760 5256 2952 5314 dilexit
2977 5275 3099 5326 nos,
3120 5269 3175 5317 et
3197 5261 3424 5317 tradidit
3465 5264 3781 5333 semetipr

2233 5354 2333 5409 pro
2353 5342 2509 5416 nobis
2536 5341 2753 5415 (Ep/tes.
2783 5346 2862 5420 v).
2895 5366 2916 5400 ι
2953 5347 3009 5404 Si
3035 5362 3165 5420 ergo
3189 5349 3352 5407 Pater
3375 5352 3599 5408 tradidit
3620 5351 3781 5407 Filium

2235 5441 2291 5485 et
2311 5429 2480 5489 Filius
2499 5435 2873 5507 semetipsum,
2900 5442 3143 5512 nunquid
3170 5440 3341 5498 Judtei
3366 5452 3421 5501 et
3448 5443 3618 5499 Judas
3641 5436 3781 5497 incul-

2237 5521 2440 5593 pabiles
2470 5536 2617 5594 sunt,
2645 5529 2691 5584 si
2714 5530 2818 5587 hoc
2851 5529 3098 5590 fecerunt
3127 5535 3270 5606 quod
3300 5534 3463 5591 Pater
3503 5545 3561 5591 et
3604 5527 3785 5589 Filius?

2239 5611 2375 5680 Non,
2408 5617 2504 5671 sed
2530 5632 2637 5675 uno
2671 5621 2977 5679 traditionis
3023 5625 3188 5682 verbo
3237 5626 3467 5685 diversa:
3511 5627 3783 5683 voluntates

2239 5718 2509 5775 expressae
2538 5720 2684 5765 sunt.
2720 5709 2966 5770 Tradidit
3005 5717 3149 5774 enim
3174 5716 3340 5776 Judas
3374 5727 3597 5789 propter
3636 5711 3784 5772 avari-
