3934 6346
149 349 250 408 ιδι

1359 338 1662 399 llOMll-JAS
1706 338 1796 394 DE
1838 339 2184 397 TEMPORE.

3310 347 3416 402 462

149 469 283 523 tiam
317 485 330 522 :
365 465 833 522 tradiderunteum
853 459 1043 528 Iudaei,
1071 459 1163 518 sed
1193 467 1411 532 propter
1435 427 1723 513 invidiam:
1756 456 1804 516 Α
1908 471 1926 506 ‹
1955 453 2141 510 Nonne
2165 456 2280 512 h:ec
2309 458 2546 528 oportuit
2573 459 2683 529 pati
2706 456 3000 526 Christum,
3027 468 3080 514 et
3110 459 3185 514 ita
3212 459 3415 516 intrare

149 558 446 615 tradidisse
478 571 601 612 eum
651 554 852 609 dicitur
897 552 1123 616 Pilatus,
1157 567 1280 607 cum
1322 565 1447 606 eum
1487 546 1732 618 crucifigi

145 647 422 720 permisit;
447 646 669 701 tradidit
707 661 827 700 eum
870 643 1052 708 Pater,
1094 643 1188 698 sed
1235 649 1458 713 propter
1492 647 1730 694 nostram

146 738 568 804 liberationem;
599 737 820 792 tradidit
853 737 1203 805 semetipsum
1241 732 1443 799 Filius,
1481 732 1577 788 sed
1603 746 1731 802 pro-

144 843 270 906 pter
299 843 542 890 nostram
585 823 950 888 dilectionem.
989 831 1129 901 Ergo
1155 829 1317 884 Pater
1341 836 1396 883 et
1429 827 1598 882 Filius
1625 841 1732 881 non

147 927 327 982 'so‘lum
380 934 505 981 sunt
554 923 804 998 amandi,
863 923 956 978 sed
1008 922 1171 976 etiam
1240 917 1597 992 glorificandi.
1640 916 1733 972 Ju-

143 1010 244 1072 das
269 1024 456 1071 autem
483 1023 534 1070 et
564 1013 734 1070 Judaei
763 1015 869 1068 non
893 1005 1064 1068 solum
1095 1009 1416 1075 detestandi,
1450 1008 1542 1065 sed
1569 1007 1729 1062 etiam

146 1106 583 1170 condemnandi,
626 1105 751 1173 quia
791 1104 933 1174 quod
983 1102 1145 1156 Pater
1181 1109 1233 1155 et
1279 1099 1448 1154 Filius
1488 1096 1734 1152 fecerunt

145 1199 438 1262 cbaritate,
476 1197 550 1250 illi
583 1196 874 1266 cupiditate
921 1194 1185 1249 fecerunt.
1223 1191 1378 1258 Quod
1425 1199 1603 1243 autem
1634 1188 1732 1243 du-

143 1288 385 1344 bitantes
407 1287 475 1341 ab
501 1285 804 1340 Jerusalem
839 1283 930 1338 isti
955 1281 1205 1351 discipuli
1235 1279 1571 1344 recederent,
1619 1277 1731 1332 suis

140 1380 329 1434 verbis
356 1386 741 1449 apparuerunt,
771 1393 893 1452 cum
936 1375 1188 1429 dixerunt
1220 1390 1234 1427 :
1703 1452 1708 1456 ἱ

212 1476 234 1521 i
273 1469 388 1525 Nos
414 1476 594 1523 autem
632 1468 984 1537 sperabamus
1011 1465 1153 1536 quod
1186 1463 1300 1534 ipse
1347 1468 1492 1517 esset
1514 1458 1729 1544 redem-

145 1582 164 1615 ‹
197 1571 398 1633 pturus
425 1549 615 1617 lsrael.
648 1582 668 1615 ι
702 1560 1068 1632 Sperabamus
1093 1560 1309 1629 quippe,
1335 1555 1593 1630 praeteriti
1627 1557 1728 1611 im-

138 1654 368 1725 perfecti
399 1655 656 1725 temporis
682 1655 905 1709 verbum
934 1662 1036 1707 est.
1074 1652 1139 1706 Et
1167 1652 1259 1720 qui
1289 1666 1392 1705 non
1425 1665 1725 1720 speramus,

138 1742 235 1799 sed
265 1740 620 1814 sperabamus
647 1735 933 1819 dixerunt,
964 1741 1032 1796 de
1061 1741 1177 1812 ejus
1207 1739 1600 1819 resurrectione
1635 1736 1730 1792 du-

1839 559 1859 595 c
1905 544 1956 598 in
1997 543 2222 615 gloriam
2263 548 2452 601 suam?
2483 565 2500 600 ι
2536 547 2688 616 Quod
2721 549 3103 620 interrogative
3129 548 3416 621 legendum

1832 644 1946 701 est,
1974 643 2033 689 ut
2073 635 2455 703 subandiatur,
2492 640 2746 709 oportuit.
2776 639 3028 710 Oportuit
3072 641 3216 695 enim
3257 639 3416 696 Chri-

1833 737 1973 782 stum
2000 727 2132 798 pati,
2169 743 2274 782 non
2303 744 2403 800 pro
2432 745 2510 795 se,
2541 731 2633 785 sed
2661 746 2758 800 pro
2788 731 2958 787 nobis.
2993 730 3200 786 Dicitur
3235 739 3416 786 autem
3469 716 3476 722 ’

1833 819 2037 874 intrare
2066 819 2118 873 in
2150 819 2375 889 gloriam
2411 835 2594 886 suam,
2633 837 2661 875 a
2695 837 2801 892 qua
2831 838 3106 893 nunquam
3142 822 3414 888 discessit,

1833 927 1896 966 eo
1926 912 2066 980 quod
2096 927 2194 966 nos
2221 912 2424 968 intrare
2453 912 2659 977 fecerit,
2690 915 2780 984 qui
2812 915 2969 986 longe
3006 930 3104 985 per
3131 926 3414 986 peccatum

1832 1004 1900 1058 ab
1930 1002 2018 1057 illa
2048 1002 2257 1075 expulsi
2296 1002 2588 1059 fueramus.
2630 1004 2783 1059 Sicut
2820 1006 2964 1060 enim
2990 1006 3176 1062 videre
3201 1014 3257 1061 et
3287 1021 3416 1063 con-

1833 1091 1972 1148 fiteri
2003 1092 2222 1159 dicitur,
2254 1109 2318 1149 eo
2346 1092 2486 1163 quod
2519 1108 2616 1148 nos
2651 1093 2850 1163 aliquid
2881 1094 3065 1150 videre
3087 1104 3143 1152 et
3166 1095 3416 1153 confiteri

1832 1182 2018 1250 faciat,
2051 1185 2125 1239 ita
2153 1199 2366 1255 quoque
2411 1186 2464 1238 in
2515 1185 2737 1255 gloriam
2771 1200 2921 1239 suam
2969 1187 3166 1242 dicitur
3210 1188 3418 1243 intrare

1831 1288 1929 1344 per
1951 1275 2279 1345 passionem.
2312 1274 2474 1344 Igitur
2499 1274 2757 1329 Dominus
2793 1273 2847 1328 in
2876 1273 3100 1346 gloriam
3143 1288 3294 1332 suam
3332 1279 3415 1332 in-

1833 1369 2016 1436 travit,
2037 1367 2330 1421 ostendens
2353 1382 2451 1422 nos
2472 1383 2570 1437 per
2589 1368 2786 1421 multas
2815 1367 3189 1425 tribulationes
3211 1371 3418 1426 intrare

1832 1455 2028 1510 debere
2057 1456 2107 1510 in
2137 1471 2359 1528 regnum
2389 1457 2500 1510 Dei.
2524 1457 2753 1512 Tantum
2784 1457 2929 1512 enim
2959 1467 3120 1529 caput
3147 1471 3412 1526 nostrum,

1830 1545 1922 1616 qui
1953 1549 2035 1602 e'st
2060 1546 2334 1612 Christus,
2365 1549 2606 1603 membra
2637 1561 2733 1603 sua
2765 1547 2960 1618 diligit,
3005 1557 3063 1604 ut
3103 1549 3414 1621 frequenter

1828 1625 1946 1710 ipse
1974 1629 2134 1711 agere
2160 1641 2388 1704 dicatur,
2422 1642 2488 1696 ad
2519 1641 2662 1710 quod
2705 1627 3009 1696 faciendum
3056 1646 3154 1698 nes
3193 1643 3414 1698 idoneos

1831 1729 2011 1785 efﬁcit.
2044 1729 2150 1786 Sed
2183 1731 2310 1801 quia
2355 1732 2421 1786 ad
2452 1730 2854 1802 intelligendum
2895 1731 3234 1802 Scripturam
3262 1731 3412 1789 stulti

135 1811 319 1892 bitare
357 1852 416 1892 se
456 1836 828 1892 ostenderunt.
872 1815 1046 1891 Minus
1086 1835 1229 1889 enim
1275 1814 1510 1904 Spiritus
1547 1832 1719 1888 sancti

1826 1831 1882 1878 et
1926 1819 2063 1878 tardi
2095 1833 2272 1888 erant,
2310 1831 2430 1894 post
2476 1824 2897 1895 increpationem
2953 1827 3096 1897 piam
3149 1827 3410 1884 Deminus

136 1928 313 1996 gratia
346 1928 611 1992 instructi,
636 1943 922 1998 speravere
950 1927 1092 1998 (μιοά
1121 1941 1407 1997 resurgens
1436 1941 1466 1981 a
1495 1925 1724 1981 mortuis

136 2018 390 2074 Salvator
428 2020 805 2090 redempturus
850 2027 996 2075 esset
1051 2018 1246 2094 Israel,
1281 2018 1332 2072 id
1374 2025 1459 2072 est
1499 2009 1724 2088 regnum

132 2106 337 2175 Israel,
372 2109 723 2180 corporaliter
747 2110 916 2164 multo
958 2107 1192 2164 nobilius
1230 2123 1400 2178 quam
1449 2102 1722 2177 quondam

132 2195 312 2253 David
346 2207 587 2270 regeret,
615 2209 985 2269 reparaturus.
1018 2187 1132 2254 llac
1163 2199 1468 2268 Suspicione
1491 2198 1722 2268 permoti

128 2289 356 2345 fuerant
401 2292 476 2346 illi
506 2292 642 2356 duo,
671 2293 761 2362 qui
792 2301 1078 2348 suaserunt
1121 2292 1280 2345 matri
1321 2299 1381 2345 ut
1421 2299 1626 2360 peteret
1654 2289 1723 2344 ab

122 2393 198 2434 eo
229 2381 419 2435 dieens
447 2398 461 2435 :
498 2399 517 2434 ι
545 2382 787 2446 Domine,
821 2383 908 2436 die
934 2391 992 2436 ut
1030 2382 1256 2436 Sedeant
1277 2381 1332 2435 hi
1359 2381 1465 2436 duo
1487 2381 1580 2435 ﬁlii
1617 2380 1723 2436 mei

128 2467 276 2523 unus
301 2471 367 2524 ad
399 2471 675 2525 dexteram
709 2480 876 2536 tuam,
901 2481 956 2525 et
982 2470 1118 2525 alter
1147 2471 1213 2524 ad
1244 2469 1520 2525 sinistram
1553 2479 1718 2535 tuam,

130 2558 184 2611 in
242 2574 410 2629 regno
461 2569 552 2615 tuo
602 2561 815 2630 (Matth.
847 2563 962 2633 xx).
999 2581 1017 2613 ι
1053 2561 1168 2618 Hac
1195 2562 1360 2617 etiam
1391 2562 1723 2618 dubitatione

131 2649 462 2705 tenebantur
501 2652 608 2714 illi,
648 2653 738 2722 qui
773 2662 895 2722 post
937 2655 1391 2716 resurrectionem
1424 2653 1722 2724 interroga-

133 2744 267 2798 bant
311 2756 470 2809 eum,
513 2743 793 2799 dicentes:
827 2762 846 2795 ί
880 2745 1132 2810 Domine,
1165 2746 1210 2800 si
1250 2746 1304 2800 in
1337 2754 1581 2817 tempore
1616 2747 1722 2802 ho‘c

135 2829 390 2889 restitues
424 2849 647 2904 regnum
682 2834 842 2889 lsrael
875 2835 1011 2905 (Act.
1047 2835 1129 2904 1)?
1163 2854 1182 2888 ο

212 2941 230 2974 ι
258 2923 326 2977 Ει
367 2939 512 2979 nunc
539 2939 703 2994 super
737 2926 854 2980 haec
879 2926 1059 2980 omnia
1096 2926 1253 2980 tertia
1284 2925 1400 2982 dies
1427 2937 1511 2982 est
1533 2926 1714 2996 hodie,

143 3032 161 3062 ε
205 3015 346 3082 quod
379 3015 497 3069 bmc
521 3013 663 3069 facta
691 3023 834 3070 sunt.
871 3015 977 3070 Sed
1019 3022 1075 3070 et
1099 3015 1351 3071 mulieres
1376 3018 1622 3088 quaedam
1650 3031 1716 3073 ex

144 3117 162 3151 ι
209 3103 406 3158 nostris
454 3111 764 3159 terruerunt
795 3119 927 3171 nos,
961 3117 1082 3175 Quae
1123 3113 1249 3160 ante
1282 3105 1456 3161 lucem
1499 3105 1718 3163 fuerunt

146 3211 164 3240 ε
207 3192 272 3246 ad
317 3202 756 3260 monumentum,
797 3203 853 3250 et
897 3211 1002 3249 non
1054 3191 1272 3250 invento
1308 3197 1538 3267 Corpore
1578 3196 1712 3266 ejus,

150 3297 169 3328 ε
211 3291 468 3336 venerunt
510 3283 750 3339 dicentes
803 3290 862 3339 'se
895 3285 1060 3339 etiam
1092 3285 1354 3340 visionem
1404 3286 1716 3357 angelorum

157 3385 174 3417 ε
218 3370 432 3436 vidisse,
461 3373 549 3442 qui
594 3373 784 3427 dicunt
829 3388 952 3429 eum
983 3374 1186 3428 vivere.
1220 3375 1285 3427 Et
1313 3375 1563 3429 abierunt
1599 3374 1720 3446 qui-

155 3477 174 3508 ι
218 3460 334 3515 dam
376 3477 441 3516 ex
481 3465 680 3519 nostris
712 3465 781 3518 ad
825 3473 1230 3520 monumentum
1257 3505 1272 3531 ,
1309 3474 1364 3519 et
1394 3466 1468 3520 ita
1499 3467 1718 3522 invene-

151 3571 169 3602 ‹
214 3562 332 3608 runt
361 3555 499 3611 sicut
532 3557 789 3613 mulieres
823 3558 1105 3624 dixerunt,
1139 3559 1311 3628 ipsum
1340 3573 1470 3614 vero
1498 3574 1606 3616 non
1640 3561 1721 3615 in-

147 3660 164 3693 ‹
208 3654 483 3700 venerunt.
517 3665 536 3698 ›
571 3646 724 3713 Quod
743 3647 988 3718 discipuli
1010 3657 1439 3703 commemorant
1458 3650 1716 3715 breviter,

140 3737 375 3804 superior
404 3723 583 3793 textus
613 3739 886 3810 Evangelii
921 3747 1108 3794 narrat
1142 3739 1490 3806 suﬂicicnter,
1513 3740 1720 3796 scilicet

139 3830 399 3895 quomodo
425 3831 683 3886 mulieres
711 3844 828 3900 quae
856 3840 1054 3888 secutae
1099 3831 1383 3886 Dominmn
1431 3829 1648 3885 fuerant
1686 3848 1717 3886 a

139 3917 369 3986 Galilaea,
403 3936 526 3975 cum
570 3922 888 3992 praaparatis
921 3923 1253 3976 aromatibns
1283 3922 1350 3976 ad
1395 3937 1715 3978 monumen-

138 4021 241 4066 tum
255 4021 546 4081 venerunt,
573 4023 652 4081 et,
676 4028 936 4084 responso
961 4014 1030 4068 ab
1043 4013 1232 4083 angelo
1261 4020 1483 4083 accepto
1511 4013 1578 4068 de
1601 4013 1716 4084 ejus

139 4105 553 4169 resurrectione,
585 4105 860 4174 discipulis
888 4105 1294 4159 nuntiaverunt.
1327 4104 1476 4160 Tunc
1503 4119 1717 4176 quoque

139 4197 236 4252 duo
285 4213 352 4253 cx
409 4198 550 4265 illis,
591 4199 784 4254 Petrus
839 4207 894 4254 et
940 4197 1180 4254 Joannes
1229 4199 1470 4264 scilicet,
1521 4214 1714 4255 cucur-

137 4299 315 4346 rerunt
350 4291 421 4347 ad
481 4300 923 4356 monumentum,
973 4302 1029 4346 et
1076 4293 1150 4347 ita
1191 4292 1511 4346 invenerunt
1574 4292 1716 4348 sicut

137 4383 380 4438 mulieres
418 4384 692 4450 dixerunt,
732 4385 907 4454 ipsum
946 4399 1077 4439 vero
1115 4399 1222 4438 non
1262 4385 1603 4438 invenerunt.

203 4491 220 4524 ι
262 4474 336 4527 Et
374 4473 452 4528 ait
483 4473 552 4528 ad
598 4473 758 4530 illos:
797 4473 840 4529 Ο
872 4473 1020 4528 stulti
1051 4482 1107 4528 et
1132 4471 1270 4526 tardi
1301 4473 1465 4528 corde
1505 4473 1571 4527 ad
1601 4489 1715 4528 cre-

145 4579 160 4610 ι
200 4563 432 4620 dendum
458 4566 514 4620 in
551 4566 801 4621 omnibus
843 4582 964 4636 quae
1002 4566 1168 4621 locuti
1197 4574 1323 4621 sunt
1347 4566 1645 4636 prophetae.
1687 4585 1706 4617 ›

140 4651 318 4713 Merito
349 4672 452 4713 non
479 4659 653 4714 solum
679 4660 1061 4729 discipulorum
1091 4659 1316 4715 stultitia
1348 4661 1708 4731 redarguitur,

141 4746 222 4800 sed
247 4749 414 4804 etiam
453 4750 676 4806 tarditas
722 4751 1075 4820 increpatur:
1111 4752 1236 4821 quia
1274 4762 1399 4808 cum
1436 4753 1619 4807 omnia
1657 4753 1709 4808 in

139 4833 342 4894 Domini
376 4840 640 4906 doctrina,
678 4843 730 4896 in
763 4843 1062 4910 miraculis,
1093 4844 1144 4898 in
1175 4846 1447 4912 passione,
1479 4846 1618 4901 sicut
1645 4847 1712 4902 de

141 4926 220 4983 illo
246 4932 525 5000 prophetae
560 4933 954 5001 praedixerant,
987 4937 1250 5006 completa
1295 4947 1611 5003 cernerent,
1645 4939 1712 4994 de

140 5016 242 5085 ejus
269 5023 668 5078 resurrectione
690 5025 936 5080 dubitare
963 5041 1068 5080 non
1097 5027 1394 5082 debuerant
1419 5042 1432 5081 :
1460 5036 1515 5082 et
1543 5029 1712 5082 maxi-

141 5122 234 5175 me,
262 5128 388 5168 cum
423 5116 601 5170 omnia
633 5132 752 5186 quae
779 5118 834 5171 in
865 5133 930 5174 eo
956 5111 1185 5174 'ventura
1213 5128 1390 5185 erant,
1420 5131 1709 5192 antequam

141 5210 424 5270 pateretur,
473 5207 540 5262 ab
584 5208 699 5276 ipso
738 5209 965 5265 Domino
1014 5211 1164 5280 prius
1211 5213 1464 5282 prmdicta
1509 5214 1712 5269 recole-

143 5301 268 5346 rent.
311 5294 378 5348 Et
405 5312 512 5351 non
541 5298 714 5352 solum
751 5299 996 5366 illorum,
1030 5317 1216 5356 verum
1259 5303 1421 5356 etiam
1445 5310 1499 5358 et
1527 5312 1709 5358 nostra

143 5379 337 5452 ignavia
372 5398 535 5460 atque
583 5391 835 5461 tepiditas
887 5392 1258 5465 redarguitur,
1295 5396 1387 5465 qui
1433 5412 1533 5452 nec
1567 5410 1709 5468 pra:-

141 5473 276 5533 clara
321 5481 529 5537 discere
570 5482 847 5549 volentes,
890 5500 992 5540 nec
1031 5501 1094 5541 ea
1132 5502 1252 5556 quae
1289 5488 1547 5544 discimus
1582 5502 1712 5558 ope-

144 5577 195 5617 re
231 5567 452 5638 implere
493 5573 831 5642 satagimus:
873 5583 929 5629 et
977 5575 1097 5632 ideo
1144 5579 1211 5632 ad
1249 5577 1565 5634 discendum
1605 5588 1713 5634 tar-

143 5651 189 5708 di
211 5695 227 5720 ,
251 5667 305 5714 et
331 5661 398 5716 ad
419 5677 555 5734 Opus
581 5663 719 5736 pigri
771 5665 1094 5722 invenimur.
1128 5667 1331 5736 Quibus
1376 5679 1524 5727 recte
1572 5671 1709 5728 dici-

144 5752 221 5800 tur
248 5769 262 5805 ι

1826 1902 2066 1986 adiungit
2095 1917 2503 1986 expositionem.
2538 1917 2690 1972 Unde
2716 1927 2769 1971 et
2795 1919 3043 1974 subditur
3074 1937 3087 1974 :

1899 2070 1918 2103 ‹
1963 2049 2228 2122 Incipiens
2262 2065 2291 2104 a
2330 2050 2510 2124 Moyse
2537 2059 2592 2106 et
2628 2048 2878 2108 Omnibus
2909 2052 3208 2124 prophetis,
3237 2055 3412 2113 interl-

1829 2157 1849 2192 ‹
1890 2139 2204 2210 pretabatur
2252 2141 2357 2197 illis
2395 2141 2451 2196 in
2496 2142 2746 2198 omnibus
2797 2141 3125 2213 Scripturis,
3177 2160 3298 2216 quae
3342 2147 3411 2204 de

1830 2249 1848 2282 ε
1894 2233 2011 2302 ipso
2046 2242 2220 2288 erant.
2259 2253 2278 2284 ι
2313 2234 2775 2305 [interpretabatur
2803 2238 2856 2292 in
2886 2240 3134 2296 omnibus
3165 2240 3413 2314 Scriptuo

1824 2323 1931 2388 ris,
1965 2325 2201 2379 maxime
2242 2341 2305 2381 ea
2359 2343 2480 2397 quae
2516 2329 2584 2383 ad
2628 2330 2934 2398 passionem
2978 2333 3318 2402 pertinebant
3355 2343 3413 2392 et

1824 2414 2280 2469 resurrectionem
2305 2456 2319 2481 ,
2356 2426 2416 2470 ut
2455 2429 2670 2473 omnem
2701 2419 3090 2477 dubitationem
3124 2425 3191 2479 ab
3219 2433 3407 2481 eorum

1823 2507 2095 2561 mentibus
2125 2501 2382 2573 anterret',
2412 2516 2468 2563 et
2503 2509 2569 2563 ad
2599 2511 2925 2567 credendum
2957 2517 3408 2573 resurrectionem

1821 2597 2037 2651 animus
2059 2611 2246 2652 eorum
2276 2597 2642 2665 confirmaret,
2675 2601 2832 2670 quale
2859 2611 2942 2657 est
2972 2602 3101 2659 illud
3134 2622 3146 2658 :
3185 2623 3204 2657 ‹
3235 2605 3410 2661 Fode-

1822 2694 1950 2738 runt
1989 2701 2184 2740 manus
2216 2703 2364 2743 meas
2406 2695 2462 2742 et
2487 2690 2652 2758 pedes
2679 2705 2830 2745 meos
2858 2688 3031 2762 (Paul.
3062 2695 3200 2765 xxr).
3231 2714 3251 2749 ι
3291 2696 3358 2753 Et
3389 2712 3404 2750 :

1826 2796 1844 2828 ‹
1872 2778 2180 2833 Diviserunt
2209 2780 2308 2834 sibi
2353 2781 2669 2836 vestimenta
2717 2798 2869 2848 mea,
2911 2793 2966 2838 et
3010 2801 3173 2856 super
3201 2798 3410 2843 vestem

1819 2881 1998 2922 meam
2027 2868 2292 2924 miserunt
2329 2879 2528 2926 sortem
2563 2871 2770 2943 (Μία).
2822 2892 2841 2926 ι
2890 2873 2958 2928 Ει
2988 2893 3001 2929 :
3033 2895 3052 2928 ί
3087 2875 3406 2935 lnsurrexe-

1818 2966 1946 3014 runt
1987 2959 2043 3014 in
2085 2973 2170 3014 me
2221 2969 2384 3017 testes
2428 2962 2595 3030 iniqui
2631 2961 2801 3033 (Psal.
2848 2964 3023 3033 x-xv’t),
3057 2974 3076 3020 ὁ
3113 2974 3169 3022 et
3209 2971 3408 3024 uetera

1818 3053 1966 3111 talia.
2001 3053 2109 3109 S‘ed
2137 3053 2276 3109 forte
2305 3055 2482 3110 movet
2511 3054 2744 3125 aliquem
2769 3072 2939 3127 quare
2966 3059 3245 3126 Dominus,
3279 3075 3406 3116 cum
3455 3086 3468 3098 -

1745 3172 1788 3233 ρ
1821 3146 2280 3216 interpretabatur
2325 3146 2635 3215 Scripturas
2678 3147 2972 3218 discipulis,
3002 3165 3033 3204 a
3063 3149 3247 3221 Moyse
3289 3167 3404 3207 cae-‘-

1819 3238 1963 3304 pisse
1989 3236 2220 3300 dicatur,
2249 3252 2372 3292 cum
2403 3237 2586 3305 plures
2619 3245 2801 3306 patres
2831 3248 2956 3294 ante
2985 3237 3202 3310 Moysen
3243 3241 3409 3297 fuisse

1820 3328 2083 3398 legamus,
2113 3329 2202 3398 qui
2238 3337 2292 3384 et
2319 3329 2498 3384 verbis
2533 3340 2587 3384 et
2629 3330 2890 3400 exemplis
2938 3329 3055 3399 ejus
3099 3335 3406 3403 passionem

1820 3432 1876 3477 ct
1908 3424 2358 3479 resurrectionem
2392 3424 2852 3493 prepbetaverint.
2894 3426 3032 3492 Quid
3076 3427 3218 3481 enim
3256 3443 3408 3486 mors

1819 3510 1952 3565 Abel
1985 3510 2150 3583 (Gen.
2183 3512 2301 3582 tv),
2337 3513 2440 3566 nisi
2471 3513 2776 3582 passionem
2807 3513 3007 3570 Christi
3043 3516 3362 3588 significavit
3385 3519 3412 3573 ἵ

1821 3600 1974 3655 Sicut
2002 3602 2145 3656 enim
2174 3602 2286 3672 ipse
2319 3618 2350 3656 a
2379 3602 2546 3659 fratre
2576 3602 2772 3672 injuste
2800 3605 3014 3660 occisus
3042 3615 3145 3673 est,
3172 3609 3244 3662 ita
3272 3625 3408 3680 quo;

1819 3706 1924 3760 que
1969 3699 2024 3746 et
2061 3691 2321 3747 Dominus
2367 3692 2683 3748 innocenter
2725 3709 2755 3748 a
2802 3693 3000 3750 Judaeis
3041 3697 3254 3753 occisus
3299 3710 3405 3755 est.

1819 3782 1958 3850 Quid
1995 3783 2138 3836 enim
2167 3797 2264 3852 per
2296 3783 2704 3838 translationem
2744 3783 2965 3842 l'lenoch
3002 3785 3154 3860 (Gen.
3179 3789 3257 3860 v),
3303 3791 3409 3845 nisi

1818 3876 2066 3932 ascensio
2099 3875 2308 3930 Domini
2344 3875 2713 3948 significatur?
2742 3877 2881 3945 Quid
2911 3894 3008 3949 per
3032 3880 3162 3947 Noe,
3193 3882 3282 3951 qui
3311 3898 3407 3935 ar-

1818 3985 1937 4025 cam
1969 3971 2021 4025 in
2050 3969 2251 4026 diluvio
2284 3971 2425 4026 rexit
2460 3968 2614 4042 (Gen.
2641 3973 2758 4043 vn),
2792 3975 2894 4029 nisi
2925 3975 3182 4032 Dominus
3213 3977 3408 4034 intellis

1819 4063 1984 4132 gitur,
2015 4063 2106 4132 qui
2132 4071 2293 4132 caput
2314 4057 2398 4118 est
2417 4062 2705 4120 Ecclesiae?
2734 4065 2802 4120 Et
2819 4066 2947 4136 quid
2970 4081 3067 4136 per
3091 4067 3363 4125 Abraham
3385 4099 3402 4133 ι

1817 4153 1905 4222 qni
1959 4153 2130 4208 ﬁlium
2167 4154 2469 4212 immolavit
2506 4153 2660 4224 (Gen.
2697 4155 2858 4228 xm),
2906 4157 3010 4213 nisi
3059 4157 3202 4214 Deus
3244 4159 3406 4216 Pater

1815 4245 2100 4315 accipitur,
2139 4245 2230 4315 qni
2273 4246 2492 4316 proprio
2535 4246 2672 4301 Filio
2710 4263 2809 4303 suo
2855 4265 2961 4305 non
2999 4251 3273 4320 pepercit?
3311 4253 3405 4310 Sic

1816 4350 2030 4406 quoque
2060 4335 2356 4391 immolatio
2385 4335 2535 4392 Isaac
2561 4339 2829 4408 passionis
2861 4338 3063 4396 Christi
3103 4351 3287 4414 typum
3327 4355 3406 4401 te:

1817 4429 1952 4483 nuit.
1985 4427 2118 4482 Nam
2151 4436 2206 4483 et
2243 4427 2409 4484 Jacob
2436 4437 2623 4498 pastor
2652 4431 2834 4485 ovium
2868 4430 3019 4503 (Gen.
3048 4434 3180 4506 xxx)
3211 4433 3401 4492 Domi;

1747 4526 1792 4587 ι)
1822 4537 1947 4576 num
1984 4532 2228 4577 nostrum
2262 4521 2446 4576 Jesum
2474 4522 2745 4578 Christum
2784 4523 3072 4594 signiﬁcat,
3108 4527 3198 4596 qui
3235 4528 3311 4582 ait
3347 4529 3404 4585 in

1819 4615 2108 4686 Evangelia
2137 4629 2150 4668 :
2189 4633 2206 4666 ι
2239 4617 2348 4686 Ego
2380 4632 2497 4671 sum
2528 4627 2713 4686 pastor
2738 4615 2910 4670 bonus
2936 4615 3118 4686 (Joan.
3153 4621 3232 4689 χ).
3263 4638 3281 4672 ι
3318 4620 3404 4677 8ἰέ-

1821 4709 2022 4764 militer
2087 4709 2324 4764 venditio
2368 4709 2565 4780 Joseph
2599 4709 2988 4788 \vendltionem
3039 4711 3405 4786 przefiguravit

1817 4799 2036 4855 Christi.
2075 4799 2179 4855 Sed
2208 4800 2345 4856 forte
2372 4813 2549 4857 movet
2581 4803 2838 4874 aliquem,
2869 4813 2927 4859 ut
2955 4805 3210 4872 diximus,
3235 4796 3405 4878 quare

1820 4891 2098 4960 Dominus,
2128 4909 2250 4948 cum
2274 4893 2723 4964 interpretabatur
2759 4895 3064 4967 Scripturas
3103 4897 3402 4971 discipulis,

1818 5001 1849 5037 a
1878 4983 2057 5054 Moyse
2096 4986 2326 5054 cmpisse
2371 4987 2614 5052 dicatur,
2655 5003 2778 5043 cum
2821 4987 3005 5059 plures
3047 4997 3228 5062 patres
3274 5003 3403 5050 ante

1818 5076 2039 5147 Moysen
2088 5077 2254 5133 fuisse
2300 5079 2573 5150 legamus,
2615 5081 2705 5151 qui
2737 5089 2792 5137 et
2831 5081 3010 5138 verbis
3057 5091 3112 5138 et
3140 5088 3403 5158 exemplis

1817 5168 1934 5238 ejus
1983 5171 2288 5241 passionem
2339 5181 2393 5227 et
2437 5176 2888 5231 resurrectionem
2937 5177 3399 5248 prophetaverint.

1819 5261 1925 5317 Sed
1955 5262 2023 5316 ad
2054 5262 2157 5318 ho‘c
2185 5263 2468 5318 dicendum
2497 5273 2578 5319 est
2622 5267 2745 5336 quia
2769 5307 2784 5332 ,
2835 5267 2961 5324 licet
3005 5278 3133 5326 ante
3179 5269 3398 5341 Moysen

1817 5353 1997 5423 plures
2022 5365 2204 5424 patres
2230 5353 2452 5420 fuerint,
2485 5361 2663 5412 tamen
2691 5359 2879 5413 eorum
2908 5360 3176 5416 actionem
3221 5361 3404 5431 Moyse

1818 5447 2086 5502 scribente
2109 5449 2476 5519 cognovimus,
2503 5465 2662 5522 quem
2683 5453 2894 5508 veracis
2918 5453 3158 5508 historiae
3181 5453 3407 5522 scripto-

1822 5552 1935 5592 rem
1963 5539 2198 5610 prim'um
2229 5532 2393 5596 fuisse
2419 5557 2522 5597 non
2550 5542 2876 5598 dubitamus.
2904 5543 2949 5598 A
2975 5555 3080 5612 quo
3105 5542 3242 5596 libro
3269 5546 3402 5617 ergd

1821 5629 2033 5686 illorum
2071 5631 2330 5688 Dominus
2376 5632 2686 5704 Scripturas
2723 5635 3068 5705 interpretari
3111 5633 3321 5704 erepit?
3355 5632 3403 5691 Α

1821 5722 2003 5793 Moyse
2045 5723 2241 5793 erepit,
2298 5725 2423 5795 quia
2471 5725 2685 5785 illorum
2724 5727 2966 5782 actiones
3010 5725 3092 5797 (ut
3143 5723 3400 5797 diximus)
