3934 6346
530 292 645 345 463

1182 291 1532 347 ΙΙΑΥΜΟΝΙΞ
1569 287 2040 346 HALBERSTAT.
2079 287 2091 342 l

2199 287 2292 345 5C.
2333 289 2481 346 OPP.
2519 290 2699 348 PARS
2731 293 2793 350 II.
2816 324 2883 336 —
2920 294 3149 353 HOMIL.

3697 303 3796 360 m

539 403 747 472 primus
796 400 1005 474 Moyses
1051 402 1285 473 scripsit.
1330 404 1459 460 Inde
1484 404 1629 459 enim
1673 402 1890 475 scripsit
1928 403 2109 469 homo,
2138 416 2186 477 Α
2217 417 2317 457 nus
2337 396 2406 458 5b
2424 404 2595 460 oculis
2619 404 3001 477 discipulorum
3022 408 3260 474 evanuit,
3278 424 3387 481 quo
3408 410 3605 469 ardore
3634 414 3693 470 in
3713 417 3797 472 via

535 494 754 563 quando
781 507 888 547 non
910 499 1036 548 erat
1070 493 1255 548 homo.

614 603 633 635 ‹
664 582 731 638 Et
761 584 1322 654 appropinquaverunt
1345 581 1565 641 castello
1589 599 1696 656 quo
1723 578 1887 647 ibant,
1914 591 1969 640 et
1997 583 2113 655 ipse

546 691 563 724 ς
613 687 670 728 se
713 673 867 727 ﬁnxit
904 671 1114 742 longius
1162 672 1259 727 ire.
1294 692 1314 726 ι
1359 671 1495 728 Cum
1537 673 1737 744 ﬁngere
1784 674 1952 729 soleat
1991 685 2114 729 esse

534 765 962 835 hypocritarum,
988 763 1116 834 quid
1143 773 1229 820 est
1250 765 1393 835 quod
1420 765 1677 820 Dominus
1702 781 1761 821 se
1787 766 2006 820 ﬁnxisse
2031 764 2110 819 di-

535 858 708 913 citur?
730 858 809 912 Ad
834 857 977 926 quod
1002 856 1337 912 rationabilis
1360 864 1509 928 patet
1534 857 1830 927 responsio,
1852 858 1977 925 quia
2002 871 2110 911 non

532 960 747 1017 semper
791 945 994 1015 lingere
1050 945 1306 1001 simulare
1354 945 1623 1012 dicimus,
1677 946 1770 1000 sed
1821 945 2109 1015 aliquando

528 1038 693 1093 etiam
722 1052 1063 1106 componere.
1094 1037 1245 1092 Unde
1282 1046 1337 1093 et
1372 1037 1760 1106 compositores
1788 1036 1885 1090 luti
1921 1035 2108 1108 ﬁgulos

527 1143 801 1190 vocamus,
827 1135 882 1182 et
909 1142 1004 1185 eos
1030 1128 1123 1197 qui
1148 1129 1390 1183 carmina
1416 1128 1640 1194 dictant,
1674 1128 1911 1193 ﬁctores,
1942 1129 1996 1183 id
2023 1136 2107 1184 est

526 1218 919 1289 compositores
948 1218 1268 1273 carminum.
1298 1219 1502 1287 Quibus
1538 1216 1797 1289 exemplis
1824 1220 2103 1287 discimus,

524 1310 651 1377 quia
682 1309 910 1380 simplex
934 1310 1135 1363 veritas
1174 1309 1306 1364 nihil
1336 1326 1432 1379 per
1458 1310 1823 1380 duplicitatem
1849 1310 1977 1380 egit,
2009 1309 2103 1364 sed

527 1400 688 1454 talem
728 1414 787 1454 se
827 1415 1012 1454 coram
1053 1400 1437 1470 discipulorum
1466 1401 1637 1454 oculis
1676 1399 1978 1468 composuit
2019 1400 2101 1455 vel

521 1490 808 1555 exhibuit,
854 1497 913 1543 ut
956 1490 1295 1545 manifestum
1348 1490 1537 1556 ﬁeret,
1590 1491 1632 1545 si
1679 1491 1921 1561 discipuli
1956 1507 2097 1555 eum,

521 1597 681 1651 quem
714 1583 881 1636 Deum
913 1584 1328 1652 cognoscebant,
1360 1584 1549 1637 saltem
1578 1591 1634 1636 ut
1658 1584 1998 1653 peregrinum
2028 1585 2100 1638 di-

521 1670 771 1741 ligerent.
800 1670 908 1726 Sed
936 1673 1075 1726 absit
1098 1679 1157 1726 ut
1176 1688 1269 1727 eus
1294 1689 1325 1727 a
1350 1672 1628 1727 charitatis
1654 1673 1952 1728 visceribus
1975 1674 2101 1727 alie-

2210 493 2328 563 ejus
2382 493 2650 551 locutione
2695 497 2909 554 accensi
2958 498 3089 565 sint,
3136 499 3434 568 declarant,
3482 503 3738 561 dicentes
3773 526 3791 563 :

2219 604 2235 635 ι
2269 582 2455 640 Nonne
2492 600 2588 641 cor
2619 596 2863 642 nostrum
2892 588 3090 644 ardens
3133 598 3252 645 erat
3278 590 3332 645 in
3368 590 3528 648 nobis
3558 593 3789 663 deleas,

2214 677 2338 729 dum
2361 668 2667 745 loqueretur
2694 676 2748 731 in
2778 674 2900 732 via?
2920 696 2937 729 ι
2969 687 3075 733 etc.
3103 673 3196 733 Illo
3221 678 3363 735 enim
3390 683 3516 751 igne
3545 687 3792 741 succensi

2213 765 2442 832 fuerant,
2458 767 2525 823 de
2549 784 2657 839 quo
2680 762 2937 824 Dominus
2961 770 3069 824 ait:
3092 789 3110 821 ι
3133 769 3313 839 Ignem
3341 772 3486 826 enim
3516 775 3648 828 veni
3674 776 3789 830 mit-

2212 867 2325 912 tere
2349 859 2401 913 in
2429 867 2646 925 terram,
2670 858 2869 931 etquid
2890 862 3010 917 volo
3031 862 3133 918 nisi
3157 868 3217 918 ut
3234 864 3420 919 ardeat
3437 862 3596 937 (Luc.
3612 868 3784 937 x101:

2211 944 2323 1001 Hoc
2355 947 2477 1017 igne
2509 961 2795 1004 accensum
2826 964 2884 1004 se
2911 960 3153 1015 noverat,
3178 952 3267 1022 qui
3305 953 3524 1009 dicebat
3551 973 3567 1010 :
3604 974 3625 1008 ι
3653 955 3782 1011 Cone

2209 1035 2371 1090 caluit
2401 1052 2495 1091 cor
2531 1054 2709 1092 meum
2754 1038 2893 1093 intra
2934 1056 3053 1107 me,
3096 1050 3149 1095 et
3182 1043 3234 1096 in
3279 1044 3636 1101 meditatione
3673 1060 3779 1101 mea

2206 1126 2521 1181 exardescet
2555 1122 2693 1196 ignis
2734 1126 2907 1198 (Psal.
2946 1132 3194 1201 xxvvtn).
3225 1150 3242 1182 ι
3286 1130 3392 1186 Sed
3438 1134 3571 1202 quia
3615 1136 3780 1191 omnis

2206 1214 2295 1283 qui
2324 1215 2434 1271 Deo
2460 1216 2685 1271 docente
2720 1220 2912 1272 bonum
2953 1218 3111 1274 discit
3147 1236 3243 1290 per
3268 1221 3556 1277 cbaritatis
3587 1234 3772 1295 myste-

2208 1301 2391 1369 rium,
2453 1303 2572 1357 aliis
2617 1304 2939 1361 annuntiare
2991 1307 3194 1376 debet,
3245 1314 3482 1379 probant
3536 1312 3643 1368 hoc
3696 1315 3771 1370 isti

2204 1391 2467 1463 discipuli,
2498 1393 2564 1448 de
2592 1396 2787 1463 quibus
2812 1397 3088 1452 subditur:

2277 1500 2295 1532 ‹
2326 1481 2392 1536 Et
2420 1491 2703 1553 surgentes
2734 1486 2919 1539 eadem
2947 1487 3101 1550 hora,
3133 1489 3364 1560 regressi
3391 1500 3520 1546 sunt
3550 1493 3602 1545 in
3625 1491 3766 1547 Jeru-

2207 1564 2224 1626 ὲ
2262 1574 2450 1629 salem.
2482 1595 2500 1628 ι
2550 1574 2663 1631 Non
2715 1577 2858 1631 cnim
2901 1576 3216 1648 fatigatione
3261 1580 3477 1635 itineris
3522 1580 3767 1651 prohibiti

2200 1672 2361 1729 sunt,
2409 1680 2515 1719 non
2558 1667 2878 1735 \eSpertinte
2926 1667 3073 1722 horae
3110 1668 3556 1737 impedimentum
3592 1671 3764 1725 timue-

521 1776 621 1817 nos
666 1776 785 1817 esse
828 1762 1110 1817 credamus
1152 1764 1243 1833 qui
1289 1778 1410 1818 cum
1456 1771 1674 1819 auctore
1718 1763 2091 1820 misericordiae

2205 1762 2369 1820 runt,
2408 1755 2501 1809 sed
2541 1756 2728 1809 eadem
2774 1757 2905 1810 hora
2950 1767 3233 1828 surgentes
3276 1761 3512 1829 regressi
3563 1762 3760 1815 suntin

521 1854 921 1923 gradiebantur.
960 1853 1095 1908 Nam
1127 1855 1392 1909 subditur:

598 1964 617 1996 ι
653 1946 719 2000 Ει
746 1954 1037 2017 coegerunt
1065 1946 1237 2011 illum,
1272 1946 1548 2003 dicentes:
1593 1945 1746 2001 Mane
1792 1948 2093 2014 nobiscum,

522 2054 542 2086 ι
571 2030 828 2104 quoniam
856 2035 1286 2105 advesperascit,
1314 2044 1370 2092 et
1396 2036 1650 2092 inclinata
1677 2044 1759 2091 est
1780 2037 1892 2107 jam
1924 2037 2090 2092 dies.»

518 2126 758 2194 Quorum
782 2127 1029 2197 exemplo
1052 2127 1309 2183 discimus
1347 2128 1470 2198 quia
1495 2127 1764 2198 peregrini
1784 2137 1840 2181 et
1858 2128 2096 2197 hospites

521 2232 625 2271 non
665 2216 840 2271 solum
878 2232 1000 2271 cum
1036 2217 1230 2273 adsunt
1265 2217 1554 2287 recipiendi
1593 2225 1755 2284 sunt,
1795 2218 1891 2272 sed
1930 2218 2094 2273 etiam

517 2323 640 2363 cum
689 2310 881 2364 desunt
914 2310 1141 2365 vocandi
1183 2318 1343 2381 atque
1376 2309 1625 2379 cogendi.
1658 2309 1790 2364 Nam
1835 2318 2091 2379 quantum

518 2399 902 2468 hospitalitatis
926 2402 1098 2455 virtus
1121 2400 1319 2467 valeat,
1343 2409 1397 2456 et
1425 2402 1538 2471 ipse
1564 2402 1900 2470 comprobat,
1922 2402 2012 2471 qui
2036 2416 2093 2456 se

518 2488 570 2541 in
605 2489 810 2559 judicio
852 2490 1099 2547 ﬁdelibus
1139 2493 1405 2548 dicturum
1448 2494 1756 2565 repromisit
1788 2510 1801 2547 :
1841 2512 1859 2545 ι
1889 2494 2092 2564 IIospes

514 2577 613 2643 fui,
638 2586 693 2633 et
725 2580 1019 2653 collegistis
1045 2599 1147 2638 me.
1182 2584 1248 2638 Et
1273 2585 1508 2654 quandiu
1534 2584 1737 2640 fecistis
1766 2585 1858 2639 uni
1900 2584 1967 2639 de
1995 2585 2094 2639 mi-

513 2669 675 2724 nimis
705 2671 859 2735 meis,
885 2673 1017 2727 mihi
1049 2673 1252 2730 fecistis
1275 2674 1490 2742 (illam.
1518 2674 1664 2745 xxv).
1705 2693 1723 2725 ι
1752 2673 1902 2740 Quod
1927 2674 2089 2727 etiam

512 2760 566 2813 in
605 2776 770 2831 opere
811 2762 1041 2819 Abrahte
1073 2774 1128 2819 et
1168 2765 1305 2819 Luth
1334 2765 1622 2828 discimus,
1651 2766 1742 2834 qui
1783 2764 2093 2835 frequenter

512 2852 752 2921 hospites
772 2855 1133 2924 suscipiendo,
1158 2856 1448 2925 aliquando
1474 2856 1691 2926 angelos
1716 2868 2085 2925 susceperunt.

514 2938 777 2996 Undenos
803 2942 1091 3012 Apostolus
1115 2945 1388 3008 admonet,
1415 2944 1599 2998 dicens
1623 2958 1641 2997 :
1668 2963 1686 2993 ι
1717 2943 1965 3000 Charitas
1989 2944 2091 3000 fra~

508 3032 781 3087 ternitatis
808 3034 1037 3088 'mancat
1063 3034 1115 3088 in
1148 3035 1301 3089 vobis
1325 3074 1338 3099 ,
1377 3043 1434 3088 et
1468 3034 1887 3103 hospitalitatem
1923 3035 2088 3091 nolite

2198 1842 2493 1901 Jerusalem
2540 1847 2789 1901 nuntiare
2834 1847 3091 1916 apostolis
3142 1848 3284 1918 quod
3322 1849 3391 1903 de
3447 1849 3659 1904 Domini
3691 1866 3759 1904 re-

2198 1935 2531 1991 surrectione
2570 1935 2624 1990 in
2655 1935 2739 1991 via
2772 1926 3167 2010 Compereraut.
3198 1938 3351 1995 Unde
3387 1939 3530 1995 bene
3565 1939 3757 2008 subjun-

2197 2025 2341 2095 gitur
2370 2040 2389 2080 :

2274 2134 2291 2165 α
2325 2114 2392 2169 Et
2422 2114 2744 2173 invenerunt
2790 2127 3144 2191 congregatos
3191 2120 3440 2176 undecim
3478 2128 3531 2177 et
3560 2137 3651 2177 eos
3674 2122 3750 2191 qui

2201 2223 2220 2257 ι
2265 2220 2385 2260 cum
2413 2205 2544 2276 ipsis
2568 2217 2744 2274 erant,
2772 2209 3012 2265 dicentes
3040 2230 3051 2265 :
3077 2212 3216 2281 quod
3246 2213 3489 2267 surrexit
3515 2212 3749 2267 Dominus

2201 2315 2219 2347 ι
2262 2311 2410 2364 vere,
2444 2307 2498 2353 et
2537 2300 2787 2369 apparuit
2830 2300 3056 2356 Simoni.
3088 2302 3154 2357 Et
3180 2303 3282 2373 ipsi
3315 2306 3611 2359 narrabant
3648 2320 3749 2375 qua

2201 2405 2218 2438 ι
2265 2397 2415 2458 gesta
2446 2398 2601 2443 erant
2629 2390 2682 2444 in
2715 2390 2799 2445 via
2819 2432 2833 2456 ,
2863 2401 2918 2446 et
2959 2394 3228 2461 quomodo
3254 2406 3621 2465 cognoverunt
3641 2412 3747 2450 eum

2200 2498 2218 2530 ‹
2261 2479 2312 2532 in
2345 2478 2608 2535 fractione
2629 2482 2802 2549 panis.
2838 2501 2857 2535 ι
2887 2482 3040 2550 Quod
3072 2485 3171 2539 sibi
3206 2485 3299 2539 ubi
3328 2485 3412 2539 vel
3438 2487 3648 2555 quando
3674 2486 3744 2539 fa-

2195 2579 2339 2625 ctum
2372 2570 2459 2637 sit,
2492 2572 2820 2643 evangelista
2866 2589 2972 2630 non
3017 2574 3277 2639 declarat,
3306 2583 3480 2629 tamen
3520 2577 3636 2644 quia
3678 2576 3747 2627 fa.-

2193 2667 2339 2713 ctum
2369 2659 2437 2714 sit
2462 2676 2567 2715 non
2592 2669 2754 2725 tacet,
2786 2662 2967 2717 dicens
2993 2680 3006 2715 :
3037 2680 3055 2713 α
3086 2662 3219 2730 Quia
3246 2666 3477 2718 surrexit
3499 2664 3747 2717 Dominus

2194 2766 2338 2816 vere,
2367 2759 2421 2806 et
2450 2753 2695 2821 apparuit
2726 2752 2954 2819 Simoni,
2995 2774 3013 2806 ι
3049 2756 3101 2809 id
3136 2764 3221 2810 est
3248 2755 3415 2817 Petro,
3447 2765 3569 2809 teste
3590 2756 3737 2823 Αροε

2194 2843 2351 2907 stulo,
2384 2844 2475 2913 qui
2506 2845 2580 2897 ait
2611 2862 2623 2897 :
2664 2862 2681 2895 ι
2716 2843 2817 2911 Qui
2852 2845 2996 2900 visus
3024 2854 3107 2900 est
3150 2845 3377 2915 Cepbte,
3402 2854 3450 2899 et
3478 2854 3589 2913 post
3613 2846 3726 2898 bzec

2193 2933 2441 2987 undecim
2471 2934 2522 3003 (Ι
2554 2933 2674 2987 Cor.
2706 2935 2818 3005 xv).
2850 2955 2875 2987 ι
2897 2935 3135 2989 Primum
3177 2937 3321 2990 enim
3352 2936 3574 2991 omnium
3598 2934 3736 2987 viro-

2193 3037 2335 3085 rum,
2367 3021 2527 3077 Petro
2553 3024 2864 3093 apparuisse
2887 3023 3145 3080 Dominus
3165 3032 3288 3094 post
3316 3026 3739 3080 resurrectionem

506 3120 771 3177 oblivisci.
803 3121 908 3176 Per
933 3123 1071 3178 hanc
1096 3124 1238 3177 enim
1268 3124 1585 3193 placuerunt
1612 3124 1853 3194 quidam,
1882 3124 2087 3195 angelis

2199 3113 2465 3179 creditur,
2509 3128 2617 3167 non
2667 3114 2840 3168 solum
2882 3124 2945 3169 ut
2986 3115 3315 3185 apostolatus
3357 3117 3474 3187 ejus
3517 3116 3741 3171 ordinem

505 3212 743 3282 b05pitio
785 3214 1050 3282 susceptis
1086 3212 1271 3284 (Hebr.
1303 3230 1436 3281 xu;
1474 3214 1602 3269 Gen.
1642 3214 1777 3285 xix).
1809 3233 1827 3265 ι
1861 3214 1998 3269 Hinc
2033 3226 2088 3270 et

506 3302 701 3359 Petrus
734 3304 1007 3375 apostolus
1044 3319 1144 3360 nos
1177 3306 1456 3372 hortatur,
1482 3305 1704 3360 dicens:
1740 3324 1758 3356 ο
1790 3303 2089 3375 lIospitales

506 3395 735 3451 invicem
762 3397 880 3453 sine
903 3399 1327 3454 murmuratione
1350 3398 1402 3471 (Ι
1426 3395 1568 3452 Petr.
1594 3397 1689 3467 tv).
1714 3416 1733 3448 ι
1765 3396 1900 3452 IIinc
1923 3396 2088 3452 etiam

509 3489 700 3543 beatus
741 3488 842 3544 Job
888 3489 954 3545 de
1006 3490 1186 3560 seipso
1211 3497 1479 3555 testatur,
1524 3488 1777 3559 inquiens
1819 3506 1832 3541 :
1880 3505 1898 3538 ι
1935 3487 2087 3541 Foris

506 3592 612 3630 non
649 3578 847 3633 mansit
883 3580 1218 3650 peregrinus,
1248 3579 1449 3634 ostium
1481 3593 1661 3634 meum
1688 3577 1878 3632 viatori
1915 3577 2086 3647 patuit

506 3667 629 3738 (Job
661 3670 831 3742 xxxr).
860 3688 884 3723 ὓ

585 3778 604 3808 ‹
636 3760 702 3812 Et
732 3760 956 3815 intravit
982 3776 1104 3817 cum
1138 3761 1264 3816 illis.
1296 3761 1365 3815 Et
1394 3756 1593 3815 factum
1621 3769 1702 3815 est
1731 3761 1855 3816 dum
1878 3774 2091 3816 recum-

514 3870 531 3900 ι
578 3852 728 3904 beret
775 3866 897 3905 cum
949 3853 1051 3918 eis,
1103 3852 1310 3922 accepit
1338 3868 1557 3922 panem,
1582 3852 1856 3907 benedixit
1897 3868 1961 3907 ac
1990 3851 2092 3908 fre-

514 3960 533 3991 ι
578 3942 674 4009 git,
702 3951 759 3998 et
785 3943 1098 4014 porrigebat
1126 3944 1247 3998 illis.
1275 3944 1339 3997 lit
1361 3944 1533 4013 aperti
1564 3952 1688 3998 sunt
1710 3943 1850 3999 oculi
1876 3958 2088 4011 eorum,

513 4049 530 4081 ι
576 4040 631 4085 et
674 4040 1042 4103 cognoverunt
1088 4032 1257 4087 illum.
1293 4051 1311 4084 ι
1343 4033 1477 4100 Quia
1520 4033 1654 4089 ﬁdes
1692 4033 1810 4088 sine
1835 4034 2090 4104 operibus

482 4108 725 4175 ‘mortua
759 4128 872 4185 est,
911 4120 1037 4175 hinc
1067 4135 1392 4188 cognoscere
1419 4122 1705 4191 pommus,
1734 4123 1860 4190 quia
1895 4122 2086 4191 Deum,

510 4222 669 4278 quem
693 4208 941 4279 discipuli
968 4225 1069 4264 nec
1093 4226 1160 4263 ex
1193 4210 1422 4273 visione,
1464 4226 1563 4266 nec
1591 4226 1658 4266 ex
1686 4210 2087 4282 Scripturarum

506 4299 956 4370 interpretatione
1002 4309 1393 4370 cognoverant,
1441 4317 1562 4356 mox
1605 4310 1662 4356 ut
1707 4317 1907 4373 opere,
1948 4305 2087 4373 quod

506 4388 798 4461 Scriptura:
834 4389 1198 4460 .przecipiunt,
1242 4389 1603 4459 perfecerunt.
1648 4408 1667 4441 ι
1712 4390 2089 4463 Cognoverunt

2190 3204 2573 3269 consolidaret,
2596 3205 2689 3259 sed
2710 3205 2873 3260 etiam
2902 3214 2961 3261 ut
2980 3215 3215 3263 mentem
3248 3205 3388 3276 ejus,
3418 3221 3538 3277 qua:
3562 3207 3611 3261 in
3634 3220 3741 3276 pass

2189 3294 2340 3351 sione
2371 3294 2713 3364 titubaverat,
2740 3298 3082 3353 reformaret.
3168 3316 3177 3321 ·
3750 3300 3753 3303 ’

2703 3433 2988 3492 IIOMILIA
3024 3435 3254 3491 LXXIII.

2640 3566 2798 3606 FERIA
2837 3568 3037 3607 TERTIA
3077 3554 3313 3608 pascui.

2262 3656 2418 3731 (Acr.
2456 3660 2603 3731 xui.)
2638 3679 2657 3712 ι
2694 3661 2749 3715 1η
2784 3662 2973 3717 diebus
3009 3662 3155 3719 illis:
3186 3662 3424 3734 Surgens
3450 3655 3676 3723 Paulus.
3698 3670 3741 3716 et

2196 3769 2212 3801 ι
2257 3766 2417 3804 manu
2467 3751 2737 3805 silentium
2788 3753 3059 3818 indicens,
3100 3754 3357 3809 ait:Viri
3403 3754 3638 3820 fratres,
3667 3754 3740 3807 ﬁlii

2196 3862 2213 3893 ι
2260 3844 2473 3913 generis
2508 3842 2802 3907 Abraham,
2833 3853 2887 3899 et
2912 3845 3002 3915 qui
3032 3845 3083 3899 in
3113 3846 3267 3900 vobis
3295 3848 3485 3900 timent
3521 3847 3697 3908 Deum,
3721 3864 3737 3894 ι

2189 3944 2243 3990 et
2276 3936 2502 4006 reliqua.
2534 3933 2732 3991 Omnes
2760 3937 2953 4003 quibus
2981 3938 3079 3992 iste
3106 3937 3424 4007 loquebatur
3462 3938 3741 4008 apostolus,

2158 4029 2482 4087 .secundum
2507 4042 2725 4082 carnem
2749 4029 2842 4083 ﬁlii
2870 4029 3101 4083 Abrahae
3122 4038 3300 4094 erant,
3324 4030 3462 4083 sicut
3487 4039 3545 4083 et
3574 4028 3667 4099 ipsi
3693 4025 3744 4080 de

2191 4118 2382 4188 seipsis
2432 4118 2485 4173 in
2532 4117 2638 4172 alio
2666 4117 2783 4173 loco
2813 4119 3063 4173 dixerunt
3095 4117 3275 4189 (Joan.
3300 4119 3417 4189 vin)
3451 4135 3468 4171 :
3508 4137 3529 4169 ε
3571 4118 3743 4173 Semen

2187 4210 2418 4265 Abraha:
2463 4222 2680 4276 smnus,
2711 4219 2767 4264 et
2807 4210 2936 4265 nulli
2977 4210 3298 4266 servivimus
3342 4225 3608 4280 unquam.
3653 4206 3748 4262 il-Zt

2189 4300 2384 4352 iterum
2415 4317 2433 4356 :
2468 4317 2486 4350 ι
2518 4299 2680 4354 Pater
2709 4308 2895 4354 noster
2920 4298 3189 4354 Abraham
3217 4307 3318 4355 est.
3351 4318 3370 4352 ι
3403 4299 3469 4354 Et
3507 4299 3745 4354 Dominus

2188 4387 2292 4441 illis
2331 4404 2345 4441 ε
2391 4407 2409 4439 ‹
2460 4387 2586 4443 Scio
2624 4389 2751 4458 quia
2799 4388 2894 4442 ﬁlii
2940 4388 3168 4444 Abraha:
3207 4389 3356 4443 estis.
3406 4407 3425 4441 ι
3456 4389 3745 4443 Imitatione

503 4496 627 4536 eum
667 4482 722 4536 in
764 4481 1030 4537 fractione
1068 4480 1246 4551 panis,
1276 4500 1294 4531 ι
1340 4480 1601 4548 Quoniam
1630 4483 1775 4538 sicut
1803 4483 2087 4550 Apostolus
2116 4510 2163 4567 Ι)
2189 4480 2332 4533 enim
2362 4495 2466 4535 non
2491 4480 2584 4533 ﬁlii
2614 4479 2844 4534 Abrahae
2872 4491 3028 4534 erant
3054 4479 3147 4543 illi,
3178 4479 3371 4548 quibus
3395 4478 3660 4532 Dominus
3684 4476 3744 4528 lo-

499 4574 576 4630 ait
615 4592 626 4626 :
666 4593 683 4625 ι
715 4573 830 4628 Non
876 4573 1150 4629 auditores
1187 4572 1318 4644 legis
1357 4570 1489 4639 justi
1536 4582 1661 4628 sunt
1706 4574 1846 4642 apud
1888 4572 2079 4638 Deum,

499 4666 593 4721 sed
616 4664 847 4721 factores
870 4666 1006 4737 legis
1025 4664 1468 4735 justiﬁcabuntur
1491 4664 1668 4736 (Rom.
1696 4665 1776 4735 ιι).
1801 4685 1819 4718 ι
1850 4665 1917 4719 Et
1941 4664 2081 4719 sicut

499 4758 756 4812 Dominus
796 4758 928 4812 dicit
958 4777 970 4812 :
1010 4776 1027 4809 ι
1060 4759 1210 4813 Beati
1238 4758 1330 4826 qui
1357 4758 1583 4813 audiunt
1604 4759 1828 4813 verbum
1859 4756 1987 4821 Dei,
2026 4763 2081 4810 et

497 4848 810 4902 custodiunt
838 4848 966 4903 illud
1001 4848 1153 4920 (Luc.
1182 4848 1266 4919 ιι).
1298 4868 1318 4901 ι
1353 4849 1462 4905 Nos
1489 4865 1700 4921 quoque
1731 4866 1829 4919 pro
1866 4849 2081 4905 modulo

497 4945 684 4991 nostro
733 4935 788 4989 in
836 4935 1097 4990 fractione
1144 4937 1300 5005 panis
1354 4937 1639 4993 Dominum
1682 4940 2080 5009 cognoscimus,

454 5019 538 5079 'si
581 5024 781 5081 mundo
818 5024 981 5081 corde
1026 5034 1082 5079 et
1126 5034 1277 5081 casto
1324 5042 1551 5097 corpore
1599 5028 1910 5098 mysterium
1962 5042 2084 5081 cor-

494 5118 642 5187 poris
670 5127 725 5173 et
754 5118 1033 5189 sanguinis
1069 5118 1183 5189 ejus
1218 5134 1342 5175 cum
1382 5120 1542 5191 digna
1560 5112 1878 5175 'reverentia
1914 5118 2079 5173 sumi-

495 5223 637 5262 mus.

569 5316 585 5346 ι
634 5294 700 5351 Et
724 5296 837 5368 ipse
866 5299 1083 5354 evanuit
1107 5300 1175 5356 ab
1198 5299 1370 5357 oculis
1398 5315 1605 5356 eorum.
1637 5299 1703 5354 Et
1731 5299 1981 5355 dixerunt
2010 5299 2075 5353 ad

497 5402 517 5436 ι
560 5385 789 5441 invicem
817 5406 831 5444 :
855 5386 1041 5443 Nonne
1062 5404 1158 5445 cor
1186 5398 1431 5445 nostrum
1461 5388 1655 5443 ardens
1679 5395 1798 5443 erat
1822 5387 1874 5441 in
1898 5388 2075 5452 nobis,

494 5496 515 5531 ι
557 5480 680 5535 dum
712 5480 1023 5552 loqueretur
1052 5482 1105 5537 in
1139 5483 1245 5545 via,
1277 5491 1332 5537 et
1368 5481 1605 5551 aperiret
1640 5480 1793 5535 nobis
1834 5478 2075 5551 Scriptu-

493 5591 515 5624 ι
561 5572 678 5630 ras?
707 5593 724 5626 ι
760 5572 916 5640 Quia,
968 5573 1108 5628 sicut
1156 5573 1233 5626 ait
1277 5570 1588 5641 Apostolus,
1636 5589 1654 5621 r
1701 5569 1841 5627 Deus
1891 5580 2073 5625 noster

496 5663 629 5732 ignis
658 5680 981 5721 consumens
1018 5673 1101 5719 est
1128 5661 1312 5735 (Hebr.
1349 5662 1469 5731 xu).
1503 5682 1520 5714 ι
1564 5660 1853 5731 Postquam
1896 5662 2069 5716 Domi-

2189 4569 2455 4637 quebatnr
2482 4586 2495 4620 :
2531 4588 2550 4619 ‹
2582 4570 2689 4623 Vos
2731 4585 2797 4623 ex
2828 4578 2981 4639 patre
3008 4569 3220 4623 diabolo
3243 4569 3393 4624 estis.
3425 4587 3443 4619 ι
3477 4568 3615 4623 Inde
3637 4579 3747 4635 ergo

2186 4661 2353 4717 Judaei
2402 4662 2496 4716 ﬁlii
2548 4662 2775 4727 diaboli,
2824 4677 2930 4716 non
2981 4661 3283 4722 nascendo.
3335 4660 3426 4715 sed
3472 4656 3744 4714 imitando.

2194 4771 2212 4803 ι
2249 4752 2375 4817 Vos,
2408 4752 2584 4821 inquit
2613 4752 2894 4813 Dominus,
2928 4765 2997 4804 ex
3038 4758 3193 4819 patre
3241 4747 3451 4805 diabolo
3500 4749 3669 4810 estis,
3704 4752 3748 4797 et

2190 4844 2453 4900 desideria
2485 4844 2654 4912 patris
2676 4844 2843 4897 vestri
2875 4842 3052 4897 facere
3074 4843 3258 4897 vultis.
3292 4861 3311 4894 ι
3340 4841 3478 4896 Ecce
3503 4841 3650 4895 unde
3669 4835 3747 4891 ﬁlii

2186 4935 2399 4992 diaboli.
2447 4935 2577 5001 Quae
2621 4942 2745 4990 sunt
2790 4935 2934 4989 illius
2974 4934 3279 4990 desideria?
3316 4949 3337 4985 ι
3370 4932 3461 4987 Ille
3492 4928 3747 4988 homicida

2182 5036 2300 5084 crat
2342 5028 2409 5081 ab
2452 5027 2626 5093 initio,
2670 5035 2727 5081 et
2751 5042 2845 5081 vos
2877 5028 3117 5096 quaeritis
3157 5043 3243 5082 me
3270 5026 3543 5081 occidere.
3576 5045 3598 5078 ι
3630 5022 3748 5077 Ecce

2181 5118 2451 5190 quomodo
2493 5118 2793 5173 imitatione
2836 5119 2928 5173 lilii
2956 5118 3175 5173 diaboli.
3219 5117 3353 5172 Nam
3387 5125 3444 5171 et
3483 5117 3584 5171 ﬁlii
3610 5120 3748 5170 erant

2182 5212 2431 5276 Abrahze,
2462 5221 2681 5281 propter
2715 5213 2977 5281 originem
3017 5212 3217 5275 carnis,
3246 5212 3441 5279 quibus
3468 5210 3577 5264 ista
3618 5210 3746 5276 Apo-

2184 5301 2355 5355 stolus
2392 5300 2730 5369 loquebatur,
2775 5309 2828 5355 et
2868 5299 2963 5353 ﬁlii
3002 5299 3319 5354 imitationis
3348 5307 3574 5368 propter
3598 5295 3749 5352 casti-

2180 5397 2343 5444 tatem
2371 5389 2600 5455 timoris,
2632 5389 2827 5457 qnibus
2853 5388 3156 5458 specialiter
3182 5387 3415 5445 dicebat.
3445 5406 3465 5440 ι
3496 5387 3571 5442 Et
3590 5384 3681 5456 qui
3703 5385 3753 5436 in

2183 5498 2201 5529 ε
2245 5479 2400 5534 vobis
2436 5480 2627 5533 timent
2663 5477 2867 5544 Deum,
2898 5479 3050 5535 vobis
3085 5478 3309 5534 verbum
3359 5477 3549 5533 salutis
3603 5471 3747 5541 huius

2186 5588 2205 5620 ε
2251 5569 2476 5625 missum
2523 5579 2626 5626 est.
2679 5589 2697 5621 ι
2746 5569 2879 5625 Illud
2922 5571 3111 5641 utique
3161 5571 3229 5627 de
3274 5585 3384 5641 quo
3431 5570 3600 5624 Isaias
3642 5567 3747 5617 ait:

2188 5679 2206 5710 ι
2251 5658 2486 5716 Verbum
2510 5663 2655 5717 misit
2678 5660 2936 5718 Dominus
2959 5665 3011 5718 in
3032 5664 3214 5725 Jacob,
3233 5673 3287 5717 et
3300 5661 3494 5718 cecidit
3516 5659 3572 5712 in
3594 5648 3752 5710 Israel
