3934 6346
179 436 295 491 463
1411 425 1712 486 HOMILUE
1753 426 1758 481 l

1878 424 2221 484 TEMPORB.
3336 430 3438 486 £66

179 534 328 618 (Ira.
361 544 460 616 ix).
497 564 514 597 i
542 546 598 601 Id
628 550 709 600 est
748 544 897 601 misit
936 542 1077 600 Deus
1102 542 1299 599 Filium
1341 559 1528 607 suum,
1561 542 1626 597 de
1651 556 1757 610 quo
1787 545 1833 601 Α
1861 538 1977 593 dies
2012 540 2265 594 continuo
2294 532 2577 608 apparuit,
2621 542 2716 597 sed
2758 541 2973 611 qu0ties
3016 538 3211 606 voluit,
3241 544 3437 612 quibus

176 636 424 692 Joannes
448 637 525 691 ait
553 654 565 690 :
603 654 622 689 t
646 636 710 690 'In
733 637 997 707 principio
1017 645 1133 693 erat
1160 635 1414 699 Verbum,
1448 644 1501 690 et
1523 635 1759 690 Verbum
1860 627 2062 693 voluit,
2090 636 2146 683 et
2170 628 2620 698 quemadmodum
2659 629 2846 696 voluit,
2894 631 3142 702 apparuit
3175 650 3195 684 ι
3228 632 3314 687 his
3343 634 3436 703 qui

176 739 308 786 erat
336 731 476 801 apud
503 731 764 795 Deum,'et
792 732 929 786 Deus
948 742 1063 788 erat
1084 729 1318 786 Verbum
1341 729 1519 802 (Joan.
1546 728 1607 799 ι).
1640 747 1658 781 ι
1681 729 1763 784 Ad

174 821 376 889 Jacoh,
406 824 458 879 id
488 833 569 879 est
596 824 664 877 ad
700 822 911 878 Judzeos
939 841 951 854 ο
980 832 1035 878 et
1075 822 1224 877 venit
1262 822 1329 875 ad
1355 820 1550 887 Israel,
1586 819 1639 874 id
1680 828 1764 875 est

175 915 257 969 ad
286 915 535 987 gentilem
560 914 834 985 populum.
864 915 1003 970 Deus
1047 923 1226 969 autem
1252 913 1484 969 Verbum
1525 912 1641 982 ipse
1680 918 1762 965 est

177 1009 288 1064 Dei
335 1009 521 1064 Filius.
574 1008 911 1078 QuaprOpter
972 1024 1093 1063 cum
1138 1022 1261 1062 eum
1319 1005 1481 1060 Pater
1523 1004 1761 1060 Verbum

175 1097 336 1153 misit
356 1113 386 1151 a
413 1097 595 1163 Patre,
619 1105 675 1152 et
695 1097 870 1152 Verbo
891 1097 1006 1167 ejus
1030 1095 1229 1151 factum
1251 1102 1335 1151 est
1357 1103 1415 1149 ut
1436 1094 1759 1149 mitteretur.

174 1188 332 1259 Ergo
360 1204 391 1242 a
418 1187 579 1244 Patre
605 1196 660 1243 et
691 1188 829 1243 Filio
869 1188 1065 1244 missus
1101 1196 1185 1243 est
1229 1187 1369 1242 idem
1406 1185 1606 1252 Filius,
1633 1186 1761 1255 quia

172 1276 425 1350 Verbum
448 1277 623 1333 Patris
644 1288 729 1334 est
750 1278 861 1349 ipse
882 1278 1070 1350 Filius,
1093 1278 1149 1332 in
1174 1277 1290 1347 ipso
1311 1277 1405 1332 Dei
1419 1275 1595 1330 Verbo
1617 1273 1761 1345 quod

170 1378 305 1424 erat
332 1370 384 1424 in
413 1369 676 1440 principio
705 1370 844 1439 apud
874 1370 1061 1435 Deum,
1094 1377 1149 1424 et
1188 1368 1329 1424 Deus
1356 1374 1473 1423 erat
1500 1366 1759 1423 Verbum.

164 1460 237 1514 In
274 1461 388 1531 ipsa
413 1462 617 1517 scilicet
647 1460 910 1531 sapientia
936 1460 1031 1514 Dei
1058 1467 1197 1525 erat,
1219 1475 1326 1530 quo
1354 1467 1590 1528 tempore
1617 1457 1759 1513 Ver-

167 1551 314 1606 bum
342 1567 468 1607 caro
496 1552 672 1618 fieret,
690 1560 744 1607 et
762 1552 1031 1606 habitaret
1052 1551 1105 1605 in
1128 1551 1318 1605 nobis:
1344 1565 1462 1619 quae
1484 1550 1760 1620 plenitudo

170 1643 446 1713 temporis
489 1658 611 1698 cum
655 1642 923 1709 venisset,
974 1640 1121 1696 misit
1170 1639 1311 1695 Deus
1351 1638 1547 1694 Filium
1599 1653 1759 1695 suum

171 1728 385 1791 factum
410 1747 477 1787 ex
506 1732 728 1795 muliere
760 1728 899 1803 (Cal.
926 1729 1033 1803 tv),
1067 1739 1125 1785 ut
1152 1730 1495 1785 incarnatum
1525 1727 1759 1785 Verbum

170 1824 495 1882 hominibus
518 1836 821 1897 appareret.

1867 735 1885 767 ς
1931 718 2090 772 simul
2132 718 2488 773 ascenderant
2508 734 2631 773 cum
2668 735 2735 775 eo
2774 721 2841 777 de
2866 721 3086 778 Galilwa
3118 723 3173 777 in
3213 720 3434 779 Jerusa-

1867 829 1885 860 ι
1932 810 2054 865 lem.
2104 830 2123 863 ι
2174 810 2332 866 Salva
2375 811 2634 879 historia,
2679 816 2959 873 videamus
3005 817 3431 888 intelligentiam.

1860 900 2079 955 Galilaza
2119 916 2352 972 namque
2400 904 2789 974 transmigratio
2836 906 2975 975 facta
3017 908 3433 981 interpretatur,

1860 988 2156 1045 Jerusalem
2182 991 2310 1045 visio
2339 992 2505 1062 pacis.
2530 992 2608 1047 Illi
2649 994 2792 1048 enim
2819 1011 2942 1050 cum
2974 998 3200 1054 Domino
3227 1001 3291 1056 de
3325 1000 3436 1056 Ga-

1860 1078 1997 1134 lilaea
2024 1081 2320 1136 ascendunt
2340 1083 2396 1135 in
2426 1081 2748 1151 Jerusalem,
2770 1087 2861 1155 qui
2888 1088 3038 1156 prius
3067 1090 3155 1146 hic
3183 1089 3453 1149 vitiorum-

1860 1168 2103 1225 fomitem
2136 1179 2480 1241 respuentes,
2520 1174 2587 1228 ad
2616 1175 2871 1231 virtutem
2910 1179 3145 1237 culmina
3182 1187 3438 1243 transmi—

1861 1269 2039 1333 grant.
2062 1262 2141 1317 Illi
2167 1263 2373 1318 scilicet
2398 1280 2519 1319 cum
2546 1266 2905 1338 Redemptore
2925 1280 3110 1328 nostro
3132 1278 3436 1347 a‘passione

1862 1354 1930 1408 ad
1980 1355 2431 1409 resurrectionem
2479 1358 2892 1428 transmigrant,
2938 1371 2992 1416 et
3041 1363 3093 1418 in
3136 1364 3436 1428 Jerusalem

1861 1446 2068 1502 caelesti
2097 1446 2417 1517 quandoque
2450 1448 2730 1503 Dominum
2760 1450 2866 1505 lteti
2904 1453 3179 1522 videbunt,
3213 1459 3305 1528 qui
3332 1460 3435 1516 hoc

1862 1537 2044 1604 modo,
2089 1536 2234 1593 vitiis
2282 1535 2571 1605 derelictis,
2623 1539 2691 1595 ad
2742 1540 3003 1596 virtutum
3064 1543 3437 1605 celsitudinem

1860 1629 2191 1686 transierint.

1935 1740 1955 1775 ς
1994 1723 2061 1778 Et
2086 1738 2187 1780 nos
2210 1725 2362 1781 vobis
2386 1726 2770 1784 annuntiamus
2794 1744 2858 1786 ea
2883 1746 3002 1801 quae
3031 1731 3098 1786 ad
3130 1740 3314 1803 patres
3334 1748 3433 1788 no-

1868 1832 1887 1866 ι
1918 1823 2059 1871 stros
2086 1819 2429 1888 repromissio
2461 1818 2601 1875 facta
2628 1828 2729 1876 est.
2762 1841 2779 1874 ι
2805 1821 3034 1877 Abrahae
3060 1824 3204 1879 enim
3234 1824 3437 1879 dictum

261 1933 282 1973 q
320 1916 420 1986 Qui
446 1894 601 1973 enim:
625 1918 870 1973 habitam
905 1916 1203 1975 Jerusalem
1232 1926 1287 1974 ei,
1312 1917 1585 1990 principes
1617 1917 1753 1989 ejus,
1785 1894 1832 1954 Β
1859 1916 1979 1962 est:
2007 1927 2025 1960 t
2055 1908 2114 1963 In
2137 1917 2189 1965 te
2212 1910 2596 1965 benedicentur
2619 1912 2882 1967 universae
2909 1913 3256 1984 cognationes
3281 1922 3436 1969 terrae

174 2026 197 2059 ε
252 2006 564 2078 ignorantes
594 2007 775 2065 Jesum
806 2019 860 2065 et
887 2024 1046 2064 voces
1066 2000 1493 2079 prephetarum,
1519 2023 1639 2078 quae
1663 2024 1760 2078 per

176 2118 200 2153 α
252 2116 412 2157 omne
440 2102 721 2157 sabbatum
745 2102 1014 2172 leguntur.
1046 2121 1065 2154 ι
1096 2102 1231 2157 Hinc
1258 2102 1421 2157 etiam
1446 2102 1501 2156 in
1532 2099 1759 2158 Actibus

170 2191 549 2263 apostolorum
571 2191 831 2259 scriptum
853 2200 953 2256 est,
978 2188 1190 2261 Moyses
1208 2191 1353 2265 enim
1378 2206 1408 2244 a
1431 2191 1760 2261 temporibus

162 2282 423 2350 antiquis
466 2280 628 2336 habet
657 2281 709 2334 in
740 2281 963 2350 singulis
990 2282 1296 2336 civitatibus
1338 2281 1429 2351 qui
1467 2296 1588 2337 eum
1622 2297 1758 2352 prte-

167 2373 367 2426 dicent
407 2372 461 2426 in
514 2372 818 2450 synagogis.
866 2371 922 2425 In
973 2373 1058 2426 his
1103 2371 1430 2427 testimoniis
1475 2372 1759 2428 manifeste

165 2464 509 2530 declaratur,
536 2467 663 2535 quia
694 2465 853 2521 lectio
886 2465 1020 2536 legis
1042 2506 1055 2531 ,
1084 2464 1167 2519 vel
1194 2466 1578 2535 prophetarum
1606 2479 1636 2519 a
1667 2463 1760 2519 Ju-

162 2553 312 2617 dacis
340 2554 564 2610 sabbato
586 2571 801 2625 semper
821 2556 874 2610 in
904 2556 1189 2626 synagogis
1210 2555 1543 2626 legebantur.
1720 2556 1725 2561 ’

250 2661 273 2695 ί
301 2642 546 2714 Cumque
563 2654 1028 2701 consummassent
1047 2644 1227 2700 omnia
1248 2659 1368 2714 qua:
1390 2645 1454 2699 de
1474 2658 1538 2699 eo
1561 2643 1758 2713 scripta

172 2753 195 2785 ε
240 2741 388 2789 sunt.
425 2753 444 2786 ι
491 2733 615 2789 Ilaec
656 2735 818 2790 verba
847 2733 1083 2790 Joannes
1118 2734 1220 2789 hoc
1250 2734 1407 2789 modo
1436 2744 1645 2797 narrat,
1677 2734 1758 2789 di-

166 2839 305 2880 cens
333 2841 347 2877 2
379 2841 400 2876 α
430 2822 622 2880 Postea
653 2824 829 2879 sciens
851 2824 1008 2880 Jesus
1029 2824 1154 2893 quia
1183 2823 1361 2879 omnia
1384 2832 1755 2879 consummata

166 2924 343 2983 sunt,
390 2924 450 2971 ut
502 2924 968 2971 consummaretur
1015 2915 1330 2985 Scriptura,
1377 2914 1507 2970 dicit
1555 2931 1568 2968 :
1617 2912 1755 2969 Sitio

171 3005 363 3076 (Joan.
394 3008 532 3079 xxx).
560 3026 579 3060 ›
601 3005 839 3062 Peractis
867 3006 1118 3061 omnibus
1135 3005 1292 3060 Jesus
1316 3019 1437 3076 qua:
1454 3012 1579 3060 ante
1600 3019 1753 3060 suam

174 3106 408 3153 mortem
456 3098 641 3169 peragi
691 3099 1012 3168 oportebat,
1060 3098 1275 3167 quando
1303 3097 1505 3163 voluit,
1533 3106 1587 3152 et
1613 3097 1757 3153 sicut

173 3189 364 3255 voluit,
387 3190 606 3245 tradidit
622 3190 893 3260 spiritum.
916 3207 934 3240 ‹
956 3188 1292 3259 Deponentes
1312 3201 1433 3241 eum
1455 3187 1519 3242 de
1538 3185 1700 3258 ligno.
1728 3206 1746 3240 ι

180 3279 227 3333 Α
264 3278 444 3352 Moyse
486 3282 541 3336 in
587 3295 770 3337 eremo
808 3295 979 3335 aereus
1009 3293 1230 3350 serpens
1273 3276 1415 3348 ligno
1462 3292 1755 3347 suspensus
1781 3250 1828 3315 C-

185 3380 291 3440 est,
315 3358 375 3428 ut
396 3374 644 3430 Dominus
665 3374 717 3428 in
743 3380 990 3444 serpente
1009 3379 1277 3436 mortuus,
1301 3369 1431 3425 etin
1460 3384 1567 3424 tere
1595 3369 1758 3441 signi-

185 3464 439 3519 ficaretur
460 3474 723 3532 aeternus,
767 3465 1019 3520 videlicet
1046 3470 1106 3518 ut
1136 3460 1471 3531 judicaretur
1510 3469 1758 3517 mortuus

179 3572 279 3626 per
311 3553 725 3625 humanitatem,
755 3568 811 3614 et
856 3567 1034 3613 tamen
1074 3566 1218 3612 esset
1261 3555 1417 3627 quasi
1461 3569 1634 3610 aereus
1662 3569 1758 3625 per

184 3649 545 3706 divinitatem.
595 3651 736 3719 Quid
781 3649 1212 3721 respondendum
1256 3655 1341 3703 est
1382 3645 1581 3703 Judzeis
1622 3645 1755 3716 obji-

174 3742 446 3798 cientibus
490 3743 861 3798 testimonium
910 3741 1039 3797 illud
1090 3758 1105 3798 :
1150 3758 1170 3791 t
1220 3739 1536 3795 Maledictus
1582 3740 1759 3795 omnis

173 3834 268 3902 qui
294 3834 549 3904 pependit
584 3835 638 3888 in
666 3833 813 3905 ligno
838 3832 1016 3904 (Deut.
1043 3830 1199 3903 XXI)?
1226 3850 1246 3884 ι
1274 3829 1613 3885 Maledictum
1638 3844 1757 3885 esse

174 3924 455 3980 hominem
499 3925 592 3995 qui
638 3925 691 3979 in
741 3924 885 3995 ligno
914 3923 1162 3994 pendeat,
1210 3921 1303 3976 sed
1341 3920 1598 3987 noxium,
1648 3936 1758 3987 non

174 4016 544 4070 innocentem.
575 4014 759 4085 Neque
777 4015 929 4069 enim
956 4013 1275 4068 innocentia:
1302 4018 1480 4092 potest
1504 4025 1625 4067 esse
1647 4025 1759 4065 ma-

172 4106 434 4162 ledictum
472 4122 629 4176 poena
658 4106 885 4177 peccati.
911 4106 1121 4161 Etenim
1155 4105 1201 4160 si
1229 4104 1598 4159 Mardochteus
1622 4118 1759 4173 prte-

173 4206 371 4265 parato
395 4196 542 4268 ligno
583 4212 849 4267 appensus
878 4195 1200 4251 sententiam
1234 4196 1396 4267 regite
1423 4195 1759 4252 crudelitatis

171 4285 467 4356 explesset,
495 4278 735 4356 nunqbid
761 4302 885 4341 eum
914 4287 967 4341 hi
1006 4301 1147 4341 nunc
1182 4287 1400 4357 dignum
1430 4286 1496 4340 ad
1534 4285 1759 4341 maledi-

172 4377 415 4432 ctionem
443 4377 776 4448 iudicarent?
821 4377 936 4432 Non
972 4377 1213 4433 omnino.
1256 4376 1459 4431 Idcirco
1498 4375 1757 4431 Dominus

175 4477 371 4524 noster
398 4470 650 4540 pependit
690 4470 745 4523 in
790 4469 933 4540 ligno
952 4511 965 4535 ,
998 4481 1059 4523 ut
1088 4483 1187 4522 nos
1215 4482 1245 4521 a
1274 4466 1502 4531 delicto,
1530 4466 1672 4534 quod
1705 4467 1758 4521 ia

175 4563 326 4633 ligno
365 4559 541 4618 fuerat
579 4560 896 4631 perditionis
941 4559 1268 4623 admissum,
1310 4556 1454 4627 ligno
1492 4571 1781 4627 appensns.

1862 1998 2014 2071 (Gen.
2046 2000 2204 2072 xxn).
2251 2021 2271 2054 ›
2303 2000 2469 2057 Jacob
2497 2010 2673 2057 autem
2694 2043 2708 2067 ,
2743 2021 2761 2054 ι
2799 2010 2854 2058 et
2885 2004 3269 2059 benedicentur
3300 2006 3354 2060 in
3386 2014 3437 2060 te

1860 2100 1916 2146 et
1948 2092 2005 2147 in
2030 2093 2234 2150 semine
2261 2101 2353 2150 tuo
2373 2102 2579 2150 cunctze
2607 2096 2778 2150 tribus
2803 2103 2959 2151 terra:
2986 2094 3135 2167 (Gen.
3168 2096 3385 2167 xxviii).
3414 2116 3433 2148 ι

1860 2184 2013 2252 Quod
2040 2185 2329 2256 Apostolus
2354 2201 2647 2257 exponens,
2679 2188 2755 2242 ait
2782 2207 2794 2242 :
2824 2207 2842 2240 ‹
2879 2187 2995 2243 Νοη
3030 2187 3164 2242 dixit
3193 2187 3248 2241 in
3277 2172 3439 2241 scini-

1861 2275 2039 2341 nibus,
2058 2276 2151 2331 sed
2172 2277 2226 2330 in
2246 2277 2451 2331 semine
2475 2285 2581 2340 tuo,
2600 2279 2742 2347 quod
2763 2278 3107 2333 estChristus
3128 2274 3269 2342 (Gal.
3287 2275 3387 2348 in).
3416 2297 3432 2325 ι

1862 2363 2061 2419 Semen
2107 2364 2321 2434 quidem
2373 2365 2605 2420 Abmhm
2640 2365 2887 2420 Christus
2912 2375 3014 2431 est,
3062 2366 3115 2420 in
3155 2364 3308 2435 cujus
3337 2378 3436 2419 n0—

1860 2457 2022 2513 minis
2048 2456 2153 2513 fide
2195 2459 2446 2513 omnibus
2477 2468 2635 2514 terra:
2681 2458 2928 2524 familiis,
2958 2457 3155 2513 Iudaeis
3193 2457 3442 2514 videlicet

1859 2558 1915 2604 et
1953 2551 2222 2621 gentibus,
2251 2558 2335 2607 est
2361 2551 2664 2607 benedictio
2694 2551 3040 2621 repromissa,
3070 2550 3124 2605 id
3158 2557 3241 2606 est
3269 2549 3445 2627 signi-s

1859 2638 2039 2695 licata.

1934 2750 1953 2783 ι
1985 2731 2135 2788 Dabo
2169 2733 2320 2789 vobis
2359 2742 2546 2789 sancta
2570 2734 2756 2805 ,Dnvid
2794 2734 2988 2789 fidelia.
3027 2753 3044 2787 ι
3076 2733 3131 2788 Id
3178 2740 3262 2789 est
3291 2746 3439 2801 quae.

1858 2837 2069 2892 cunque
2109 2823 2277 2878 David
2319 2823 2461 2879 ﬁdeli
2512 2825 2768 2894 promisi,
2816 2825 3002 2880 eadem
3059 2822 3212 2879 vobis
3266 2822 3440 2877 fidelis

1856 2927 2084 2982 sponsor
2127 2913 2389 2984 implebo,
2428 2913 2702 2970 Christum
2750 2913 2955 2975 scilicet
3002 2916 3068 2970 de
3108 2914 3224 2985 ejus
3272 2913 3441 2982 stirpe

1856 3003 2207 3069 nasciturum,

2372 3140 2653 3201 HOMILIA
2688 3141 2918 3203 LXXIV.

2311 3265 2466 3306 FEBIA
2506 3268 2705 3307 TERTIA
2741 3267 2978 3308 PASCIL'E.

1932 3358 2090 3430 (Luc.
2139 3360 2321 3430 xxiv.)
2363 3379 2381 3412 ι
2419 3360 2474 3416 1η
2513 3361 2608 3417 illo
2655 3369 2896 3431 tempore
2937 3379 2951 3418 :
2985 3361 3145 3417 Stetit
3179 3361 3335 3418 Jesus
3384 3363 3438 3417 in

1865 3467 1884 3501 ‹
1919 3450 2093 3505 medio
2128 3450 2510 3520 discipulorum
2540 3467 2780 3507 suorum.
2820 3471 2838 3503 ι
2872 3452 2939 3506 Et
2969 3452 3193 3521 reliqua.
3221 3452 3441 3507 Ilaerent

1859 3539 1961 3596 sibi
2003 3540 2198 3597 divina:
2227 3541 2516 3608 lectiones,
2556 3552 2610 3599 ct
2637 3543 2948 3614 frequenter
2977 3559 3080 3597 una
3129 3544 3327 3613 pendet
3371 3559 3439 3599 ex

1860 3632 2062 3699 altera,
2086 3632 2157 3687 ita
2188 3641 2248 3687 ut
2277 3647 2660 3711 nonnunquam
2697 3635 2913 3688 exordia
2945 3633 3321 3703 subsequentis
3357 3633 3438 3688 fa-

1858 3722 2015 3777 cilius
2059 3722 2425 3794 intelligantur
2467 3739 2534 3779 ex
2580 3723 3010 3779 consideratione
3062 3726 3436 3794 praecedentis.

1860 3813 2013 3880 Quod
2040 3814 2091 3868 in
2123 3814 2224 3869 hac
2246 3814 2474 3870 lectione
2502 3815 2659 3872 facile
2686 3817 3051 3887 agnoscimus,
3082 3816 3129 3871 si
3159 3817 3437 3885 superiora

1860 3903 2018 3973 hujus
2070 3906 2345 3978 Evangelii
2394 3922 2686 3978 parumper
2726 3909 3087 3963 attendamus.
3146 3907 3438 3978 Postquam

1858 3997 2004 4052 enim
2052 3998 2497 4053 commemoravit
2536 3999 2867 4071 evangelista
2906 4000 3113 4055 duobus
3163 3998 3442 4068 discipulis

1860 4089 2142 4145 Dominum
2166 4090 2220 4144 in
2241 4089 2326 4144 via
2349 4091 2686 4161 apparuisse,
2706 4100 2991 4162 postquam
3015 4105 3138 4146 eum
3161 4092 3447 4161 cognitum

1860 4182 1928 4237 ah
1949 4182 2026 4236 eis
2055 4181 2108 4236 in
2139 4180 2403 4239 fractione
2428 4184 2583 4255 panis
2611 4185 2850 4238 narravit
2874 4182 3059 4246 fuisse,
3083 4182 3278 4252 adjecit
3312 4198 3441 4237 con-

1862 4276 2012 4330 tinuo
2044 4293 2057 4329 :
2087 4293 2105 4325 i
2141 4274 2207 4329 Et
2246 4284 2527 4346 surgentes
2552 4276 2741 4329 eadem
2787 4274 2923 4328 hora
2968 4272 3194 4342 regressi
3223 4279 3348 4325 sunt
3387 4272 3442 4325 in

1860 4367 2191 4433 Jerusalem,
2238 4376 2292 4423 et
2336 4368 2660 4423 invenerunt
2688 4375 3041 4436 congregatos
3072 4364 3353 4428 undecim,
3385 4374 3441 4419 et

1860 4473 1954 4513 eos
1968 4458 2060 4527 qui
2089 4472 2211 4512 cum
2240 4458 2369 4528 ipsis
2389 4466 2567 4523 erant,
2608 4456 2851 4512 dicentes
2878 4457 3021 4526 quod
3056 4453 3293 4508 surrexit
3330 4452 3438 4507 Do-

1861 4550 2040 4606 minus
2068 4565 2215 4617 vere,
2257 4558 2310 4604 et
2341 4550 2588 4621 apparuit
2619 4548 2848 4605 Simoni.
2896 4548 2963 4601 Et
3007 4545 3109 4615 ipsi
3148 4545 3443 4601 narrabant

175 4630 506 4708 absolveret.
555 4630 923 4706 tiPosuerunt
972 4665 1094 4704 eum
1138 4648 1194 4702 in
1238 4656 1608 4703 monumento.
1646 4665 1664 4699 ι
1701 4648 1757 4701 In

1866 4658 1980 4712 qua:
2008 4651 2159 4713 gesta
2199 4631 2358 4696 erant
2399 4642 2456 4694 in
2501 4641 2619 4705 via,
2662 4647 2719 4694 et
2765 4635 3033 4708 quomodo
3072 4643 3444 4705 cognoverunt

174 4754 531 4802 monumento
561 4760 701 4800 novo
736 4744 944 4815 positus
974 4749 1057 4797 est
1078 4739 1269 4806 Jesus,
1293 4741 1347 4795 in
1388 4755 1496 4810 quo
1519 4739 1757 4794 nonduin

174 4839 470 4911 quisquam
512 4840 719 4910 positus
742 4846 877 4893 erat.
906 4836 1058 4893 Sicut
1088 4835 1141 4891 in
1167 4832 1394 4905 virginis
1419 4818 1573 4888 utero
1604 4848 1759 4887 nemo

176 4944 312 4991 ante
341 4934 523 5003 illum,
564 4950 723 4991 nemo
757 4943 878 5004 post
920 4933 1067 4987 illum
1114 4939 1405 5003 conceptus
1434 4937 1558 4983 est:
1600 4928 1670 4982 ita
1707 4928 1757 4980 in

176 5031 288 5084 hoc
322 5035 692 5093 monumento,
723 5040 882 5081 nemo
909 5032 1034 5079 ante
1064 5021 1231 5087 illum,
1260 5037 1419 5077 nemo
1461 5027 1583 5090 post
1612 5018 1759 5073 illum

174 5117 428 5190 sepultus
449 5124 552 5174 est.

259 5231 278 5264 ι
314 5212 457 5267 Deus
502 5224 633 5266 vero
677 5208 958 5265 suscitavit
996 5205 1147 5262 illum
1183 5218 1215 5261 a
1258 5200 1504 5261 mortuis.
1536 5221 1555 5254 ο
1584 5200 1758 5254 Radix

178 5317 373 5359 amara
400 5301 579 5359 crucis
614 5300 860 5364 evanuit,
884 5298 984 5356 ﬂos
1024 5297 1148 5352 vitae
1183 5310 1307 5351 cum
1345 5293 1610 5349 fructibus
1641 5307 1761 5346 sur-

177 5394 323 5452 rexit
345 5393 401 5448 in
430 5391 621 5465 gloria.
653 5390 779 5446 Haec
799 5398 883 5445 est
905 5389 1052 5461 virga
1082 5388 1286 5450 Aaron,
1312 5399 1431 5456 quae
1457 5391 1578 5454 post
1605 5382 1761 5437 sicci-

179 5493 350 5540 tatem
376 5479 574 5538 ﬂoruit.
603 5479 762 5552 Virga
799 5479 942 5535 enim
976 5486 1099 5549 post
1127 5477 1433 5532 ariditatem
1462 5474 1757 5536 virescens,

177 5558 449 5630 Christus.
480 5581 566 5629 est
610 5580 733 5644 post
778 5579 1007 5626 mortem
1046 5583 1369 5639 resurgens,
1414 5565 1505 5636 qui
1550 5572 1634 5620 est
1665 5562 1762 5618 llos

180 5664 476 5736 virginum,
508 5677 706 5719 corona
751 5671 1082 5735 martyrum,
1130 5659 1300 5731 gloria
1347 5656 1757 5719 continentium,

186 5775 203 5805 ι
244 5753 337 5825 qui
365 5753 513 5810 visus
534 5762 617 5809 est
639 5767 736 5823 per
759 5752 874 5807 dies
902 5751 1116 5806 multos.
1150 5771 1167 5802 ι
1190 5750 1245 5804 Id
1274 5757 1358 5804 est
1378 5764 1473 5819 per
1494 5747 1612 5803 dies
1634 5763 1761 5818 qua-

184 5846 454 5917 draginta.
481 5843 596 5902 Non
624 5853 801 5900 tamen
824 5843 903 5898 eis
927 5859 1025 5914 per
1046 5857 1232 5907 omnes
1262 5841 1381 5905 illos
1407 5838 1761 5913 quadraginta

1861 4747 1984 4789 eum
2030 4733 2083 4786 in
2114 4732 2378 4786 fractione
2418 4730 2589 4799 panis.
2624 4749 2647 4782 ι
2677 4759 2749 4768 —
2782 4746 2801 4780 t
2830 4726 2968 4780 Dum
2998 4727 3113 4780 haec
3157 4733 3337 4779 autem
3372 4724 3443 4778 ad

1869 4840 1887 4872 ι
1925 4820 2154 4875 invicem
2177 4820 2546 4889 loquerentur,
2570 4816 2727 4872 Jesus
2747 4816 2898 4873 stetit
2922 4816 2973 4869 in
2993 4813 3169 4869 medio
3183 4828 3389 4871 eorum.
3416 4833 3434 4862 ι

1864 4912 2015 4968 Unde
2043 4920 2267 4982 apparet
2310 4911 2433 4981 quia
2463 4910 2578 4966 lizec
2603 4909 2866 4981 apparitio
2895 4909 3010 4978 ipso
3036 4907 3123 4963 die
3148 4905 3446 4962 Dominiem

1864 5004 2276 5061 resurrectionis
2304 5003 2558 5058 factaest
2587 5019 2601 5055 :
2632 5000 2785 5071 cujus
2825 4999 3177 5073 apparitionis
3219 4997 3439 5053 modum

1861 5094 2095 5152 Joannes
2120 5094 2447 5166 evangelista
2471 5092 2710 5164 apertius
2735 5091 2990 5159 declarat,
3017 5091 3232 5147 dicens:
3263 5108 3282 5142 ι
3307 5087 3442 5144 Cum

1862 5198 2008 5245 esset
2042 5188 2302 5244 serordie
2319 5187 2408 5242 illa
2450 5201 2559 5241 una
2591 5185 2970 5254 sabbatorum,
3004 5191 3060 5239 et
3084 5184 3229 5238 fores
3258 5190 3444 5237 essent

1864 5283 2061 5339 clausa:
2081 5281 2356 5336 abierant
2382 5277 2628 5348 discipuli
2654 5275 2965 5348 congregati
2991 5285 3211 5347 propter
3237 5281 3440 5330 metum

1863 5371 2190 5434 Judaeorum,
2217 5369 2537 5426 venitJesus
2558 5368 2777 5425 etstetit
2797 5367 2850 5421 in
2875 5365 3052 5422 medio
3076 5364 3256 5437 (Joan.
3284 5361 3395 5434 xx).
3426 5380 3441 5409 ι

1869 5463 1967 5529 Ubi
2001 5460 2447 5519 considerandum
2480 5459 2621 5530 quod
2655 5460 2722 5515 de
2769 5473 2830 5515 se
2870 5453 3298 5525 colloquentibus
3333 5449 3439 5503 Do-

1867 5557 2045 5612 minus
2074 5555 2126 5609 in
2152 5553 2329 5608 medio
2363 5553 2577 5608 stetisse
2606 5550 2823 5617 dicitur,
2854 5557 2912 5603 ut
2937 5546 3298 5614 intelligamus
3316 5540 3443 5610 quia

1869 5659 1996 5704 tunc
2028 5661 2150 5701 eum
2194 5644 2472 5700 nobiscum
2505 5640 2835 5698 habitantem
2863 5639 3199 5701 habebimus,
3231 5634 3274 5689 si
3305 5647 3442 5703 quo-

1868 5742 1970 5796 ties
2007 5740 2062 5794 in
2091 5753 2257 5793 unum
2307 5750 2720 5807 congregantur,
2754 5748 2818 5787 ea
2847 5731 3115 5800 loquimur
3144 5733 3199 5781 et
3235 5723 3445 5793 agimus

1867 5850 1985 5908 qu:e
2013 5834 2079 5890 ad
2122 5831 2237 5904 ejus
2282 5829 2495 5891 laudem
2527 5838 2579 5886 et
2618 5836 2869 5885 nostram
2896 5824 3119 5881 salutem
3150 5819 3441 5893 pertinent,
