3934 6346
524 363 630 451 ῥϐἲ

1174 364 1524 421 HAYMONIS
1563 356 2043 419 HALBERSTAT.
2083 355 2297 412 EPISC.
2339 357 2489 413 OPP.
2524 358 2701 416 PARS
2736 360 2798 415 ll.
2836 392 2903 403 —
2934 357 3166 416 HOMIL.

3715 364 3803 418 ιω

521 476 674 558 juxta
704 478 848 549 quod
876 479 988 549 ipse
1024 478 1135 550 ait:
1168 496 1184 529 ι
1223 475 1322 545 Ubi
1353 475 1554 532 fuerint
1581 478 1685 533 duo
1724 474 1809 530 vel
1845 482 1956 528 tres
1985 487 2114 528 cou-
2141 470 2190 529 Α
2217 467 2284 520 ab
2324 468 2617 524 immundis
2645 471 2924 540 spiritibus
2955 485 3020 528 ex
3051 471 3161 524 imo
3188 469 3595 540 immittuntur.
3648 471 3801 526 Aliter

526 564 736 650 gregali
779 573 832 627 in
878 571 1094 625 nomine
1139 584 1280 630 meo,
1313 569 1386 624 ibi
1427 584 1547 624 sum
1593 569 1646 622 in
1696 567 1872 623 medio
1921 579 2109 619 eorum

528 661 746 729 (Matth.
793 661 966 731 xvtn).
1005 681 1021 714 ι
1065 661 1171 716 Sed
1213 675 1479 731 apparens
1521 659 1796 729 discipulis
1825 657 2108 724 Dominus,

526 736 662 820 quid
688 751 883 806 dixerit
905 752 1214 808 audiamus:
1237 771 1253 802 ι
1280 751 1388 806 Pax
1416 751 1586 808 vobis.
1623 770 1642 802 ι
1675 751 1740 805 Et
1765 749 1988 819 pulchre
2019 763 2106 804 re-

525 857 754 913 surgens
779 857 808 897 a
839 843 1086 909 mortuis,
1118 843 1294 913 primo
1319 857 1506 913 pacem
1533 841 1810 912 discipulis
1833 855 2108 895 commen-

527 932 693 998 davit,
719 939 778 997 ut
806 947 904 1003 per
931 947 1086 986 suam
1113 931 1440 1002 passionem,
1473 931 1923 994 resurrectionem
1944 971 1959 996 ,
2003 915 2103 1001 an-

525 1023 750 1091 gelicam
802 1034 857 1080 et
901 1025 1193 1080 humanam
1240 1033 1490 1080 naturam
1517 1024 1935 1095 jrecouciliatam
1983 1038 2105 1078 esse

522 1114 852 1192 ostenderet.
887 1114 962 1170 Ex
995 1130 1062 1172 eo
1100 1115 1246 1169 enim
1293 1123 1533 1184 tempore
1558 1130 1667 1187 quo
1704 1115 1911 1185 primus
1940 1115 2103 1170 homo

523 1206 797 1276 peccando
825 1207 1050 1263 recessit
1074 1223 1106 1263 a
1137 1207 1247 1264 Deo
1265 1248 1280 1275 ,
1310 1208 1574 1264 discordia
1605 1208 1750 1276 inter
1774 1207 2024 1269 homines
2048 1217 2102 1264 et

523 1297 743 1368 angelos
771 1297 893 1352 fuit.
925 1297 1028 1354 Sed
1073 1300 1199 1370 quia
1234 1300 1526 1355 humanam
1557 1309 1804 1356 naturam
1844 1299 2104 1356 Dominus

523 1388 829 1467 redimens,
862 1389 928 1467 ad
959 1390 1285 1467 consortium
1332 1390 1645 1461 angelorum
1688 1390 1990 1454 revocavit,
2019 1406 2101 1445 re-

523 1459 749 1559 surgens
778 1492 809 1532 a
837 1459 1082 1545 mortuis,
1110 1479 1268 1550 quasi
1314 1459 1548 1550 speciale
1587 1494 1784 1534 munus
1828 1479 2102 1551 discipulis

522 1581 711 1634 pacem
740 1568 985 1622 contulit.
1013 1587 1030 1620 ι
1058 1568 1174 1640 Ipse
1199 1577 1282 1625 est
1301 1569 1467 1636 enim,
1490 1589 1508 1623 ι
1527 1569 1604 1625 ait
1625 1569 1930 1640 Apostolus,
1949 1590 1968 1622 ι
1996 1586 2099 1640 pax

523 1658 711 1712 nostra
740 1659 830 1729 qui
870 1659 995 1714 fecit
1020 1671 1247 1731 utraque
1272 1676 1436 1715 unum
1454 1700 1469 1726 ,
1499 1669 1555 1715 et
1579 1662 1812 1716 medium
1838 1662 2098 1733 parietem

525 1749 814 1820 copulavit,
863 1749 1161 1806 dissolvens
1200 1750 1508 1830 inimicitias
1548 1751 1602 1806 in
1640 1750 1804 1806 carne
1856 1767 1950 1807 sua
1974 1792 1989 1817 ,
2039 1758 2100 1806 ut

524 1842 658 1896 duos
681 1840 935 1919 conderet
961 1841 1014 1900 in
1044 1835 1352 1911 Semetipso,
1386 1842 1439 1896 in
1477 1833 1585 1896 uno
1612 1856 1749 1898 novo
1777 1834 1993 1897 homine
2017 1842 2097 1896 fa-

523 1934 671 1988 ciens
699 1947 923 2002 pacem,
950 1941 1005 1989 et
1038 1933 1392 1990 reconcilians
1417 1934 1602 1990 ambos
1628 1934 1680 1989 in
1722 1949 1829 1988 uno
1869 1947 2097 2004 corpore

523 2025 650 2080 Deo.
683 2025 751 2080 Et
782 2026 1003 2082 veniens
1031 2027 1419 2096 evangelizavit
1451 2041 1636 2097 pacem
1669 2027 1755 2084 his
1781 2028 1871 2098 qui
1919 2028 2093 2100 longe,

519 2123 573 2169 et
600 2130 788 2184 pacem
816 2115 903 2170 his
924 2116 1015 2186 qui
1055 2131 1222 2187 prepe
1251 2116 1465 2189 (Ephes.
1493 2116 1575 2188 ιι).
1606 2137 1624 2170 ι
1653 2117 1778 2174 Sive
1809 2133 2096 2190 resurgens

520 2224 548 2259 ει
575 2208 802 2262 mortuis
823 2207 1101 2280 discipulis
1123 2222 1309 2279 pacem
1341 2211 1756 2276 commendavit,
1787 2220 1846 2266 ut
1879 2211 2000 2266 illos
2027 2211 2095 2266 ad

521 2315 676 2355 suam
701 2300 962 2355 visionem
990 2309 1346 2372 perventuros
1380 2315 1501 2357 esse
1545 2301 1970 2368 demonstraret,
2002 2302 2094 2373 qui

516 2391 666 2462 pacis
695 2390 1042 2446 concordiam
1088 2390 1250 2446 corde
1294 2398 1351 2446 et
1397 2406 1622 2461 corpore
1665 2400 1914 2460 servant,
1939 2392 2092 2463 juxta

519 2483 662 2552 quod
695 2482 782 2536 ille
821 2481 951 2538 alibi
996 2481 1162 2538 dicit:
1193 2500 1210 2532 ι
1243 2481 1393 2538 Beati
1432 2482 1674 2553 pacifici,
1717 2483 1971 2553 quoniam
1999 2482 2093 2537 lilii

516 2555 615 2627 Dei
663 2571 998 2628 vocabuntur
1044 2571 1258 2638 (Manli.
1295 2567 1372 2640 v).
1408 2580 1528 2624 r—
1560 2591 1578 2624 ι
1613 2572 1726 2629 Pax
1758 2573 1925 2637 enim,
1969 2591 1985 2624 ι
2019 2573 2095 2628 ait

514 2663 824 2731 Psalmista,
847 2683 866 2716 ι
890 2645 1058 2718 multa
1081 2661 1425 2733 diligentibus
1449 2663 1618 2733 legem
1648 2671 1817 2731 tuam,
1847 2662 2089 2728 Domine,

515 2768 572 2812 ct
601 2773 710 2812 non
753 2765 841 2812 est
885 2755 991 2811 illis
1033 2755 1345 2812 scandalum
1375 2753 1546 2826 (Psal.
1583 2756 1788 2826 cxvin).
1823 2774 1842 2808 ι
1879 2754 1986 2812 Sed
2027 2771 2094 2812 ne

516 2849 681 2904 alium
709 2861 830 2903 esse
855 2855 1138 2918 putarent,
1170 2847 1324 2917 cujus
1368 2861 1564 2916 corpus
1590 2854 1714 2916 post
1744 2847 2094 2901 resurrectio-

514 2935 644 3014 nem
671 2938 1022 2995 clarificatum
1053 2938 1324 3003 videbant,
1348 2938 1590 3008 adjunxit
1610 2938 1865 2993 continuo
1890 2955 1902 2991 :
1934 2957 1950 2989 ι
1982 2939 2092 3009 Ego

522 3053 540 3086 ι
574 3048 712 3088 sum.
744 3051 762 3086 ι
794 3031 896 3087 Ubi
922 3027 1368 3097 considerandum
1396 3029 1520 3100 quia
1554 3043 1660 3083 non
1701 3029 1835 3083 dixit
1862 3044 1960 3100 ego
1991 3028 2089 3094 fui,

515 3125 610 3180 sed
653 3139 753 3196 ego
795 3138 936 3178 sum.
980 3122 1112 3178 Sum
1158 3121 1354 3192 quippe
1400 3120 1792 3176 substantivum
1839 3121 2087 3186 verbum,

515 3217 658 3286 quod
686 3230 786 3271 nec
812 3216 1165 3286 praeteritum,
1186 3229 1288 3270 nec
1312 3213 1548 3269 futurum
1568 3222 1745 3279 sonat,
1765 3214 1856 3270 sed
1878 3228 2092 3284 semper

512 3323 786 3380 praesens,
821 3307 898 3363 illi
944 3303 1252 3378 specialiter.
1297 3300 1596 3377 congruit,
1629 3307 1714 3362 cui
1758 3322 1858 3362 nec
1907 3305 2091 3363 futura

511 3401 825 3468 succedunt,
843 3413 944 3455 nec
968 3401 1240 3471 pmterita
1263 3406 1560 3464 transeunt,
1577 3399 1668 3454 sed
1692 3413 1904 3470 semper
1929 3399 2090 3455 habet

511 3509 629 3550 esse
674 3507 772 3563 per
818 3485 1205 3557 aeternitatem,
1257 3491 1397 3546 sicut
1427 3490 1540 3562 ipse
1585 3490 1660 3544 ait
1704 3491 1768 3543 ad
1820 3490 2038 3562 Moysen
2075 3509 2087 3545 :

518 3604 536 3636 ι
571 3584 682 3656 Ego
707 3599 826 3641 sum
852 3584 943 3653 qui
970 3597 1110 3638 sum.
1143 3580 1269 3636 Hazc
1290 3581 1437 3636 dices
1463 3579 1588 3635 ﬁliis
1617 3579 1779 3634 lsrael
1815 3599 1826 3634 :
1854 3579 1954 3648 Qui
1985 3595 2088 3648 est,

510 3667 661 3732 misit
703 3691 790 3732 me
837 3675 905 3736 ad
948 3689 1043 3738 vos
1084 3672 1282 3742 (Exod.
1333 3671 1436 3741 ιιι).
1471 3689 1489 3724 ι
1517 3671 1654 3739 Quia
1696 3687 1824 3726 vero
1871 3673 2092 3739 humani

512 3763 657 3836 oculi
683 3760 985 3818 immortale
1007 3776 1204 3832 corpus
1230 3760 1346 3815 sine
1382 3757 1570 3815 timore
1596 3760 1780 3828 videre
1804 3756 1908 3816 non
1939 3743 2092 3832 pote-

513 3844 670 3923 rant,
724 3853 1016 3910 confortari
1046 3869 1076 3907 a
1113 3852 1341 3907 Domino
1385 3852 1714 3922 indigebant.
1757 3854 1847 3908 Ait
1896 3856 2038 3909 enim
2073 3872 2085 3910 :

517 3966 538 4006 ς
574 3944 749 3999 Nolite
797 3947 1004 3998 timere.
1054 3962 1072 3994 ι
1108 3941 1282 3998 Habet
1335 3941 1480 3995 enim
1528 3939 1791 4012 fragilitas
1841 3945 2090 4002 humana:

513 4037 718 4091 natura:
743 4035 845 4089 hoc
877 4033 1173 4103 proprium,
1207 4042 1266 4086 ut
1287 4047 1408 4086 cum
1433 4031 1633 4100 aliquid
1663 4047 1823 4102 supra
1855 4051 1912 4090 se
1943 4036 2090 4091 vide-

513 4130 606 4195 rit,
633 4127 768 4182 infra
801 4141 860 4180 se
892 4125 1254 4193 pertimescat.
1289 4121 1441 4178 Unde
1470 4131 1523 4178 et
1549 4124 1796 4180 subditur
1823 4143 1834 4179 :

590 4243 608 4277 ι
640 4223 954 4279 Conturbati
1005 4237 1133 4278 vero
1175 4233 1229 4277 et
1270 4222 1570 4288 conterriti,
1615 4223 2000 4278 existimabant
2033 4240 2090 4280 se

515 4337 535 4370 ‹
563 4316 810 4387 spiritum
855 4315 1055 4390 videre.
1089 4333 1106 4366 ι
1161 4303 1405 4371 δθόῖειιι
1433 4314 1713 4369 subitanea
1750 4317 2089 4372 conturbatio

510 4411 912 4482 discipulorum,
961 4424 1190 4480 magnus
1235 4423 1392 4463 error
1438 4405 1611 4462 factus
1647 4414 1732 4464 est
1763 4407 2085 4465 Manichaeo-

507 4519 649 4558 rum.
689 4501 756 4556 Et
784 4500 882 4573 ipsi
913 4501 1058 4554 enim
1098 4499 1190 4568 qui
1223 4497 1489 4570 negabant
1531 4497 1701 4553 Deum
1744 4515 1928 4555 veram
1974 4518 2088 4557 car-

513 4596 633 4650 nem
660 4609 766 4649 non
789 4590 1166 4662 assumpsisse,
1196 4589 1378 4645 hocin
1403 4587 1728 4660 adjutorium
1768 4591 1852 4648 sui
1883 4596 2085 4651 erroris

507 4700 784 4741 assumere
810 4683 1112 4752 voluerunt,
1145 4679 1287 4750 quod
1310 4679 1379 4733 ab
1404 4679 1657 4749 apostolis
1685 4680 1944 4738 Dominus
1966 4678 2089 4753 post

509 4775 960 4832 resurrectionem
1006 4771 1227 4847 spiritus
1287 4771 1359 4826 sit
1403 4773 1720 4830 aestimatus.
1787 4774 1892 4830 Sed
1940 4777 2086 4833 hunc

509 4883 751 4925 errorem
773 4855 1156 4936 discipulorum
1185 4865 1298 4933 ipse
1330 4863 1586 4920 Dominus
1615 4865 1807 4923 falsum
1837 4883 2085 4938 compro-

503 4961 678 5027 bavit,
719 4975 841 5014 cum
874 4959 940 5014 ab
975 4959 1076 5012 hoc
1111 4969 1297 5011 errore
1330 4955 1711 5027 discipulorum
1751 4960 1961 5026 animos
2001 4976 2085 5018 re—

509 5045 742 5117 vocavit,
791 5054 1024 5109 dicens:
1258 5051 1260 5054 ’
1385 5053 1388 5056 ’

585 5163 603 5194 ι
635 5144 774 5211 Quid
803 5142 998 5197 turbati
1023 5141 1174 5206 estis,
1215 5150 1269 5197 et
1304 5143 1655 5215 cogitationes
1697 5146 1995 5200 ascendunt
2030 5146 2082 5200 in

513 5257 529 5288 ι
560 5238 721 5292 corda
756 5235 977 5290 vestra?
1005 5253 1023 5287 ι
1083 5235 1182 5292 Ubi
1224 5237 1541 5301 notandum,
1583 5238 1707 5307 quia
1753 5254 1858 5293 non
1906 5239 2078 5302 dixit,

508 5313 862 5397 cogitationes
887 5325 1217 5381 descendunt
1249 5327 1302 5382 in
1333 5324 1498 5381 corda
1529 5334 1730 5392 vestra,
1764 5326 1856 5382 sed
1887 5343 2078 5382 ascen-

505 5417 662 5472 dunt.
713 5413 874 5470 Bona:
898 5415 1044 5471 enim
1073 5416 1426 5487 cogitationes
1450 5415 1802 5481 descendunt,
1837 5416 1961 5486 quia
1993 5417 2081 5471 de-

506 5522 670 5578 super
705 5525 734 5563 a
774 5509 998 5564 Domino
1036 5509 1248 5573 dantur,
1292 5515 1428 5562 teste
1463 5505 1664 5563 Jacobo
1689 5507 1960 5576 apostolo,
1990 5509 2078 5576 qui

505 5591 618 5654 ait:
654 5617 670 5652 ι
713 5600 882 5655 Omne
909 5600 1090 5655 datum
1124 5599 1409 5668 optimum,
1440 5607 1496 5651 et
1521 5612 1682 5652 omne
1719 5597 1918 5652 donum
1958 5614 2080 5668 per-

505 5689 702 5772 fectum
732 5692 1013 5748 desursum
1056 5700 1157 5756 est,
1205 5690 1537 5770 descendens
1563 5705 1593 5744 a
1625 5689 1786 5745 Patre
1818 5690 2076 5745 luminum

505 5783 644 5842 (Jac.
681 5785 738 5852 ι).
773 5805 789 5835 ι
839 5784 988 5838 Malae
1033 5799 1159 5852 vero
1194 5782 1543 5856 cogitationes
1584 5781 1911 5848 ascendunt,
1951 5783 2073 5852 quia

2130 1812 2172 1871 Β

2213 559 2357 613 enim
2388 575 2478 614 ros
2503 561 2783 620 desursum
2806 563 3138 617 descendens
3162 571 3362 618 terram
3393 563 3628 638 irrigat,
3662 564 3798 634 aliter

2212 649 2390 704 favilla
2418 660 2700 718 ventorum
2728 653 2930 722 impetu
2959 653 3010 707 in
3041 667 3166 706 aera
3191 654 3423 722 rapitur.
3481 655 3560 708 Et
3602 665 3664 708 ut
3701 673 3795 711 on:-

2210 759 2334 798 nem
2367 745 2752 801 dubitationem
2788 746 2856 801 de
2883 762 2980 801 sua
3005 749 3406 804 resurrectione
3444 764 3477 803 a
3516 750 3794 820 discipulo-

2208 850 2327 889 rum
2374 835 2641 893 mentibus
2688 836 2946 906 auferret,
2990 853 3184 895 manus
3226 849 3282 896 et
3325 841 3501 910 pedes
3537 841 3791 912 palpandi)

2207 929 2455 997 praebuit,
2493 929 2680 984 dicens
2715 948 2729 985 :

2284 1037 2301 1070 ι
2341 1019 2531 1076 Videte
2585 1036 2804 1078 manus.
2832 1037 2983 1077 meas
3027 1030 3084 1078 et
3129 1024 3311 1100 pedes,
3362 1025 3499 1094 quia
3555 1040 3661 1096 ego
3694 1026 3786 1095 ipse

2211 1127 2228 1160 ι
2263 1123 2401 1164 sum.
2451 1110 2672 1181 Palpate
2707 1121 2762 1168 et
2800 1114 3000 1180 videte,
3044 1107 3171 1184 quia
3207 1116 3436 1185 spiritus
3481 1131 3709 1172 carnem
3741 1130 3783 1171 et

2211 1219 2228 1253 ι
2258 1216 2382 1260 ossa
2411 1218 2516 1258 non
2553 1205 2749 1271 habet,
2777 1205 2919 1263 sicut
2943 1221 3029 1262 me
3055 1205 3250 1264 videtis
3277 1207 3510 1264 habere.
3571 1208 3642 1264 Et
3679 1224 3780 1264 cum

2211 1311 2228 1344 α
2258 1292 2359 1348 hoc
2385 1293 2631 1360 dixisset,
2666 1297 2904 1351 ostendit
2939 1296 3019 1352 eis
3056 1311 3248 1353 manus
3295 1306 3350 1353 et
3387 1298 3595 1368 pedes.
3626 1316 3644 1349 ι
3685 1297 3777 1354 Non

2204 1386 2378 1470 solum
2427 1402 2620 1458 manus
2665 1397 2721 1467 et
2769 1388 2964 1459 pedes,
3013 1388 3109 1455 sed
3158 1389 3323 1444 etiam
3362 1389 3529 1460 juxta
3583 1379 3777 1444 Joannis

2204 1474 2551 1549 Evangelium
2578 1520 2593 1545 ,
2640 1477 2802 1546 latus,
2826 1477 2969 1550 quod
3011 1478 3198 1535 lancea
3243 1479 3592 1552 perforatum
3631 1479 3774 1535 fuerat

2202 1570 2450 1641 praebuit,
2480 1578 2541 1624 ut
2570 1559 2624 1624 in
2652 1570 2901 1636 manibus
2924 1578 2979 1625 et
3003 1570 3230 1640 pedibus
3259 1569 3469 1649 ﬁxuras
3499 1570 3770 1631 clavorum,

2202 1662 2330 1716 etin
2353 1661 2521 1716 latere
2545 1661 2747 1718 lancea:
2769 1663 3105 1732 apertionem
3131 1662 3397 1734 videntes,
3428 1663 3771 1723 resurrexisse

2203 1761 2614 1824 cognoscerent,
2663 1769 2824 1823 quem
2863 1761 2988 1810 ante
3016 1755 3253 1809 triduum
3295 1755 3555 1810 viderant
3587 1756 3771 1810 cruciﬁ-

2202 1859 2346 1897 xum.
2392 1842 2494 1899 Ubi
2539 1851 2718 1899 movet
2758 1843 3012 1912 aliquem,
3059 1843 3329 1912 quomodo
3376 1853 3507 1914 post
3558 1859 3769 1898 resurre-

2200 1936 2434 1991 ctionem
2481 1948 2678 2006 corpus
2720 1935 2931 1991 Domini
2980 1934 3391 2004 incorruptibile
3431 1942 3492 1989 et
3534 1934 3768 2004 palpabile

2199 2025 2380 2088 fuerit,
2407 2041 2528 2082 cum
2556 2042 2717 2083 omne
2765 2027 2909 2098 quod
2932 2037 3016 2081 est
3045 2027 3456 2097 incorruptibile
3487 2029 3561 2083 sit
3613 2039 3662 2082 et
3691 2028 3766 2081 im-

2197 2119 2506 2201 palpabile:
2539 2128 2594 2194 et
2649 2118 2808 2175 omne
2855 2119 2998 2190 quod
3051 2129 3134 2175 est
3178 2120 3450 2191 palpabile
3499 2123 3571 2175 sit
3616 2136 3763 2174 corru-

2197 2209 2401 2282 ptibile.
2438 2208 2545 2264 Sed
2591 2211 2730 2266 miro
2768 2219 2824 2266 et
2867 2209 3123 2267 ineffabili
3161 2213 3323 2268 modo
3364 2213 3633 2268 Dominus
3667 2225 3756 2282 post

2195 2303 2649 2359 resurrectionem
2725 2319 2921 2374 corpus
2987 2320 3144 2360 suum
3212 2314 3268 2361 et
3316 2305 3590 2377 palpabile
3651 2322 3756 2377 pra-

2197 2395 2313 2450 buit
2363 2435 2377 2460 ,
2437 2404 2494 2450 et
2550 2395 2958 2466 incorruptibile
3019 2398 3415 2453 demonstravit
3461 2414 3477 2453 :
3521 2407 3580 2454 ut
3630 2414 3759 2453 mon-

2198 2487 2420 2542 strando
2468 2488 2754 2559 palpabile,
2793 2489 3114 2544 reformaret
3135 2491 3201 2545 ad
3225 2490 3386 2545 fidem
3416 2507 3429 2545 :
3454 2490 3760 2546 ostendendo

2196 2578 2600 2650 incorruptibile
2631 2621 2645 2645 ,
2700 2580 2952 2652 invitaret
2995 2581 3062 2651 ad
3108 2583 3408 2655 prmmium.
3467 2583 3589 2638 Sive
3627 2592 3760 2638 certe

2195 2677 2249 2724 et
2294 2669 2558 2741 palpabile
2594 2678 2647 2725 et
2689 2669 3096 2741 incorruptibile
3159 2680 3284 2741 post
3329 2667 3758 2747 resurrectionem

2196 2777 2391 2831 corpus
2454 2777 2611 2816 suum
2677 2761 2976 2827 exhibuit,
3041 2772 3099 2817 ut
3164 2764 3457 2818 ostenderet
3507 2779 3560 2817 se
3608 2764 3748 2832 ejus-

2195 2853 2314 2908 dem
2365 2867 2482 2907 esse
2509 2862 2734 2918 naturae,
2790 2861 2845 2908 et
2890 2853 3111 2908 alterius
3162 2854 3366 2925 gloriae.
3411 2853 3508 2908 Sed
3543 2855 3661 2924 quia
3694 2855 3752 2908 in

2195 2945 2404 3002 Domini
2451 2947 2846 3002 resurrectione
2901 2955 3087 3000 nostra
3141 2945 3408 3018 generalis
3455 2947 3757 3002 resurrectio

2194 3047 2278 3094 est
2315 3040 2680 3109 praefigurata,
2713 3054 2833 3093 cum
2872 3037 3130 3094 Dominus
3173 3047 3296 3108 post
3332 3039 3756 3094 resurrectionem

2195 3144 2390 3200 corpus
2419 3144 2572 3184 sumn
2616 3136 2670 3185 et
2707 3129 2970 3199 palpabile
2999 3129 3226 3198 przcbuit
3248 3171 3262 3194 ,
3293 3139 3348 3184 et
3377 3129 3755 3200 incorruptibile

2195 3219 2623 3284 demonstravit,
2663 3218 2897 3274 ostendit
2934 3227 3116 3273 nostra
3153 3235 3379 3290 corpora
3429 3230 3551 3290 post
3600 3234 3753 3274 resur-

2194 3313 2486 3369 rectionem
2518 3311 2593 3365 ita
2619 3325 2738 3366 esse
2770 3310 3224 3382 ineorruptibilia,
3255 3321 3313 3365 ut
3341 3312 3553 3382 possint
3581 3326 3689 3366 esse
3712 3321 3755 3364 et

2192 3402 2498 3475 palpabilia.
2549 3401 2703 3471 Unde
2740 3402 2998 3478 mentitur
3040 3410 3096 3456 et
3145 3401 3485 3456 convincitur
3508 3400 3755 3470 Eutyches

2194 3493 2498 3557 hmreticus,
2536 3493 2625 3561 qui
2653 3491 2783 3548 dicit
2810 3485 3036 3560 cer-pora
3067 3501 3252 3547 nostra
3276 3501 3399 3562 post
3422 3493 3752 3547 resurrectio-

2193 3600 2316 3639 nem
2347 3592 2509 3638 vento
2543 3583 2762 3652 aerique
2786 3597 2906 3637 esse
2931 3582 3126 3637 similia
3164 3582 3346 3640 futura
3379 3601 3391 3636 :
3425 3592 3478 3638 et
3525 3583 3662 3638 sicut
3688 3580 3754 3648 ju-

2192 3673 2291 3730 bar
2333 3673 2461 3736 solis
2507 3672 2675 3726 videri
2711 3679 2910 3742 potest,
2942 3672 3014 3726 ita
3054 3681 3108 3726 et
3141 3686 3370 3743 corpora
3421 3681 3612 3726 nostra
3655 3684 3750 3725 esse

2191 3743 2408 3836 quidem
2439 3763 2692 3828 visibilia,
2718 3764 2813 3818 sed
2837 3761 3221 3840 impalpabilia,
3245 3762 3348 3818 hoc
3373 3763 3426 3817 in
3454 3762 3753 3831 adiutorium

2193 3856 2274 3912 sui
2311 3855 2512 3910 erroris
2560 3868 2838 3909 assumere
2878 3853 3083 3919 volens,
3133 3855 3273 3925 quod
3321 3855 3398 3909 ait
3439 3853 3752 3925 Apostolus:

2199 3965 2217 3998 ι
2245 3945 2383 4000 Caro
2423 3955 2478 4000 et
2515 3944 2733 4015 sanguis
2781 3959 3006 4015 regnum
3045 3943 3142 3999 Dei
3191 3959 3296 4000 non
3342 3944 3689 4014 possidebunt
3715 3941 3754 4010 (I

2192 4037 2314 4094 Cor.
2359 4037 2470 4108 xv).
2503 4057 2520 4089 ι
2567 4036 2681 4090 Non
2731 4035 3038 4116 intelligens
3075 4036 3201 4106 quia
3236 4051 3364 4092 caro
3393 4036 3447 4090 in
3477 4035 3753 4106 Scripturis

2189 4133 2367 4189 varias
2393 4132 2557 4186 habet
2586 4130 3024 4201 signiﬁcationes.
3082 4129 3388 4199 Aliquando
3417 4130 3566 4184 enim
3598 4128 3754 4184 carnis

2191 4223 2408 4279 neruine
2457 4222 2569 4292 ipsa
2624 4220 2804 4276 carnis
2861 4228 3053 4275 natura
3101 4207 3434 4291 designatur,
3482 4219 3755 4290 aliquando

2189 4317 2429 4386 ejusdem
2473 4315 2654 4369 carnis
2693 4313 2977 4384 fragilitas,
3025 4313 3317 4382 aliquando
3364 4328 3489 4368 vero
3528 4320 3751 4383 peccata,

2190 4426 2308 4479 qua:
2336 4424 2401 4463 ex
2424 4420 2586 4462 carne
2613 4405 2880 4468 oriuntur,
2925 4419 3309 4473 nonnunquam
3339 4403 3652 4475 genealogia
3683 4417 3754 4459 co-

2191 4499 2477 4570 gnationis.
2524 4496 2716 4553 Carnis
2751 4496 2968 4550 nomine
2998 4495 3112 4564 ipsa
3139 4495 3321 4550 carnis
3354 4495 3659 4550 substantia
3679 4495 3755 4548 de-

2190 4587 2436 4663 signatur
2457 4631 2472 4656 ,
2513 4589 2655 4644 sicut
2684 4588 2942 4657 scriptum
2971 4581 3056 4641 est
3085 4603 3098 4639 :
3134 4605 3150 4637 ι
3182 4585 3295 4640 lloe
3329 4602 3470 4640 nunc
3496 4601 3564 4642 os
3595 4602 3661 4641 ex
3685 4601 3755 4638 os-

2191 4684 2340 4738 sibus
2386 4681 2543 4742 meis,
2573 4689 2628 4734 et
2653 4694 2782 4733 caro
2811 4678 2876 4733 de
2909 4693 3074 4732 carne
3111 4693 3229 4732 mea
3275 4677 3424 4748 (Gen.
3472 4676 3556 4747 ιι).
3591 4696 3610 4728 ›
3663 4676 3753 4729 Alio

2145 4767 2150 4774 ’
2192 4773 2405 4844 quando
2435 4779 2614 4826 autem
2642 4768 2823 4824 carnis
2851 4768 3090 4832 nomine,
3121 4767 3302 4822 carnis
3330 4765 3600 4836 fragilitas
3631 4765 3754 4820 desi-

2192 4871 2404 4937 gnatur,
2432 4861 2570 4916 sicut
2601 4859 2857 4928 scriptum
2887 4855 2970 4912 est
3000 4875 3013 4908 :
3048 4875 3066 4908 ι
3097 4857 3162 4911 Ει
3194 4858 3507 4924 recordatus
3533 4865 3622 4912 est
3649 4857 3754 4927 quia

2191 4959 2320 5009 caro
2350 4961 2473 5007 sunt
2503 4949 2672 5022 (Psal.
2705 4948 2931 5020 Lxxvn),
2962 4969 2978 5000 ι
3010 4949 3065 5003 id
3085 4957 3169 5003 est
3193 4947 3428 5019 fragiles.
3463 4948 3754 5020 Aliquando

2188 5043 2498 5115 genealogia
2550 5026 2904 5111 cognationis,
2945 5039 3169 5094 nomine
3202 5041 3385 5096 carnis
3425 5042 3751 5112 exprimitur.

2189 5140 2328 5194 sicut
2365 5119 2523 5190 Petro
2550 5131 2750 5189 dictum
2783 5143 2866 5188 est
2898 5147 2913 5186 :
2951 5153 2966 5182 ι
2999 5132 3114 5187 Non
3149 5132 3240 5186 tibi
3273 5134 3528 5188 revelavit
3555 5150 3686 5189 caro
3711 5144 3756 5186 et

2188 5230 2407 5303 sanguis
2449 5228 2660 5298 (Manli.
2711 5228 2842 5298 xvi).
2875 5247 2894 5279 ι
2947 5226 3012 5280 Et
3042 5221 3189 5280 sicut
3214 5225 3288 5278 ait
3317 5226 3590 5296 apostolus
3618 5225 3752 5280 Pau-

2187 5323 2271 5378 lus
2321 5341 2336 5376 :
2394 5339 2412 5374 ι
2441 5319 2706 5374 Continuo
2759 5333 2866 5371 non
2918 5317 3160 5387 acquievi
3209 5317 3356 5371 carni
3403 5325 3458 5371 et
3497 5317 3748 5388 sanguini.

2186 5410 2326 5485 (Gal.
2375 5412 2434 5482 ι).
2467 5430 2486 5464 ι
2541 5408 2732 5463 Carnis
2777 5421 2991 5477 quoque
3024 5407 3273 5472 nomine,
3302 5407 3433 5461 vitia
3461 5416 3514 5463 et
3540 5417 3749 5478 peccata

2182 5521 2302 5576 qua:
2329 5519 2396 5559 ex
2431 5515 2596 5557 carne
2638 5499 2886 5554 oriuntur
2928 5498 3320 5569 significantur,
3368 5499 3509 5554 sicut
3557 5499 3748 5555 dictum

2181 5607 2263 5653 est
2291 5617 2302 5651 :
2341 5616 2358 5649 ι
2391 5596 2505 5651 Non
2550 5595 2886 5668 permanebit
2931 5597 3153 5666 spiritus
3183 5611 3337 5651 meus
3367 5597 3420 5650 in
3457 5596 3669 5650 homine
3703 5594 3750 5646 in

2181 5700 2462 5754 :etcrnum,
2493 5705 2558 5744 eo
2586 5690 2726 5760 quod
2757 5691 2827 5745 sit
2859 5707 2987 5745 caro
3021 5688 3170 5761 (Gen.
3213 5689 3310 5760 vi).
3345 5710 3363 5741 ι
3419 5690 3556 5759 Ergo
3602 5688 3651 5741 in
3689 5702 3747 5738 eo

2181 5783 2323 5852 quod
2371 5782 2445 5837 ait
2483 5781 2769 5852 Apostolus
2805 5801 2815 5835 :
2867 5801 2884 5834 ι
2914 5780 3050 5838 Cat‘o
3078 5790 3130 5838 ct
3159 5782 3378 5852 sanguis
3409 5795 3626 5851 regnum
3657 5777 3746 5834 Dci
