3934 6346
158 405 278 459 469

1408 392 1708 450 ιιοδίιιιίε
1751 390 1835 447 DE
1875 389 2219 446 TEMPORE.

3286 380 3292 387 ’
3322 394 3432 450 no

160 532 285 572 non
330 515 699 587 possidebunt,
728 533 747 568 ι
782 528 887 569 non
922 498 1174 570 naturam
1209 507 1387 567 carnis
1417 513 1749 563 resurrectu-
1777 509 1823 567 Α
1851 501 2075 572 vestigia
2122 501 2392 573 passionis
2434 503 2487 557 in
2519 483 2804 560 suaca‘rne
2830 493 3002 561 voluit
3038 518 3344 575 reservare,
3367 518 3428 563 ut

160 623 297 663 ram
326 622 449 662 esse
484 608 718 677 negavit,
748 607 843 662 sed
872 606 999 662 vitia
1029 621 1148 677 quae
1189 620 1257 660 ex
1286 618 1451 659 carne
1480 603 1749 658 oriuntur.

160 714 303 754 cum
346 698 561 753 Christo
601 714 707 753 non
751 713 908 768 posse
942 711 1168 769 regnare
1208 694 1462 752 ostendit.
1518 691 1673 748 Unde
1698 699 1775 780 et_

158 795 573 858 consequenter
609 787 849 857 adiunxit
877 805 893 843 :
925 806 946 840 ι
973 785 1156 858 Neque
1197 785 1471 856 corruptio
1512 782 1754 838 incorru-

160 879 379 950 ptelam
402 880 696 951 possidebit
725 880 777 951 (Ι
803 880 925 936 Cor.
949 880 1064 951 xv).
1087 900 1106 934 ι
1131 880 1399 935 Caeterum
1424 875 1750 933 credendum

154 980 263 1027 est
296 986 515 1027 carnem
543 980 781 1026 nostram
812 973 867 1027 in
894 973 1309 1036 resurrectione.
1335 971 1538 1037 absque
1562 982 1751 1023 corru-

160 1061 367 1132 ptione
393 1061 478 1117 vel
504 1061 795 1133 fragilitate
821 1062 1030 1127 mortis,
1081 1063 1137 1117 in
1179 1061 1407 1116 veritate
1436 1056 1752 1115 substantia:

156 1165 302 1208 esse
327 1160 775 1218 resurrecturam,
804 1153 959 1223 juxta
984 1153 1113 1208 illud
1138 1151 1281 1223 quod
1310 1153 1503 1208 beatus
1539 1148 1752 1205 Job'te-

154 1249 380 1310 statur,
409 1244 634 1299 dicens:
670 1263 690 1297 ι
722 1242 848 1301 Scio
873 1245 1014 1314 quod
1043 1246 1370 1314 Redemptor
1405 1257 1559 1298 meus
1597 1240 1749 1305 vivit,

154 1339 228 1386 et
277 1332 329 1388 in
369 1333 660 1389 novissimo
707 1334 796 1389 die
857 1335 925 1390 de
966 1344 1109 1390 terra
1146 1342 1487 1390 surrecturus
1527 1345 1667 1397 sum,
1694 1337 1753 1385 et

158 1436 396 1477 rursum
424 1422 799 1478 circumdabor
821 1423 960 1493 pelle
986 1438 1130 1490 mea,
1155 1432 1211 1479 et
1235 1424 1287 1478 in
1321 1437 1487 1480 carne
1522 1434 1642 1476 mea
1674 1419 1752 1474 vi-

159 1511 320 1568 debo
346 1512 535 1586 Deum,
582 1530 742 1583 quem
787 1514 1002 1570 visurus
1057 1530 1175 1570 sum
1222 1530 1322 1587 ego
1378 1516 1492 1585 ipse
1540 1521 1598 1569 et
1644 1526 1751 1566 non

160 1599 336 1666 alius,
366 1610 420 1657 et
446 1602 586 1657 oculi
611 1604 717 1660 mei
739 1606 1080 1675 conspecturi
1110 1613 1237 1660 sunt
1265 1603 1386 1675 (Job
1414 1602 1551 1674 xtx)‘.
1582 1621 1601 1655 ι
1645 1600 1751 1657 Sed

156 1690 319 1753 solet
341 1691 393 1746 in
416 1691 519 1748 hoc
541 1691 660 1748 loco
684 1694 913 1749 mendax
939 1709 1265 1765 paganorum
1298 1693 1525 1749 stultitia
1549 1691 1752 1761 simpli-

154 1782 397 1838 citatem
426 1782 789 1841 Christianam
819 1786 1065 1852 irridere,
1108 1787 1293 1841 dicens
1319 1804 1333 1841 :
1365 1786 1481 1854 Qua
1532 1783 1748 1840 temeri-

1852 594 1965 673 ipsa
1990 594 2141 665 signa
2174 593 2438 662 passionis
2468 594 2747 649 victoriam
2777 611 2939 665 quam
2968 597 3039 652 de
3069 597 3293 669 antiquo
3331 600 3427 658 hu-

1849 692 1934 738 ste
1986 682 2249 749 obtinuit,
2299 682 2353 737 in
2390 691 2649 751 perpetuo
2688 686 3000 754 praedicent.
3060 688 3213 743 Sicut
3258 686 3424 753 enim,

1850 775 1998 830 verbi
2027 775 2224 846 gratia,
2270 772 2600 830 fortissimus
2646 776 2818 842 miles,
2850 792 2972 833 cum
2998 776 3220 848 jubente
3259 780 3429 850 impe-
3492 788 3502 795 '

1851 873 2033 920 ratore
2082 865 2137 920 in
2185 864 2431 935 praelium
2472 866 2817 933 processerit,
2867 866 2913 921 si
2963 869 3250 940 contigerit
3300 885 3428 926 eum

1848 955 2107 1010 victorem
2141 954 2375 1025 quidem,
2415 954 2511 1009 Sed
2542 953 2879 1009 vulneratum
2915 957 2980 1011 ad
3017 958 3290 1029 propriam
3328 975 3427 1030 pa-

1850 1044 2012 1099 triam
2042 1043 2238 1108 redire,
2272 1058 2378 1098 non
2406 1042 2481 1097 ita
2507 1042 2622 1098 vult
2648 1042 2831 1098 sanari
2874 1059 2905 1098 a
2949 1047 3190 1114 medicis,
3243 1057 3302 1103 ut
3338 1063 3429 1104 ve-

1850 1134 2004 1206 stigia
2031 1134 2311 1190 vulnerum
2342 1149 2452 1191 non
2488 1143 2803 1205 appareant,
2828 1136 2922 1191 sed
2949 1138 3152 1208 absque
3176 1138 3430 1197 deformi—

1852 1232 1963 1279 tate
1999 1231 2342 1295 apparentes,
2380 1224 2497 1293 ejus
2545 1224 2826 1280 audaciam
2868 1227 3077 1282 cunctis
3124 1230 3429 1287 videntibus

1850 1315 2091 1371 indicent
2120 1332 2135 1369 :
2160 1315 2237 1370 ita
2279 1323 2336 1369 et
2378 1314 2634 1370 Dominus
2680 1328 2966 1385 resurgens
2991 1331 3023 1369 a
3054 1317 3301 1384 mortuis,
3336 1333 3428 1375 ve-

1850 1404 2011 1476 stigia
2055 1404 2322 1474 passionis
2362 1405 2417 1461 in
2444 1419 2543 1460 sua
2571 1419 2737 1460 carne
2758 1403 2925 1459 voluit
2945 1418 3233 1475 apparere,
3256 1417 3316 1464 ut
3341 1408 3425 1464 vi-

1850 1503 2056 1551 ctorem
2101 1510 2227 1551 eum
2266 1494 2467 1551 diaboli
2503 1495 2618 1565 ipsa
2652 1495 2805 1565 signa
2836 1510 2935 1566 per
2978 1494 3185 1551 inﬁnita
3228 1498 3428 1554 smcula

1851 1587 2242 1643 demonstrent.
2301 1586 2368 1643 Et
2412 1587 2539 1657 quia
2584 1585 2969 1655 discipulorum
3019 1593 3229 1642 mentes
3283 1589 3429 1644 inter
3512 1600 3533 1619 ο

1853 1691 2140 1734 mmrorem
2192 1685 2249 1731 et
2300 1678 2552 1747 gaudium
2614 1678 2823 1747 positae,
2876 1678 3113 1732 nondum
3172 1678 3429 1750 perfecta:

1850 1781 1975 1823 eum
2002 1768 2366 1824 resurrexisse
2387 1768 2700 1834 credebant,
2738 1782 2924 1822 verum
2958 1766 3215 1823 indicium
3246 1782 3429 1825 resur-

159 1881 293 1929 tate
318 1876 540 1944 putatis,
565 1892 662 1932 vos
682 1876 970 1933 Christiani
996 1917 1010 1942 ,
1039 1876 1181 1949 quod
1207 1878 1348 1934 Deus
1371 1853 1550 1934 vester
1570 1883 1749 1932 vestra
1777 1853 1824 1913 Β
1851 1859 2105 1916 minionis
2144 1859 2320 1916 adhuc
2357 1858 2682 1915 ωθηπθείθῑ·
2734 1856 2888 1913 unde
2943 1865 2998 1913 ει
3039 1857 3287 1913 summu"
3317 1877 3329 1912 ³

160 1979 407 2035 corpora
432 1966 499 2021 de
529 1966 749 2036 pulvere
777 1968 943 2038 possit
964 1968 1308 2035 resnscitare,
1339 1984 1484 2034 cum,
1506 1968 1649 2024 sicut
1673 1967 1754 2022 di-

156 2052 323 2117 citis,
356 2054 467 2123 ipse
492 2069 778 2127 resurgens
799 2072 828 2111 a
858 2059 1084 2113 mortuis
1101 2099 1116 2124 ,
1146 2059 1199 2112 in
1226 2074 1322 2114 sua
1343 2073 1507 2115 carne
1529 2058 1752 2129 vestigia

159 2144 447 2217 passionis
485 2160 593 2201 non
646 2147 820 2216 potuit
870 2149 1104 2204 sanare?
1146 2148 1229 2203 Ad
1272 2149 1415 2219 quod
1450 2156 1576 2203 vera
1621 2147 1754 2204 ﬁdes

161 2236 467 2306 respondet
496 2252 599 2291 non
630 2238 732 2293 hoc
758 2239 925 2294 fuisse
960 2240 1428 2310 impossibilitatis.
1460 2242 1553 2297 sed
1577 2241 1755 2303 potius

160 2326 418 2395 pietatis.
452 2325 621 2394 Majus
646 2336 731 2382 est
754 2328 898 2383 enim
928 2346 1144 2384 carnem
1174 2332 1469 2398 suscitare,
1507 2346 1666 2402 quam
1699 2332 1753 2386 in

163 2415 299 2484 ipsa
327 2431 489 2471 carne
518 2419 787 2486 passionis
831 2420 1056 2491 vestigia
1097 2436 1312 2475 sanare.
1361 2419 1466 2477 Sed
1492 2421 1584 2490 qui
1615 2420 1756 2491 quod

162 2503 354 2572 majus
396 2514 478 2591 est
528 2509 723 2578 potuit,
768 2510 911 2580 quod
961 2511 1137 2567 minus
1176 2520 1260 2567 est
1293 2513 1477 2582 utique
1521 2512 1752 2576 fecisset,

164 2597 283 2653 nisi
314 2600 489 2654 varias
514 2601 583 2655 ob
610 2617 801 2658 causas
837 2603 1063 2673 vestigia
1112 2606 1376 2674 passionis
1416 2605 1468 2658 in
1513 2604 1627 2673 ipsa
1658 2618 1756 2658 sua

166 2703 346 2745 carne
388 2690 710 2760 reliquisset.
761 2691 1024 2759 Primum,
1069 2703 1130 2748 ut
1169 2692 1329 2749 ﬁdem
1371 2693 1755 2764 discipulorum

169 2782 246 2837 de
271 2796 367 2836 sua
400 2783 795 2838 resurrectione
820 2784 1036 2838 dubiam
1083 2784 1293 2839 facilius
1325 2785 1392 2838 ad
1426 2785 1753 2839 credendum

172 2869 524 2929 reformaret.
566 2872 680 2927 Etsi
734 2874 878 2929 enim
922 2874 1072 2928 tarde
1109 2874 1455 2929 crediderunt
1491 2874 1749 2944 apostoli,

172 2964 423 3020 videntes
464 2964 519 3020 in
566 2964 685 3035 ejus
736 2979 961 3034 corpore
1002 2963 1204 3018 ﬁxuras
1245 2964 1539 3027 clavorum,
1585 2963 1753 3020 multo

176 3056 388 3119 tardius
409 3056 785 3120 credidissent,
814 3054 919 3110 nisi
956 3054 1007 3108 in
1038 3054 1157 3125 ejus
1180 3068 1403 3126 corpore
1444 3054 1594 3126 signa
1636 3069 1754 3124 pas-

179 3146 351 3202 sionis
381 3147 835 3217 recognovissent.
888 3144 1039 3200 Unde
1071 3160 1209 3201 unus
1236 3161 1422 3201 eorum
1450 3146 1754 3202 dicentibus

184 3238 331 3303 aliis,
387 3258 405 3291 ι
431 3240 663 3294 vidimus
700 3238 1008 3303 Dominum,
1038 3257 1055 3291 ι
1108 3254 1229 3294 cum
1269 3238 1485 3309 quidam
1532 3247 1754 3294 attesta-

193 3326 341 3383 tione
367 3327 660 3390 aﬂirmabat
700 3328 923 3384 dicens:
960 3346 979 3379 ‹
1011 3326 1123 3382 Nisi
1171 3328 1358 3383 videro
1397 3328 1451 3382 in
1506 3327 1755 3382 manibus

194 3419 312 3489 ejus
337 3419 554 3475 ﬁxuram
588 3422 884 3486 clavorum,
919 3428 974 3476 et
1003 3420 1213 3475 mittam
1237 3419 1462 3490 digitum
1490 3434 1666 3474 meum
1700 3419 1756 3474 in

189 3510 365 3565 locum
395 3512 683 3580 clavorum,
721 3521 777 3569 et
804 3514 1013 3568 mittam
1040 3528 1257 3568 manum
1297 3526 1471 3568 meam
1517 3513 1571 3567 in
1616 3512 1757 3567 latus

187 3598 324 3668 ejus,
356 3618 458 3657 non
491 3604 706 3681 credam
738 3602 918 3674 (Joan.
948 3600 1063 3674 xx).
1091 3621 1110 3664 ι
1158 3602 1282 3656 Sive
1305 3609 1451 3657 certe
1472 3617 1758 3673 resurgens

185 3706 218 3746 a
250 3693 476 3748 mortuis
514 3693 793 3759 Dominus,
822 3693 881 3749 in
909 3708 1071 3749 carne
1113 3708 1208 3748 sua
1240 3693 1465 3763 vestigia
1494 3694 1758 3765 passionis

184 3800 469 3845 reservare
493 3785 678 3851 voluit,
703 3784 826 3855 quia
854 3784 1075 3840 veniens
1103 3784 1171 3839 ad
1202 3783 1463 3854 judicium
1485 3784 1538 3839 in
1569 3784 1757 3838 eadem

184 3872 362 3928 forma
387 3875 639 3929 omnibus
667 3873 970 3943 apparebit,
1004 3872 1166 3942 jnstis
1190 3872 1397 3927 scilicet
1422 3881 1475 3927 et
1500 3872 1713 3943 injustis
1741 3890 1753 3926 :

184 3972 248 4018 ut
282 3962 416 4033 justi
457 3964 698 4020 videntes
724 3973 927 4034 quanta
967 3972 1022 4018 et
1061 3963 1242 4035 qualia
1270 3978 1369 4033 pro
1413 3979 1599 4019 eorum
1640 3979 1759 4020 ere:

183 4056 370 4125 ptione
394 4056 600 4111 Auctor
620 4055 839 4111 humani
863 4056 1074 4126 generis
1096 4055 1373 4120 sustinuit,
1398 4055 1451 4110 in
1475 4056 1591 4127 ejus
1604 4055 1760 4111 laude

185 4155 242 4207 et
288 4147 587 4217 gratiarum
632 4146 843 4201 actione
886 4146 1171 4216 proﬁciant
1200 4165 1214 4201 :
1243 4145 1424 4215 injusli
1453 4162 1583 4202 vero
1613 4155 1760 4202 tanto

186 4238 427 4294 deterius
457 4237 766 4308 puniantur,
796 4244 995 4306 quanto
1021 4237 1252 4309 largiora
1278 4238 1372 4292 Dei
1397 4237 1656 4292 beneﬁcia
1680 4236 1761 4297 in-

186 4330 408 4401 dignius
428 4336 888 4397 contempserunt,
923 4328 1060 4384 sicut
1094 4328 1352 4399 scriptum
1379 4337 1465 4383 est
1495 4345 1509 4382 :
1552 4347 1570 4380 ι
1602 4328 1763 4387 Video

184 4423 324 4478 bunt
355 4422 408 4476 in
436 4436 598 4491 quem
626 4419 1011 4475 transﬁxorum
1046 4418 1230 4492 (Zaclt.
1256 4418 1376 4490 xu).
1407 4438 1427 4472 ι
1472 4419 1537 4473 Ει
1564 4419 1760 4475 iterum

141 4520 145 4525 ’
187 4514 296 4568 alia
334 4511 611 4581 Scriptura
647 4511 776 4565 dicit
805 4527 818 4564 :
856 4529 875 4561 ι
906 4509 1044 4565 Ecce
1087 4510 1237 4565 venit
1261 4524 1382 4564 cum
1420 4510 1669 4576 nubibus,
1705 4519 1762 4565 et

187 4603 397 4659 videbit
423 4617 545 4658 eum
570 4602 747 4657 omnis
774 4601 983 4667 oculus,
1019 4608 1074 4656 et
1111 4603 1202 4671 qui
1236 4616 1360 4657 eum
1401 4611 1758 4674 pupugerunt.

190 4692 260 4747 Et
295 4691 553 4762 plangent
576 4707 636 4747 se
663 4707 825 4761 super
848 4707 971 4747 eum
1000 4707 1188 4747 omnes
1221 4692 1394 4749 tribus
1424 4692 1765 4765 ιρι-τεθωρα-

190 4782 294 4837 cal.
329 4780 392 4851 ι).
425 4801 443 4836 ι
485 4782 553 4838 Ει
578 4781 683 4837 alio
713 4782 842 4837 item
869 4781 986 4837 loco
1016 4798 1029 4834 :
1059 4801 1079 4833 ι
1105 4781 1257 4841 Tunc
1290 4783 1543 4856 plangent
1578 4801 1765 4840 omnes

192 4874 369 4929 tribus
388 4881 562 4940 terrae,
579 4881 634 4929 et
656 4874 913 4929 videbunt
940 4873 1107 4928 ﬁlium
1133 4875 1367 4931 hominis
1381 4877 1683 4933 venientem
1710 4878 1762 4932 in

190 4963 430 5020 nubibus
453 4964 574 5020 caeli
599 4980 719 5021 cum
742 4964 939 5019 virtute
969 4964 1135 5019 multa
1159 4972 1214 5020 et
1236 4965 1516 5035 majestate
1546 4966 1760 5037 (Matth.

195 5051 368 5120 xxiv).
402 5073 421 5107 ι
460 5053 528 5108 Et
552 5053 727 5123 adhuc
752 5053 910 5109 aliter
931 5053 1188 5109 Dominus
1214 5054 1270 5108 in
1297 5069 1395 5109 sua
1414 5070 1576 5111 carne
1600 5058 1766 5112 vesti-

194 5148 280 5219 gia
301 5145 569 5218 passionis
592 5146 912 5211 reservavit,
934 5153 994 5201 ut
1016 5145 1143 5216 quid
1164 5146 1455 5203 advocatus
1466 5155 1548 5202 est
1561 5156 1766 5211 noster.

194 5247 251 5294 et
293 5237 514 5305 Patrem
561 5237 864 5308 interpellat
887 5252 987 5308 pro
1013 5236 1167 5307 nobis
1197 5237 1252 5291 in
1286 5237 1642 5304 humanitate,
1674 5239 1767 5309 qui

197 5336 396 5384 cuncta
417 5327 510 5383 dat
540 5342 661 5383 cum
684 5327 843 5382 Patre
870 5343 967 5397 per
995 5326 1352 5401 divinitatem,
1378 5328 1495 5397 ipsa
1520 5327 1763 5396 vulnera,

198 5433 319 5488 quas
340 5432 439 5490 pro
460 5417 1029 5491 nostra_redemptione
1051 5415 1321 5483 sustinuit,
1337 5416 1482 5471 Patri
1497 5417 1765 5485 ostendat,

197 5518 255 5563 ut
280 5523 405 5565 eum
423 5509 666 5582 misereri
690 5508 995 5585 hominibus
1024 5507 1204 5573 faciat,
1232 5522 1331 5578 pro
1365 5509 1561 5579 quibus
1588 5510 1769 5581 unige-

199 5599 347 5653 nitus
365 5599 624 5657 Dominus
652 5607 798 5656 tanta
822 5614 883 5654 ac
905 5599 1030 5654 talia
1051 5599 1317 5655 sustinere
1338 5614 1446 5656 non
1469 5603 1764 5657 recusavit:

198 5700 254 5743 et
280 5691 367 5745 sic
390 5704 514 5747 eum
543 5691 633 5761 qui
659 5691 900 5746 misereri
937 5706 1044 5748 non
1069 5698 1264 5758 cessat,
1305 5690 1373 5746 ad
1402 5691 1767 5748 miserandum

202 5788 473 5849 provocet.
537 5778 631 5844 Vel
672 5789 817 5841 certe
852 5791 975 5861 post
1025 5779 1475 5838 resurrectionem
1512 5782 1767 5857 Dominus

1926 1969 1947 2004 ι
1976 1951 2167 2007 Adhuc
2217 1959 2398 2007 autem
2445 1951 2551 2007 illis
2595 1965 2701 2006 non
2756 1949 3137 2016 credentibus,
3182 1950 3277 2005 sed
3316 1964 3429 2023 pra)

1858 2064 1876 2099 ι
1905 2045 2100 2117 gaudio
2129 2044 2453 2100 mirantibus
2474 2044 2615 2099 dixit
2645 2061 2659 2097 :
2691 2041 2912 2097 Habetis
2936 2041 3025 2096 hic
3056 2040 3260 2111 aliquid
3286 2044 3432 2113 quod

1860 2157 1878 2190 ι
1908 2139 2309 2195 manducetur?
2343 2138 2414 2193 At
2454 2137 2532 2192 illi
2576 2136 2885 2192 obtulerunt
2931 2136 2983 2190 ei
3025 2144 3233 2206 partem
3264 2135 3432 2206 piscis

1858 2246 1879 2281 ε
1907 2228 2015 2283 assi
2038 2236 2095 2283 et
2116 2226 2297 2283 favum
2329 2226 2521 2282 mellis.
2578 2227 2794 2282 Etcum
2832 2226 3213 2282 manducasset
3249 2241 3432 2282 coram

1859 2338 1879 2372 ι
1911 2319 2013 2384 eis,
2036 2333 2254 2376 sumens
2280 2317 2535 2390 reliquias
2560 2318 2707 2374 dedit
2732 2317 2831 2372 eis.
2861 2336 2881 2370 ι
2926 2316 3270 2373 Manducavit
3304 2330 3434 2387 ergo

1854 2414 1912 2463 et
1952 2408 2091 2463 bibit
2130 2421 2314 2463 coram
2355 2405 2631 2477 discipulis
2658 2414 2778 2477 post
2804 2407 3254 2463 resurrectionem
3278 2447 3294 2474 ,
3322 2422 3431 2462 non

1856 2496 2000 2567 quod
2022 2496 2143 2553 cibo
2176 2495 2377 2552 carnali
2408 2495 2699 2551 sustentari
2739 2494 3026 2565 indigeret,
3056 2495 3151 2550 sed
3180 2504 3238 2550 ut
3263 2495 3317 2549 in
3342 2509 3434 2551 ve-

1856 2588 2016 2642 ritate
2049 2587 2227 2643 carnis
2255 2602 2316 2642 se
2344 2586 2708 2642 resurrexisse
2747 2595 3092 2652 monstraret,
3135 2587 3262 2657 quia
3302 2600 3430 2656 pro-

1854 2678 1973 2747 prie
2005 2677 2290 2733 comedere
2314 2677 2383 2732 ad
2412 2688 2609 2747 corpus
2634 2677 2897 2748 pertinet,
2931 2692 3038 2731 non
3069 2677 3135 2732 ad
3165 2677 3432 2748 spiritum.

1855 2767 2197 2824 Manducavit
2226 2774 2280 2823 et
2312 2767 2449 2823 bibit
2474 2783 2661 2823 coram
2691 2768 2990 2838 discipulis,
3029 2776 3087 2824 ut
3126 2777 3275 2824 tanto
3319 2768 3436 2838 ejus

1854 2862 2309 2916 resurrectionem
2360 2860 2603 2916 securius
2646 2861 3036 2930 praedicarent,
3081 2868 3285 2932 quanto
3324 2877 3434 2920 non

1853 2951 2026 3007 solum
2058 2966 2278 3007 carnem
2309 2948 2428 3020 ejus
2454 2952 2701 3007 manibus
2747 2952 3077 3023 palpassent,
3121 2955 3217 3011 sed
3268 2954 3433 3009 etiam

1855 3043 2027 3099 oculis
2070 3043 2446 3116 corporalibus
2499 3044 2783 3100 comedere
2838 3044 3115 3113 vidissent,
3162 3053 3218 3102 et
3257 3047 3433 3101 securi

1856 3143 2043 3207 postea
2070 3136 2313 3192 dicerent
2344 3152 2358 3189 :
2390 3134 2526 3203 Quia
2555 3136 2701 3191 visus
2727 3143 2811 3199 est
2829 3146 2949 3208 post
2985 3138 3434 3193 resurrectionem

1856 3241 1964 3281 non
2001 3226 2149 3281 omni
2186 3224 2403 3295 populo,
2434 3225 2533 3280 sed
2564 3225 2788 3280 testibus
2816 3226 3192 3296 praeordinatis
3226 3242 3258 3281 a
3298 3228 3431 3291 Deo,

1857 3315 2013 3370 nobis
2038 3315 2130 3385 qui
2158 3314 2601 3370 manducavimus
2630 3323 2685 3369 et
2713 3314 2948 3371 bibimus
2983 3322 3105 3371 cum
3150 3314 3242 3371 illo
3283 3324 3431 3387 post-

1858 3423 2019 3478 quam
2045 3407 2341 3463 resurrexit
2361 3422 2392 3461 a
2417 3407 2664 3469 mortuis,
2694 3414 2749 3461 et
2772 3407 3026 3478 praecepit
3050 3408 3207 3464 nobis
3234 3409 3432 3480 praedi.-

1857 3512 1983 3553 care
2011 3498 2207 3569 populo
2230 3506 2283 3553 et
2308 3497 2587 3553 testiﬁcari
2613 3498 2739 3568 quia
2770 3499 2885 3568 ipse
2911 3508 3012 3563 est,
3038 3501 3135 3570 qui
3165 3501 3431 3559 constituav

1859 3600 1947 3646 tus
1986 3598 2069 3647 est
2110 3606 2141 3645 a
2180 3592 2290 3646 Deo
2320 3590 2486 3661 judex
2529 3590 2773 3647 vivorum
2818 3600 2875 3648 et
2922 3601 3275 3655 mortuorum.
3326 3592 3434 3652 Sed

1858 3697 1959 3737 nec
1990 3682 2160 3752 ipsius
2194 3681 2297 3737 cibi
2325 3681 2573 3753 qualitas,
2616 3697 2777 3753 quem
2816 3692 2937 3754 post
2983 3684 3434 3745 resurrectionem

1859 3770 2113 3838 comedit,
2144 3786 2174 3824 a
2202 3771 2460 3842 mysterio
2479 3786 2646 3826 vacua
2677 3771 2941 3827 credenda
2972 3781 3076 3828 est.

1935 3879 1954 3914 ι
1981 3859 2323 3929 Obtulerunt,
2358 3882 2377 3916 ι
2412 3862 2602 3933 inquit,
2638 3879 2658 3915 ‹
2682 3862 2733 3918 ei
2776 3872 2985 3933 partem
3032 3865 3196 3936 piscis
3232 3867 3339 3922 assi
3382 3877 3438 3922 et

1866 3969 1885 4004 ί
1914 3949 2093 4006 favum
2120 3951 2315 4007 mellis.
2350 3970 2370 4005 ι
2431 3952 2569 4020 Quid
2611 3952 2664 4007 in
2694 3953 2841 4024 pisce
2873 3969 3020 4021 asso,
3045 3957 3149 4013 nisi
3178 3957 3438 4014 Mediator

1861 4043 1956 4099 Dei
1986 4052 2041 4099 et
2073 4044 2350 4102 hominum
2378 4044 2712 4117 signiﬁcatur
2740 4062 2860 4103 esse
2884 4063 3075 4118 passus
3099 4047 3123 4102 ?
3154 4046 3271 4119 Ipse
3292 4049 3436 4105 enim

1861 4143 1923 4190 ut
1945 4134 2108 4205 piscis
2134 4135 2302 4193 latere
2323 4137 2574 4208 dignatus
2598 4146 2681 4194 est
2700 4139 2754 4194 in
2777 4140 2934 4209 aquis
2957 4141 3169 4211 generis
3195 4141 3436 4205 humani,

1862 4223 1976 4293 ipse
2024 4232 2083 4278 ut
2124 4224 2290 4293 piscis
2329 4234 2517 4295 captus
2546 4235 2631 4283 est
2663 4227 2825 4283 hamo
2846 4230 3133 4299 passionis,
3157 4233 3251 4287 sed
3282 4231 3438 4287 melle

1862 4314 2071 4370 dulcior
2099 4315 2306 4371 exstitit
2350 4317 2403 4370 in
2436 4319 2845 4375 resurrectione.
2894 4320 3060 4390 Cujus
3103 4322 3437 4378 dulcedinem

1863 4406 2241 4481 degustaverat
2266 4408 2354 4462 ille
2376 4449 2391 4475 ,
2419 4410 2509 4480 qui
2533 4410 2747 4466 dicebat
2777 4429 2789 4467 :
2824 4429 2842 4462 ‹
2872 4410 3044 4478 Quam
3070 4412 3244 4468 dulcia
3272 4413 3438 4468 fauci-

1861 4498 1962 4553 bus
1993 4498 2129 4553 meis
2158 4498 2369 4569 eloquia
2405 4508 2516 4565 tua,
2546 4500 2792 4566 Domine,
2819 4516 2982 4569 super
3015 4502 3118 4559 mel
3155 4510 3210 4557 et
3259 4502 3436 4557 favum

1787 4568 1839 4627 Ῑ)
1864 4586 1946 4641 ori
1982 4602 2101 4642 meo
2131 4568 2302 4659 (Paul.
2336 4589 2544 4658 cxvtn).
2568 4608 2589 4642 ι
2632 4588 2810 4651 Favus
2836 4568 3070 4661 namque
3097 4590 3201 4647 mel
3228 4591 3285 4646 in
3314 4607 3438 4648 cera

1867 4685 1968 4731 est.
2022 4677 2124 4732 Mel
2158 4693 2287 4748 ergo
2317 4677 2371 4732 in
2406 4693 2553 4743 cera,
2589 4678 2816 4735 dulcedo
2845 4678 3146 4735 divinitatis
3176 4689 3281 4747 est,
3312 4680 3440 4750 jun-

1867 4780 1953 4827 cta
1982 4772 2157 4831 forma
2181 4773 2553 4830 humanitatis.

1943 4881 1961 4914 ι
1993 4862 2061 4918 Et
2103 4878 2225 4935 cum
2270 4864 2647 4933 manducasset
2683 4878 2865 4919 coram
2905 4864 3021 4933 eis,
3063 4880 3281 4924 sumens
3313 4869 3440 4924 reli-

1872 4970 1889 5003 «
1917 4951 2072 5022 quias
2106 4952 2252 5007 dedit
2292 4953 2389 5008 eis.
2422 4972 2439 5007 ι
2493 4954 2645 5021 Quod
2691 4954 2947 5011 Dominus
2995 4954 3254 5027 reliquias
3288 4958 3440 5016 cibo.

1872 5058 1990 5098 rum
2034 5041 2307 5114 discipulis
2337 5045 2573 5110 tradidit,
2601 5047 2669 5101 ad
2709 5046 2813 5102 hoc
2847 5047 3100 5116 pertinet,
3126 5048 3253 5118 quia
3282 5062 3434 5107 Suam

1867 5135 2172 5205 passionem
2208 5135 2288 5191 eis
2319 5135 2632 5197 imitandam
2658 5152 2779 5193 esse
2804 5139 3066 5207 ostendit,
3102 5138 3257 5209 juxta
3299 5143 3442 5212 quod

1868 5226 1984 5297 ipse
2014 5225 2140 5284 alibi
2175 5227 2249 5282 ait
2280 5243 2293 5281 :
2329 5244 2347 5279 ι
2378 5226 2435 5282 Si
2472 5227 2596 5298 quis
2627 5228 2742 5283 vult
2768 5237 2891 5302 post
2912 5245 2999 5285 me
3029 5232 3238 5299 venire,
3272 5234 3441 5289 abne-

1869 5325 1961 5385 get
1998 5317 2347 5386 scmetipsum
2386 5326 2440 5372 et
2472 5317 2621 5373 tollat
2663 5333 2876 5374 crucem
2910 5335 3062 5375 suam
3099 5328 3155 5377 et
3184 5330 3444 5391 sequatur

1872 5423 1959 5463 me
1984 5406 2135 5478 (Luc.
2158 5407 2258 5478 ιι).
2291 5426 2334 5485 ι,
2357 5407 2510 5467 Unde
2532 5426 2670 5465 unus
2690 5425 2878 5467 eorum
2900 5411 3115 5467 aiebat:
3151 5428 3170 5463 ι
3198 5411 3444 5468 Christus

1871 5514 2061 5570 passus
2086 5506 2171 5554 est
2193 5515 2291 5571 pro
2325 5502 2481 5557 nobis
2506 5500 2558 5574 (Ι
2590 5500 2735 5557 Petr.
2764 5500 2848 5575 ιι),
2882 5522 2902 5555 ι
2953 5512 3058 5559 etc.
3117 5501 3273 5558 Dedit
3316 5516 3444 5572 ergo

1873 5588 1953 5644 eis
1992 5589 2246 5661 reliquias
2273 5591 2438 5661 piscis
2465 5592 2571 5647 assi
2602 5600 2658 5648 et
2696 5592 2873 5647 favum
2920 5591 3114 5654 mellis,
3157 5590 3248 5660 qui
3276 5606 3445 5645 suam

1872 5682 2175 5755 passionem
2209 5699 2447 5740 amaram
2474 5701 2593 5742 esse
2622 5686 2858 5742 ostendit
2908 5685 2959 5739 in
3001 5683 3181 5739 dolore
3230 5684 3441 5750 cordis,

1872 5774 1968 5835 sed
2011 5775 2375 5853 dulcissimam
2410 5781 2475 5851 in
2521 5780 2744 5853 gloriam
2796 5777 3220 5841 resurrectionis.
3295 5777 3443 5857 Unde
