3934 6346
531 371 628 450 ,τι

1175 367 1525 426 HAYMONIS
1565 367 2042 425 HALBERSTAT.
2075 369 2286 426 EPISC.
2324 370 2473 428 OPP.
2511 372 2690 429 PARS
2728 373 2791 428 ll.
2830 401 2897 412 —-
2936 371 3172 428 HOMIL.
3711 378 3781 431 47

531 499 672 559 unus
709 495 919 547 eorum,
953 482 1043 552 qui
1084 482 1234 550 quasi
1282 483 1533 552 stigmata
1579 481 1849 552 passionis
1893 481 2010 552 ejus
2057 484 2110 537 in
2139 485 2186 542 A
2214 483 2379 549 ditur,
2407 484 2499 554 qui
2525 483 2748 541 localem
2798 483 2964 540 Deum
2993 485 3247 540 inducere
3289 486 3562 552 volentes,
3599 488 3660 541 in
3701 492 3810 543 sui:

533 591 631 656 suo
655 589 884 643 corpore
916 570 1238 633 perferebat,
1269 571 1380 625 ait:
1411 591 1428 622 ι
1451 571 1952 652 Fratres,eitistimo
1965 571 2110 626 enim

532 655 675 742 quod
714 678 817 717 non
862 669 986 717 sunt
1026 660 1302 731 condignae
1337 655 1615 735 paSsiones
1656 660 1814 729 hujus
1857 661 2114 730 temporis

533 757 599 826 ad
653 757 883 809 futuram
936 753 1184 824 gloriam,
1221 769 1342 824 quae
1400 751 1726 838 revelabitur
1774 753 1830 807 in
1874 752 2048 807 nobis.
2084 771 2103 804 ι
2138 749 2153 764 ’

532 847 710 919 (Rom.
772 846 914 916 vm.)

607 956 626 989 ι
668 939 733 993 Et
755 937 890 992 dixit
918 936 984 991 ad
1009 935 1162 1000 illos:
1207 937 1332 996 Haec
1366 943 1492 990 sunt
1521 938 1682 992 verba
1722 950 1843 1007 quae
1896 939 2107 991 locutus

538 1053 555 1082 ι
585 1048 703 1087 sum
725 1032 792 1086 ad
813 1046 929 1095 vos,
951 1045 1073 1092 cum
1097 1029 1270 1084 adhuc
1289 1043 1461 1084 essem
1483 1029 1780 1084 vobiscum.
1813 1047 1832 1080 ι
1860 1026 2112 1096 Nunquid

530 1127 672 1180 enim
704 1139 823 1179 cum
847 1124 927 1181 eis
958 1139 1062 1178 non
1093 1130 1233 1188 erat,
1285 1122 1480 1192 quibus
1507 1121 1792 1177 visibiliter
1847 1121 2109 1191 loqueba-

530 1218 658 1271 tur?
682 1216 813 1286 Erat
832 1216 1018 1284 utique
1050 1228 1146 1283 per
1177 1214 1518 1284 praesentiam
1547 1212 1811 1282 corporis,
1835 1212 1928 1266 sed
1956 1212 2109 1282 longe

527 1309 598 1362 ab
627 1306 708 1364 eis
749 1307 985 1361 distabat
1016 1321 1112 1376 per
1155 1304 1590 1358 communionem
1629 1303 1956 1374 fragilitatis,
1983 1304 2108 1374 quia

527 1398 603 1459 illi
628 1407 782 1453 erant
811 1398 1190 1468 corruptibiles
1237 1407 1292 1452 et
1339 1397 1615 1463 mortales,
1642 1393 1744 1452 ille
1785 1398 2108 1467 incorrupti-

525 1490 650 1545 bilis
677 1499 731 1544 et
755 1489 1096 1544 immortalis.
1150 1489 1218 1542 Et
1269 1480 1390 1542 ideo
1420 1504 1541 1543 cum
1583 1488 1998 1558 praesentialiter
2025 1488 2104 1542 lo-

527 1590 804 1649 queretur,
857 1580 971 1634 ait:
1001 1598 1019 1631 ι
1063 1578 1190 1635 Haec
1220 1588 1347 1634 sunt
1393 1579 1557 1633 verba
1585 1582 1704 1649 quae
1733 1578 1943 1634 locutus
1986 1595 2104 1637 sum

526 1671 596 1749 ad
639 1686 755 1736 vos,
799 1687 921 1726 cum
951 1671 1128 1725 adhuc
1171 1685 1348 1726 essem
1396 1670 1696 1726 vobiscum.
1727 1689 1745 1722 ι
1785 1687 1803 1720 ι
1843 1670 2105 1737 Quoniam

533 1781 551 1809 ι
586 1775 806 1816 necesse
851 1768 936 1814 est
978 1759 1190 1828 impleri
1239 1759 1418 1814 omnia
1465 1774 1586 1830 qua:
1627 1759 1826 1830 scripta
1877 1767 2004 1814 sunt
2050 1759 2105 1814 in

2214 575 2394 630 Africa
2417 575 2534 644 ejus
2548 576 2706 633 ﬁdem
2727 592 2847 633 esse
2866 578 3142 643 dixerunt,
3159 595 3264 634 non
3287 581 3646 636 attendentes
3669 585 3808 649 quod

2214 667 2328 736 ipse
2355 668 2613 724 Dominus
2638 669 2714 723 ait
2740 687 2753 722 :
2789 687 2807 720 ι
2850 668 2908 722 In
2935 658 3122 724 omnes
3165 679 3371 739 gentes.
3403 689 3421 722 ι
3458 671 3518 724 ιιι
3547 673 3810 726 omnibus

2213 758 2462 827 gentibus
2492 773 2590 828 per
2614 757 2982 828 apostolorum
3010 759 3372 814 ministerium
3398 761 3741 828 pmnitentia
3759 772 3807 815 et

2214 847 2464 902 remissio
2512 858 2855 917 peccatorum
2908 849 3198 920 prredicata
3242 860 3348 916 est,
3402 851 3638 920 impleta
3693 868 3806 921 pro-

2211 940 2392 1008 pbetia
2435 956 2555 1010 qua:
2601 941 2740 996 dixit
2767 959 2779 994 :
2810 959 2828 992 ι
2866 941 2925 995 In
2947 955 3161 996 omnem
3192 949 3391 996 terram
3437 943 3618 997 exivit
3645 957 3803 997 sonus

2211 1044 2495 1101 eorum,et
2521 1034 2574 1089 in
2607 1034 2742 1089 ﬁnes
2766 1034 2913 1090 orbis
2936 1043 3096 1090 terra:
3127 1036 3291 1090 verba
3324 1051 3542 1090 eorum.
3576 1055 3596 1087 ι
3637 1035 3708 1088 Et
3745 1052 3801 1089 ne

2211 1124 2403 1195 aliquis
2443 1132 2659 1196 propter
2705 1126 3128 1197 magnitudinem
3157 1135 3505 1195 peccatorum
3551 1127 3623 1181 de
3655 1128 3797 1180 venia

2211 1215 2544 1285 desperaret,
2584 1217 2926 1286 subiunctum
2952 1225 3070 1272 est:
3107 1236 3125 1268 ι
3166 1216 3560 1286 incipientibus
3581 1217 3660 1270 ab
3685 1216 3797 1272 Hie-

2217 1324 2234 1357 ι
2270 1306 2554 1377 rosolyma.
2585 1325 2606 1359 ι
2663 1306 2850 1362 Nullus
2877 1322 3008 1378 ergo
3051 1323 3162 1378 prae
3188 1307 3564 1378 magnitudine
3611 1323 3794 1378 pecca-

2210 1403 2388 1449 torum
2426 1409 2646 1458 suorum
2678 1395 3051 1451 remissionem
3102 1411 3159 1451 se
3204 1411 3362 1467 posse
3401 1399 3674 1466 consequi
3710 1398 3791 1451 de-

2210 1494 2412 1554 speret,
2444 1486 2492 1541 si
2538 1484 2774 1556 legitime
2800 1487 3077 1555 pteniteat,
3115 1489 3334 1558 quando
3364 1488 3500 1558 ipsis
3549 1487 3790 1543 Hieroso-

2209 1576 2411 1648 lymitis
2442 1579 2717 1650 cognoscit
2740 1579 3023 1644 indultum,
3061 1581 3151 1649 qui
3194 1582 3435 1636 eruentis
3463 1579 3725 1635 manibus
3745 1595 3787 1634 et

2210 1667 2562 1725 mendacibds
2607 1669 2829 1723 vocibus
2887 1669 3060 1738 ipsum
3111 1671 3430 1740 sanguinem
3484 1683 3590 1739 per
3642 1685 3784 1739 quem

2209 1774 2382 1831 genus
2405 1760 2699 1826 humanum
2745 1759 3080 1829 redemptum
3125 1768 3227 1825 est,
3273 1758 3626 1814 effuderunt:
3663 1775 3783 1827 quo-

536 1870 554 1901 ι
592 1850 709 1923 lege
753 1850 925 1920 Moysi
953 1857 1006 1904 et
1037 1849 1315 1920 prophetis
1342 1857 1398 1904 et
1447 1849 1670 1921 psalmis
1721 1850 1787 1906 de
1814 1863 1918 1904 me.
1949 1869 1968 1903 ι
2001 1849 2102 1906 Ubi
2135 1833 2180 1892 Β
2209 1850 2354 1905 niam
2389 1851 2529 1906 sicut
2565 1849 2825 1905 Dominus
2876 1849 2952 1903 ait
3006 1865 3102 1919 per
3158 1850 3480 1918 prophetam
3509 1868 3524 1903 :
3591 1867 3610 1899 ι

527 1931 631 1996 non
655 1940 826 1996 solum
853 1940 1048 2012 legem,
1103 1940 1196 1994 sed
1225 1939 1389 1994 etiam
1419 1939 1485 1994 ad
1515 1954 1669 1995 suam
1717 1941 2022 2011 passionem
2049 1951 2104 1996 et

525 2032 977 2089 resurrectionem
1006 2031 1456 2097 conﬁrmandam,
1480 2033 1868 2102 prophetarum
1893 2042 1948 2088 ct
1968 2034 2104 2104 psal-

523 2142 734 2182 morum
761 2124 980 2180 oracula
1037 2125 1304 2189 adhibuit,
1337 2134 1396 2178 ut
1425 2125 1573 2196 (quia
1607 2125 1764 2194 juxta
1807 2127 1951 2196 quod
1989 2127 2104 2197 ipse

520 2217 616 2280 ait,
645 2237 662 2268 ι
699 2215 756 2270 lu
807 2231 903 2271 ore
949 2215 1176 2269 duorum
1202 2215 1291 2270 vel
1321 2215 1481 2269 trium
1522 2215 1740 2271 testium
1791 2224 1898 2270 stet
1943 2229 2105 2271 omne

519 2306 746 2361 verbum
772 2305 949 2378 [Deut.
974 2304 1068 2377 κγ]
1097 2304 1160 2377 ι)
1201 2305 1244 2360 si
1287 2304 1408 2376 quis
1443 2303 1573 2376 legis
1611 2304 1919 2360 testimonia
1948 2306 2014 2361 de
2037 2319 2102 2362 eo

518 2397 742 2453 credere
776 2397 971 2462 renuit,
1004 2397 1195 2452 saltem
1235 2395 1527 2451 multorum
1552 2394 1860 2450 testimonia
1888 2394 1942 2449 in
1973 2410 2100 2466 pro-

515 2489 802 2557 phetarum
825 2497 880 2544 et
902 2487 1231 2558 psalmorum
1250 2485 1487 2542 oraculis
1513 2483 1819 2542 discredere
1842 2499 1948 2541 non
1968 2500 2106 2556 pra:-

516 2587 717 2644 uumat‘,
755 2580 852 2646 sed
873 2579 1142 2636 credenda
1164 2577 1388 2648 judieet.
1741 2581 1743 2583 ’

595 2689 614 2722 ι
649 2669 801 2725 Tunc
829 2671 1040 2743 aperuit
1068 2669 1437 2734 illissensum,
1466 2676 1528 2723 ut
1567 2667 1930 2738 intelligerent
1953 2665 2101 2723 Scri-

522 2783 540 2826 ι
577 2771 785 2832 pturas.
812 2781 830 2814 ι
869 2761 938 2816 Ει
963 2760 1088 2832 quia
1113 2776 1211 2832 per
1240 2776 1298 2816 se
1324 2759 1634 2830 Scripturas
1661 2759 1960 2830 intelligere
1993 2774 2100 2814 non

515 2860 786 2920 poterant,
812 2852 1022 2922 aperuit
1045 2851 1152 2906 illis
1193 2866 1436 2918 sensum,
1466 2859 1526 2905 ut
1551 2849 1911 2921 intelligerent
1955 2850 2102 2905 Scri-

516 2951 724 3011 pturas,
755 2949 814 2996 ut
853 2943 997 3013 quod
1044 2941 1340 2998 carnaliter
1386 2941 1694 3008 audiebant,
1747 2941 2100 3011 spiritualiter

515 3033 892 3105 intelligerent.
947 3033 1087 3102 Quid
1138 3042 1316 3089 autem
1369 3034 1423 3088 in
1475 3033 1592 3104 lege
1637 3040 1692 3087 et
1741 3033 2020 3102 pr0phetis
2047 3041 2102 3088 et

514 3125 737 3196 psalmis
789 3127 857 3183 de
905 3141 971 3182 eo
1020 3125 1279 3199 scriptum
1332 3127 1422 3194 sit,
1478 3125 1790 3182 manifestat
1831 3141 1954 3181 eum
2005 3128 2099 3184 ad-

509 3219 685 3291 jungit
709 3237 721 3274 :
1150 3241 1155 3246 ι
1424 3236 1428 3241 '
1588 3226 1592 3230 '

593 3335 613 3368 ι
649 3318 716 3372 Ει
761 3318 899 3374 dixit
938 3320 1060 3376 eis:
1108 3321 1371 3388 Quoniam
1414 3322 1493 3378 sic
1520 3331 1780 3392 scriptum
1811 3329 1916 3388 cst,
1945 3328 2002 3377 et
2023 3321 2102 3376 sic

519 3429 539 3462 ι
574 3411 859 3482 oportebat
902 3410 1180 3470 Christum
1221 3411 1353 3486 pati,
1383 3424 1439 3470 et
1487 3403 1767 3488 resurgere
1809 3430 1838 3469 a
1875 3415 2100 3470 mortuis

517 3521 538 3553 ι
580 3502 665 3559 die
687 3505 866 3560 tertia.
896 3524 915 3559 ι
951 3500 1246 3577 Oportebat
1269 3507 1541 3562 Christum
1566 3508 1696 3578 pati,
1720 3517 1775 3562 et
1799 3522 2098 3577 resurgere,

510 3609 619 3650 non
664 3611 762 3666 pro
787 3612 864 3665 se,
899 3599 993 3653 sed
1013 3614 1114 3669 pro
1159 3599 1336 3660 nobis,
1363 3608 1420 3653 ut
1449 3615 1544 3670 per
1591 3590 1744 3654 suam
1803 3599 2100 3654 indebitam

513 3689 840 3762 passidnem,
869 3701 904 3743 ‘a
933 3689 1115 3750 debita
1133 3697 1420 3760 poena'nos
1450 3685 1726 3753 liberaret,
1754 3699 1809 3744 et
1829 3678 1924 3760 per
1946 3705 2100 3744 suam

513 3785 760 3832 sanctam
793 3780 1252 3835 resurrectionem
1279 3796 1378 3833 nos
1427 3794 1610 3834 secum
1668 3777 1986 3850 regnaturus
2013 3783 2101 3836 os-

513 3867 802 3930 tenderet:
859 3869 1008 3937 quia,
1062 3861 1219 3923 sicut
1245 3870 1323 3924 ait
1349 3869 1658 3939 Apostolus,
1690 3890 1708 3922 ι
1749 3880 1990 3926 mortuus
2016 3881 2100 3927 est

512 3953 740 4027 prepter
779 3967 1000 4028 peccata
1034 3969 1242 4025 nostra,
1277 3968 1333 4014 et
1379 3956 1676 4016 resurrexit
1705 3971 1925 4033 propter
1942 3964 2100 4034 justi-

515 4047 1089 4105 ticationem‘nostram
1112 4051 1290 4122 (Rom.
1316 4052 1411 4122 tv).
1447 4073 1464 4104 ι
1495 4052 1646 4108 Unde
1667 4054 1802 4108 bene
1831 4070 1983 4110 suam
2016 4049 2099 4112 re-

514 4138 912 4194 surrectinnem
944 4157 1048 4195 non
1091 4141 1298 4213 longius
1325 4158 1489 4213 quam
1540 4159 1708 4212 usque
1739 4143 1793 4198 in
1821 4145 1964 4199 diem
1991 4138 2099 4200 ter-

512 4229 648 4296 tium
677 4227 896 4286 diﬁ'erre
930 4233 1122 4299 voluit,
1152 4233 1226 4288 ita
1274 4242 1333 4290 ut
1376 4234 1584 4290 duabus
1620 4236 1869 4292 noctibus
1895 4246 1952 4292 et
1993 4255 2097 4294 una

507 4322 597 4378 die
627 4322 680 4378 i'n
706 4319 964 4394 sepulcro
981 4319 1305 4395 quiesceret.
1333 4327 1450 4382 Nox
1479 4327 1697 4399 quidem
1719 4330 1785 4385 ad
1813 4340 2094 4401 peceatum

507 4415 744 4483 pertinet
779 4414 1062 4472 etnatura'
1084 4419 1299 4489 quidem
1330 4420 1564 4473 humana
1592 4420 1798 4474 duabus
1830 4423 2094 4477 mortibus

509 4502 796 4562 tenebatur
829 4508 1056 4567 astricta
1082 4509 1342 4575 :‘animtc,
1385 4521 1606 4581 propter
1630 4519 1912 4581 peccatum
1937 4528 1950 4576 ;
1979 4528 2095 4566 car-

508 4597 594 4673 nis
618 4613 773 4664 vero,
800 4607 1022 4670 propter
1040 4599 1332 4655 vindictam
1366 4600 1596 4671 peccati.
1627 4599 1763 4666 Quia
1793 4600 1937 4656 enim
1980 4601 2092 4657 Me-

506 4685 685 4748 diator
707 4689 803 4743 Dei
842 4689 1218 4745 et'hominum'
1249 4685 1361 4746 sola
1388 4705 1554 4746 carne
1612 4699 1858 4746 mortuus
1894 4700 2000 4757 est,
2037 4702 2094 4747 ut

507 4792 608 4833 nos
633 4793 663 4831 a
689 4789 862 4834 morte
883 4779 1074 4835 anima:
1111 4780 1386 4846 liberaret,
1414 4771 1560 4837 recte
1587 4781 1796 4838 duabus
1821 4783 2090 4851 noctibus,

507 4874 566 4924 et
605 4886 710 4925 una
741 4871 829 4927 die
883 4873 936 4927 in
982 4869 1231 4944 sepulcro
1267 4859 1552 4945 quiescere
1596 4874 1786 4941 voluit,
1830 4877 2088 4948 quoniam

507 4957 608 5029 per
629 4977 782 5016 suam
805 4963 1065 5052 simplam'
1088 4974 1314 5052 mortem
1349 4950 1591 5048 nostram
1614 4949 1840 5052 duplam
1865 4970 2090 5027 damna-

509 5053 610 5108 vit.
645 5052 874 5126 Ut‘quid
899 5049 1078 5111 autem
1107 5060 1206 5128 pro
1226 5047 1380 5116 nobis
1417 5047 1553 5138 meri
1582 5057 1667 5116 vel
1687 5047 1975 5138 resurgere
2001 5076 2092 5117 vo-

510 5145 694 5212 luerit,
729 5141 1134 5238 manifestatur,‘
1155 5169 1275 5208 cum
1305 5155 1482 5210 adhuc
1504 5143 1750 5228 subditur
1775 5173 1789 5210 :
1822 5173 1841 5206 ι
1871 5155 1938 5238 Et
1960 5172 2091 5226 [ιι-ωε

515 5255 535 5281 ι
565 5232 812 5294 dicariin
841 5241 1054 5296 nomine
1092 5241 1208 5311 ejus
1228 5243 1686 5315 paenitentiam'et
1716 5232 2088 5301 remissionem

493 5347 535 5409 :0
572 5331 933 5400 peccatorum.
965 5352 982 5385 ι
1013 5332 1126 5389 Non
1153 5350 1280 5406 ergo
1302 5336 1496 5390 durum
1523 5335 1607 5390 vel
1630 5351 1879 5405 asperum
1905 5334 2088 5389 vidca—

494 5423 618 5486 ‘tur,
652 5423 794 5492 quod
823 5423 1040 5490 dicitur,
1069 5443 1088 5476 ι
1125 5426 1404 5497 ριυιιξίιίρειτί
1443 5425 1496 5480 in
1521 5425 1736 5480 nomine
1765 5425 1882 5496 ejus
1912 5417 2089 5495 pix-ni-

507 5515 768 5570 tentiam:
811 5534 830 5567 ι
860 5517 985 5586 quia
1013 5516 1348 5572 valde‘dulce’
1372 5525 1455 5571 est
1499 5516 1640 5586 quod
1679 5514 1940 5587 sequitur,
1971 5535 1988 5566 ι
2037 5517 2088 5570 in

508 5605 882 5662 remissionem
909 5617 1280 5679 peccatorum:
1305 5601 1326 5659 ⁸.
1371 5592 1437 5660 Ει
1467 5607 1557 5662 ubi
1593 5607 1707 5662 huic
1747 5605 2087 5678 praedicanda

509 5709 707 5778 essent,
743 5700 1122 5756 manifestatur
1161 5715 1282 5756 cum
1330 5697 1701 5758 subiufertur:
1748 5719 1765 5750 ι
1810 5699 1868 5778 ln_
1900 5693 2089 5778 omnes

516 5767 549 5872 ξ’
570 5803 774 5862 gentes.
805 5813 821 5845 ι
849 5793 966 5860 Quo
989 5793 1150 5847 verbo
1185 5792 1586 5851 Donatistarum
1609 5770 2087 5856 heresis-confun-

2207 1950 2437 1995 mortem
2494 1939 2819 2010 peccatoris,
2850 1940 2944 2010 sed
2997 1949 3054 1996 ut
3106 1948 3458 2008 convertatur
3484 1948 3545 1995 et
3569 1940 3726 1994 vivat.
3760 1959 3780 2021 ι

2209 2032 2428 2105 (Ezech.
2452 2034 2636 2105 mn.)
3365 2026 3369 2030 ’
3449 2027 3452 2031 ’

2741 2167 3021 2224 llOMlLlA
3043 2167 3254 2225 LXXV.

2666 2296 2820 2338 FERIA
2854 2297 3066 2345 ουΑιιτΑ
3095 2296 3328 2338 ΡΔεειυε.

2277 2395 2434 2467 (Acr.
2467 2396 2572 2470 ιιι.)
2607 2415 2625 2447 ι
2678 2396 2736 2452 ln
2789 2397 2981 2453 diebus
3019 2398 3142 2462 illis,
3195 2398 3450 2468 aperiens
3500 2397 3688 2454 Petrus
3721 2415 3770 2455 es

2211 2504 2231 2538 ι
2262 2500 2418 2541 suum
2449 2487 2622 2541 dixit:
2655 2486 2764 2541 Viri
2795 2485 3068 2553 Israelita,
3113 2496 3170 2542 et
3210 2489 3304 2557 qui
3347 2489 3549 2543 timetis
3598 2489 3772 2552 Denta,

2209 2596 2229 2630 ι
2259 2578 2459 2633 audite.
2489 2597 2506 2630 ι
2539 2578 2605 2632 Ει
2648 2578 2877 2649 reliqua.
2910 2578 3217 2633 Notandum
3267 2578 3409 2650 quod
3436 2581 3577 2634 viros
3605 2580 3669 2633 de
3692 2595 3774 2649 ge~

2204 2684 2337 2725 nere
2383 2669 2572 2733 Israel,
2609 2677 2666 2723 et
2711 2670 2963 2724 timentes
3012 2656 3322 2734 Dominum,
3355 2671 3418 2725 ad
3457 2670 3773 2724 audiendum

2207 2762 2300 2818 Dei
2331 2771 2587 2832 provocet
2619 2761 2861 2816 verbum.
2895 2761 3009 2815 Viri
3039 2761 3184 2815 enim
3211 2762 3448 2816 dicuntur
3469 2775 3498 2812 a
3535 2758 3761 2820 viribus,

2207 2853 2334 2922 quia
2385 2853 2635 2908 nesciunt
2663 2852 2942 2908 tolerando
2985 2852 3236 2916 deﬁcere,
3272 2860 3364 2906 aut
3400 2852 3450 2904 in
3491 2849 3766 2920 pm5peris

2205 2945 2382 3015 aliqua
2411 2959 2470 3000 se
2497 2943 2734 2998 elatione
2776 2943 3007 3013 jactare,
3037 2944 3132 2998 sed
3169 2944 3351 2997 animo
3393 2941 3564 2996 stabili
3591 2940 3769 3001 deﬁxi,

2205 3045 2259 3093 et
2283 3036 2582 3103 caalestium
2609 3051 2792 3090 rerum
2818 3037 3272 3106 contemplatione
3319 3035 3542 3099 ﬁrmati,
3570 3045 3774 3087 manent

2205 3143 2421 3198 semper
2465 3127 2742 3198 impavidi.
2771 3145 2790 3179 ι
2845 3127 2944 3194 Qui
3003 3128 3204 3183 timetis
3248 3127 3560 3192 Dominum,
3590 3125 3772 3194 inquit,

2128 3195 2174 3258 (ἶ
2205 3195 2407 3284 audite,
2437 3238 2458 3272 ι
2600 3227 2702 3283 est,
2735 3218 2828 3289 qui
2877 3217 3238 3272 reverentiam
3289 3217 3507 3272 habetis
3558 3216 3772 3271 nominis

2201 3309 2353 3380 ejus:
2387 3308 2512 3379 quia
2541 3308 2658 3379 ejus
2691 3308 2858 3363 verba
2890 3323 2994 3363 non
3035 3317 3276 3362 meretur
3310 3306 3526 3371 audire,
3559 3306 3658 3360 nisi
3690 3305 3769 3374 qui

2200 3401 2548 3470 cognoscitur
2594 3409 2648 3456 et
2696 3400 2910 3456 timere.
2958 3399 3145 3455 Timor
3185 3410 3366 3455 autem
3395 3399 3631 3461 Domini,
3661 3398 3772 3468 quia

2193 3491 2372 3563 justus
2401 3503 2458 3551 et
2507 3502 2687 3552 rectus
2729 3503 2831 3557 est,
2865 3493 3104 3547 auditum
3141 3499 3386 3558 renovat,
3419 3506 3664 3546 amorem
3690 3490 3773 3544 tri-

2200 3584 2340 3651 buit,
2373 3585 2621 3640 ardorem
2657 3581 3280 3639 charitatisintlammat.
3327 3645 3340 3658 ο

2277 3697 2296 3730 ι
2336 3679 2479 3735 Deus
2504 3676 2799 3742 Abraham,
2835 3685 2887 3731 et
2917 3677 3060 3732 Deus
3106 3675 3276 3739 Isaac,
3319 3682 3375 3730 et
3411 3674 3564 3728 Deus
3603 3667 3768 3733 laeui,

2206 3788 2223 3822 ι
2261 3769 2402 3825 Deus
2432 3778 2644 3841 patrum
2694 3775 3023 3822 nostrorum.
3060 3785 3079 3818 ι
3136 3764 3358 3819 Poterat
3405 3763 3553 3818 enim
3583 3762 3768 3842 dicere.

2200 3862 2343 3918 Deus
2387 3861 2684 3926 Abraham,
2727 3859 2878 3915 Isaac
2921 3859 2982 3915 et
3023 3856 3210 3922 Iacob,
3264 3856 3358 3912 sed
3406 3863 3493 3909 ter
3545 3854 3773 3908 nominat

2200 3955 2372 4010 Deum
2415 3954 2710 4017 Abraham,
2759 3951 2929 4006 Deum
2982 3949 3154 4014 Isaac,
3202 3949 3372 4004 Deum
3418 3945 3612 4010 Iacob,
3649 3955 3705 3999 ut
3726 3952 3771 3996 ιιι

2199 4045 2469 4117 intelligas
2498 4045 2668 4099 Deum
2690 4043 2930 4106 Patrem,
2957 4049 3010 4096 et
3033 4040 3252 4105 Filium,
3283 4047 3338 4093 et
3361 4035 3632 4117 Spiritum
3662 4051 3771 4091 sau-

2199 4115 2463 4196 ctum.'Et
2486 4151 2556 4191 ne
2590 4134 2685 4189 tibi
2711 4133 3026 4190 scandalum
3054 4139 3207 4187 terna
3239 4129 3334 4185 Dei
3363 4115 3670 4183 nominatio
3696 4143 3773 4197 ge-

2198 4225 2438 4291 neraret,
2491 4227 2694 4282 addidit
2740 4243 2759 4277 ι
2795 4233 3009 4295 patrum
3045 4232 3374 4278 nostrorum.
3413 4239 3431 4273 ι
3481 4219 3775 4275 Prudenter

2196 4323 2342 4379 enim
2373 4337 2636 4394 personas
2667 4319 2933 4383 distinxit,
2962 4325 3017 4373 et
3041 4325 3288 4372 naturam
3329 4313 3526 4370 univit.
3560 4334 3581 4367 ι
3617 4313 3774 4369 Glori-

2206 4433 2225 4467 ι
2267 4409 2681 4472 ΩοενίιἛίΙίιιιῐι
2720 4426 2897 4478 suum,
2931 4432 2949 4464 ι
2986 4411 3201 4482 quando
3253 4417 3375 4480 post
3424 4407 3773 4463 resurrectio-

2201 4521 2326 4561 nem
2377 4506 2541 4561 nimis
2593 4502 2922 4568 mirabilem,
2976 4503 3140 4557 totius
3188 4500 3372 4555 mundi
3407 4499 3771 4553 credulitatem

2202 4603 2342 4674 Deus
2373 4603 2426 4657 in
2456 4618 2520 4657 eo
2555 4601 2697 4673 quod
2743 4592 2906 4656 horno
2934 4599 3107 4655 factus
3135 4607 3237 4664 est,
3267 4597 3466 4652 habere
3488 4595 3768 4652 concessit.

2200 4692 2536 4748 Gloriﬁcavit
2581 4682 2705 4746 eum
2754 4690 2922 4761 gloria
2974 4687 3406 4748 resurrectionis,
3461 4685 3776 4757 gloriﬁcarit

2200 4785 2368 4858 gloria
2397 4782 2753 4848 ascensionis,
2785 4790 2839 4838 et
2879 4764 3202 4853 gloriﬁcavit
3245 4793 3357 4834 sua:
3395 4779 3640 4834 dextera:
3670 4794 3772 4832 ses-

2197 4876 2388 4933 sionis.
2418 4894 2436 4926 ι
2471 4873 2642 4942 Quem
2676 4888 2774 4928 vos
2799 4873 3014 4943 quidem
3042 4865 3359 4951 tradidistis.
3391 4887 3408 4921 ι
3452 4866 3601 4925 Hinc
3639 4868 3772 4924 enim

2198 4965 2480 5038 respondit
2520 4965 2724 5022 Pilatus
2771 4963 3021 5030 Domino,
3069 4959 3296 5019 dicens:
3323 4979 3342 5014 ι
3400 4959 3662 5040 Nunquid
3689 4974 3776 5030 ego

2196 5057 2412 5115 Judzeus
2436 5058 2599 5113 sum?
2643 5057 2790 5113 Gens
2828 5065 2920 5111 tua
2944 5064 2998 5112 et
3024 5051 3308 5128 pontiﬁces
3337 5053 3420 5132 tui
3437 5045 3776 5130 tradiderunt

2198 5158 2252 5206 te
2284 5147 2582 5218 mihi,quid
2623 5147 2797 5204 fecisti
2825 5146 3006 5218 (Joan.
3038 5145 3236 5216 xvm)?
3263 5165 3280 5197 ι
3317 5142 3699 5208 subaudiatur,
3726 5151 3777 5196 ut

2199 5217 2495 5297 tradet-eris
2523 5241 2676 5296 mihi.
2705 5217 3063 5295 Tradiderunt
3095 5238 3240 5292 enim
3279 5235 3570 5290 Dominum
3603 5217 3776 5290 sacer-

2196 5333 2348 5388 dotes
2375 5347 2472 5404 pcr
2525 5331 2802 5397 invidiam,
2849 5329 3071 5384 tradidit
3114 5326 3279 5382 Judas
3318 5341 3416 5397 pro
3461 5326 3774 5395 Cupiditate,

2197 5423 2418 5481 tradidit
2440 5423 2600 5479 Pater
2624 5439 2724 5495 pro
2752 5430 2937 5478 nostra
2966 5420 3306 5485 liberatione,
3327 5418 3550 5474 tradidit
3581 5426 3774 5472 semet-

2195 5501 2372 5587 i'psum
2416 5516 2584 5571 Filius
2610 5530 2709 5586 pro
2735 5523 2920 5569 nostra
2968 5512 3273 5567 dilectione.
3325 5509 3398 5566 De
3435 5509 3600 5564 Patre
3632 5509 3771 5563 enim

2193 5610 2270 5665 ait
2295 5610 2584 5682 Apostolus
2611 5629 2622 5663 :
2661 5628 2679 5661 ι
2717 5607 2817 5676 Qui
2842 5606 3061 5677 preprio
3089 5604 3224 5660 Filio
3253 5619 3352 5660 suo
3379 5619 3484 5658 non
3506 5600 3772 5672 pepercit.

2194 5700 2286 5756 sed
2312 5717 2410 5771 pro
2460 5683 2614 5755 nobis
2651 5699 2904 5756 omnibus
2935 5696 3153 5752 tradidit
3179 5695 3326 5750 illum
3379 5691 3766 5764 (Rom.vm).t

2195 5790 2267 5845 De
2295 5790 2430 5848 Filio
2458 5801 2655 5862 autem,
2686 5809 2701 5839 t
2738 5789 2826 5859 qui
2858 5787 3044 5844 dilexit
3075 5801 3191 5853 nos,
3224 5794 3275 5840 et
3324 5783 3539 5868 tradidit
3570 5775 3768 5839 Semet-
