3934 6346
43 366 173 423 473

1156 372 1163 377 ’
1264 394 1275 401 -
1319 363 1615 425 ΗΟΜΙΙΛᾹΞ
1657 364 1744 424 DE
1783 366 2131 428 TEMPORE.

3227 376 3324 437 ΓΝ

44 482 256 552 ipsum
282 496 382 552 pro
401 480 555 538 nobis
584 479 726 553 (Gal.
749 480 831 553 ιι),
860 498 879 533 ι
908 486 963 535 et
992 498 1008 531 ι
1039 480 1280 551 negastis
1298 488 1424 534 ante
1452 478 1645 535 faciem
1674 481 1726 542 Α
1758 501 1775 533 ι
1803 483 1998 539 dicitur
2048 485 2325 555 Didymus.
2359 504 2378 538 ι
2432 485 2498 540 Et
2548 486 2773 557 reliqua.
2832 486 2963 544 Cum
3014 489 3355 545 memoriam

46 574 259 645 Pilati,
281 594 300 628 ι
316 573 588 647 dicentes:
617 592 635 624 ‹
665 571 958 644 Cruciﬁge,
980 571 1234 643 cruciﬁge
1256 590 1275 624 ι
1296 571 1477 627 talem.
1499 590 1519 624 ‹
1544 570 1653 626 Nos

46 680 175 719 non
208 664 475 719 habemus
518 677 698 734 regem
724 662 827 717 nisi
871 662 1162 718 Caesarem.
1195 661 1305 716 Nos
1345 660 1519 732 legem
1557 661 1653 715 ha-

46 753 290 819 bemus,
315 763 370 809 et
404 755 697 813 secundum
725 753 901 823 legem
925 753 1085 808 debet
1112 753 1271 818 mori,
1292 753 1419 822 quia
1460 752 1652 806 Filium

47 842 160 898 Dei
192 858 262 899 se
288 844 437 907 fecit,
468 862 487 895 ι
527 862 546 894 ‹
597 841 875 917 iudicante
927 842 1017 897 illo
1059 842 1275 897 dimitti.
1304 860 1323 895 ι
1370 841 1656 908 Quaerebat

47 937 241 1012 enim,l
290 935 367 1009 ait
411 935 785 1009 Evangelium,
822 933 1026 989 Pilatus
1070 932 1547 1004 opportunitatem,
1593 938 1656 985 ut

49 1028 372 1084 dimitteret
397 1027 606 1093 Jcsum,
653 1028 880 1083 dicens:
912 1045 931 1079 ι
968 1027 1081 1096 Ego
1107 1041 1214 1081 non
1252 1024 1466 1080 invenio
1492 1024 1545 1078 in
1589 1038 1654 1079 eo

46 1133 323 1184 causam,
353 1138 372 1172 ι
400 1120 497 1174 sed
523 1131 698 1187 neque
722 1117 980 1175 Herodes.
1009 1117 1216 1173 Pilatus
1244 1116 1411 1171 mittit
1441 1115 1511 1170 ad
1554 1114 1657 1170 lle-

46 1210 288 1275 rodem,
311 1208 551 1267 Herodes
577 1210 744 1264 mittit
767 1211 836 1264 ad
861 1209 1112 1264 Pilatum.
1138 1208 1284 1263 Inter
1304 1208 1437 1263 duas
1460 1206 1651 1277 impie-

49 1306 212 1355 tates
262 1299 517 1357 discurrit
566 1300 760 1370 pietas,
790 1308 846 1354 et
884 1307 1064 1354 tamen
1106 1298 1357 1369 impietas
1396 1299 1654 1368 pietatem

48 1404 169 1444 non
210 1398 395 1459 potest
436 1391 816 1447 condemnare.
850 1390 1092 1445 Praesens
1151 1399 1236 1445 est
1268 1403 1415 1454 reus,
1463 1396 1519 1444 et
1546 1402 1653 1443 non

47 1480 347 1542 invenitur
390 1487 599 1539 reatus.
649 1480 973 1535 Tradidistis
1012 1480 1144 1549 mihi
1191 1481 1336 1534 hunc
1381 1478 1651 1534 hominem

46 1569 225 1639 quasi
271 1577 627 1635 avertentem,
675 1570 870 1640 inquit,
916 1570 1198 1640 populum,
1227 1576 1281 1623 et
1314 1582 1441 1627 ecce
1468 1582 1653 1622 coram

48 1663 224 1726 vobis
255 1663 616 1734 interrogans,
645 1663 844 1719 nullam
876 1679 1096 1719 causam
1128 1663 1344 1718 invenio
1391 1663 1447 1716 in
1483 1677 1549 1720 eo
1585 1678 1649 1717 ex

45 1752 164 1821 his,
211 1754 274 1808 in
296 1754 492 1831 quibus
511 1769 637 1812 eum
663 1756 951 1812 accusatis.
994 1755 1183 1819 Dicitis
1214 1755 1357 1825 quod
1380 1754 1656 1825 praecipiat

52 1846 283 1903 tributa
340 1830 447 1904 non
495 1848 629 1917 solvi
671 1846 893 1915 Caesari,
924 1848 1269 1919 comprobavi
1297 1847 1492 1904 falsum
1532 1862 1654 1903 esse
1683 1830 1728 1888 Β

45 1938 209 2007 quod
240 1937 501 2008 objicitis.
554 1942 756 1994 Docere
784 1940 927 1994 hunc
953 1948 1141 1996 contra
1173 1937 1344 2010 legem
1371 1938 1568 2003 dicitis,
1600 1930 1655 1993 et

44 2030 293 2098 probavi
318 2047 439 2087 eum
491 2047 595 2086 non
641 2033 922 2087 destruere
976 2031 1170 2104 legem,
1196 2032 1292 2086 sed
1337 2019 1649 2101 adimplere.

40 2119 265 2179 Omnia
291 2138 413 2192 qua:
443 2121 740 2190 obiecistis,
770 2123 823 2177 in
849 2123 1122 2178 diversum
1151 2122 1371 2176 inventa
1399 2129 1541 2176 sunt.

128 2231 151 2264 ι
193 2212 270 2270 Et
288 2214 500 2283 petistis
522 2213 697 2267 virum
721 2212 1045 2267 homicidam
1069 2212 1256 2267 donari
1279 2211 1451 2266 vobis.
1474 2230 1493 2262 ι
1522 2209 1651 2265 Erat

44 2311 279 2370 autem,
309 2304 387 2357 ait
412 2303 785 2373 Evangelium,
813 2302 907 2372 qui
937 2302 1221 2357 dicebatur
1240 2301 1516 2356 Barabbas
1535 2300 1653 2355 vin—

41 2402 211 2457 etus,
246 2392 339 2462 qui
364 2393 417 2447 in
441 2392 705 2447 seditione
735 2391 941 2448 fecerat
975 2391 1348 2446 homicidium.
1380 2389 1653 2444 Barabbas

44 2484 247 2549 enim,
273 2483 366 2553 qui
392 2483 536 2552 filius
582 2484 751 2552 patris
778 2499 958 2537 eorum
1006 2483 1413 2551 interpretatur,
1444 2478 1652 2550 signiﬁ-

47 2585 144 2635 cat
174 2574 480 2640 diabolum,
512 2574 604 2643 qui
629 2574 827 2641 multas
870 2574 1166 2628 seditiones
1194 2573 1250 2628 in
1276 2581 1389 2629 toto
1416 2573 1654 2628 concitat

47 2667 216 2733 urbe,
244 2664 536 2721 homicidia
558 2667 768 2721 scilicet
785 2676 840 2723 et
863 2666 1107 2721 adultera
1126 2673 1181 2721 et
1200 2666 1380 2720 omnia
1400 2666 1649 2731 erimina,

53 2756 188 2826 quia
222 2754 415 2814 statim
464 2763 528 2809 ut
577 2753 735 2810 Iesus
759 2755 1057 2811 cruciﬁxus
1093 2762 1194 2819 est,
1227 2753 1504 2810 Barabbas
1548 2754 1652 2809 iste

55 2847 343 2909 dimissus,
372 2844 600 2901 suffocat
618 2845 874 2915 populum
893 2843 1219 2900 Judzeorum.

137 2957 158 2989 ι
198 2938 493 2995 Auctorem
538 2952 668 2992 vero
713 2937 838 2992 vita:
883 2934 1256 3000 interfecistis,
1287 2953 1306 2987 ι
1356 2935 1505 2989 illum
1555 2935 1648 3005 qui

56 3030 355 3102 plasmavit
405 3030 681 3085 hominem
713 3030 778 3084 de
807 3029 937 3084 limo
968 3037 1149 3096 terrae,
1177 3035 1231 3083 et
1277 3026 1563 3096 inspiravit
1595 3027 1646 3081 in

61 3120 262 3176 faciem
290 3118 406 3189 ejus
434 3118 761 3190 spiraculum
802 3117 948 3183 vitae,
981 3126 1037 3172 et
1064 3115 1241 3173 factus
1267 3124 1352 3170 est
1386 3116 1563 3171 homo
1594 3116 1647 3170 in

65 3211 310 3266 animam
331 3211 619 3273 viventem,
646 3209 797 3265 illum
846 3209 939 3279 qui
973 3208 1149 3264 dixit:
1179 3225 1198 3258 ι
1232 3207 1344 3277 Ego
1375 3221 1494 3261 sum
1541 3207 1650 3272 via,

70 3303 304 3369 veritas,
334 3310 391 3358 et
427 3303 537 3357 vita
570 3300 751 3373 (loan.
779 3301 917 3372 xw).
957 3318 980 3354 ι
1032 3300 1099 3355 Et
1132 3299 1200 3354 de
1225 3314 1331 3367 quo
1377 3296 1649 3353 Joannes:

83 3417 103 3463 ς
141 3397 246 3454 llic
268 3408 348 3455 est
368 3415 522 3455 verus
550 3399 694 3454 Deus
717 3408 772 3454 et
796 3397 904 3452 vita
932 3406 1134 3451 aeterna
1162 3393 1210 3466 (I
1235 3394 1399 3449 Joan.
1423 3391 1500 3464 v).
1522 3411 1542 3446 ι

155 3509 179 3544 ‹
212 3491 280 3546 Et
324 3507 478 3557 nunc,
532 3491 749 3556 fratres,
805 3489 919 3544 scio
973 3487 1099 3558 quia
1149 3500 1247 3555 per
1293 3470 1652 3555 ignorantiam

76 3583 360 3659 rfecistis.
410 3602 430 3637 ι
482 3582 542 3638 Si
603 3582 748 3638 enim
817 3579 1244 3651 cognovissent,
1298 3576 1375 3630 ait
1426 3573 1654 3643 Aposto-

75 3696 94 3730 σ
131 3676 217 3732 lus
243 3716 261 3744 ,
315 3666 609 3748 nunquam'
634 3673 920 3729 Dominum
949 3670 1132 3744 gloriae
1177 3665 1596 3725 cruciﬁxissent.
1627 3685 1646 3719 ι

73 3766 125 3836 (1
157 3767 280 3824 Cor.
304 3767 395 3839 It.)
455 3781 460 3787 ‘

144 3876 164 3910 ι
195 3859 338 3914 Deus
384 3866 566 3914 autem
613 3856 704 3927 qui
734 3852 1112 3926 praenuntiavit
1158 3867 1259 3924 per
1295 3866 1358 3907 os
1409 3849 1652 3907 omnium

77 3966 97 4007 ι
129 3949 517 4020 prophetarum
567 3948 676 4019 pati
714 3944 988 4006 Christum
1016 3960 1196 4011 suum,
1228 3942 1472 4013 implevit
1496 3941 1595 3997 sic.
1628 3960 1648 3994 ι

76 4043 211 4111 llinc
235 4051 291 4098 et
321 4042 436 4114 ipse
466 4041 723 4097 Dominus
743 4039 1014 4112 Cleophaz,
1044 4047 1099 4095 et
1119 4038 1226 4093 alio
1248 4037 1525 4109 discipulo
1544 4038 1650 4091 ait:

83 4155 101 4206 ς
133 4135 177 4194 0
200 4136 355 4192 stulti
400 4143 457 4190 et
486 4134 622 4189 tardi
656 4132 821 4189 corde
849 4133 917 4187 ad
946 4131 1298 4196 credendum,
1324 4130 1377 4184 in
1406 4127 1656 4184 omnibus

77 4242 190 4297 quae
212 4225 383 4281 locuti
413 4232 541 4280 sunt
579 4224 876 4294 prophetae,
917 4236 1101 4277 nonne
1128 4220 1245 4276 haec
1279 4218 1519 4289 oportuit
1544 4216 1655 4286 pati

78 4315 369 4381 Christum,
399 4323 454 4371 et
497 4315 573 4371 ita
601 4315 807 4369 intrare
842 4314 894 4368 in
924 4312 1156 4384 gloriam
1210 4326 1364 4368 suam
1385 4312 1414 4364 ?.
1431 4311 1501 4365 Et
1528 4308 1660 4366 inci-

79 4408 220 4478 piens
249 4423 280 4464 a
305 4408 487 4480 Moyse
507 4415 563 4462 et
582 4405 831 4462 omnibus
860 4404 1166 4476 prophetis,
1190 4402 1658 4473 interpretabatur

1755 573 2051 630 Dominicae
2072 574 2483 633 resurrectionis
2524 593 2737 648 semper
2786 580 2969 635 animo
2996 580 3250 645 retinere,
3275 590 3333 636 et

1753 679 1848 720 ore
1871 665 2100 720 recitare
2138 664 2450 731 debeamus,
2501 663 2737 723 maxime
2774 677 2952 724 tamen
2978 653 3095 726 istis
3140 670 3334 728 diebus
3424 684 3427 685 '

1754 757 1822 812 de
1850 757 1939 812 illa
1989 756 2316 827 loquendum
2350 766 2452 823 est,
2486 759 2540 812 in
2579 761 2775 829 quibus
2827 761 2966 817 facta
3011 764 3252 818 creditur
3278 771 3335 826 et

1754 855 2062 902 veneratur.
2117 848 2185 902 Et
2235 864 2343 903 non
2388 848 2551 903 debet
2600 864 2889 907 onerosum
2923 854 3093 908 videri
3141 855 3207 909 ad
3239 870 3335 910 au-

1754 937 2028 1003 diendum,
2055 938 2201 1008 quod
2241 939 2446 995 sanctis
2473 941 2819 1011 evangelistis
2848 944 2978 999 utile
3020 946 3197 1001 visum
3234 945 3337 1002 fuit

1755 1031 1823 1086 ad
1870 1030 2235 1087 scribendum.
2286 1031 2404 1087 Non
2455 1033 2628 1087 solum
2683 1034 2829 1088 enim
2876 1028 3169 1106 gldriosum
3225 1048 3331 1103 est,

1754 1122 1898 1191 quod
1941 1122 2220 1192 discipulis
2259 1132 2383 1193 post
2426 1125 2879 1179 resurrectionem
2925 1130 3193 1197 apparuit,
3241 1132 3337 1197 sed

1753 1213 1920 1268 etiam
1957 1226 2214 1268 numerus
2254 1192 2440 1268 eortnn
2469 1214 2666 1284 quibus
2693 1192 2974 1284 apparuit,
2995 1192 3093 1272 vel
3128 1192 3246 1273 loca
3265 1192 3334 1272 'in

1754 1305 1951 1375 quibus
1976 1304 2126 1360 visus
2148 1313 2251 1369 est,
2278 1306 2553 1376 mysteriis
2572 1306 2727 1376 plena
2749 1313 2895 1360 sunt.
2925 1305 3077 1374 Quod
3099 1308 3153 1363 in
3175 1306 3338 1379 hujus

1755 1394 2002 1459 lectionis
2028 1394 2168 1449 serie
2188 1395 2529 1466 Evangelista
2576 1395 2925 1452 manifestare
2949 1398 3180 1462 curavit,
3212 1395 3335 1454 eum

1756 1493 1864 1539 tam
1893 1485 2121 1541 sollicite
2159 1487 2375 1540 modum
2417 1487 2775 1556 apparitionis
2794 1485 2912 1554 eius
2938 1490 3226 1557 expressit,
3251 1489 3337 1545 di-

1754 1592 1922 1631 cens:
1954 1594 1972 1627 ι
2011 1573 2375 1629 Manifestavit
2406 1590 2465 1630 se
2502 1577 2697 1631 iterum
2747 1575 2904 1631 Jesus
2931 1576 2999 1631 ad
3050 1592 3202 1632 mare
3246 1576 3337 1634 Ti-

1720 1710 1725 1714 .
1754 1662 2011 1720 beriadis.
2052 1663 2422 1720 Manifestavit
2461 1673 2639 1719 autem
2683 1666 2782 1730 sic,
2810 1684 2830 1718 ι
2862 1676 2966 1721 etc.
3018 1664 3086 1720 Et
3115 1666 3339 1736 pulchre

1755 1757 1985 1826 septima
2003 1756 2341 1825 apparitione
2369 1762 2575 1826 septem
2605 1755 2884 1827 discipulis
2904 1744 3175 1826 apparuit,
3206 1758 3333 1827 quia

1758 1846 1831 1901 illi
1859 1845 1927 1901 ad
1954 1844 2071 1914 ejus
2098 1846 2362 1902 visionem
2384 1847 2696 1917 perventuri
2723 1856 2871 1912 sunt,
2903 1847 2996 1916 qui
3036 1831 3337 1919 septiformi

1758 1935 1994 2007 Spiritus
2040 1937 2214 1993 sancti
2242 1938 2414 2007 gratia
2472 1937 2781 2002 illuminati,
2811 1936 3008 1993 fluctus
3056 1939 3339 2007 praesentis

1756 2029 1938 2085 saeculi
1961 2030 2144 2086 divino
2171 2045 2356 2086 amore
2381 2029 2612 2094 calcant,
2638 2037 2694 2084 et
2736 2030 2794 2083 in
2829 2028 3103 2083 lucrandis
3132 2029 3340 2083 anima-

1759 2122 1858 2177 bus
1881 2123 2181 2194 invigilant.
2214 2120 2563 2192 Septenarius
2608 2121 2751 2175 enim
2784 2134 3065 2183 numerus,
3094 2120 3186 2190 qui
3210 2134 3339 2174 con-

1756 2222 1866 2268 stat
1893 2227 1961 2267 ex
1985 2212 2222 2269 ternario
2250 2223 2306 2266 et
2329 2211 2697 2281 quaternario,
2726 2210 2778 2264 id
2803 2218 2888 2265 est
2934 2224 3000 2264 ex
3029 2210 3207 2280 primo
3232 2209 3338 2264 im-

1753 2307 1875 2378 pari
1918 2313 1974 2360 et
2000 2305 2175 2376 primo
2220 2304 2361 2375 pari,
2407 2305 2549 2358 dona
2580 2302 2815 2372 Spiritus
2844 2302 3017 2357 sancti
3046 2301 3334 2372 signiﬁcat,

1755 2410 1859 2465 per.
1878 2392 2031 2463 cuius
2059 2395 2287 2464 gratiam
2313 2402 2368 2448 et
2397 2393 2528 2448 fides
2570 2392 2854 2447 Trinitatis
2879 2388 3238 2468 cognoscitur,
3284 2402 3341 2453 et

1756 2496 1985 2557 quatuor
2008 2486 2423 2557 Evangeliorum
2448 2486 2691 2541 doctrina
2713 2485 3041 2562 custoditur.
3063 2484 3168 2540 Sed
3193 2498 3340 2559 quae-

1757 2578 1830 2632 rit
1857 2576 2054 2647 aliquis
2100 2591 2269 2646 quare
2297 2575 2490 2629 Petrus
2516 2583 2639 2645 post
2667 2574 3077 2635 conversionem
3108 2573 3177 2651 ad
3222 2572 3337 2642 pis-
3382 2603 3403 2617 α

1754 2671 2023 2726 cntionem
2054 2669 2238 2733 rediit,
2263 2683 2387 2723 cum
2412 2668 2624 2725 Veritas
2652 2667 2796 2722 dicat
2821 2684 2833 2721 :
2867 2685 2886 2717 ‹
2923 2661 3091 2721 Ne’mo
3117 2664 3337 2720 mittens

1753 2775 1975 2816 manum
2014 2760 2070 2814 in
2104 2768 2365 2821 aratrum,
2399 2766 2455 2812 et
2510 2743 2780 2835 aspiciens
2824 2765 2992 2820 retro,
3049 2762 3206 2823 aptus
3253 2761 3339 2809 est

1753 2866 1921 2919 regno
1948 2850 2044 2905 Dei
2083 2848 2231 2921 (Luc.
2259 2848 2383 2917 nt)?
2420 2866 2438 2899 ι
2469 2847 2550 2902 Ad
2578 2848 2722 2917 quod
2750 2846 2934 2902 brevis
2975 2844 3213 2914 quidem,
3243 2844 3337 2898 sed

1753 2940 1928 2998 facilis
1948 2947 2096 3011 patet
2116 2940 2415 3009 responsio,
2446 2938 2572 3008 quia
2617 2937 2745 2992 illud
2789 2951 2925 3007 opus
2957 2943 3079 3005 post
3104 2948 3334 2990 convero

1752 3032 1957 3087 sionem
1979 3030 2095 3084 sine
2123 3029 2279 3099 culpa
2303 3028 2587 3097 repetitur,
2610 3028 2752 3097 quod
2782 3034 2908 3083 ante
2930 3026 3339 3081 conversionem

1754 3124 1959 3192 absque
2011 3121 2165 3191 culpa
2194 3122 2579 3197 exercebatur.
2604 3120 2759 3187 Quod
2807 3103 3019 3175 facilius
3061 3116 3340 3186 cognosci—

1754 3231 1899 3281 mus,
1927 3214 1975 3269 si
2011 3229 2135 3268 cum
2181 3210 2359 3268 cilicio
2386 3212 2532 3266 Petri
2558 3219 2612 3266 et
2654 3210 2891 3290 Mattbaei
2915 3203 3257 3283 evangelista:
3285 3215 3340 3262 et

1755 3306 2050 3377 coapostoli
2071 3320 2235 3375 opera
2258 3303 2627 3359 conferamus.
2656 3300 2792 3355 Nam
2812 3298 3140 3371 piscatorem
3171 3296 3340 3371 fuisse

1752 3397 1995 3464 Petrum,
2040 3396 2351 3451 Mattbaeum
2397 3408 2532 3449 vero
2578 3388 2899 3446 telonaritim
2949 3388 3223 3464 novimus.
3269 3384 3340 3465 Et

1752 3484 1974 3543 Petrum
2003 3485 2220 3556 quidem
2262 3492 2386 3556 post
2423 3483 2836 3540 conversionem
2865 3479 2934 3534 ad
2985 3477 3340 3553 piscationem

1754 3578 2000 3644 rediisse,
2030 3558 2339 3632 Matthzeum
2387 3575 2456 3629 ad
2506 3572 2703 3629 telonei
2746 3571 2896 3626 lucra
2937 3568 3202 3624 resedisse
3231 3581 3340 3622 non

1752 3672 1981 3744 legimus
2014 3687 2028 3725 ;
2053 3670 2179 3741 quia
2204 3667 2348 3723 aliud
2373 3675 2457 3724 est
2476 3666 2678 3721 victum
2709 3678 2830 3721 cum
2850 3660 3059 3733 justitia
3099 3669 3347 3729 quaerere

1754 3764 1810 3820 in
1838 3761 2119 3833 piscando,
2150 3768 2206 3815 et
2255 3759 2400 3815 aliud
2439 3756 2708 3829 iurgando
2763 3746 2961 3810 telonei
3004 3750 3168 3807 lucris
3211 3747 3342 3806 insi-

1755 3863 1921 3912 stere.

1831 3968 1851 4002 ‹
1893 3947 1963 4003 Ει
2004 3947 2256 4004 exierunt
2298 3953 2355 4003 et
2395 3942 2760 4000 ascenderunt
2810 3939 2867 3996 in
2914 3951 3129 4002 navem,
3163 3941 3219 3991 et
3250 3932 3342 3990 illa

1763 4060 1781 4095 ι
1823 4048 1983 4096 nocte
2007 4038 2144 4094 nihil
2198 4035 2608 4109 prendiderunt.
2651 4054 2670 4086 ι
2705 4031 2859 4088 Sicut
2887 4029 3041 4104 navis
3086 4018 3344 4103 saeculum

1757 4130 2049 4204 signiﬁcat,
2081 4130 2161 4184 sic
2189 4145 2294 4184 nox
2320 4127 2409 4182 illa
2437 4142 2536 4198 pro
2566 4124 2871 4195 ignorantia
2899 4120 3142 4195 ponitur,
3167 4126 3227 4173 ut
3258 4123 3345 4191 est

1759 4224 1889 4279 illud
1929 4240 1942 4277 :
1977 4240 1997 4273 ι
2048 4220 2164 4276 Nox
2205 4218 2502 4291 praecessit,
2543 4218 2659 4272 dies
2688 4225 2871 4271 autem
2892 4210 3344 4285 appropinquavit

1760 4314 1939 4387 (Rom.
1987 4312 2127 4384 xm).
2168 4329 2188 4364 ι
2229 4310 2430 4367 Omnes
2462 4310 2608 4366 enim
2647 4316 2772 4364 ante
2803 4307 3095 4361 adventum
3129 4301 3344 4358 Domini
3414 4362 3417 4367 ι

1760 4391 2020 4477 quotquot
2060 4403 2446 4459 laboraverunt
2475 4399 2631 4470 quasi
2662 4399 2718 4453 in
2750 4404 2911 4453 nocte
2934 4394 3340 4455 laboraverunt,

82 4496 180 4554 illis
203 4499 264 4552 in
300 4478 559 4554 omnibus
584 4488 882 4565 scripturis
911 4508 1031 4563 quae
1065 4493 1131 4548 de
1158 4493 1274 4562 ipso
1319 4497 1476 4546 erant
1502 4490 1653 4563 (Luc-
1683 4532 1734 4594 Ι)
1760 4486 1888 4569 quia
1910 4511 2061 4567 spem
2084 4493 2399 4566 resurgendi
2428 4491 2514 4549 vel
2545 4492 2713 4545 vitam
2743 4497 3005 4544 aeternam
3029 4478 3343 4554 possidendi

85 4591 247 4663 μιν).
280 4610 298 4643 ι
349 4588 407 4645 Si
454 4588 600 4643 enim
652 4587 865 4657 Moyses
889 4594 946 4641 et
970 4600 1160 4641 omnes
1192 4584 1470 4655 prophetae
1496 4584 1655 4639 Chri-

84 4693 214 4740 stum
248 4683 414 4739 locnti
439 4689 586 4748 sunt,
606 4688 660 4737 et
678 4681 822 4736 hunc
841 4694 939 4751 per
966 4679 1271 4747 angustiam
1307 4677 1573 4749 passionis
1602 4676 1661 4732 in'

85 4775 302 4846 gloriam
332 4791 485 4832 suam
516 4775 864 4837 intraturum,
889 4788 994 4844 qua
1036 4771 1249 4827 ratione
1278 4785 1337 4826 se
1362 4770 1659 4839 gloriantur

87 4868 197 4927 esse
223 4870 584 4935 Christianos,
611 4864 704 4939 qui
728 4865 884 4936 juxta
906 4865 1102 4921 virium
1128 4877 1350 4919 suarum
1381 4863 1656 4919 modulum

86 4976 253 5048 peque
300 4960 614 5034 Scripturas
641 4960 875 5031 qualiter
903 4958 972 5015 ad
1022 4956 1300 5013 Christum
1353 4957 1663 5028 pertineant

89 5052 428 5126 investigare,
472 5068 648 5126 neque
692 5052 759 5108 ad
806 5051 1055 5125 gloriam,
1099 5065 1264 5121 quam
1290 5063 1413 5106 cum
1442 5048 1660 5106 Christo

92 5145 281 5202 habere
306 5146 552 5218 cupiunt,
591 5159 690 5218 per
709 5145 991 5217 passiones
1015 5140 1423 5200 tribulationum
1451 5141 1654 5218 deside-

90 5216 531 5323 rantattingerc?
592 5216 609 5218 ⁷
718 5216 725 5217 ί
1635 5216 1644 5227 ’

618 5369 898 5463 neultra
924 5367 1158 5451 Lxxvt

558 5499 713 5538 sum
739 5498 952 5556 quaerit
979 5495 1214 5537 tuscum.

157 5589 331 5661 (10m.
356 5595 493 5667 χιι).
525 5612 544 5646 t
570 5594 628 5650 In
654 5594 746 5651 illo
772 5603 1048 5664 tempore:
1080 5591 1444 5647 Manifestavit
1469 5607 1527 5647 se
1551 5592 1653 5646 ite-

103 5697 123 5751 ς
147 5696 259 5739 rum
286 5683 443 5742 Jesus
468 5686 536 5742 ad
565 5701 713 5741 mare
746 5685 1066 5740 Tiberiadis.
1095 5682 1457 5738 Manifestavit
1482 5693 1660 5739 autem

106 5787 123 5850 ε
148 5775 256 5830 sic:
289 5777 455 5834 Erant
501 5778 656 5834 simul
707 5777 894 5833 Simon
930 5775 1124 5836 Petrus
1164 5784 1219 5831 et
1271 5775 1526 5842 Thomas,
1571 5774 1661 5845 qui

1766 4585 2005 4665 perfecte
2038 4591 2240 4645 habere
2272 4604 2379 4643 non
2424 4594 2697 4658 poterant,
2741 4584 2884 4639 sicut
2919 4581 3081 4636 modo
3118 4577 3339 4634 habent.

1766 4687 1900 4741 Tota
1923 4697 2052 4755 ergo
2078 4689 2233 4738 nocte
2259 4680 2393 4737 nihil
2424 4678 2837 4750 prendiderunt,
2857 4673 2983 4743 quia
3019 4671 3126 4725 nisi
3156 4669 3341 4726 Domi-

1764 4791 1866 4831 nus
1888 4770 2004 4849 su‘a'
2035 4771 2211 4849 gratia
2242 4784 2338 4826 cor
2379 4765 2737 4848 illustraverit
2781 4760 3065 4826 auditoris,
3095 4758 3251 4830 quasi
3286 4757 3343 4813 in
3414 4794 3419 4801 ι

1764 4873 1923 4937 nocte
1941 4843 2343 4919 laboratsermo
2365 4843 2623 4937 doctoris,
2646 4863 2786 4912 teste
2805 4852 3090 4931 Psalmista
3113 4850 3205 4922 qui
3230 4850 3341 4909 ait:

1769 4973 1791 5010 ι
1825 4936 1942 5011 Nisi
1968 4952 2229 5009 Dominus
2247 4936 2598 5007 aediﬁcaverit
2617 4947 2856 5027 domum,
2886 4942 2941 5001 in
2962 4957 3162 5011 vanum
3188 4941 3343 4999 labo-

1767 5052 1894 5102 rant
1926 5035 2021 5116 qui
2062 5042 2333 5099 aediﬁcant
2359 5054 2481 5096 eam
2508 5024 2685 5112 (Paul.
2720 5024 2891 5109 cxvr).
2922 5053 2944 5088 ι
2982 5032 3057 5092 Ut
3080 5041 3264 5091 autem
3287 5042 3346 5090 et

1765 5136 2018 5194 doctores
2061 5141 2213 5193 recte
2252 5132 2472 5199 docere,
2518 5139 2577 5211 et
2617 5129 2896 5186 auditores
2933 5126 3095 5199 digne
3130 5124 3352 5182 valeant

1758 5229 1979 5297 audire,
2024 5229 2170 5286 illius
2215 5214 2509 5300 ﬂagitantis
2549 5230 2638 5282 est
2683 5219 3080 5287 misericordia,
3125 5217 3191 5284 de
3237 5231 3348 5291 quo

1771 5322 2018 5379 subditur
2050 5338 2064 5375 :

1845 5432 1865 5466 ι
1906 5411 2063 5468 Mane
2106 5419 2286 5467 autem
2327 5409 2440 5480 jam
2470 5408 2631 5470 facto.
2665 5405 2818 5463 stetit
2858 5403 3017 5461 Jesus
3044 5402 3097 5457 in
3127 5401 3342 5463 littore;

1769 5526 1791 5560 α
1832 5522 1940 5561 non
1971 5513 2151 5559 tamen
2177 5511 2544 5575 cognoverunt
2580 5498 2825 5571 discipuli
2853 5497 2978 5568 quia
3005 5493 3161 5570 Jesus
3182 5499 3283 5545 est.
3318 5509 3339 5543 ι

1768 5596 1870 5654 Ubi
1909 5595 2049 5650 forte
2089 5602 2271 5650 movet
2311 5593 2566 5664 aliquem,
2609 5604 2778 5667 quare
2818 5587 3079 5663 Dominus
3105 5590 3227 5653 post
3256 5595 3342 5635 re-

1771 5686 2161 5745 surrectionem
2207 5685 2260 5741 in
2296 5684 2478 5742 littore
2516 5682 2688 5747 stetit,
2713 5695 2836 5743 cum
2880 5684 3004 5757 ante
3037 5670 3343 5757 passionem

1775 5792 1879 5834 non
1905 5776 2078 5833 solum
2108 5792 2291 5835 coram
2330 5774 2606 5855 discipulis
2635 5786 2797 5841 super
2820 5767 3012 5823 ﬂuctus
3042 5763 3206 5818 maris
3232 5776 3344 5823 am-
