3934 6346
586 297 696 355 475

1128 288 1133 293 ”
1219 282 1569 343 llAYMONlS
1607 274 2085 338 HALBERSTAT.
2126 271 2179 339 El

2285 266 2338 325 Β.
2374 264 2526 325 ΟΡΡ.
2565 265 2745 321 PARS
2780 264 2844 336 ll.
2885 296 2954 307 —
2988 263 3220 333 llOMlL.
3795 264 3859 321 ιῖέ

588 407 880 473 bulaverit,
910 405 1002 460 sed
1027 404 1188 459 etiam
1219 402 1402 467 Petro,
1431 415 1595 471 supra
1622 413 1773 453 mare
1803 405 1863 453 ut
1888 390 2164 451 ambulare
2197 388 2249 445 Α.
2268 390 2425 438 nocte
2463 380 2770 441 laborantes
2806 378 2940 435 nihil
2975 379 3267 473 cepissent,
3309 393 3438 473 mox
3491 377 3582 433 ad
3633 378 3758 448 eius
3782 380 3855 449 ius»

591 507 807 577 posset,
849 495 1060 553 dederit
1104 507 1343 549 manum.
1392 491 1476 547 Ad
1526 490 1671 561 quod
1718 488 2003 545 dicendum
2060 493 2165 557 est,

590 592 720 662 quia
763 605 871 644 non
924 590 1030 644 hoc
1080 586 1341 643 Dominus
1391 592 1612 655 propter
1656 581 2167 653 impossibilitatem,

589 679 686 739 sed
708 688 926 748 propter
953 677 1270 749 mysterium
1291 676 1437 731 fecit.
1464 674 1570 735 Per
1593 688 1747 729 mare
1774 687 1903 742 ergo
1930 672 2017 738 (ut
2031 670 2171 726 dixi-

592 771 738 842 mus)
772 770 1025 826 saaculum
1056 768 1413 840 signiﬁcatur.
1461 766 1719 836 Discipuli
1758 781 1888 836 ergo
1923 766 1977 819 in
2031 763 2170 819 mari

589 869 768 924 erant,
802 860 926 928 quia
954 858 1099 914 inter
1132 857 1328 913 ﬂuctus
1356 856 1538 912 saeculi
1570 853 1729 923 hujus
1752 855 1929 910 adhuc
1956 852 2170 908 labora-

591 951 742 1013 bant.
766 950 1027 1005 Dominus
1051 957 1231 1004 autem
1255 949 1310 1003 in
1333 948 1511 1002 littore
1539 947 1709 1011 stetit,
1740 946 1865 1015 quia
1892 946 1960 1001 ab
1982 959 2168 1002 eorum

589 1046 940 1116 corruptione
967 1053 1022 1100 et
1053 1043 1383 1099 mortalitate
1417 1042 1627 1097 alienus
1658 1049 1799 1096 erat.
1822 1039 1902 1097 Ae
1919 1040 1966 1094 si
1992 1038 2173 1094 verbis

592 1138 836 1193 diceret:
869 1135 990 1191 Jam
1014 1136 1168 1191 vobis
1198 1135 1250 1188 in
1281 1134 1417 1189 mari
1449 1148 1556 1187 non
1582 1146 1839 1201 appareo,
1879 1130 2005 1201 quia
2034 1130 2175 1185 inter

592 1227 785 1284 ﬂuctus
832 1226 1016 1282 saeculi
1049 1225 1328 1299 vobiscum
1368 1222 1730 1279 communiter
1772 1236 1881 1275 non
1923 1221 2066 1275 vivo.
2107 1220 2174 1275 Et

594 1318 701 1373 hoc
726 1325 811 1372 est
836 1317 978 1388 quod
1005 1315 1134 1372 alibi
1160 1315 1237 1369 ait
1266 1332 1280 1369 :
1316 1333 1335 1366 ‹
1377 1313 1505 1369 Huic
1525 1320 1652 1368 sunt
1676 1313 1842 1367 verba
1873 1328 1995 1382 quae
2022 1312 2173 1367 locu-

594 1416 686 1462 tus
712 1421 832 1461 sum
867 1406 936 1461 ad
977 1420 1097 1473 vos,
1121 1420 1249 1463 cum
1289 1404 1466 1460 adhuc
1502 1417 1680 1460 essem
1710 1402 1989 1465 vobiscum
2018 1402 2167 1475 (Luc.

595 1498 771 1569 xxnv).
809 1518 830 1551 ι

674 1607 696 1643 ι
740 1588 884 1644 Dicit
926 1603 1056 1660 ergo
1091 1588 1172 1645 eis
1217 1587 1414 1644 Jesus:
1447 1588 1633 1654 Pueri,
1666 1588 1906 1659 nunquid
1928 1586 2174 1660 pulmen~

605 1695 624 1730 ι
666 1676 865 1732 tarium
912 1678 1161 1735 habetis?
1206 1678 1622 1749 Responderunt
1659 1678 1757 1733 ei:
1800 1677 1942 1735 Non.
1993 1698 2013 1732 ι
2055 1676 2171 1733 Non

601 1766 856 1838 ignorans
883 1766 1146 1824 Dominus
1181 1745 1536 1839 interrogavit
1560 1766 1872 1838 discipulos,
1895 1768 1988 1824 sed
2016 1775 2077 1823 ut
2105 1782 2170 1823 ex

2285 1750 2566 1806 Dominum
2591 1747 2860 1804 dilexerit.
2889 1745 3025 1806 Nam
3049 1762 3173 1808 cum
3194 1746 3597 1817 sepas'surum
3625 1746 3821 1802 Hieran»

599 1858 870 1914 communi
899 1858 1172 1914 locutione
1194 1874 1348 1915 suam
1374 1860 1768 1914 demonstraret
1789 1859 2169 1931 cngnitionem.

598 1947 665 2023 Et
686 1947 905 2018 pulchre
932 1962 1059 2004 suos
1080 1948 1374 2019 discipulos
1400 1964 1596 2019 pueros
1616 1951 1845 2005 vocavit.
1868 1950 2010 2006 Puer
2029 1951 2173 2005 enim

597 2050 631 2090 a
663 2036 896 2105 puritate
940 2038 1117 2094 dictus
1138 2046 1239 2095 est.
1270 2038 1443 2095 Recte
1466 2048 1522 2095 et
1546 2040 1654 2096 hoc
1676 2055 1875 2095 nomen
1896 2040 2177 2111 discipulis

600 2127 870 2192 convenit,
894 2128 1020 2197 quia
1041 2127 1245 2198 absque
1270 2130 1395 2186 dolo
1414 2137 1470 2186 et
1490 2129 1856 2196 simulatione,
1886 2131 2177 2202 purissimo

601 2214 783 2270 cordis
812 2230 995 2272 amore
1040 2216 1268 2274 Domino
1292 2219 1665 2276 adbterebant.
1698 2219 1757 2275 ln
1785 2236 2017 2290 quorum
2046 2221 2177 2277 olim

601 2320 830 2376 persona
869 2320 967 2375 per
1004 2306 1195 2363 Isaiam
1243 2308 1444 2365 dictum
1477 2310 1655 2365 fuerat
1693 2329 1708 2365 :
1760 2330 1779 2364 ι
1829 2312 1968 2369 Ecce
1995 2327 2096 2383 ego
2124 2320 2179 2371 et

602 2393 754 2464 pueri
786 2394 917 2461 mei,
959 2410 1095 2466 quos
1133 2398 1281 2453 dedit
1321 2399 1454 2455 mihi
1494 2398 1754 2456 Dominus
1798 2400 1933 2472 (lea.
1973 2404 2115 2473 vni).
2154 2421 2173 2455 ι

605 2485 762 2542 Tales
787 2487 932 2542 enim
979 2490 1235 2559 parvulos
1262 2506 1453 2547 omnes
1489 2492 1773 2548 credentes
1797 2507 1916 2549 esse
1944 2493 2159 2550 volebat

605 2593 730 2643 cum
755 2579 884 2635 alibi
916 2580 1132 2636 dicebat
1165 2596 1180 2636 :
1214 2600 1233 2634 ι
1277 2582 1390 2637 Nisi
1420 2584 1666 2643 conversi
1696 2582 1932 2651 fueritis,
1975 2592 2032 2641 et
2067 2583 2156 2641 etIl

604 2668 826 2745 piamini
856 2671 993 2726 sicut
1019 2673 1249 2741 parvuli,
1274 2690 1380 2729 non
1398 2674 1670 2730 intrabitis
1690 2674 1744 2729 in
1772 2689 1996 2743 regnum
2017 2676 2156 2732 cmlo

606 2775 729 2836 rum
757 2758 973 2832 (Matth.
1006 2761 1182 2834 xvm).
1219 2783 1239 2816 ι
1280 2763 1349 2819 Et
1389 2764 1585 2819 iterum
1626 2782 1641 2818 :
1674 2782 1692 2816 ι
1731 2762 1904 2820 Sinite
1930 2765 2182 2834 parvulos

606 2849 792 2904 venire
832 2850 899 2904 ad
936 2863 1054 2920 me,
1089 2851 1278 2925 talium
1329 2862 1414 2911 est
1453 2853 1601 2921 enim
1651 2868 1880 2926 regnum
1919 2855 2180 2917 caelorum

608 2939 822 3013 (Matth.
849 2943 988 3011 x11).
1025 2962 1044 2995 ι

682 3048 702 3101 ¢_
748 3030 990 3087 Diciteis
1032 3031 1188 3101 ,lesus
1231 3051 1245 3089 :
1296 3034 1493 3092 Mittite
1546 3037 1601 3090 in
1646 3036 1927 3092 dexteram
1978 3039 2179 3112 navigii

611 3139 631 3173 ι
674 3100 809 3186 rete,
841 3130 897 3182 et
935 3122 1239 3180 invenietis.
1278 3144 1296 3177 ι
1325 3125 1419 3181 Bis
1440 3125 1494 3181 in
1520 3135 1708 3189 sancto
1736 3100 2180 3201 Evangeliolegi-
2209 3100 2254 3163 ε

605 3230 747 3280 mus,
776 3215 919 3285 quod
947 3215 1015 3272 ad
1044 3215 1256 3281 Domini
1289 3216 1587 3301 jussionem
1621 3220 1757 3275 retia
1782 3220 1964 3276 laxata
1990 3221 2098 3277 sint
2125 3221 2178 3276 in

605 3304 958 3375 piscationem
1011 3323 1026 3362 :
1076 3307 1313 3377 primum
1363 3316 1490 3365 ante
1538 3310 1842 3379 passionem
1874 3351 1889 3377 ,
1944 3319 2001 3367 et
2038 3327 2183 3367 nunc

605 3398 845 3452 secundo
904 3405 1025 3468 post
1086 3402 1562 3463 resurrectionem.
1626 3401 1744 3458 Hoc
1801 3410 1983 3458 tamen
2036 3403 2183 3459 inter

607 3496 896 3559 utramque
918 3491 1269 3559 piscationem
1292 3493 1475 3560 distat,
1500 3493 1625 3564 quia
1650 3494 1701 3548 in
1717 3494 1803 3549 illa
1820 3495 1986 3565 priori
2007 3496 2184 3566 pisea-

608 3577 753 3643 tione
780 3579 918 3633 retia
947 3579 1119 3636 laxari
1150 3580 1428 3651 iubentur,
1460 3583 1513 3637 in
1539 3598 1644 3652 qua
1679 3591 1860 3640 tamen
1890 3593 2042 3655 parte
2066 3585 2186 3639 mit-

607 3676 855 3722 terentur
882 3684 987 3723 non
1018 3671 1435 3736 demonstratur,
1462 3672 1514 3737 in
1551 3672 1651 3747 hac
1673 3682 1851 3729 autem
1876 3674 2186 3745 specialiter

609 3754 667 3817 in
691 3756 970 3812 dexteram
998 3760 1137 3814 mitti
1171 3761 1432 3830 iubentur
1464 3778 1478 3814 :
1510 3761 1563 3815 in
1594 3761 1682 3815 illa
1703 3777 1816 3831 pra:
1838 3762 2183 3824 multitudine

607 3845 841 3914 piscium
879 3857 993 3904 rete
1036 3851 1327 3920 rumpitur,
1371 3850 1425 3906 in
1461 3851 1566 3906 hac
1606 3860 1785 3908 autem
1820 3853 1974 3910 multi
2007 3855 2184 3925 pisces

612 3936 754 4006 capti
788 3946 931 4004 sunt,
972 3947 1028 3993 et
1073 3939 1207 3995 retia
1250 3948 1405 4011 rupta
1432 3956 1540 3996 non
1571 3951 1713 4011 sunt.
1753 3941 1909 3999 Unde
1964 3952 2188 4015 apparet

613 4028 739 4101 quia
765 4044 864 4099 per
900 4029 1045 4085 illam
1085 4031 1322 4102 priorem
1346 4032 1699 4103 piseationem
1728 4034 2065 4102 significatur
2085 4036 2184 4105 Ec-

613 4120 800 4188 clesia,
830 4123 1004 4193 qualis
1034 4132 1118 4179 est
1145 4124 1198 4179 in
1237 4125 1488 4195 praesenti
1509 4126 1623 4180 vita
1655 4143 1668 4179 :
1701 4141 1801 4197 per
1822 4126 1961 4193 hanc
1983 4137 2183 4195 autem,

611 4219 734 4288 post
773 4213 1222 4268 resurrectionem
1276 4214 1496 4281 factam,
1543 4214 1716 4286 qualis
1755 4216 1858 4271 erit
1890 4216 1945 4271 in
1983 4216 2184 4273 futuro.

611 4301 743 4365 Boni
778 4302 920 4357 enim
943 4303 1041 4359 soli
1067 4319 1335 4374 nusquam
1368 4315 1495 4360 sunt
1519 4306 1623 4361 nisi
1660 4306 1713 4361 in
1750 4307 1910 4373 coelo,
1934 4308 2063 4364 mali
2088 4309 2186 4363 soli

612 4407 875 4463 nusquam
901 4403 1026 4449 sunt
1058 4394 1160 4449 nisi
1184 4394 1240 4449 in
1269 4393 1501 4451 inferno.
1530 4396 1587 4451 ln
1619 4398 1871 4467 prtesenti
1910 4400 2053 4454 enim
2086 4400 2187 4456 Ec-

612 4483 774 4545 clesia
799 4484 1082 4555 utriusque
1110 4486 1280 4556 partis
1306 4486 1452 4541 cives
1477 4466 1844 4553 inveniuntur,
1878 4488 2002 4559 quia
2031 4490 2184 4545 multi
2220 4466 2266 4525 θ
2293 4496 2347 4563 in
2373 4466 2623 4550 ducentis
2651 4492 2849 4566 cubitis
2880 4490 3227 4548 centenarius
3254 4466 3521 4545 numerus
3551 4487 3798 4559 duplicatur.

610 4590 708 4646 per
735 4576 894 4633 (idem
924 4578 977 4641 in
1014 4578 1314 4645 Ecclesiam
1344 4579 1569 4656 intrant,
1599 4580 1689 4650 qui
1722 4596 1816 4651 per
1840 4581 1981 4636 bona
2019 4597 2184 4652 opera
2276 4585 2584 4659 ‘perfectam
2606 4598 2865 4657 numerus
2893 4583 2997 4639 iste
3017 4583 3343 4643 cltaritatem
3372 4580 3633 4645 insinuat,
3654 4590 3743 4647 qua:
3756 4586 3797 4625 ei

614 4662 681 4745 ad
706 4684 928 4738 regnum
953 4670 1215 4733 ctelorum
1244 4671 1554 4743 perventuri
1579 4687 1685 4739 non
1712 4680 1855 4736 sunt,
1890 4675 1957 4728 de
1991 4673 2187 4742 quibus

613 4772 710 4830 per
746 4755 1085 4827 l’salmistam
1134 4750 1331 4826 dicitur
1374 4779 1390 4817 :
1434 4780 1454 4820 ς
1501 4762 1830 4818 Annuntiavi
1878 4770 1932 4818 et
1976 4762 2188 4820 locutus

617 4834 735 4913 sum
766 4886 782 4911 ,
854 4848 1191 4919 multiplicati
1256 4858 1381 4911 sunt
1439 4867 1601 4924 super
1658 4868 1940 4909 numerum
2001 4852 2184 4927 (Paul.

618 4932 831 4999 χχχιχ).
884 4954 902 4986 ›
945 4934 1003 4989 ln
1042 4937 1145 4993 hac
1193 4954 1322 5011 ergo
1358 4941 1675 5009 piscatione,
1716 4957 1836 5012 qua:
1865 4950 1985 5014 post
2008 4957 2192 4998 resur—

621 5024 914 5083 rectionem
946 5024 1086 5081 facta
1130 5038 1233 5091 est.
1269 5031 1494 5087 decebat
1520 5040 1581 5096 ut
1609 5032 1708 5099 soli
1746 5034 1875 5089 boni
1898 5033 2074 5104 pisces
2096 5050 2190 5095 ea-

620 5127 893 5197 perentur,
934 5133 1033 5186 per
1083 5136 1218 5189 quos
1246 5122 1537 5180 electorum
1570 5142 1828 5183 numerus
1862 5128 2194 5199 significare-

624 5217 727 5268 tur.
761 5225 779 5258 ς
814 5202 1075 5263 Miserum
1105 5225 1233 5281 ergo
1266 5222 1401 5280 rete,
1428 5226 1483 5271 ct
1505 5215 1618 5285 jam
1652 5233 1760 5273 non
1786 5217 2037 5274 valebant
2063 5219 2192 5285 illud

622 5296 839 5363 trahere
864 5312 977 5368 pra:
1019 5299 1362 5359 multitudine
1403 5306 1649 5375 piscium.
1693 5327 1712 5360 ι
1744 5307 1897 5376 Quod
1921 5310 2194 5366 exteriora

592 5388 883 5453 .miracula
930 5389 1240 5448 interiorem
1286 5395 1440 5452 fidem
1481 5384 1795 5471 frequenter
1822 5402 2106 5468 instruant,
2142 5405 2196 5469 in

621 5480 875 5549 praesenti
930 5479 1051 5537 loco
1111 5483 1539 5558 demonstratur,
1597 5492 1813 5562 quando
1870 5493 2195 5559 Dominum,

623 5586 784 5650 quem
826 5585 894 5627 ex
927 5573 1131 5630 visione
1171 5586 1226 5632 et
1267 5580 1620 5639 collocatione
1658 5601 1765 5640 non
1807 5594 2193 5658 cognoverant,

623 5678 689 5735 ex
732 5674 953 5738 captura
1011 5668 1237 5755 piscium
1283 5685 1668 5746 cognoverunt.
1720 5676 1853 5733 Cum
1902 5694 2029 5751 ergo
2083 5687 2192 5739 tota

2270 474 2479 531 sionem
2524 482 2728 529 tantam
2771 472 3461 544 multitudinem-piscium
3498 486 3797 544 ceperunt,
3820 492 3851 532 I

2270 573 2385 631 rete
2418 566 2639 622 trahere
2663 580 2768 621 non
2795 564 3063 629 valerent.

2345 677 2364 711 ι
2409 657 2552 728 Dicit
2620 657 2711 723 ille
2766 656 3062 727 discipulus
3134 671 3298 728 quem
3367 657 3678 730 diligebat
3739 657 3848 717 ιδες

2275 767 2295 805 ί
2340 748 2504 805 Petro
2543 765 2558 802 :
2592 746 2856 804 Dominus
2891 754 2997 813 est.
3037 765 3057 799 ι
3096 745 3165 803 Et
3190 748 3320 817 quia
3346 748 3513 802 inter
3547 761 3751 803 omnes
3779 754 3845 804 vis-

2271 849 2415 896 tutes
2460 839 2742 912 virginalis
2783 839 3068 911 integritas
3100 839 3338 909 quodam
3385 839 3715 912 privilegio
3754 855 3845 909 pa»

2270 930 2436 997 cellit,
2464 929 3028 999 recteincorruptibile
3050 929 3262 985 Domini
3286 944 3509 1001 corpus
3539 929 3841 998 incompte;

2270 1021 2423 1092 virgo
2469 1020 2620 1095 prior
2662 1018 2993 1089 recognovit,
3039 1016 3277 1087 Joannes
3304 1020 3569 1084 scilicet,
3633 1020 3840 1090 enij

2272 1112 2376 1167 hoc
2404 1109 2778 1181 Evangelium.
2824 1108 2932 1165 Sed
2982 1124 3107 1165 cum
3159 1124 3353 1171 omnes
3395 1111 3711 1165 audissem
3748 1117 3835 1180 qui

2273 1199 2532 1256 Dominus
2554 1207 2657 1267 est,
2683 1200 2772 1270 qui
2803 1214 2926 1257 eum
2948 1215 3061 1270 pra:
3085 1200 3299 1258 caneris
3326 1202 3587 1264 amavit,
3622 1202 3764 1270 prior
3784 1220 3838 1257 re-

2275 1290 2393 1346 nire
2449 1289 2744 1356 festinavit.
2786 1290 2939 1347 Unde
2984 1290 3235 1345 subditur
3286 1307 3299 1345 :
3358 1310 3377 1342 ι
3440 1289 3654 1345 Simon
3695 1291 3834 1347 Petrus

2281 1400 2299 1435 ‹
2342 1398 2467 1440 cum
2519 1383 2760 1438 audisset
2803 1383 2930 1453 quia
2957 1382 3218 1438 Dominus
3242 1390 3349 1451 est,
3382 1384 3835 1438 tunica

2280 1492 2300 1527 α
2342 1489 2403 1530 se
2437 1493 2456 1527 ι
2491 1473 2798 1545 (erat'enim
2837 1473 3034 1545 nudus)
3069 1492 3088 1526 ι
3132 1481 3190 1528 et
3215 1473 3370 1541 misit
3395 1488 3462 1528 se
3509 1473 3577 1527 in
3624 1490 3772 1539 mare,
3796 1488 3827 1529 ὅ

2282 1582 2303 1618 ι
2346 1564 2595 1636 pervenit
2641 1564 2710 1619 ad
2757 1562 2962 1621 lesum.
3020 1583 3040 1617 ι
3085 1563 3144 1623 ln
3190 1563 3379 1622 multis
3422 1564 3583 1620 locis
3610 1565 3828 1634 ἓτεηῶ

2277 1658 2701 1723 demonstratur,
2738 1657 2883 1727 quod
2926 1672 3039 1727 pra:
3082 1656 3295 1712 caeteris
3342 1655 3643 1727 discipulis
3688 1655 3823 1712 Pete

2277 1840 2438 1914 lymis
2468 1840 2806 1911 przediceret,
2841 1839 3068 1895 dicens:
3101 1854 3121 1889 ι
3163 1836 3307 1893 Ecce
3352 1838 3706 1893 ascendimus
3733 1838 3820 1893 llic-

2277 1933 2626 2004 rosolymam,
2641 1938 2696 1985 et
2713 1930 2884 1989 Filius
2913 1929 3148 1985 hominis
3169 1928 3421 1984 tradetur
3442 1929 3509 1983 in
3532 1944 3711 1983 manus
3730 1945 3819 1999 pec-

2277 2034 2542 2090 catorum,
2570 2029 2627 2078 et
2653 2020 3090 2077 eondemnabunt
3112 2035 3236 2075 eum
3251 2028 3431 2076 morte
3470 2019 3682 2092 (Matth.
3705 2019 3813 2089 11).:

2276 2114 2474 2185 Petrus
2501 2111 2795 2187 assumpsit
2818 2125 2943 2166 eum
2971 2118 3201 2173 secreto,
3232 2118 3290 2166 et
3315 2111 3397 2164 ait
3432 2110 3521 2165 illi
3550 2126 3567 2164 :
3598 2128 3619 2162 ι
3644 2110 3764 2164 Absit
3785 2128 3810 2161 2

2278 2214 2333 2262 te
2359 2246 2374 2271 ,
2421 2203 2686 2269 Domine,
2748 2217 2856 2257 non
2906 2200 3002 2255 fiat
3041 2201 3185 2256 istud
3226 2198 3452 2271 (Matth.
3500 2202 3651 2271 xw),
3684 2218 3699 2249 ι
3726 2212 3809 2250 non

2279 2298 2424 2354 enim
2460 2296 2617 2352 decet
2656 2301 2714 2350 ut
2744 2294 2915 2359 Filius
2966 2292 3059 2348 Dei
3099 2299 3282 2364 gustet
3329 2299 3589 2347 mortem.
3639 2290 3699 2345 Et
3723 2304 3802 2344 ω

2278 2388 2516 2461 ejusdem
2546 2386 2815 2457 passionis
2837 2383 3068 2441 articulo
3088 2384 3410 2440 imminente
3430 2383 3687 2439 Dominus
3702 2382 3801 2435 dier-

2281 2488 2407 2535 ret:
2445 2496 2464 2531 ι
2501 2477 2703 2534 Omnes
2750 2492 2849 2533 vos
2890 2475 3215 2533 scandalum
3258 2475 3535 2545 patiemini
3573 2475 3629 2529 in
3670 2489 3742 2528 me
3773 2474 3809 2526 ‘n

2280 2571 2384 2635 ista
2413 2578 2594 2635 nocte,
2645 2587 2667 2623 ι
2720 2568 2810 2623 ille
2854 2582 2970 2639 pra:
3008 2566 3356 2622 multitudine
3402 2567 3599 2622 amoris
3620 2565 3815 2620 conﬁsus

2279 2662 2497 2719 dicebat
2526 2679 2539 2717 :
2575 2678 2594 2712 ι
2630 2660 2745 2729 Etsi
2763 2674 2952 2715 omnes
2973 2658 3330 2724 seandalizau’
3352 2656 3539 2713 fuerint
3563 2657 3620 2711 in
3646 2665 3719 2723 te,
3742 2672 3817 2726 ego
3878 2651 3884 2729 1

2280 2772 2560 2828 nunquam
2608 2754 3040 2813 scandalizabor.
3085 2772 3106 2811 ι
3138 2753 3377 2823 Cumque
3418 2752 3664 2808 Dominus
3689 2750 3821 2819 quod

2282 2847 2523 2906 futurum
2569 2855 2691 2902 erat
2718 2853 3159 2917 prosequeretur,
3205 2844 3393 2901 dicens
3426 2861 3442 2897 :
3471 2862 3488 2894 ι
3522 2842 3689 2896 Amen
3719 2838 3816 2893 dico

2284 2937 2404 3005 tibi,
2433 2945 2725 3008 antequam
2762 2935 2936 3007 gallus
2969 2942 3177 3001 cantet,
3208 2942 3293 2990 ter
3332 2947 3420 2989 me
3443 2932 3676 3004 negabis,
3708 2948 3726 2981 ι
3747 2929 3811 2983 ille

2284 3029 2727 3086 contradicebat:
2763 3047 2782 3081 ι
2835 3028 2952 3083 Etsi
2997 3029 3311 3100 oportuerit
3355 3041 3443 3082 me
3470 3025 3605 3080 mori
3654 3033 3802 3087 tecma.

2284 3135 2391 3177 non
2425 3129 2478 3177 te
2506 3121 2715 3192 negabo
2741 3119 2956 3193 (Matth.
2986 3119 3158 3192 xxvi).
3202 3138 3222 3171 ι
3255 3118 3324 3175 Et
3348 3119 3485 3173 utin
3508 3118 3612 3173 hae
3634 3116 3806 3171 lectione

2284 3210 2535 3275 refertur,
2564 3227 2688 3266 eum
2732 3211 3023 3267 Dominum
3046 3219 3281 3273 stantem
3316 3212 3373 3265 in
3412 3210 3593 3265 littore
3621 3208 3798 3265 vidisset.
3878 3208 3884 3301 δ

2285 3303 2465 3358 tunica
2506 3303 2777 3359 succinxit
2814 3318 2893 3369 se,
2930 3311 2987 3359 et
3025 3303 3174 3358 misit
3207 3318 3267 3358 se
3313 3303 3369 3357 in
3399 3316 3571 3357 mare.
3604 3299 3799 3370 Spiritu:-

2284 3391 2410 3456 liter
2432 3408 2562 3448 vero
2591 3394 2697 3457 hoc
2724 3393 2907 3449 dicere
2939 3408 3248 3463 possumus,
3277 3392 3408 3464 quia
3440 3402 3705 3464 postqum
3720 3404 3796 3443 sua
3878 3391 3884 3464 λ

2284 3485 2646 3548 resurrexisse
2671 3485 2943 3557 cognovit,
2974 3486 3154 3541 tunica
3178 3484 3303 3541 fidei
3334 3484 3420 3541 vel
3443 3486 3656 3545 amoris,
3673 3480 3796 3552 quain

2283 3578 2531 3648 negando
2559 3592 2618 3634 se
2643 3578 2965 3646 nudaverat,
2987 3578 3249 3643 reinduit,
3278 3585 3336 3633 et
3362 3578 3515 3633 misit
3539 3593 3599 3633 se
3619 3577 3665 3630 in
3684 3587 3796 3635 tum

2285 3666 2339 3735 id
2360 3674 2443 3733 est
2472 3667 2617 3723 inter
2657 3674 2928 3723 tumentes
2953 3668 3136 3723 mundi
3183 3674 3488 3741 potestates
3522 3667 3636 3739 ejus
3660 3675 3793 3719 mea

2283 3759 2569 3828 praedicari
2597 3759 2784 3829 cmpit,
2818 3774 2979 3829 quem
3009 3759 3078 3815 ad
3106 3759 3267 3820 unius
3295 3758 3551 3817 mulieris
3575 3771 3729 3812 vocem
3746 3763 3796 3805 ter

2284 3852 2435 3922 prius
2455 3851 2689 3923 negavit.
2713 3850 2805 3907 Ait
2828 3851 2976 3906 enim
3002 3869 3016 3906 :
3051 3870 3071 3903 ‹
3104 3849 3342 3908 Obedire
3367 3858 3593 3922 oportet
3616 3849 3709 3903 Deo
3725 3860 3796 3899 na-
3882 3872 3883 3883 ι

2284 3942 2366 4013 gis
2390 3958 2552 4014 quam
2576 3940 2887 3999 hominibus
2913 3942 3054 4015 (Act.
3076 3942 3160 4014 v).
3204 3960 3226 3997 ι
3882 3938 3883 4015 γ

2313 4019 2316 4024 ’
2362 4052 2381 4095 t
2429 4033 2535 4089 Alii
2563 4040 2745 4090 autem
2779 4033 3028 4104 discipuli
3056 4031 3282 4104 navigio
3300 4041 3595 4096 venerunt,
3624 4049 3640 4083 ι
3665 4027 3707 4083 id
3726 4033 3794 4085 est.

2288 4129 2477 4195 eadem
2503 4129 2611 4185 fide
2638 4129 2726 4187 vel
2753 4144 2941 4184 amore
2961 4127 3272 4198 ﬂagrantes,
3298 4142 3403 4197 qua
3435 4126 3635 4181 Petrus
3649 4129 3799 4193 aptato-

2287 4224 2373 4280 lus
2412 4239 2675 4279 accensus
2723 4229 2865 4287 erat,
2913 4222 3084 4277 secuti
3127 4228 3274 4276 sunt.
3308 4219 3464 4274 Unde
3492 4228 3557 4274 et
3582 4220 3699 4274 bene
3714 4212 3798 4265 dita

2290 4323 2376 4370 tur
2417 4327 2433 4367 :
2476 4331 2494 4365 ι
2549 4312 2669 4367 Non
2709 4310 2855 4380 enim
2903 4309 3066 4381 longe
3102 4316 3259 4365 erant
3299 4323 3331 4363 a
3369 4316 3548 4373 terra,
3594 4298 3797 4371 sedqwi

2295 4423 2313 4458 ‹
2354 4403 2552 4469 cubitis
2589 4402 2861 4467 ducentis,
2900 4401 3180 4457 trahentes
3224 4407 3341 4455 rete
3384 4399 3638 4469 piscium.
3673 4389 3796 4458 »0³⁸

2294 4668 2580 4731 dilectione
2601 4674 2695 4729 Dei
2721 4681 2778 4729 et
2806 4672 3038 4745 proximi
3064 4680 3296 4729 constat.
3329 4671 3430 4739 Qui
3457 4672 3612 4726 enim
3634 4665 3801 4740 perferte

2294 4764 2461 4820 Deum
2483 4772 2539 4820 et
2559 4764 2866 4837 proximum
2903 4762 3098 4833 diligit,
3123 4777 3231 4836 non
3253 4762 3410 4834 longe
3435 4770 3525 4817 est
3550 4777 3585 4816 a
3617 4770 3732 4814 terra
3751 4750 3799 4805 ti-
3882 4796 3883 4835 ξ

2293 4857 2556 4914 ventium.

2371 4967 2390 5001 ‹
2435 4947 2508 5005 Ut
2531 4956 2712 5005 autem
2742 4947 3108 5010 ascenderunt
3137 4946 3192 5000 in
3218 4952 3441 5011 terram,
3469 4946 3801 5009 videruntprr

2300 5059 2318 5095 ι
2362 5054 2460 5095 nas
2484 5038 2686 5109 positas
2710 5046 2765 5091 et
2800 5038 3006 5109 piscem
3045 5036 3468 5109 superpositum,
3503 5046 3567 5091 et
3588 5042 3799 5107 panem!

2294 5129 2399 5186 Ubi
2427 5129 2493 5184 ad
2524 5128 2762 5184 litteram
2816 5127 2972 5197 quasi
3021 5142 3218 5182 sonare
3258 5128 3491 5191 videtur,
3529 5123 3668 5198 quod
3692 5115 3805 5192 Ρέεάε

2294 5230 2346 5275 et
2396 5219 2553 5290 panis
2597 5218 2787 5288 prunis
2830 5218 3204 5288 superpositus
3231 5227 3398 5287 esset.
3440 5217 3552 5272 Sed
3584 5210 3803 5272 sciendum

2297 5319 2379 5365 est
2406 5308 2531 5378 quia
2559 5307 2647 5377 ille
2669 5308 2763 5381 qui
2791 5308 3134 5363 necessarius
3177 5316 3316 5373 erat,
3346 5308 3402 5362 id
3426 5317 3511 5363 est
3534 5306 3703 5378 piscis,
3721 5310 3807 5370 pru-

2299 5400 2383 5454 nis
2424 5405 2543 5453 erat
2587 5396 2978 5468 superpositus,
3028 5397 3187 5467 panis
3221 5411 3353 5452 vero
3382 5402 3628 5453 Scorsum
3654 5389 3803 5463 ροθίωε

2298 5497 2434 5546 erat.
2459 5486 2765 5543 Notandum
2793 5488 2960 5543 etiam
2988 5490 3135 5558 quod
3162 5489 3278 5559 ipsa
3304 5488 3541 5558 qualitas
3570 5488 3769 5543 ciborum
3786 5489 3807 5525 ι

2298 5579 2555 5651 mysterio
2604 5594 2712 5634 non
2760 5587 2938 5642 vacat.
2990 5578 3123 5634 Nam
3169 5580 3313 5635 sicut
3359 5580 3413 5635 in
3464 5580 3570 5634 alia
3596 5565 3803 5640 Evangelii

2297 5674 2526 5732 lectione
2554 5673 2804 5745 legimus,
2827 5688 2949 5730 cum
2979 5675 3130 5745 pisce
3152 5689 3276 5731 a=so
3297 5674 3481 5732 favum
3507 5671 3671 5735 mellis
