3934 6346
70 354 152 413 77
1305 345 1608 403 HOMILIJZ

1784 345 2131 402 TEMPORE.
3206 349 3310 422 na

31 466 158 538 puli
197 463 440 521 Domino
467 459 780 517 obtulerunt
808 499 824 512 .
854 459 946 515 hic
973 467 1176 526 autem,
1215 459 1372 529 panis
1396 466 1450 514 et
1470 459 1634 529 piscis
1662 468 1709 523 Α
1738 458 1846 514 lum
1867 460 1985 530 ejus
2011 461 2265 531 dignatus
2294 465 2379 514 est
2403 472 2683 529 apparere,
2719 458 2812 515 sed
2838 459 3002 515 etiam
3031 474 3213 518 coram
3235 465 3315 519 eis

32 564 399 611 memoratur
420 553 606 608 fuisse.
634 551 749 622 Ipse
770 551 912 606 enim
937 552 1089 621 quasi
1115 552 1279 620 piscis
1311 559 1524 606 assatus
1550 559 1633 605 est
1738 552 2039 619 comedere.
2076 551 2226 607 Unde
2252 559 2305 606 et
2328 549 2611 605 subditur:

33 657 317 716 tempore
363 643 652 714 passionis,
685 643 779 697 sed
827 642 1164 698 dulcedinem
1205 643 1361 713 panis
1389 642 1635 697 exhibuit
1812 662 1833 705 ς
1867 644 2006 699 Dicit
2028 644 2107 699 eis
2135 642 2330 697 Jesus:
2367 642 2576 708 Venite,
2619 643 2895 713 prandete.
2935 663 2952 697 ι
2998 644 3065 699 Ει
3091 646 3317 716 pulchre

34 746 306 805 tempore
333 733 763 799 resurrectionis,
790 734 880 802 qui
910 734 975 788 de
1002 734 1180 803 seipse
1202 735 1279 788 ait
1301 734 1482 805 (Joan.
1514 733 1589 802 vi)
1617 751 1631 788 :
1737 734 1983 804 ultimum
2011 734 2313 805 convivium
2349 748 2469 788 cum
2499 743 2703 803 septem
2731 735 3009 805 discipulis
3034 736 3200 790 voluit
3227 751 3315 792 ce-

39 844 59 899 ᾳ
99 824 230 893 Ego
260 838 382 879 sum
417 822 573 892 panis
607 823 777 886 vivus,
805 824 898 891 qui
923 823 989 879 de
1031 824 1167 879 crelo
1195 825 1469 879 descendi.
1517 843 1535 877 ι
1570 824 1636 878 Et
1736 810 1964 888 lebrare,
2004 824 2128 900 quia
2156 824 2228 877 illi
2268 832 2388 894 post
2412 824 2716 879 universale
2740 825 3000 895 judicium
3044 840 3165 880 cum
3211 826 3316 881 Do-

35 913 259 967 iterum
291 929 306 966 :
342 930 361 963 ‹
398 910 560 967 Panis
588 924 748 981 quem
772 926 874 982 ego
894 912 1111 979 dedero,
1134 928 1263 968 caro
1283 929 1403 967 mea
1433 921 1517 969 est
1535 928 1633 983 pro
1738 916 1884 969 mino
1926 924 2187 970 aeternum
2223 914 2526 975 convivium
2574 914 2897 979 celebraturi
2937 924 3084 981 sunt,
3129 916 3220 985 qui
3260 913 3320 972 in

35 990 243 1067 saeculi
286 1005 418 1076 vita.
455 1023 475 1057 ι
1735 1006 1985 1075 prmsenti
2041 1006 2240 1062 saeculo
2286 1005 2584 1081 septiformi
2634 1006 2805 1081 gratia
2863 1005 3099 1076 Spiritus
3143 1003 3317 1060 sancti

114 1115 138 1148 ι
187 1084 351 1165 Dicit
373 1096 452 1152 eis
476 1094 634 1152 Jesus
664 1114 677 1149 :
704 1095 905 1151 Aﬂ‘erle
947 1096 1015 1152 de
1056 1096 1292 1168 piscibus
1319 1112 1453 1167 quos
1480 1111 1614 1167 pren
1736 1096 1925 1165 repleti
1955 1095 2175 1150 fuerint.
2212 1092 2365 1165 Quod
2394 1111 2522 1151 vero
2559 1095 2843 1166 subditur:
2880 1114 2899 1146 ‹
2936 1095 3005 1149 Ει
3029 1110 3189 1150 nemo
3217 1108 3316 1149 au-

42 1208 63 1253 ς
106 1188 346 1245 didistis
386 1204 550 1265 nunc.
587 1188 850 1244 Ascendit
896 1197 1074 1244 autem
1116 1190 1301 1245 Simon
1346 1190 1559 1253 Petrus,
1581 1198 1633 1245 et
1741 1209 1760 1242 ι
1799 1192 1960 1245 debat
2012 1189 2464 1244 discumbentium
2519 1203 2640 1242 eum
2688 1188 3041 1261 interrogare,
3074 1187 3153 1247 Tu
3195 1187 3318 1256 quis

43 1300 65 1334 ι
111 1281 303 1349 traxit
351 1289 468 1351 rete
504 1281 573 1354 in
626 1290 849 1345 terram,
887 1280 1104 1350 plenum
1148 1282 1357 1353 magnis
1399 1279 1635 1351 piscibus
1742 1304 1761 1336 ‹
1788 1286 1884 1340 es?
1912 1284 2144 1340 scientes
2172 1284 2296 1354 quia
2333 1283 2586 1338 Dominus
2613 1291 2713 1340 est.
2753 1302 2771 1335 ι
2805 1281 2935 1337 Tale
2961 1290 3046 1335 est
3076 1296 3140 1336 ac
3168 1281 3211 1336 si
3237 1276 3319 1334 di-

43 1392 66 1425 ι
114 1381 357 1428 centum
384 1358 771 1443 quinquaginta
800 1372 993 1428 tribus.
1021 1373 1085 1428 Et
1114 1388 1238 1429 cum
1267 1374 1399 1427 tanti
1431 1381 1632 1438 essent,
1736 1386 1884 1432 ceret
1926 1395 1939 1431 :
1991 1376 2162 1432 Nemo
2196 1377 2558 1446 praesumebat
2604 1374 2725 1444 quis
2767 1383 2911 1435 esset
2956 1372 3314 1445 interrogare,

43 1484 63 1516 ι
112 1479 237 1519 non
266 1473 355 1519 est
382 1465 612 1526 scissum
645 1474 778 1519 rete.
802 1451 825 1516 ”›
856 1464 1196 1537 Manifestum
1219 1474 1320 1531 est,
1353 1480 1454 1520 nec
1472 1479 1609 1535 expo
1735 1468 1859 1536 quia
1899 1468 2041 1538 quod
2085 1468 2198 1537 ipse
2225 1465 2473 1521 Christus
2515 1474 2680 1532 esset,
2712 1480 2871 1520 nemo
2916 1472 3127 1534 poterat
3165 1464 3320 1518 dubi-

42 1552 262 1608 sitione
292 1553 517 1624 indiget,
544 1554 675 1624 quid
713 1554 950 1624 sitquod
989 1554 1183 1609 Petrus
1216 1556 1364 1625 prior
1383 1553 1635 1611 omnibus
1738 1565 1874 1610 tare.
1920 1556 2241 1611 Tam-enim
2279 1554 2566 1610 manifesta
2617 1564 2673 1610 et
2724 1554 2980 1625 praeclara
3032 1561 3151 1609 erat
3203 1554 3321 1624 ejus

40 1652 165 1707 rete
202 1660 335 1699 cum
379 1645 620 1714 piscibus
650 1645 814 1717 traxit
840 1646 891 1702 in
941 1655 1161 1709 terram.
1200 1646 1303 1716 Ipsi
1332 1646 1475 1700 enim
1517 1660 1636 1716 spe-
1735 1649 1990 1719 cognitio,
2024 1657 2082 1702 ut
2100 1648 2349 1704 omnibus
2375 1663 2433 1702 se
2456 1647 2761 1702 videntibus
2787 1646 3129 1701 manifestum
3176 1653 3321 1700 esset

40 1736 275 1791 cialiter
297 1737 539 1792 Ecclesia
585 1738 960 1795 commendata
998 1746 1101 1805 est,
1128 1738 1201 1791 illi
1230 1738 1426 1809 ligandi
1449 1746 1503 1792 et
1530 1737 1636 1793 sol-
1669 1807 1693 1809 Α
1737 1740 1859 1808 quis
1888 1748 2031 1793 esset
2058 1756 2071 1792 :
2101 1748 2156 1792 et
2206 1739 2327 1792 ideo
2357 1736 2688 1808 superﬂuum
2719 1744 2855 1801 erat,
2899 1735 3021 1805 quis
3062 1743 3205 1790 esset
3239 1734 3325 1793 in.-

38 1829 216 1884 vendi
247 1829 376 1884 data
397 1838 482 1887 est
511 1838 770 1900 potestas,
794 1832 1010 1901 quando
1037 1818 1138 1885 eia
1169 1807 1398 1885 Domino
1431 1831 1633 1885 dictum
1668 1807 1713 1866 Β
1743 1807 2038 1900 terrogare,
2075 1830 2140 1883 de
2160 1826 2312 1896 cujus
2350 1807 2654 1896 cognitione
2683 1841 2840 1882 nemo
2867 1826 3320 1895 discumbentium

40 1926 130 1972 est
177 1937 194 1973 :
243 1939 265 1969 ι
307 1920 385 1973 Tu
415 1936 476 1976 es
514 1920 727 1985 Petrus,
766 1929 822 1975 et
866 1935 1028 1990 super
1056 1922 1197 1975 hanc
1232 1930 1440 1990 petram
1468 1919 1638 1974 :edific
1740 1928 1953 1990 poterat
1991 1919 2258 1974 dubitare.

38 2011 187 2065 cabo
214 2011 517 2067 Ecclesiam
548 2027 748 2076 meam,
773 2021 829 2065 et
854 2021 1022 2080 porta:
1067 2010 1223 2065 inferi
1250 2026 1352 2077 non
1375 2008 1623 2080 praevale-
1818 2027 1837 2058 ι
1874 2008 1939 2062 Ει
1963 2009 2106 2063 venit
2134 2006 2290 2063 Jesus
2317 2015 2370 2061 et
2397 2006 2605 2076 accepit
2624 2021 2842 2077 panem,
2874 2016 2929 2061 et
2952 2006 3112 2060 dabat
3142 2006 3241 2069 eis,
3269 2012 3325 2060 et

38 2099 183 2154 bunt
214 2102 481 2156 adversus
509 2117 651 2156 eam.
703 2102 769 2156 Et
799 2102 894 2155 tibi
924 2102 1063 2156 dabo
1094 2102 1272 2158 claves
1298 2101 1445 2171 regni
1473 2100 1639 2161 ccelo-
1746 2116 1765 2149 ι
1801 2098 2004 2168 piscem
2042 2098 2310 2151 similiter.
2347 2116 2366 2149 ι
2402 2095 2559 2150 Dedit
2605 2111 2734 2165 ergo
2764 2096 3024 2151 Dominus
3047 2094 3324 2165 discipulis

40 2205 197 2244 rum.
245 2192 317 2246 Et
354 2193 713 2262 quodcunque
760 2192 1012 2263 ligaveris
1056 2207 1220 2262 super
1273 2201 1496 2257 terram,
1534 2192 1640 2249 erit
1739 2188 1964 2256 piscem,
1996 2188 2123 2257 quia
2146 2201 2298 2241 suam
2325 2186 2630 2255 passionem
2659 2185 2971 2239 imitandam
3002 2200 3121 2239 esse
3137 2195 3324 2239 osten-

38 2276 292 2348 ligatutn
316 2289 371 2333 et
410 2281 463 2334 in
490 2281 644 2335 ccelis
676 2297 690 2333 :
723 2288 777 2335 et
831 2282 1190 2349 quodcunque
1225 2280 1450 2337 solveris
1478 2294 1641 2348 super
1741 2279 1838 2333 dit.
1879 2278 2037 2333 Dedit
2064 2287 2118 2332 et
2155 2292 2277 2331 cum
2320 2277 2466 2347 pisce
2491 2290 2705 2346 panem,
2752 2276 2877 2345 quia
2912 2284 3032 2345 post
3079 2277 3317 2330 toleran-

43 2380 293 2434 terram,
319 2370 426 2425 erit
453 2371 686 2426 solutum
710 2379 763 2423 et
793 2371 846 2425 in
871 2372 1025 2427 caelis
1051 2370 1267 2441 (Matth.
1290 2372 1425 2440 xvn).
1457 2388 1475 2421 ι
1502 2368 1640 2441 Nam
1742 2368 1874 2447 tiam
1914 2367 2179 2437 passionis
2220 2366 2413 2436 gaudia
2444 2365 2753 2436 repromisit
2793 2374 3007 2420 aeterna:
3037 2366 3323 2420 satietatis.

41 2464 98 2510 et
146 2467 290 2524 post
330 2457 785 2511 resurrectionem
828 2456 877 2511 ei
921 2471 951 2511 a
998 2456 1225 2511 Domino
1267 2457 1472 2510 dictum
1517 2463 1639 2514 est:

51 2565 69 2598 ι
107 2544 314 2600 Simon
345 2545 590 2610 Joannis,
643 2547 820 2616 diligis
862 2561 949 2602 me
974 2546 1094 2617 plus
1142 2546 1260 2601 his?
1303 2545 1474 2601 Pasce
1514 2559 1644 2600 oves

47 2649 205 2689 tneas
236 2633 423 2705 (Joan.
473 2635 610 2704 xxi).
646 2654 666 2687 ι
710 2635 819 2690 Sed
863 2630 995 2689 illud
1024 2634 1255 2689 sollicite
1290 2634 1641 2689 consideran-

56 2727 184 2780 dum
251 2735 380 2791 est,
439 2725 567 2794 quia
621 2739 965 2794 nequaquam
1010 2724 1347 2794 evangelista
1398 2724 1639 2792 ipsorum

56 2817 296 2885 piscium
348 2831 635 2870 numerum
688 2823 796 2869 tam
826 2814 1058 2870 sollicite
1098 2815 1478 2885 expressisset,
1508 2813 1551 2867 si
1586 2812 1642 2867 in

58 2908 177 2977 ipso
205 2923 435 2963 numero
459 2908 776 2979 mysterium
795 2907 1031 2964 defuisse
1052 2908 1320 2963 crederet.
1342 2908 1435 2962 Ait
1453 2906 1597 2962 enim
1624 2925 1637 2962 :

68 3016 86 3049 ι
120 2998 385 3054 Ascendit
431 2998 618 3053 Simon
659 2999 869 3066 Petrus,
898 3007 953 3055 et
981 3001 1149 3054 traxit
1183 3008 1300 3054 rete
1325 2998 1381 3052 in
1411 3006 1641 3063 terram,

62 3088 282 3157 plenum
331 3090 541 3158 magnis
570 3089 811 3161 piscibus
851 3078 1068 3146 eeutum
1120 3089 1513 3160 quinquaginta
1545 3089 1643 3144 tri-

1745 2455 1898 2523 Quod
1924 2471 2048 2510 vero
2078 2456 2314 2510 dicitur:

1824 2566 1840 2600 ι
1878 2547 1990 2623 Hoc
2019 2548 2129 2617 jam
2153 2547 2311 2602 tertio
2341 2544 2716 2602 manifestatus
2741 2554 2825 2601 est
2864 2544 3024 2600 Jesus
3048 2543 3326 2615 discipulis

1751 2658 1770 2692 ι
1805 2624 1954 2696 suis:
1995 2655 2116 2718 cum
2157 2639 2542 2694 resurrexisset
2579 2654 2610 2694 a
2638 2639 2889 2695 mortuis.
2929 2657 2948 2690 ι
2983 2637 3099 2693 Νοιι
3124 2639 3190 2694 ad
3220 2655 3323 2692 nn-

1745 2746 1953 2786 merum
1997 2730 2413 2800 apparitionum,
2446 2730 2539 2783 sed
2568 2730 2748 2800 potius
2791 2731 2858 2783 ad
2902 2730 3111 2784 dierum
3152 2731 3325 2800 perti-

1744 2829 1856 2875 net.
1883 2819 2017 2874 Nam
2046 2820 2220 2890 primo
2250 2820 2336 2874 die
2360 2833 2468 2893 quo
2490 2820 2786 2875 resurrexit
2811 2834 2842 2874 a
2869 2821 3125 2885 mortuis,
3160 2820 3321 2889 quiu~

1744 2914 1898 2983 quies
1925 2914 1993 2968 ab
2019 2912 2325 2967 hominibus
2348 2908 2496 2966 visus
2513 2919 2615 2966 est.
2646 2912 2841 2967 lterum
2866 2921 3045 2967 autem
3075 2912 3178 2965 alia
3213 2912 3321 2977 die,

1746 3003 1961 3077 quando
1982 3010 2103 3073 post
2123 3004 2238 3058 dies
2264 3011 2389 3065 octo
2413 3003 2661 3077 apparuit
2677 3003 2952 3072 discipulis
2978 3004 3032 3057 in
3059 3002 3322 3067 conclavi,

1748 3084 1836 3147 ubi
1866 3100 1986 3147 erat
2013 3091 2269 3158 Thomas.
2297 3093 2481 3149 Tertio
2506 3108 2637 3149 vero
2663 3090 2879 3164 quando
2901 3093 3236 3163 piscantibus
3259 3094 3327 3151 ad

65 3177 193 3233 bus.
227 3198 249 3230 ι
274 3179 540 3235 Numerus
587 3180 689 3235 iste
732 3180 801 3235 ab
843 3196 951 3237 uno
998 3181 1207 3258 incipit,
1257 3182 1353 3237 sed
1383 3196 1553 3251 usque
1574 3180 1640 3234 ad
1667 3181 1715 3253 Ο
1748 3199 1898 3240 mare
1925 3181 2247 3251 Tiberiadis,
2272 3184 2499 3254 septima
2526 3185 2644 3249 vice
2670 3184 2921 3257 apparuit
2951 3183 3251 3255 discipulis.

72 3269 264 3323 decem
291 3281 342 3323 et
386 3280 589 3342 septem
617 3274 918 3328 crescendo
958 3272 1368 3342 multiplicatur.
1413 3271 1471 3327 Si
1497 3271 1643 3326 enim

79 3361 267 3415 decem
310 3372 363 3417 et
402 3374 602 3435 septem
655 3375 739 3422 ter
777 3365 1016 3431 duxeris,
1049 3365 1440 3436 quinquaginta
1474 3379 1642 3425 unum

76 3451 336 3519 invenies.
365 3457 577 3523 lterum,
601 3459 645 3514 si
667 3458 1056 3529 quinquaginta
1084 3473 1250 3513 unum
1279 3466 1364 3511 ter
1385 3456 1643 3526 multipli-

76 3545 305 3611 caveris,
348 3556 562 3603 centum
606 3547 997 3618 quinquaginta
1024 3546 1126 3602 tria
1163 3547 1424 3602 invenies.
1452 3547 1645 3602 Decem

75 3651 205 3691 vero
248 3639 313 3692 ad
345 3639 658 3712 decalogum
687 3639 824 3708 legis
863 3654 1148 3695 numerum
1176 3640 1472 3709 pertinent,
1518 3640 1644 3710 quia

75 3729 257 3784 decem
300 3741 568 3807 prmcepta
608 3733 772 3803 Moysi
820 3732 947 3787 data
977 3741 1120 3786 sunt.
1170 3730 1389 3801 Septem
1413 3746 1543 3787 vero
1577 3731 1646 3786 ad

74 3820 401 3888 spiritualem
423 3824 653 3894 gratiam
675 3822 809 3877 Novi
825 3822 1176 3887 Testamenti,
1207 3829 1426 3893 propter
1442 3830 1645 3892 septem

75 3906 209 3981 dona
240 3910 476 3981 Spiritus
504 3913 700 3978 sancti,
723 3911 809 3967 vel
844 3920 1066 3982 propter
1095 3911 1256 3967 fidem
1291 3919 1494 3968 sancta:
1527 3910 1646 3966 Tri-

80 4000 278 4069 nitatis,
305 4012 362 4058 et
399 4003 703 4059 doctrinam
734 4013 968 4074 quatuor
1001 4003 1437 4076 Evangeliorum.
1470 4003 1645 4072 Quin-

80 4096 418 4163 quagesimus
469 4103 651 4151 autem
698 4111 957 4151 numerus
999 4095 1067 4150 ad
1114 4096 1355 4166 requiem
1387 4096 1642 4172 pertinet,

82 4172 197 4252 quia
221 4187 703 4258 quinquagesimus
744 4202 918 4242 annus
958 4184 1230 4254 jubilazus,
1262 4187 1316 4243 id
1356 4194 1443 4242 est
1473 4200 1646 4242 annus

84 4278 407 4335 remissionis
448 4287 532 4335 est
559 4279 756 4334 dictus.
790 4277 926 4353 Quia
968 4293 1100 4351 ergo
1146 4278 1221 4333 illi
1247 4278 1317 4332 ad
1350 4292 1537 4331 veram
1563 4290 1648 4332 re-

83 4368 247 4434 quiem
274 4370 586 4441 perventuri
608 4377 754 4435 sunt,
780 4370 872 4439 qui
900 4369 1212 4439 decalogum
1240 4367 1377 4436 legis
1405 4381 1505 4437 per
1525 4381 1649 4437 gra-

84 4457 199 4515 tiam
226 4461 465 4531 Spiritus
488 4462 657 4517 sancti
702 4459 1056 4531 spiritualiter
1090 4458 1337 4529 implent,
1360 4458 1517 4527 quasi
1550 4456 1646 4511 de-

2251 3316 2533 3385 IIOMILIA
2571 3316 2832 3385 LXXVII,

2202 3447 2358 3490 FERIA
2397 3447 2595 3495 QUINTA
2636 3447 2871 3489 ΡΑεειιιε.

1821 3542 1999 3616 (Joan.
2046 3543 2165 3617 xx.)
2210 3561 2229 3595 ι
2260 3543 2315 3598 In
2362 3543 2454 3599 illo
2499 3553 2777 3615 tempore:
2831 3543 2998 3599 Maria
3047 3543 3223 3599 stabat
3260 3543 3327 3597 ad

1755 3655 1774 3690 ι
1811 3645 2218 3693 monumentum
2246 3634 2398 3699 foris,
2423 3636 2664 3706 plorans.
2697 3656 2716 3690 ι
2766 3636 2833 3691 Ει
2857 3636 3081 3706 reliqua.
3110 3635 3169 3689 In
3194 3634 3329 3689 mul-

1750 3728 1821 3783 tis
1848 3728 1979 3783 Iocis
2027 3726 2323 3797 Scriptura:
2363 3728 2534 3782 virtus
2582 3729 2997 3798 perseverantize
3044 3727 3328 3783 laudabilis

1747 3819 2068 3886 ostenditur,
2099 3835 2207 3875 non
2254 3820 2435 3877 minus
2469 3828 2647 3876 tamen
2688 3821 2741 3875 in
2776 3821 2936 3892 liujus
2980 3821 3203 3877 exordio
3246 3822 3328 3877 le-

1749 3911 1964 3978 ctionis,
2010 3927 2174 3981 quam
2220 3912 2489 3982 praecipua
2519 3913 2693 3967 virtus
2737 3913 2807 3967 sit
2854 3912 3249 3983 cognoscimus,
3282 3911 3325 3967 si

1749 4002 1910 4074 hujus
1960 4002 2235 4073 Evangelii
2295 4004 2575 4074 superiora
2624 4018 2918 4074 parumper
2962 4002 3326 4058 attendamus.

1749 4093 1926 4165 Supra
1969 4095 2113 4150 enim
2164 4096 2347 4151 retulit
2395 4095 2747 4167 evangelista,
2778 4096 2924 4167 quia,
2977 4112 3100 4151 cum
3152 4095 3330 4151 adhuc

1748 4188 1986 4259 tenebra:
2009 4194 2214 4253 esseut,
2240 4186 2409 4257 Maria
2436 4186 2748 4258 Magdalene
2763 4188 2908 4244 venit
2929 4188 2995 4241 ad
3010 4202 3328 4242 monumen-

1749 4286 1883 4347 tum,
1915 4287 1971 4333 et
1997 4278 2130 4333 vidit
2170 4277 2401 4348 lapidem
2443 4278 2711 4333 sublatum
2744 4294 2773 4334 a
2822 4288 3191 4334 monumento.
3222 4277 3329 4332 Cu.

1750 4352 1919 4424 currit
1949 4384 2098 4441 ergo,
2127 4380 2182 4425 et
2226 4369 2372 4429 venit
2418 4368 2486 4431 ad
2532 4368 2809 4424 Simonem
2858 4369 3103 4432 Petrum,
3158 4377 3213 4423 et
3258 4367 3327 4422 ad

1751 4459 1913 4514 alium
1936 4460 2257 4531 discipulum
2284 4474 2444 4533 quem
2488 4461 2705 4514 amabat
2742 4458 2921 4524 Jesus,
2964 4466 3021 4512 et
3048 4456 3180 4511 dicit
3202 4457 3281 4512 eis
3311 4476 3325 4531 ξ

83 4562 187 4625 cem
210 4526 493 4620 et-septem
528 4560 611 4607 ter
638 4526 902 4616 duc-imus,
951 4558 1012 4604 ut
1038 4549 1107 4603 ad
1131 4526 1639 4620 quinquagesimum
1671 4532 1721 4611 Ι)
1748 4548 2008 4604 Tulerunt
2034 4526 2321 4604 Dominum
2348 4550 2413 4603 de
2440 4559 2808 4614 monumento,
2844 4557 2899 4603 et
2931 4548 3205 4603 nescimus
3237 4526 3331 4626 ubi

86 4653 354 4705 numerum
396 4643 796 4713 perveniamus.
851 4641 919 4696 Et
959 4639 1086 4710 quia
1143 4639 1538 4720 vera‘requies
1585 4640 1667 4694 in’

87 4732 278 4812 unitate
299 4743 406 4800 est,
436 4745 580 4789 recte
602 4734 668 4789 ad
689 4720 1188 4803 quinquagesimum
1214 4731 1433 4785 additur
1452 4745 1640 4797 unum,

88 4827 324 4891 quoniam
354 4827 432 4881 sic
453 4826 520 4881 de
549 4825 819 4897 primitiva
846 4823 1085 4878 Ecclesia
1112 4822 1314 4877 dictum
1337 4830 1477 4877 εει(
1510 4820 1646 4875 Mul-

90 4910 321 4993 titudinis
348 4925 528 4972 autem
566 4915 900 4971 credentium
928 4921 1044 4968 erat
1068 4928 1163 4969 cor
1185 4928 1348 4967 unum
1377 4921 1431 4993 et
1458 4913 1642 4967 anima

89 4991 182 5083 una
215 5007 356 5080 (Act.
384 5009 480 5081 tv).
512 5028 531 5063 ι
566 5008 634 5063 Ει
657 4998 914 5081 quoniam
948 5006 1189 5062 custodia
1228 5004 1362 5075 legis
1387 4991 1448 5060 et
1470 5006 1642 5077 gratia

90 5099 369 5166 spiritualis
415 5102 469 5157 in
513 5102 620 5157 fide
660 5108 862 5169 sancta:
902 5098 1184 5158 Trinitatis
1225 5105 1457 5163 constat,
1486 5086 1645 5167 quasi

90 5190 462 5264 quinquaginta
508 5194 611 5248 tria
658 5192 1058 5269 perveniamus.
1108 5190 1246 5267 Quia
1290 5190 1436 5244 enim
1486 5189 1647 5261 (sicut

92 5292 236 5351 supra
281 5286 485 5341 dictum
526 5285 632 5356 est)
676 5300 773 5366 per
819 5284 957 5338 hanc
985 5276 1335 5353 piscationem
1379 5272 1643 5348 Ecclvsia,

91 5376 252 5439 qualis
302 5378 358 5433 in
407 5377 588 5434 futuro
634 5379 757 5445 erit,
793 5375 1150 5447 signiﬁcatur,
1202 5373 1423 5446 dignum
1450 5374 1553 5429 fuit
1585 5383 1648 5430 ut

96 5471 161 5519 tot
182 5470 353 5537 pisces
377 5478 722 5542 caperentur,
764 5484 863 5541 per
909 5483 1045 5538 quos
1073 5469 1369 5523 electorum
1411 5483 1644 5534 summa,

93 5569 200 5636 qua:
229 5579 353 5618 cum
396 5564 626 5619 Domino
662 5570 952 5633 regnatura
980 5568 1084 5626 est,
1113 5560 1532 5633 significaretur.
1578 5560 1650 5616 Ut

96 5656 256 5707 autem
300 5653 553 5709 Dominus
578 5654 645 5709 de
687 5668 781 5709 sua
822 5650 1219 5707 resurrectione
1254 5665 1471 5705 omnem
1497 5649 1651 5705 dubi-

96 5741 334 5825 tationem
362 5764 393 5802 a
416 5746 803 5819 discipulorum
835 5744 1103 5801 mentibus
1125 5743 1384 5811 auferret,
1410 5759 1516 5819 non
1553 5760 1642 5801 so-

1745 4646 2041 4709 posuerunt
2066 4654 2212 4694 eum.
2240 4638 2311 4697 At
2353 4639 2430 4693 illi
2460 4648 2741 4694 currentes
2770 4639 3096 4694 introierunt
3129 4656 3183 4694 in
3210 4634 3329 4695 mo-i

1748 4739 2086 4797 numentum,
2116 4738 2172 4786 et
2209 4731 2282 4785 ita
2330 4732 2656 4787 invenerunt
2705 4732 2846 4786 sicut
2892 4732 3144 4787 mulieres
3187 4732 3333 4797 dixe-~

1749 4831 1894 4878 runt.
1943 4823 2009 4877 Et
2058 4824 2125 4879 de
2164 4823 2270 4891 illis
2314 4825 2562 4895 protinus
2594 4824 2855 4894 scriptum
2891 4831 3020 4879 est:
3071 4823 3333 4901 Abierunt

1747 4931 1874 4987 ergo
1902 4915 2100 4971 iterum
2126 4916 2370 4986 discipuli
2400 4916 2467 4971 ad
2505 4917 2843 4986 semetipsos.
2891 4916 2968 4972 De
3013 4915 3101 4971 illa
3150 4926 3331 4993 autern

1750 5008 2033 5063 subditur:
2073 5026 2092 5061 ι
2148 5007 2317 5063 Maria
2361 5008 2542 5063 stabat
2595 5009 2665 5064 ad
2715 5018 3123 5064 monumentum
3178 5009 3335 5089 foris,

1755 5115 1775 5150 ι
1807 5096 2042 5167 plorans.
2073 5116 2092 5149 ι
2125 5096 2230 5163 Ubi
2274 5098 2727 5153 considerandum
2756 5107 2860 5164 est,
2893 5099 3135 5156 mulieris
3176 5100 3337 5169 hujus

1749 5198 1987 5244 mentem
2006 5199 2240 5259 quantus
2262 5205 2414 5245 amor
2435 5190 2641 5245 Domini
2664 5191 3007 5257 accenderat,
3031 5208 3151 5262 qua:
3171 5194 3334 5249 etiam

1750 5280 2025 5350 discipulis
2073 5297 2104 5336 a
2138 5291 2483 5336 monumento
2532 5282 2955 5348 discedentibus,
3012 5300 3118 5337 non
3166 5284 3337 5339 disce-

1757 5374 1935 5429 debat.
1969 5374 2039 5427 Et
2075 5375 2202 5444 quia
2231 5374 2299 5429 ab
2338 5375 2685 5445 inquisitione
2735 5391 2838 5430 non
2881 5375 3131 5438 cessavit,
3162 5373 3335 5444 pritra

1755 5479 1878 5521 eum
1919 5468 2103 5523 videre
2138 5468 2352 5523 meruit.
2381 5467 2532 5525 Unde
2558 5470 2908 5540 cognovimus
2937 5469 3062 5538 quia
3098 5467 3152 5521 in
3186 5467 3336 5521 omni

1753 5559 1899 5615 bono
1944 5574 2106 5630 opere
2152 5562 2552 5630 perseverantia
2603 5561 2907 5617 necessaria
2955 5568 3058 5623 est,
3112 5557 3338 5612 Domino

1756 5650 1965 5705 dicente
1999 5669 2012 5704 :
2066 5669 2086 5703 ι
2131 5651 2231 5719 Qui
2258 5655 2683 5723 perseveraverit
2721 5670 2891 5723 usque
2923 5652 2974 5705 in
3023 5649 3202 5713 liuent,
3252 5649 3338 5704 hic

1758 5740 1939 5796 salvus
1962 5742 2065 5797 erit
2086 5742 2300 5814 (Matth.
2345 5743 2417 5814 χ).
2470 5764 2488 5797 ι
2517 5745 2653 5801 Illuc
2683 5754 2787 5809 est,
2828 5741 2971 5813 qqu
3026 5757 3123 5813 per
3165 5740 3343 5812 legem
