3934 6346
605 332 711 407 479

1231 328 1580 387 IMYllONlS
1614 327 2088 399 HiL‘BERSTAT.
2137 326 2175 391 Ε

2278 324 2348 382 νῦ.
2386 326 2536 391 OPP.
2579 326 2758 383 PARS
2792 327 2855 384 ll.
2896 358 2961 368 --—
2999 324 3226 382 HOMIL.
3753 334 3832 389 tso

604 445 778 512 cauda
825 445 1013 503 hostia:
1068 444 1123 499 iu
1167 444 1438 499 sacriﬁcio
1506 443 1685 502 offerri
1737 444 2066 514 prrecipitur.
2120 440 2178 496 In
2210 445 2251 501 Α
2288 440 2388 503 Ubi
2430 441 2473 496 si
2504 442 2626 511 quis
2657 450 2877 512 quaerat
2907 450 3085 495 utrum
3131 454 3303 505 suam,
3355 453 3427 499 an
3474 450 3729 508 nostram,
3764 460 3830 499 re-

605 534 778 591 cauda
809 533 1005 604 quippe
1036 531 1157 587 ﬁnis
1184 542 1281 609 est.
1300 535 1563 604 corporis,
1613 542 1668 588 et
1706 534 1795 589 ille
1823 534 1933 587 Deo
1972 530 2175 599 sacrifi-

606 624 750 680 cium
784 630 1061 693 acceptum
1089 622 1352 690 immolat,
1397 624 1490 693 qui
1519 639 1654 695 opus
1681 626 1881 679 bonum
1921 640 2091 693 usque
2122 626 2174 676 in

604 716 767 769 finem
792 723 1148 782 consummat.
1190 713 1329 783 Ilinc
1353 724 1436 770 est
1474 716 1656 779 etiam,
1702 717 1844 789 quod
1867 714 2065 784 Joseph
2098 714 2180 779 ip-

604 814 687 875 ter
715 804 949 886 reliquos
978 804 1174 863 fratres
1217 805 1397 860 tunica
1429 806 1584 861 talari
1633 806 1851 860 indutus
1893 820 2013 860 esse
2062 820 2178 867 tne-.-

603 905 864 959 moratur.
892 896 952 953 ln
1003 896 1110 961 talo
1153 897 1355 967 quippe
1382 897 1505 953 finis
1544 906 1629 952 est
1673 897 1935 966 corporis.
1981 898 2047 957 Et
2090 897 2179 963 illa

604 985 760 1043 talari
799 987 977 1049 tunica
1008 987 1361 1058 spiritualiter
1389 988 1651 1052 induitur,
1694 988 1787 1058 qui
1817 989 2015 1043 bonum
2044 1002 2180 1058 opus

602 1092 775 1149 usque
802 1078 858 1133 in
902 1077 1063 1145 finem
1091 1080 1355 1149 perducit.
1388 1077 1523 1134 Hinc
1552 1094 1651 1133 nos
1688 1088 1741 1134 et
1774 1077 2055 1134 Psalmista
2083 1079 2180 1132 ad-

603 1176 809 1237 monet,
862 1168 1096 1224 dicens:
1143 1188 1163 1221 ι
1217 1169 1541 1225 Constituite
1595 1170 1736 1224 diem
1780 1170 2073 1228 solemnem
2125 1170 2180 1227 in

602 1259 887 1329 condensis
906 1274 1075 1329 usque
1113 1260 1179 1314 ad
1221 1276 1387 1316 cornu
1423 1260 1610 1315 altaris
1634 1259 1805 1332 (Psal.
1834 1260 2023 1332 cxvu).
2058 1279 2076 1312 ›
2122 1260 2179 1318 In

603 1362 773 1408 cornu
804 1364 1036 1418 namque
1062 1348 1247 1404 altaris
1292 1349 1416 1404 finis
1442 1357 1544 1405 est.
1574 1350 1641 1405 Et
1673 1350 1762 1404 ille
1804 1350 1961 1427 diem
1980 1349 2179 1405 solem-

602 1452 730 1502 nem
758 1447 939 1494 mente
976 1438 1232 1505 celebrat,
1282 1440 1373 1509 qui
1422 1441 1477 1495 in
1525 1440 1669 1496 bono
1707 1456 1871 1511 opere
1920 1456 2090 1510 usque
2124 1441 2178 1496 in

600 1529 767 1601 tinem
793 1539 1120 1599 perseverat.
1148 1530 1359 1598 Quanto
1379 1541 1558 1587 autem
1588 1547 1823 1589 mmrore
1859 1535 1925 1590 de
1951 1534 2181 1589 Domino

601 1619 798 1689 mulier
834 1621 948 1677 haec
978 1622 1322 1694 aﬂligeretur,
1352 1624 1729 1680 manifestatur
1770 1642 1894 1681 cum
1938 1627 2174 1682 dicitur:

608 1726 627 1759 ι
662 1708 829 1765 Maria
880 1711 1060 1766 stabat
1102 1713 1170 1768 ad
1222 1722 1628 1768 monumentum
1681 1714 1834 1782 foris,
1883 1716 2119 1785 plorans.
2153 1737 2173 1770 ι

2280 532 2646 598 spondendum
2698 522 2801 597 est,
2852 531 2978 602 quia
3027 540 3084 590 et
3137 546 3288 586 suam
3340 539 3397 587 et
3445 539 3710 587 nostram.
3756 534 3828 590 illa

2278 624 2422 681 enim
2457 623 2670 678 Domini
2710 623 3055 686 resurrectio,
3082 623 3393 693 angelorum
3424 621 3694 679 festivitas
3725 625 3827 695 fuit,

2279 711 2402 780 quia
2432 725 2621 775 eorum
2652 726 2937 768 numerum
2979 727 3074 782 per
3113 718 3415 781 apostatam
3459 710 3709 781 angelum
3752 714 3826 769 im-

2279 800 2544 865 minutum
2584 817 2654 858 ex
2691 803 2998 860 hominibus
3026 802 3382 871 recuperavit.
3432 799 3634 856 Nostra
3655 816 3827 872 quoque

2281 890 2546 959 festivitas
2574 892 2692 958 fuit,
2724 893 2850 961 quia
2882 906 2980 947 nos
3011 892 3075 947 de
3104 892 3343 947 tenebris
3367 899 3426 946 et
3454 892 3647 946 umbra
3673 897 3828 951 mortis

2279 978 2557 1046 liberatos,
2586 982 2653 1036 ad
2683 982 2995 1054 angelorum
3041 982 3356 1054 dignitatem
3389 985 3688 1038 revocavit.

2355 1088 2373 1121 ι
2410 1069 2598 1135 Dicunt
2630 1072 2678 1135 ei
2706 1071 2780 1127 illi
2809 1090 2822 1125 :
2853 1071 3059 1135 Mulier,
3090 1073 3218 1142 quid
3246 1072 3468 1142 ploras?
3505 1091 3525 1125 ι
3567 1072 3827 1144 Interroga-

2277 1161 2409 1226 bant
2436 1162 2610 1233 angeli
2639 1178 2746 1225 non
2788 1162 2960 1223 solum
3004 1179 3219 1228 causas,
3247 1164 3342 1224 sed
3374 1163 3548 1218 etiam
3576 1164 3829 1234 inquisitio-

2279 1269 2397 1320 nes,
2423 1270 2530 1309 non
2554 1262 2609 1308 ut
2635 1255 2910 1325 quaerendi
2940 1255 3267 1320 desiderium
3312 1260 3651 1325 minuerent,
3681 1261 3759 1316 sed
3785 1271 3826 1316 ut

2280 1354 2558 1414 augerent.
2619 1344 2774 1401 Sicut
2832 1346 2976 1401 enim
3024 1362 3128 1407 nos.
3172 1363 3295 1411 cum
3347 1358 3580 1419 pr0ptcr
3624 1364 3827 1405 carorum

2280 1437 2621 1493 amissionem
2651 1436 2860 1504 ﬂemus,
2886 1439 2931 1494 si
2962 1440 3084 1508 quis
3116 1455 3214 1495 nos
3243 1439 3350 1494 lleti
3385 1455 3593 1496 causas
3615 1440 3826 1510 inquirat,

2278 1524 2462 1580 fletum
2502 1528 2675 1598 magis
2719 1528 3060 1583 accumulat:
3112 1528 3186 1592 ita
3219 1537 3275 1589 et
3306 1529 3394 1597 illi
3430 1545 3632 1591 causas
3671 1529 3828 1585 doloris

2280 1617 2705 1691 interrogabant,
2737 1629 2797 1682 ut
2824 1620 2930 1677 fleti
2964 1622 3286 1678 desiderium
3316 1633 3611 1695 augerent,
3636 1626 3830 1695 scientes

2279 1709 2467 1763 beatos
2512 1724 2632 1766 esse
2678 1711 2944 1782 lugentes,
2986 1713 3240 1783 quoniam
3279 1714 3381 1784 ipsi
3427 1715 3825 1771 consolabuntur.

599 1795 851 1855 Plorabat
873 1802 1040 1869 enim,
1076 1802 1201 1873 quia
1225 1817 1350 1857 eum
1374 1819 1532 1872 quem
1555 1806 1783 1859 multum
1810 1806 2165 1871 desiderabat,
2200 1805 2246 1865 Β
2276 1796 2382 1852 Sed
2424 1799 2619 1855 ηιυιίθι*
2659 1803 2813 1872 cuius
2844 1804 2922 1858 ι’θί
2954 1805 3125 1873 gratia
3173 1804 3344 1868 ﬂeret.
3379 1806 3701 1861 manifeslal
3737 1822 3829 1860 Cl!!!

600 1903 707 1943 non
745 1890 993 1947 videbat:
1047 1893 1309 1963 plorabat,
1344 1895 1467 1964 quia
1495 1894 1562 1951 de
1605 1906 1954 1954 monumento
1982 1914 2176 1970 corpus

600 1977 837 2035 furatum
878 1984 1117 2051 putabat.
1536 2026 1539 2027 ν

676 2069 867 2136 ςῡιιω
889 2088 1018 2144 ergo
1044 2072 1214 2145 fleret,
1264 2074 1543 2131 inclinavit
1586 2092 1645 2133 se
1693 2088 1749 2133 et
1798 2079 2071 2149 prospexit
2121 2081 2176 2135 in

603 2177 623 2231 ε
661 2171 1084 2227 monumentum.
1122 2184 1142 2229 η
1177 2164 1294 2220 Jam
1320 2167 1464 2221 enim
1494 2178 1905 2231 monumentum
1941 2186 2173 2226 vacuum

598 2250 831 2319 viderat,
862 2254 987 2335 quia
1015 2267 1070 2321 et
1129 2256 1418 2327 Dominum
1455 2260 1522 2316 de
1551 2270 1901 2318 monumento
1938 2261 2177 2325 furatum

599 2340 875 2415 discipulis
915 2345 1271 2419 nuntiaverat.
1310 2346 1449 2413 Quid
1493 2356 1577 2404 est
1607 2349 1750 2419 quod
1793 2350 1986 2409 iterum
2014 2365 2073 2406 se
2098 2351 2178 2406 in-

598 2430 840 2500 clinavit,
879 2434 982 2491 nisi
1028 2438 1155 2506 quia
1209 2438 1403 2493 iterum
1446 2440 1631 2495 videre
1661 2441 1967 2498 desiderat?
2008 2441 2178 2505 Valde

597 2527 741 2583 enim
764 2531 968 2586 amanti
990 2533 1160 2605 semel
1179 2536 1452 2605 aspexisse
1481 2551 1587 2591 non
1618 2537 1833 2602 sulIicit.
1863 2537 2016 2594 Sicut
2033 2538 2177 2594 enim

598 2633 717 2693 nos,
742 2634 863 2675 cum
894 2620 1130 2698 aliquam
1162 2638 1277 2679 rem
1304 2626 1603 2697 perdimus,
1631 2629 1878 2697 quamvis
1900 2630 2006 2684 huc
2034 2629 2180 2691 illuc-

597 2721 704 2795 que
725 2710 1016 2778 quzerendo
1031 2712 1417 2779 discurramus,
1446 2722 1627 2772 tamen
1646 2716 1714 2771 ad
1736 2730 1859 2775 eum
1878 2716 2054 2777 locum
2080 2734 2179 2774 sae-

599 2798 722 2876 pius
744 2798 1082 2876 respicimus,
1115 2801 1205 2855 ubi
1237 2817 1355 2856 eam
1399 2802 1655 2858 habuisse
1680 2805 2023 2861 meminimus
2054 2823 2069 2861 :
2104 2808 2177 2861 ita

601 2894 657 2957 et
686 2885 803 2939 ham
828 2888 1042 2955 mulier,
1073 2890 1320 2958 quamvis
1349 2892 1455 2946 huc
1488 2890 1717 2962 illucque
1745 2891 1959 2948 Domini
1983 2908 2178 2964 corpus

596 2986 885 3051 quareret,
911 2981 1070 3045 anxia
1100 2989 1279 3045 tamen
1308 2983 1373 3039 de
1401 2984 1519 3054 ejus
1543 2984 1811 3053 absentia,
1842 2985 2178 3057 frequentius

597 3076 1003 3141 monumentum
1042 3071 1360 3144 aspiciebat,
1388 3075 1479 3143 ubi
1509 3090 1633 3130 eum
1672 3076 1908 3146 positum
1931 3088 2175 3135 noverat.
2228 3130 2231 3135 .

2278 1886 2558 1959 adjungit:
2613 1908 2633 1942 ι
2685 1890 2820 1958 Quia
2861 1893 3101 1949 tulerunt
3127 1895 3416 1956 Dominum
3462 1911 3664 1959 meum,
3691 1905 3739 1951 et
3762 1911 3828 1949 ne-

2283 1995 2302 2028 ι
2336 1978 2448 2033 scio
2477 1980 2566 2035 ubi
2596 1991 2891 2051 posuerunt
2920 2000 3065 2039 eum.
3102 2005 3120 2038 ι
3154 1985 3253 2042 Ubi
3289 1988 3596 2044 notandum
3620 1988 3734 2058 quia
3751 2003 3828 2041 non

2276 2068 2434 2136 dixit,
2465 2069 2704 2126 tulerunt
2735 2088 2932 2144 corpus
2959 2075 3168 2130 Domini
3201 2078 3331 2145 mei,
3356 2079 3456 2134 sed
3498 2079 3727 2134 tulerunt
3755 2078 3829 2132 Do-

2278 2157 2483 2213 minum
2512 2176 2711 2228 meum,
2736 2178 2858 2218 cum
2889 2165 3061 2220 solum
3092 2183 3288 2238 corpus
3331 2168 3559 2224 Domini
3602 2170 3655 2224 in
3679 2185 3826 2224 monu-

2278 2258 2519 2315 mentum
2544 2252 2778 2321 positum
2820 2266 3065 2311 noverat.
3106 2256 3381 2328 Scriptura
3406 2261 3561 2316 enim
3596 2275 3737 2315 sacra
3759 2260 3827 2314 alio

2279 2341 2494 2410 quando
2525 2351 2694 2413 totum
2736 2360 2835 2416 pro
2879 2356 3035 2416 parte
3075 2362 3275 2418 ponere
3321 2351 3631 2416 consuevit,
3659 2359 3709 2405 et
3740 2351 3828 2404 ideo

2279 2445 2400 2486 cum
2426 2433 2598 2490 solum
2624 2435 2837 2498 Domini
2865 2453 3061 2508 corpus
3103 2449 3392 2509 quaereret,
3426 2440 3712 2497 Dominum
3736 2439 3828 2495 sub-

2279 2518 2446 2590 latum
2486 2524 2551 2579 de
2573 2535 2921 2582 monumento
2945 2531 3413 2585 commemoravit.

2354 2627 2375 2665 ι
2415 2610 2541 2668 Haec
2588 2630 2709 2669 cum
2755 2616 2998 2683 dixisset,
3049 2632 3312 2676 conversa
3361 2628 3688 2685 retrorsum,
3731 2618 3830 2672 vidit

2283 2717 2302 2749 ι
2339 2698 2524 2755 Jesum
2553 2712 2807 2770 stantem,
2852 2714 2908 2761 et
2945 2723 3053 2763 non
3098 2708 3304 2765 sciebat
3350 2710 3479 2780 quia
3511 2709 3665 2765 Jesus
3702 2716 3826 2762 est.»

2277 2790 2526 2859 Pulchre,
2554 2803 2612 2848 ut
2640 2796 2807 2850 Deum
2836 2809 3141 2854 mereretur
3170 2801 3355 2858 videre
3390 2802 3590 2867 Maria,
3612 2811 3830 2855 conversa

2277 2887 2577 2936 retrorsum
2624 2884 2844 2951 dicitur,
2886 2887 2978 2956 qui
3006 2890 3151 2944 enim
3184 2900 3485 2947 retrorsum
3513 2888 3826 2948 convertitur,

2278 2968 2404 3025 illuc
2449 2971 2634 3026 oculos
2674 2973 2874 3045 dirigit,
2918 2975 3010 3030 ubi
3038 2978 3188 3047 prius
3218 2988 3366 3051 terga
3415 2983 3681 3037 habebat.
3711 2978 3829 3045 Quasi

2278 3075 2406 3133 ergo
2436 3071 2734 3120 retrorsum
2779 3081 3042 3124 conversa
3089 3078 3192 3135 est,
3245 3074 3462 3140 quando
3515 3069 3826 3128 dubitationis

602 3155 756 3213 unde
790 3161 891 3215 ριεί
933 3162 1219 3219 Dominum
1265 3165 1449 3222 statim
1493 3168 1678 3226 videre
1704 3185 1812 3229 ηοη
1843 3172 2060 3237 meruit,
2095 3179 2178 3228 la-
2207 3148 2251 3210 C
2284 3154 2505 3211 nebulas
2533 3166 2882 3228 postponens,
2904 3158 3106 3216 Christi
3139 3164 3599 3219 resurrectionem
3630 3180 3703 3218 ex
3725 3170 3827 3233 parte

599 3261 724 3307 men
778 3252 1092 3322 angelorum
1140 3256 1349 3314 visione
1396 3259 1610 3336 privata
1642 3276 1750 3317 non
1799 3269 1903 3334 est.
1946 3262 2101 3319 Unde
2127 3272 2183 3320 et

596 3337 874 3398 subditur:
910 3361 929 3395 ι
974 3343 1041 3399 Ει
1068 3345 1203 3401 vidit
1229 3346 1368 3404 duos
1396 3349 1619 3419 angelos
1669 3350 1727 3405 in
1761 3351 1899 3407 albis
1931 3351 2182 3410 sedentes

603 3445 624 3481 ι
666 3444 836 3486 unum
857 3433 925 3488 ad
955 3442 1118 3504 caput
1169 3444 1227 3492 et
1262 3454 1428 3493 unum
1467 3439 1532 3500 ad
1580 3441 1766 3510 pedes,
1824 3440 1917 3497 ubi
1943 3444 2181 3514 positum

601 3536 621 3581 ι
658 3518 837 3595 fuerat
874 3538 1070 3594 corpus
1098 3524 1246 3583 Jesu.
1292 3548 1310 3580 ι
1353 3528 1454 3586 Ubi
1505 3528 1645 3587 forte
1696 3541 1877 3591 movet
1919 3533 2179 3606 aliquem,

593 3624 763 3682 quare
786 3610 1021 3679 Joannes
1057 3615 1110 3670 in
1138 3616 1353 3693 Domini
1382 3622 1780 3681 resurrectione
1806 3625 2060 3682 sedentes
2082 3628 2177 3683 de-

594 3701 821 3776 scribat,
861 3718 984 3758 cum
1030 3704 1206 3762 Lucas
1238 3708 1479 3778 ejusdem
1514 3714 1927 3770 resurrectionis
1957 3715 2177 3772 modum

594 3789 910 3849 describens
936 3834 952 3861 ,
1004 3807 1455 3854 commemoraret
1517 3801 1660 3871 quod
1698 3802 1854 3872 juxta
1900 3806 2177 3862 mulierem

593 3880 864 3949 steterint.
894 3883 976 3938 Ad
1010 3885 1152 3954 quod
1182 3888 1634 3956 respondendum,
1666 3891 1790 3961 quia
1816 3892 1954 3948 sicut
1992 3896 2181 3951 sedere

593 3973 755 4049 regiae
779 3973 1057 4045 dignitatis
1085 3986 1187 4041 est,
1219 3979 1298 4033 sic
1326 3987 1477 4035 stare
1504 3982 1809 4052 adjuvantis
1829 3984 1912 4040 vel
1932 4001 2180 4057 pugnam-

596 4063 686 4135 tis.
716 4063 784 4117 Et
807 4064 933 4134 quia
962 4066 1103 4121 idem
1134 4067 1399 4147 Mediator
1429 4070 1523 4127 Dei
1569 4081 1624 4127 et
1649 4074 1925 4131 hominum
1965 4092 2059 4135 rex
2089 4095 2180 4135 no.-

591 4150 678 4207 bis
713 4154 918 4224 pariter
944 4164 999 4211 et
1026 4158 1283 4214 sacerdos
1324 4158 1548 4216 effectus
1590 4162 1693 4237 est,
1741 4165 1877 4221 alios
1924 4168 2173 4225 sedentes

591 4253 647 4299 et
673 4244 808 4300 alios
846 4254 1057 4321 stantes,
1080 4248 1357 4323 describit.
1391 4251 1458 4306 Et
1484 4253 1609 4322 quia
1639 4255 1728 4310 hic
1757 4254 1912 4324 cujus
1935 4274 2179 4317 resurre-

2279 3246 2501 3303 credere
2516 3250 2699 3319 coepit.
2720 3249 2819 3306 Cui
2844 3259 3021 3308 tamen
3044 3253 3304 3309 Dominus
3332 3255 3405 3310 ita
3430 3269 3595 3309 suam
3612 3255 3823 3311 visionem

2279 3339 2622 3409 temperavit,
2653 3348 2715 3395 ut
2758 3341 2884 3411 quia
2923 3342 3162 3409 amabat,
3208 3344 3304 3402 sed
3331 3358 3457 3399 eum
3492 3342 3823 3402 resurrexisso

2278 3441 2387 3489 non
2408 3428 2684 3498 credebat,
2712 3428 2861 3489 illum
2889 3439 2945 3486 et
2962 3431 3191 3500 videret,
3220 3441 3277 3488 et
3300 3448 3407 3495 non
3430 3437 3821 3511 recognosceret.

2270 3517 2436 3588 Unde
2464 3528 2524 3585 et
2549 3520 2802 3577 subditur
2828 3536 2843 3576 :

2355 3629 2377 3673 ς
2417 3608 2510 3665 llla
2545 3612 2863 3681 existimans
2884 3612 3008 3683 quia
3040 3614 3361 3671 hortulanus
3398 3624 3571 3683 esset,
3617 3615 3735 3672 dicit
3753 3626 3817 3667 ci:

2285 3715 2304 3759 ι
2338 3699 2580 3767 Domine,
2602 3701 2649 3757 si
2676 3710 2728 3757 tu
2762 3702 3027 3766 sustulisti
3069 3722 3214 3771 eum,
3264 3706 3430 3763 dicito
3461 3706 3597 3762 mihi
3638 3706 3720 3761 ubi
3755 3717 3819 3772 μου

2284 3809 2303 3855 ς
2334 3788 2489 3854 misti
2524 3804 2669 3857 eum,
2694 3799 2748 3847 et
2785 3808 2885 3864 ego
2915 3809 3043 3850 eum
3079 3796 3283 3853 tollam.
3313 3816 3332 3849 ι
3366 3797 3424 3852 in
3466 3798 3663 3869 quibus
3685 3792 3819 3850 verbis

2277 3880 2442 3945 etiam
2473 3881 2953 3957 considerandum,
2995 3896 3231 3955 quantus
3257 3889 3461 3943 amoris
3509 3889 3671 3944 ardor
3709 3898 3817 3940 men-

2280 3978 2386 4034 tem
2439 3972 2685 4028 mulieris
2725 3973 3016 4041 imbuerat,
3065 3992 3187 4046 qua:
3233 3988 3528 4049 antequam
3575 3989 3815 4051 personam

2278 4058 2393 4128 ejus
2423 4060 2801 4131 significasset,
2833 4079 2995 4133 quem
3022 4068 3316 4136 quaerebat,
3358 4070 3519 4139 quasi
3546 4067 3721 4129 δεῖθηή
3756 4063 3813 4117 lor

2278 4150 2559 4218 quebatur,
2589 4152 2774 4210 dicens
2799 4172 2813 4208 :
2844 4173 2864 4206 ι
2901 4154 2960 4210 Si
2984 4164 3040 4210 tu
3073 4157 3335 4214 sustulisti
3359 4176 3511 4229 eum,
3535 4160 3693 4216 dicito
3718 4153 3812 4211 mihi

2277 4239 2366 4292 ubi
2395 4241 2620 4310 posuisti
2664 4256 2810 4309 eum,
2836 4253 2892 4299 et
2918 4262 3018 4316 ego
3059 4262 3181 4301 eum
3224 4250 3424 4306 tollam.
3458 4273 3479 4306 ι
3525 4246 3812 4308 ﬂabetenini

591 4334 826 4409 ctionem
855 4325 1130 4407 testificari
1171 4350 1454 4407 venerant,
1496 4344 1640 4400 Deus
1680 4339 1734 4401 et
1762 4347 1924 4406 homo
1946 4350 2172 4411 creden-

2278 4329 2359 4402 ius
2388 4332 2589 4387 amoris
2615 4334 2717 4389 hoc
2755 4337 3054 4406 proprium,
3084 4347 3143 4393 ut
3196 4356 3356 4411 quem
3381 4344 3612 4415 quisque
3635 4339 3811 4398 multum

590 4424 692 4499 dus
711 4434 811 4490 est,
840 4436 957 4484 rete
979 4445 1120 4484 unus
1145 4431 1212 4486 ad
1241 4442 1422 4502 caput,
1446 4442 1501 4488 et
1522 4450 1661 4491 unus
1690 4437 1756 4492 ad
1782 4439 1947 4507 pedes
1969 4441 2173 4501 sedisse

589 4524 983 4593 memorantur.
1008 4518 1114 4575 Per
1137 4531 1297 4591 caput
1323 4522 1464 4578 enim
1492 4523 1713 4580 altitudo
1738 4525 2045 4585 Divinitatis
2071 4530 2165 4585 de-

589 4606 854 4678 signatur,
910 4611 1050 4669 sicut
1099 4613 1231 4669 dicit
1283 4616 1612 4685 Apostolus:
1674 4639 1693 4671 ι
1742 4619 1916 4691 Caput
1963 4623 2169 4679 Christi

590 4696 733 4761 Deus
754 4697 808 4770 (1
837 4698 961 4756 Cor.
988 4702 1051 4776 ιι)
1084 4722 1097 4758 :
1135 4724 1153 4757 ι
1185 4721 1281 4775 per
1304 4708 1470 4787 pedes
1491 4709 1804 4767 humanitas
1825 4716 2167 4784 exprimitur,

590 4786 732 4864 sicut
753 4804 849 4878 per
878 4791 1101 4878 Moysen
1131 4786 1329 4863 dicitur
1367 4816 1380 4853 :
1433 4818 1453 4852 ι
1491 4800 1558 4855 Ει
1602 4803 1692 4872 qui
1729 4806 2171 4878 appropinquant

588 4864 817 4968 pedibus
854 4871 993 4969 ejus,
1041 4886 1307 4969 accipient
1357 4888 1425 4945 de
1478 4864 1725 4961 doctrina
1765 4864 1932 4968 illius
1984 4864 2166 4969 (Deut.

591 4971 815 5061 ξιιιιιι),
847 4991 867 5024 ι
901 4972 1067 5044 Quasi
1095 4991 1225 5057 ergo
1247 4978 1315 5053 ad
1339 4988 1502 5061 caput
1553 4983 1708 5048 sedet
1754 4985 2000 5059 angelus,
2045 5001 2176 5051 cum

596 5059 944 5151 Evangelista
969 5067 1229 5136 praedicat
1262 5087 1274 5124 :
1319 5087 1339 5120 ι
1373 5059 1433 5139 in
1456 5071 1727 5151 principio
1766 5083 1886 5142 erat
1911 5074 2171 5151 Verbum,

589 5159 647 5208 et
680 5150 920 5209 Verbum
966 5163 1087 5210 erat
1114 5157 1254 5227 apud
1284 5150 1485 5236 Deum,
1505 5169 1563 5231 et
1608 5162 1750 5220 Deus
1788 5174 1911 5222 erat
1934 5164 2174 5229 \(erbunt

591 5239 774 5312 (Joan.
802 5242 864 5312 ι).
901 5262 923 5298 ι
956 5243 1120 5313 Quasi
1153 5246 1221 5301 ad
1249 5248 1414 5317 pedes
1439 5253 1590 5307 sedet
1613 5253 1863 5327 angelus,
1884 5270 2009 5312 eum
2032 5256 2182 5325 idem,

592 5327 933 5403 Evangelista
981 5334 1259 5409 subjungit
1291 5357 1304 5393 :
1338 5358 1356 5390 ι
1408 5339 1476 5396 Et
1518 5341 1750 5405 Verbum
1796 5360 1926 5403 caro
1971 5346 2173 5409 factum

593 5430 695 5490 cst,
732 5432 788 5479 et
820 5424 1083 5482 habitavit
1126 5428 1180 5483 in
1220 5430 1374 5486 nobis
1407 5429 1619 5502 (Ibid.).
1651 5452 1670 5487 ι
1705 5434 1770 5488 Et
1794 5436 1919 5505 quia
1945 5451 2177 5500 censue:

592 5514 722 5571 tudo
749 5525 832 5573 est
864 5517 1184 5587 Palaestinis,
1216 5528 1275 5576 ut
1305 5522 1420 5579 dies
1448 5522 1617 5581 festos
1662 5525 2000 5587 celebrantes
2027 5529 2162 5585 albis

593 5608 831 5665 vestibus
856 5609 1164 5677 induantur,
1196 5628 1319 5683 cum
1351 5613 1405 5669 in
1428 5616 1665 5685 vestibus
1694 5616 1831 5675 albis
1867 5619 2041 5690 angeli
2074 5636 2168 5691 ap-

590 5708 907 5786 paruerunt,
962 5700 1315 5762 festivitatem
1364 5719 1421 5764 se
1474 5706 1748 5765 celebrare
1794 5710 2167 5780 ostenderunt.

2277 4431 2443 4488 amat,
2471 4437 2659 4481 omnes
2687 4441 2871 4482 amare
2912 4436 3083 4498 putet.
3131 4430 3238 4487 Sed
3285 4449 3391 4488 non
3436 4435 3493 4489 in
3527 4444 3633 4491 toto
3659 4428 3808 4487 mulier

2201 4499 2249 4559 Ι)
2276 4513 2500 4578 erravit,
2532 4529 2653 4569 cum
2683 4515 2970 4572 Dominum
3004 4519 3346 4577 hortulanum
3373 4524 3708 4580 existimavit.
3744 4516 3809 4572 Si“

2275 4612 2336 4674 ut
2398 4604 2542 4669 enim
2593 4607 2661 4661 ad
2708 4608 2978 4664 hortulani
3044 4612 3277 4669 ollicium
3356 4618 3609 4686 pertinet,
3663 4610 3807 4670 noxias

2275 4692 2472 4763 herbas
2499 4698 2796 4766 eradicare,
2828 4709 2890 4755 ut
2908 4702 3062 4757 bona:
3086 4720 3301 4776 quoque
3328 4705 3803 4781 possintprolicere:

2276 4786 2351 4855 ita
2374 4786 2631 4851 Dominus
2660 4787 2819 4846 Iesus
2853 4791 3196 4851 Christus-de
3222 4797 3379 4855 horto
3421 4814 3543 4866 suo,
3572 4798 3622 4854 id
3658 4803 3729 4851 est
3757 4791 3804 4846 d0

2276 4878 2519 4937 Ecclesia
2548 4896 2669 4952 sua,
2689 4884 2930 4954 quotidie
2952 4887 3083 4942 vitia
3103 4890 3363 4957 eradicat,
3392 4901 3453 4947 ut
3477 4894 3690 4949 virtutes
3708 4898 3801 4958 pro-

2278 4969 2439 5028 ficere
2463 4973 2701 5044 valeant.
2736 4975 2873 5032 Cum
2902 4993 3033 5035 vero
3061 4994 3222 5039 sexus
3266 4982 3536 5041 femineus
3562 4980 3740 5054 fragilis
3754 4975 3802 5029 sil

2277 5061 2344 5117 ad
2367 5077 2532 5120 onera
2557 5064 2873 5135 deferenda,
2898 5076 2954 5124 et
2972 5070 3200 5141 pavidus
3236 5074 3305 5130 ad
3331 5084 3658 5135 mortuorum
3682 5067 3803 5129 cadi-

2275 5168 2405 5209 vera
2430 5156 2740 5234 baiulandg,
2787 5160 3046 5232 quidquid
3075 5162 3195 5221 aliis
3237 5164 3570 5237 impossibile
3602 5174 3693 5230 est,
3717 5160 3802 5217 Ιπο

2276 5253 2498 5331 propter
2524 5248 2951 5325 magnitudinem
2978 5254 3184 5315 ameris
3210 5254 3328 5314 leve
3355 5267 3411 5315 et
3434 5256 3677 5331 possibile
3694 5247 3801 5309 arbi-

2277 5319 2540 5407 trabatur,
2568 5319 2790 5397 dicens:
2826 5360 2847 5401 ι
2879 5343 2938 5398 Si
2969 5352 3022 5400 tu
3062 5347 3327 5404 sustulisti
3349 5319 3496 5420 eum,
3531 5349 3680 5408 dicito
3699 5336 3800 5399 mihi

2279 5433 2366 5487 ubi
2389 5434 2616 5503 posuisti
2648 5450 2795 5502 eum,
2819 5445 2874 5492 et
2906 5452 3008 5509 ego
3038 5455 3162 5496 cum
3192 5442 3398 5499 tollam.
3434 5464 3453 5498 ι

2352 5541 2371 5574 ι
2423 5524 2564 5581 Dicit
2608 5526 2658 5582 ei
2705 5526 2905 5585 Jesus:
2953 5529 3145 5588 Maria.
3199 5533 3472 5592 Conversa
3519 5536 3620 5601 illa,
3665 5525 3795 5587 dicit:

2282 5636 2298 5667 ι
2340 5617 2605 5687 Rabboni,
2652 5622 2798 5691 quod
2834 5621 3031 5681 dicitur
3074 5627 3351 5699 magister.
3392 5629 3534 5686 Dicit
3571 5627 3617 5683 ei
3642 5620 3794 5679 Jesus‘

2282 5726 2298 5760 ι
2332 5707 2452 5766 Noli
2478 5726 2564 5766 me
2600 5720 2840 5789 Iangere.
2877 5734 2897 5769 ι
2923 5714 3059 5781 Quia
3086 5717 3346 5775 Dominus
3381 5720 3629 5792 superius.
3652 5706 3797 5781 ωυϋετ
