3934 6346
68 310 181 366 381

1336 289 1637 352 ΒοΜιιιΑξ
1678 287 1765 343 DE
1805 286 2152 344 TEMPORE.

3235 286 3343 341 ιω

71 435 203 476 rem
232 416 507 476 communi
554 429 684 470 sexu
732 409 1114 485 appellaverat,
1159 415 1215 463 et
1261 405 1511 477 cognitus
1552 416 1662 458 non
1688 404 1732 462 Α
1764 398 1908 455 stitia
1924 398 2132 454 mortis.
2151 396 2228 454 Ac
2246 397 2295 485 sl
2320 397 2522 454 diceret
2548 396 2980 453 bominibus:De
3001 394 3157 467 cujus
3181 396 3348 452 manu‘

69 519 189 576 est,
216 505 437 564 vocavit
456 502 619 559 etiam
649 501 866 572 proprio
893 498 1133 564 nomine,
1160 503 1219 552 ut
1257 495 1449 552 saltem
1480 505 1673 564 cogno-

72 606 334 655 scentem
381 610 442 651 se
486 599 919 664 recognosceret.
969 588 1061 644 Ait
1109 587 1295 643 enim:
1349 604 1367 637 ι
1421 577 1611 638 Maria.
1646 592 1669 634 ν

72 688 222 742 Cum
253 685 399 742 enim
422 680 562 754 apud
586 681 753 738 Deum
776 690 955 736 certus
981 678 1052 734 sit
1074 689 1330 733 numerus
1351 673 1676 736 electorum,

74 795 284 847 magna
314 777 485 849 gratia
512 774 779 845 aliquibus
799 773 976 836 datur,
1001 769 1215 840 quando
1235 766 1470 837 propriis
1497 763 1675 818 nomié

76 868 250 922 nibus
280 868 395 922 Deo
422 865 534 919 noti
575 878 696 918 esse
726 867 1117 924 memorantur,
1158 855 1331 927 qualis
1371 863 1488 909 erat
1529 851 1678 920 Moyé

78 972 197 1022 ses,
221 956 311 1010 cui
339 955 543 1009 dictum
565 960 649 1007 est
669 951 867 1021 (Exod.
900 947 1089 1019 xxxvi)
1120 962 1134 1001 :
1179 965 1198 998 ι
1245 943 1379 999 Novi
1405 952 1457 999 te
1481 958 1547 1000 ex
1575 957 1675 997 noa

81 1048 259 1101 mine.
299 1064 319 1098 ι
360 1045 456 1099 Et:
497 1062 516 1095 ι
552 1042 808 1099 Invenisti
840 1040 1070 1112 gratiam
1102 1053 1287 1093 coram
1321 1051 1426 1091 me.
1463 1055 1482 1088 ›
1524 1030 1676 1090 Unde

82 1138 290 1192 mulier
333 1144 616 1207 postquam
658 1132 877 1204 proprio
909 1129 1123 1185 nomine
1170 1142 1200 1181 a
1228 1126 1457 1181 Domino
1489 1132 1677 1180 vocata

82 1244 193 1299 est,
250 1233 433 1289 statim
481 1236 897 1301 cognoscentem
949 1240 1008 1280 se
1062 1222 1398 1294 recognovit,
1450 1220 1674 1275 dicens:

89 1344 107 1373 ι
154 1322 426 1387 Rabboni,
469 1319 613 1389 quod
655 1318 853 1373 dicitur
875 1314 1155 1385 magister.
1189 1333 1207 1365 ι
1254 1310 1373 1366 Jam
1398 1325 1526 1365 vero
1556 1316 1679 1379 post

84 1415 208 1468 haec
242 1413 374 1482 quid
410 1410 604 1465 mulier
652 1409 846 1465 fecerit
889 1406 1222 1474 evangelista
1266 1419 1372 1458 non
1415 1400 1676 1465 declarat,

86 1508 278 1558 tamen
313 1518 380 1557 ex
404 1517 469 1557 eo
494 1500 635 1569 quod
662 1499 945 1555 Dominum
969 1496 1169 1551 dixisse
1197 1492 1474 1564 adjungit:
1510 1509 1528 1542 ι
1558 1489 1678 1544 Noli

84 1602 180 1651 me
204 1604 430 1667 tangere
451 1635 465 1660 ,
504 1613 520 1645 ι
557 1593 827 1657 declarat,
851 1589 981 1660 quia
1032 1604 1153 1645 mox
1183 1596 1243 1642 ut
1277 1586 1470 1641 mulier
1504 1583 1680 1639 Domi-

88 1702 223 1740 num
255 1685 594 1756 recognovit,
611 1682 836 1754 vestigia
858 1682 974 1752 ejus
1002 1679 1279 1734 adorando
1297 1686 1480 1732 tenere
1492 1674 1675 1730 voluit.

1775 489 2080 562 sumpsistis
2107 478 2363 561 poculum
2389 489 2581 546 mortis
2601 532 2616 558 ,
2646 490 2715 546 ab
2742 487 2859 559 ejus
2885 504 2980 546 ore
3009 488 3190 545 audite
3218 502 3350 559 gaua

1776 570 1863 669 dia
1892 580 2322 655 resurrectionis.
2354 567 2649 660 Postquam
2678 588 2857 637 autem
2888 578 3080 634 mulier
3107 574 3352 634 audivit!

1780 693 1798 725 ε
1834 666 2001 739 Vade,
2031 671 2118 728 dic
2147 671 2402 729 fratribus
2426 672 2592 738 meis,
2622 692 2640 725 ι
2673 666 2805 739 etc.,
2832 680 2979 728 recte
3007 669 3352 740 subiunctum

1775 756 1861 818 est
1886 781 1899 817 ε
1932 782 1951 816 ‹
1982 762 2141 818 Venit
2166 762 2331 817 Maria
2355 763 2609 818 nuntians
2639 763 2946 833 diScipulis;
2970 783 2989 817 ι
3016 764 3145 837 quia
3172 752 3353 820 omnis

1776 854 1867 924 qui
1900 862 2044 910 recte
2071 853 2349 925 intelligit,
2381 836 2500 909 aliis
2532 848 2782 910 nuntiare
2823 855 3014 920 debet,
3040 855 3195 927 juxta
3223 854 3356 910 illud

1776 939 1919 1015 quod
1948 947 2000 1001 in
2026 938 2347 1018 Apocalypsi
2373 934 2606 1018 legitur:
2638 965 2656 998 ‹
2688 927 2791 1013 Qui
2818 934 2989 1012 audit,
3009 934 3190 1003 dicat:
3219 927 3356 1002 Veni

1781 1024 1964 1108 (Apoc.
1994 1034 2155 1105 xm).
2192 1054 2210 1087 ι

2274 1162 2555 1220 HOMILIA
2587 1161 2869 1219 LXXVIII:

2249 1282 2406 1329 FERIA
2445 1280 2616 1329 sexu
2653 1288 2890 1328 rsscna.‘

1851 1385 2093 1459 (ΜΑσι-τιι.
2121 1386 2339 1458 xxviii.)
2369 1404 2386 1436 ε
2417 1386 2473 1440 ln
2502 1385 2591 1440 illo
2619 1394 2858 1455 tempore
2883 1401 2896 1437 :
2926 1383 3183 1439 Undecim
3202 1385 3363 1442 disci-4

1788 1496 1807 1529 ι
1852 1477 1961 1547 puli
1996 1477 2245 1531 abierunt
2270 1477 2323 1531 in
2351 1476 2644 1539 Galilaeam,
2679 1476 2732 1530 in
2763 1484 3001 1530 montem
3035 1475 3126 1529 ubi
3158 1476 3363 1533 consti-

1788 1588 1806 1621 ι
1854 1570 1957 1625 tuit
1993 1569 2098 1624 illis
2135 1567 2313 1625 Jesus.
2362 1588 2382 1620 ι
2420 1568 2489 1623 Ει
2536 1568 2763 1638 reliqua.
2809 1568 3021 1623 Domini
3064 1568 3365 1637 jussionem

1789 1658 2096 1715 obedientia
2145 1658 2436 1714 comitatur
2486 1657 2891 1728 discipulorum.
2926 1657 3060 1712 Cu'm
3108 1651 3254 1712 enim
3306 1657 3366 1713 se
3426 1660 3437 1665 ’

85 1771 245 1833 Cuia
277 1740 504 1832 coruino
534 1740 821 1831 dicitur;
851 1740 968 1828 N'oli
998 1788 1084 1827 me
1106 1781 1348 1842 tangere.
1386 1788 1404 1822 ι
1443 1768 1546 1824 Ubi
1576 1781 1682 1822 non
1713 1749 1759 1809 Β
1786 1765 2072 1842 passurum
2117 1757 2173 1804 et
2218 1757 2652 1842 resurrecturum
2700 1740 2962 1842 Dominus
3005 1740 3364 1842 riaediééi‘ét.

83 1874 178 1923 est
188 1866 485 1937 putandum
518 1865 659 1936 quod
676 1873 797 1935 post
809 1861 1257 1920 resurrectionem
1275 1862 1481 1914 tantum
1499 1871 1688 1912 renue-

87 1959 167 2012 rit
189 1966 393 2013 tactum
420 1952 906 2021 feminarum,cum
935 1947 1001 2009 de
1031 1950 1240 2008 duabus
1270 1967 1300 2005 a
1328 1955 1687 2005 monumento

89 2046 241 2103 illius
288 2046 660 2102 recedentibus
690 2046 891 2101 dictum
922 2045 1025 2111 sit,
1072 2043 1197 2114 quia
1242 2046 1593 2098 accesserunt
1629 2046 1685 2095 et

87 2145 392 2193 tenuerunt
420 2136 579 2208 pedes
604 2137 737 2207 ejus,
760 2136 854 2192 sed
884 2135 1026 2190 illam
1055 2150 1084 2188 a
1113 2149 1209 2189 suo
1231 2138 1481 2188 contactu
1502 2120 1689 2201 probi-

90 2231 246 2295 bhit,
281 2229 436 2299 cujus
481 2239 715 2284 mentem
754 2235 957 2283 rectam
995 2227 1047 2280 in
1078 2225 1182 2280 fide
1222 2239 1327 2278 non
1357 2222 1544 2277 sensit.
1581 2211 1689 2276 Sed

93 2335 277 2389 quare
308 2335 339 2372 a
374 2319 598 2373 muliere
623 2333 682 2372 se
709 2318 856 2388 tangi
887 2316 1137 2381 noluerit,
1166 2314 1541 2369 manifestatur
1566 2327 1689 2367 cum

98 2412 395 2467 subditur:
421 2430 438 2461 ‹
459 2408 701 2464 Nondum
728 2409 872 2463 enim
898 2406 1114 2462 ascendi
1131 2407 1195 2460 ad
1210 2405 1425 2459 Patrem
1444 2419 1643 2460 meum.
1666 2422 1685 2455 ι

97 2503 364 2573 Nunquid
406 2503 551 2557 enim
596 2509 717 2573 post
762 2500 1136 2556 ascensionem
1176 2512 1302 2555 eum
1342 2498 1693 2569 corporaliter

102 2604 336 2664 tangere
367 2592 621 2647 volebat?
646 2593 785 2646 Non.
815 2591 874 2645 lu
904 2591 1019 2660 ejus
1048 2590 1243 2661 quippe
1282 2598 1515 2645 mentem
1559 2596 1693 2643 non-

107 2686 237 2740 dum
267 2684 331 2737 ad
355 2683 572 2738 Patrem
602 2684 941 2746 ascenderat,
966 2696 1085 2751 qua:
1110 2695 1231 2736 cum
1261 2689 1533 2735 mortuum
1555 2676 1695 2732 inter

110 2777 357 2831 mortuos
381 2776 713 2845 requirebat,
739 2773 996 2843 aequalem
1028 2772 1174 2827 Patri
1208 2786 1331 2826 eum
1369 2786 1476 2825 non
1510 2769 1696 2825 crede-

108 2872 223 2924 bat.
262 2888 279 2921 ‹
313 2856 461 2924 Vade
506 2877 685 2922 autem
742 2868 808 2922 ad
859 2867 1057 2921 fratres
1105 2880 1293 2929 meos,
1344 2873 1401 2919 et
1443 2864 1531 2919 dic
1571 2864 1691 2918 eis:

115 2979 133 3010 ι
175 2959 423 3013 Ascendo
470 2957 536 3013 ad
587 2956 801 3011 Patrem
843 2971 1022 3010 meum
1067 2962 1122 3009 et
1160 2955 1376 3009 Patrem
1421 2961 1694 3019 vestrum,

114 3070 134 3101 c
173 3049 344 3104 Deum
376 3046 554 3104 meum
581 3057 635 3104 et
661 3049 829 3102 Deum
862 3055 1125 3101 vestrum.
1166 3064 1185 3097 ›
1218 3044 1408 3115 Magna
1453 3039 1694 3115 dignatio

1786 1842 1950 1896 etiam
1994 1840 2173 1896 locum
2214 1840 2305 1895 ubi
2346 1834 2611 1894 videndus
2649 1845 2795 1893 esset
2827 1853 2858 1892 a
2886 1837 3195 1908 discipulis,
3227 1835 3369 1893 des‘t-

1786 1933 1989 2005 gnavit,
2022 1933 2206 1988 dicens
2234 1950 2247 1986 :
2281 1951 2300 1984 ι
2335 1932 2625 2001 Postquam
2656 1945 3028 1995 resurrexero,
3058 1928 3366 2000 praecedam

1786 2038 1882 2078 vos
1924 2023 1979 2077 in
2007 2021 2281 2077 Galilaeam
2313 2022 2507 2093 (Marc.
2537 2018 2673 2089 xw).
2708 2038 2726 2070 ι
2761 2018 2827 2073 Et
2865 2035 2988 2075 eum
3031 2020 3149 2090 ejus
3187 2034 3366 2074 resur-

1789 2111 2081 2167 rectionem
2109 2110 2222 2180 jam
2250 2111 2447 2165 factam
2479 2108 2700 2179 angelus
2726 2109 3041 2165 mulieribus
3066 2108 3364 2174 nuntiaret,

1790 2206 1868 2260 ait
1894 2213 1908 2260 ξ
1940 2225 1958 2257 ι
1993 2206 2092 2272 lte,
2122 2205 2284 2260 dicite
2314 2204 2590 2274 discipulis
2613 2203 2762 2273 ejus,
2792 2211 2846 2258 et
2872 2203 3032 2258 Petro
3052 2242 3066 2266 ,
3094 2202 3219 2272 quia
3243 2217 3364 2259 sur-

1792 2296 1950 2351 rexit.
1986 2296 2123 2351 Ecce
2151 2294 2419 2366 prateedet
2445 2310 2541 2350 vos
2572 2295 2625 2349 in
2654 2293 2951 2360 Galilzeam,
2979 2293 3053 2349 ibi
3076 2307 3200 2348 eum
3219 2293 3368 2350 vidc-

1792 2385 1951 2451 bilis,
1996 2386 2138 2441 sicut
2179 2385 2313 2439 dixit
2351 2384 2505 2439 vobis
2543 2383 2737 2455 (Marc.
2767 2382 2900 2454 xvi).
2944 2403 2962 2433 ι
3000 2382 3113 2436 Hac
3139 2382 3373 2453 promis-

1794 2474 1946 2534 sibne
1979 2472 2226 2548 discipuli
2257 2476 2542 2541 sublevati,
2566 2484 2625 2531 ut
2652 2491 2889 2546 praesens
2909 2474 3184 2546 Evangelii
3210 2474 3372 2532 lectio

1792 2576 2001 2635 narrat,
2037 2588 2055 2620 ι
2088 2559 2336 2624 abierunt
2362 2569 2416 2623 in
2448 2566 2745 2632 Galilaeam,
2772 2567 2825 2620 in
2854 2573 3093 2622 montem
3116 2566 3207 2621 ubi
3236 2581 3372 2621 con-

1796 2661 2045 2716 stituerat
2074 2657 2178 2713 illis
2204 2657 2379 2712 Jesus.
2406 2677 2424 2711 ι
2447 2657 2549 2712 Ubi
2572 2671 2676 2711 non
2705 2657 2908 2725 absque
2937 2655 3374 2710 consideratione

1795 2752 2229 2825 pmtereundum
2256 2760 2361 2816 est,
2390 2750 2534 2821 quod
2559 2765 2617 2804 se
2647 2749 2700 2803 in
2731 2742 2950 2804 Galilzea
2979 2756 3101 2818 post
3130 2762 3375 2802 resurre-

1797 2842 2029 2902 ctionem
2060 2843 2319 2898 Dominus
2340 2840 2629 2897 videndum
2655 2838 2904 2909 promisit
2940 2846 3101 2908 atque
3130 2837 3211 2909 (ut
3239 2850 3378 2907 prae-

1799 2946 1925 2993 sens
1960 2936 2120 2992 lectio
2148 2930 2558 3003 commemorat)
2594 2930 2858 2985 exhibuit.
2886 2928 3107 2984 Galiltca
3145 2938 3379 2998 namque

1801 3030 1855 3083 in
1884 3034 2067 3083 nostra
2104 3026 2317 3097 lingua,
2353 3021 2744 3092 transmigratio
2782 3019 2924 3088 facta
2972 3018 3379 3089 interpretatur.

116 3092 133 3101 -
176 3092 344 3104 νυν...
376 3092 554 3104 ...ν.....
582 3092 635 3104 ν.
663 3092 829 3102 νη...
876 3092 1125 3101 .---.-...-
1166 3092 1180 3097 -
1218 3092 1408 3115 meo-”
1456 3092 1689 3115 -.θη---ν

110 3140 487 3209 Redemptoris
528 3155 659 3210 erga
714 3138 985 3209 apostolos
1028 3135 1354 3192 declaratur.
1402 3130 1505 3201 Qui
1548 3124 1692 3188 enim

1799 3117 1867 3172 Et
1891 3126 2014 3187 post
2042 3092 2491 3179 resurrectionem
2528 3113 2581 3166 in
2616 3109 2836 3167 Galilaaa
2867 3110 3101 3175 videtur,
3124 3118 3182 3164 ut
3211 3108 3382 3180 ipsius

110 3234 255 3287 servi
285 3248 393 3287 non
422 3232 635 3287 fuerant
666 3231 832 3302 digni,
856 3229 1052 3285 fratres
1080 3237 1361 3292 vocantur,
1382 3227 1534 3297 juxta
1565 3226 1696 3282 illud

110 3319 263 3388 quod
285 3318 341 3373 in
366 3319 475 3388 ejus
497 3335 723 3390 persona
748 3335 846 3387 per
870 3318 1211 3373 Psalmistam
1238 3317 1472 3372 dicitur:
1509 3335 1528 3367 ‹
1559 3315 1697 3370 Nar-

113 3413 254 3467 rabo
284 3428 472 3467 nomen
506 3425 653 3467 tuum
684 3412 943 3467 fratribus
970 3411 1129 3477 meis,
1166 3411 1220 3464 in
1252 3411 1431 3465 medio
1456 3408 1698 3466 ecclesiae

110 3502 347 3558 laudabo
379 3512 429 3557 te
465 3501 637 3573 (Psal.
683 3502 800 3569 xxi).
842 3521 860 3554 ι
896 3496 1007 3556 Nec
1048 3498 1116 3554 ab
1157 3499 1260 3555 hac
1300 3500 1558 3569 dignitate
1600 3515 1699 3556 nos

110 3590 272 3645 alieni
311 3590 547 3653 erimus,
576 3590 621 3644 si
649 3597 862 3644 morum
900 3588 1189 3643 sanctitate
1217 3587 1507 3657 participes
1535 3587 1700 3641 fueri-

109 3694 252 3745 mus,
278 3672 507 3734 Domino
534 3681 652 3749 ipso
680 3679 930 3735 dicente:
967 3697 986 3729 ί
1023 3677 1340 3747 Quicunque
1384 3668 1576 3732 fecerit
1602 3692 1698 3732 vo-

108 3773 376 3829 luntatem
400 3772 579 3827 Patris
601 3771 706 3827 mei
728 3771 817 3840 qui
843 3771 894 3824 in
917 3769 1068 3824 caelis
1089 3777 1193 3834 est,
1219 3770 1332 3839 ipse
1354 3783 1506 3823 meus
1530 3767 1698 3823 frater

107 3872 159 3918 et
189 3878 352 3919 soror
377 3870 434 3917 et
461 3870 637 3916 mater
668 3868 752 3915 est
787 3859 1002 3931 (Matth.
1035 3858 1156 3926 Χιι).
1188 3878 1207 3910 ι
1234 3858 1403 3925 Quam
1429 3873 1560 3929 ergo
1582 3874 1697 3913 ma-

103 3952 279 4022 jorem
313 3953 808 4007 remunerationem
839 3958 1016 4019 potest
1046 3950 1243 4005 habere
1270 3950 1553 4020 adoptatus
1583 3965 1698 4004 ser-

109 4060 229 4107 vus,
253 4059 421 4115 quam
453 4052 513 4097 ut
541 4042 838 4113 appelletur
867 4040 1035 4095 frater
1061 4027 1219 4101 illius,
1247 4040 1337 4109 qui
1375 4049 1458 4095 est
1507 4040 1697 4095 unicus

111 4128 298 4188 ﬁlius?
327 4132 397 4187 Et
423 4132 547 4187 ideo
592 4132 685 4201 qui
727 4129 872 4200 digni
921 4146 1025 4184 non
1072 4120 1270 4184 fuimus
1299 4119 1443 4184 servi
1475 4130 1694 4193 vocari,

112 4224 312 4279 fratres
343 4223 696 4293 appellamur.
725 4220 829 4276 Sed
862 4236 986 4276 cum
1017 4221 1219 4274 diceret
1251 4238 1264 4273 :
1304 4239 1320 4270 ι
1355 4220 1604 4274 Ascendo
1632 4219 1700 4273 ad

111 4314 330 4370 Patrem
358 4329 540 4368 meum
583 4322 638 4368 et
667 4313 886 4368 Patrem
916 4321 1156 4366 vestrum
1181 4351 1196 4375 ,
1228 4311 1395 4365 Deum
1436 4326 1614 4364 meum
1645 4317 1701 4363 et

113 4406 286 4463 Deum
314 4414 592 4469 vestrum,
627 4425 646 4457 ι
686 4419 853 4475 quare
897 4401 1256 4458 communiter
1295 4417 1399 4455 non
1431 4400 1567 4455 dixit
1605 4415 1699 4454 uo-

114 4496 327 4553 strum?
353 4494 620 4549 Nimirum
668 4494 793 4562 quia
832 4493 988 4546 aliter
1018 4490 1090 4544 illi
1122 4490 1282 4544 Pater
1310 4500 1393 4542 est
1418 4529 1432 4554 ,
1459 4497 1513 4542 et
1543 4487 1698 4541 aliter

115 4589 292 4644 nobis.
343 4586 608 4654 Quoniam
652 4583 793 4653 quod
840 4582 927 4637 ille
966 4581 1128 4635 habet
1168 4595 1264 4649 per
1300 4589 1568 4644 naturam,
1599 4593 1697 4634 nos

116 4677 428 4747 accepimus
455 4689 549 4743 per
579 4672 881 4742 adeptiouis
907 4670 1155 4740 gratiam.
1186 4669 1329 4723 Deus
1364 4662 1510 4722 illius
1530 4708 1544 4733 ,
1573 4668 1697 4736 quia

115 4766 403 4823 descendit
430 4764 496 4818 ad
524 4779 654 4828 uos,
685 4770 741 4817 et
769 4760 1070 4816 mino‘ratus
1101 4768 1185 4813 est
1217 4758 1378 4829 paulo
1418 4759 1595 4812 minus
1633 4758 1700 4812 ab

84 4856 347 4930 'angelis,
376 4856 768 4912 humanitatem
801 4863 1038 4909 nostram
1071 4867 1371 4907 assumens.
1403 4852 1544 4906 Deus
1575 4867 1703 4906 vero

120 4952 370 5015 illorum,
422 4949 549 5018 quia
596 4963 692 5019 per
741 4947 890 5002 illum
923 4946 989 5000 ad
1015 4942 1231 5000 Patrem
1269 4945 1562 5000 ascendere
1593 4959 1707 4998 tue-

121 5049 368 5097 ruerunt.

194 5151 214 5185 ς
244 5132 412 5187 Venit
439 5131 607 5186 Maria
637 5126 947 5205 Magdalcna
984 5118 1239 5183 nuntians
1264 5124 1558 5195 discipulis,
1587 5125 1713 5195 quia

128 5245 145 5276 ι
174 5226 284 5280 vidi
306 5224 614 5287 Dominum,
632 5230 687 5277 et
715 5223 830 5277 haec
854 5221 1153 5276 dixitmihi.
1176 5239 1194 5271 ι
1215 5216 1715 5273 Misericordissima

123 5318 219 5373 Dei
250 5318 428 5388 pietas
455 5317 507 5370 in
544 5317 648 5371 hoc
680 5315 798 5369 loco
826 5329 955 5384 erga
991 5328 1182 5368 sexum
1208 5312 1502 5367 femineum
1531 5309 1709 5365 decla-

122 5425 299 5468 ratur.
346 5411 482 5479 Quia
522 5410 669 5465 enim
709 5423 810 5480 per
850 5406 1105 5461 feminam
1148 5420 1296 5460 mors
1326 5402 1526 5458 mundo
1565 5398 1713 5456 illata

125 5503 336 5568 fuerat,
379 5516 449 5556 ne
486 5514 701 5570 semper
742 5498 797 5552 in
841 5494 1190 5565 opprobrium
1245 5508 1408 5549 sexus
1450 5490 1716 5547 femineus

127 5599 444 5659 haberetur,
467 5607 566 5664 per
587 5606 775 5648 sexum
802 5588 1095 5645 femineum
1117 5586 1287 5642 voluit
1313 5585 1561 5641 nuntiare
1585 5584 1717 5639 viris

132 5689 329 5763 gaudia
358 5684 791 5752 resurrectionis,
823 5696 921 5757 per
942 5694 1104 5752 quem
1133 5680 1376 5736 nuntiata
1405 5675 1580 5734 fuerat
1617 5673 1717 5733 tri;

1798 3206 1903 3261 loci
1933 3206 2148 3277 nomine
2174 3202 2494 3267 insinuaret,
2523 3201 2645 3270 quia
2663 3201 2774 3271 jam
2799 3199 3283 3269 transmigraverat
3310 3197 3380 3254 de

1798 3297 2145 3365 corruptione
2175 3294 2242 3349 ad
2274 3292 2760 3362 incorruptionem,
2812 3290 2880 3345 de
2927 3288 3262 3360 ignobilitate
3311 3288 3381 3345 ad

1799 3389 2022 3460 gloriam
2051 3427 2067 3453 ,
2113 3386 2180 3441 de
2214 3385 2542 3441 mortalitate
2589 3381 2655 3436 ad
2693 3380 3156 3435 immortalitatem
3183 3419 3198 3446 ,
3240 3380 3383 3434 sicut

1800 3473 1931 3536 dicit
1971 3478 2297 3549 Apostolus:
2334 3496 2352 3529 ‹
2383 3477 2496 3531 Etsi
2523 3488 2844 3530 noveramus
2872 3472 3145 3529 Christum
3189 3485 3381 3526 secun-

1800 3574 1927 3628 dum
1943 3580 2183 3637 Carnem,
2203 3571 2298 3625 sed
2315 3584 2458 3624 nunc
2478 3569 2590 3640 jam
2613 3581 2719 3621 non
2740 3564 2987 3621 novimus
3010 3562 3093 3635 (II
3112 3561 3235 3617 Cor.
3257 3561 3335 3632 v).
3357 3580 3375 3612 ι

1799 3664 1868 3718 Et
1910 3664 2039 3718 item
2063 3702 2078 3728 ,
2111 3681 2129 3713 ‹
2162 3660 2407 3716 Christus
2452 3672 2741 3729 resurgens
2767 3671 2797 3710 a
2835 3655 3093 3719 mortuis,
3127 3652 3239 3724 jam
3273 3668 3383 3707 non

1799 3755 2047 3819 moritur,
2064 3769 2211 3809 mors
2232 3753 2307 3808 illi
2329 3752 2468 3806 ultra
2493 3767 2597 3806 non
2622 3748 3002 3804 dominabitur.
3035 3740 3208 3818 (fiant.
3227 3745 3325 3817 vi).
3357 3760 3379 3798 ν

1801 3843 1925 3899 Sive
1950 3852 2098 3898 certe
2127 3858 2248 3897 cum
2273 3842 2326 3897 in
2352 3840 2567 3897 Galilma
2593 3840 2667 3911 (id
2689 3848 2771 3893 est
2797 3840 2851 3894 in
2878 3835 3380 3908 transmigratione)

1798 3935 2033 4000 videtur,
2060 3950 2159 3990 nos
2192 3928 2415 4006 mystice
2461 3938 2800 3997 commonet,
2834 3937 2893 3984 ut
2931 3929 2976 3985 si
3025 3944 3149 3984 eum
3198 3929 3381 3983 videre

1799 4034 2051 4096 optamus
2070 4035 2213 4079 nunc
2235 4039 2331 4094 per
2355 4023 2632 4094 Speculum
2654 4030 2708 4077 et
2732 4021 2787 4075 in
2808 4020 3113 4091 aenigmate,
3131 4026 3186 4074 et
3198 4026 3384 4089 postea

1799 4117 1941 4173 facie
1985 4117 2053 4171 ad
2095 4115 2286 4172 faciem
2319 4114 2367 4186 (Ι
2398 4113 2521 4171 Car.
2548 4112 2704 4184 xm),
2739 4112 3126 4182 transmigrare
3168 4110 3388 4164 studea-

1802 4223 1922 4262 mus
1962 4206 2030 4261 de
2057 4205 2205 4260 vitiis
2249 4206 2315 4259 ad
2346 4205 2606 4269 virtutes,
2647 4209 2703 4258 et
2755 4202 2822 4257 de
2868 4200 3053 4257 amore
3095 4199 3279 4254 mundi
3318 4197 3388 4254 ad

1803 4305 2043 4353 amorem
2087 4297 2213 4361 Dei,
2249 4296 2490 4351 dicentes
2521 4309 2643 4349 cum
2679 4291 2975 4363 Apostolo:
3012 4310 3030 4341 ι
3070 4287 3179 4343 Nos
3206 4297 3385 4342 autem

1804 4389 2042 4445 revelata
2057 4387 2190 4444 facie
2202 4388 2426 4459 gloriam
2444 4386 2652 4441 Domini
2675 4382 3102 4452 contemplantes
3119 4377 3336 4450 (Ibid),
3358 4399 3377 4428 ι

1802 4492 1859 4536 et
1906 4481 2132 4551 reliqua.
2172 4479 2325 4534 Nulla
2359 4480 2448 4534 hic
2492 4477 2678 4534 mundi
2708 4471 3143 4544 concupiscentia
3178 4475 3385 4531 teneat,

1804 4572 1949 4626 nulla
1982 4581 2168 4627 nostra
2195 4571 2507 4627 transitoria
2536 4566 2821 4623 delectatio
2846 4565 2931 4620 hic
2966 4569 3145 4616 mente
3170 4574 3388 4614 manere

1802 4659 2145 4733 persuadeat,
2170 4672 2229 4715 ut
2256 4668 2377 4716 eum
2400 4659 2655 4729 Apostolo
2693 4658 2874 4711 dicere
2902 4654 3174 4707 valeamus
3205 4668 3218 4705 :
3250 4669 3269 4703 σ
3289 4648 3407 4721 Nos

1807 4761 1919 4809 stra
1940 4762 2120 4808 autem
2144 4753 2483 4808 conversatio
2510 4752 2560 4804 in
2586 4749 2737 4805 emlis
2752 4755 2834 4803 est
2856 4736 3076 4817 (Philip.
3096 4744 3172 4816 v).
3196 4762 3215 4793 ι
3240 4740 3391 4799 Unde

1806 4844 1943 4898 bene
1988 4857 2097 4896 non
2142 4842 2316 4895 solum
2368 4842 2421 4895 in
2461 4838 2680 4894 Galilma
2712 4837 2946 4900 videtur,
2980 4834 3075 4889 sed
3123 4834 3285 4887 etiam
3336 4832 3389 4886 in

1812 4941 2015 4999 monte,
2046 4947 2203 4987 mons
2230 4932 2372 4987 enim
2408 4931 2460 4985 in
2492 4930 2595 4985 hoc
2623 4931 2742 4983 loco
2770 4925 3146 4983 celsitudinem
3188 4920 3413 4996 signifii

1814 5035 1903 5083 cat
1932 5024 2298 5096 perfectionis.
2345 5023 2403 5077 In
2448 5030 2630 5078 monte
2671 5034 2800 5092 ergo
2826 5018 3074 5088 discipuli
3105 5018 3395 5073 Dominum

1813 5119 2099 5182 viderunt,
2126 5117 2253 5186 quia
2278 5114 2352 5170 illi
2383 5129 2505 5170 eum
2550 5113 2870 5182 quandoque
2895 5106 3081 5165 vi‘dere
3109 5110 3394 5165 merebun-

1818 5219 1907 5266 tur
1932 5211 1984 5264 in
2012 5208 2294 5264 altitudine
2327 5206 2589 5262 caelorum
2609 5244 2623 5270 ,
2654 5204 2774 5273 qua:
2798 5201 3245 5258 nunc'd’esideria
3285 5189 3395 5256 eal-

1820 5308 1945 5359 cant
1975 5310 2332 5356 terrenarum.
2358 5296 2551 5353 Merito
2577 5305 2756 5351 autem
2787 5298 2906 5367 pust
2939 5294 3390 5351 resurrectionem

1817 5393 2100 5448 Dominum
2130 5388 2375 5459 discipuli
2406 5388 2766 5443 adoraverunt
2790 5426 2804 5453 ,
2848 5387 3029 5461 quem
3053 5382 3219 5439 etiam
3271 5374 3409 5435 ante

1817 5485 2121 5555 passionem
2177 5483 2232 5537 in
2285 5480 2563 5535 miraculis
2616 5480 2784 5534 Deum
2831 5492 2952 5533 esse
3006 5479 3392 5547 cognoverunt.

1819 5578 1971 5646 Quod
2005 5592 2133 5632 vero
2158 5574 2373 5631 dicitur.
2412 5593 2431 5625 ‹
2465 5571 2697 5639 Quidam
2720 5578 2903 5625 autem
2933 5566 3340 5624 dubitaverunt,
3370 5579 3389 5610 ι

1820 5670 1947 5725 illud
1970 5678 2052 5725 est
2075 5668 2214 5738 quod
2236 5665 2413 5724 Lucas
2434 5663 2761 5738 evangelista
2789 5660 2863 5718 ait
2894 5677 2906 5715 :
2930 5656 3067 5727 Quia
3089 5669 3208 5712 cum
3237 5650 3433 5737 vidis},
