3934 6346
581 296 686 364 ιὲδ

1208 294 1559 354 llAYMONlS
1598 289 2078 350 HALBERSTAT.
2119 282 2171 346 El

2275 290 2333 346 c.
2375 289 2525 349 orr.
2561 290 2740 349 rans
2776 293 2839 349 ιι.
2880 326 2949 336 -
2987 293 3217 353 ιιοιιιι.
3739 278 3820 366 tsi

581 428 705 477 sent
738 413 1023 473 Dominum
1053 411 1106 468 in
1135 410 1379 468 conclavi
1418 411 1719 467 residentes
1739 451 1753 476 ,
1783 408 2170 465 existimabant
2194 405 2245 467 Α
2276 406 2413 462 ritus
2444 408 2635 475 sancti,
2669 410 2764 465 sed
2794 410 2846 465 in
2875 411 3123 479 nomine,
3153 419 3214 467 ut
3241 396 3582 470 individuam
3622 414 3825 480 Trinita.

584 524 645 565 se
673 506 924 578 spiritum
957 503 1142 558 videre
1170 499 1321 573 (Luc.
1348 501 1521 573 χειν).
1552 501 1688 555 Nam
1722 512 1778 556 et
1816 514 1954 553 unus
1989 513 2057 552 ex
2085 497 2172 553 bis

583 605 707 654 cum
743 596 984 651 audisset
1026 592 1161 647 alios
1204 591 1445 647 dicentes
1475 592 1658 659 (Joan.
1694 593 1790 662 xx)
1817 631 1832 656 ,
1874 607 1893 640 ‹
1928 589 2173 645 Vidimus

584 687 892 749 Dominum,
931 703 951 736 ι
985 684 1088 738 hoc
1119 683 1416 754 ﬁeriposse
1445 683 1731 748 dubitavit,
1757 672 1973 738 dicens:
2006 699 2025 732 ι
2056 680 2174 736 Nisi

581 780 771 835 videro
804 778 858 832 in
892 775 1146 831 manibus
1189 774 1305 847 ejus
1349 774 1551 830 ﬁxuras
1597 776 1911 839 clavorum,
1954 782 2009 827 et
2052 771 2176 826 mit-

583 876 697 923 tam
726 866 955 938 digitum
995 880 1173 920 meum
1212 866 1269 920 in
1306 864 1485 921 locum
1520 864 1793 920 clavorum
1816 904 1831 928 ,
1872 871 1927 918 et
1958 862 2174 918 mittam

583 974 806 1014 manum
844 972 1021 1012 meam
1052 957 1106 1012 in
1131 956 1275 1011 latus
1304 957 1445 1028 ejus‘,
1470 972 1577 1011 non
1607 956 1848 1011 credam.
1882 973 1901 1008 ι
1931 942 2088 1010 Unde
2121 960 2178 1009 et

583 1050 800 1106 Marcus
826 1049 1157 1121 evangelista
1184 1049 1313 1104 dicit
1339 1067 1354 1103 :
1386 1069 1405 1100 ‹
1435 1048 1900 1104 Recumbentibus
1938 1044 2044 1101 illis
2071 1058 2176 1101 un-

584 1143 758 1199 decim
788 1143 1058 1213 apparuit,
1080 1150 1135 1197 et
1153 1141 1503 1212 exprobravit
1529 1139 1964 1196 incredulitatem
1988 1153 2176 1193 eorum

584 1240 641 1291 et
670 1236 927 1292 duritiam
958 1235 1140 1301 cordis
1172 1233 1366 1306 (Marc.
1393 1234 1542 1303 xw),
1577 1252 1595 1285 ι
1623 1240 1729 1287 etc.
1769 1228 1988 1285 Illorum
2031 1230 2177 1285 enim

586 1325 876 1391 dubitatio,
904 1334 1106 1381 nostra:
1131 1324 1254 1379 ﬁdei
1287 1324 1387 1379 fuit
1410 1323 1753 1380 conﬁrmatio
1779 1339 1793 1376 :
1822 1322 1947 1391 quia
1976 1329 2178 1391 quanto

584 1416 761 1488 magis
790 1416 1211 1480 dubitaverunt,
1254 1423 1405 1470 tanto
1445 1412 1757 1485 diligentius
1794 1411 2176 1481 iuquisierunt.

585 1504 655 1560 Et
683 1514 886 1574 quanto
907 1502 1203 1575 perfectius
1230 1504 1576 1568 invenerunt,
1608 1510 1757 1556 tanto
1786 1500 2014 1565 ﬁrmius,
2037 1499 2181 1569 quod

586 1596 810 1651 credere
848 1595 1143 1650 debeamus
1164 1635 1178 1661 ,
1213 1594 1586 1649 ostenderunt.
1612 1591 1680 1646 Et
1725 1606 1831 1645 non
1875 1588 2047 1646 solum
2078 1603 2179 1644 no-

587 1693 761 1739 stram
778 1684 938 1740 ﬁdem
959 1682 1475 1750 eorroboraverunt,
1495 1683 1588 1740 sed
1609 1681 1772 1738 etiam
1796 1679 2180 1736 haereticorum

585 1782 909 1852 pravitatem
939 1780 1346 1836 destruxerunt.
1856 1844 1861 1849 η

663 1888 682 1923 ι
721 1872 786 1926 Ει
827 1870 1093 1926 accedens
1123 1869 1282 1925 Jesus
1310 1868 1523 1923 locutus
1562 1874 1646 1923 est
1683 1866 1782 1922 eis.
1821 1885 1839 1918 ι
1873 1862 2007 1933 Quia
2042 1856 2176 1937 ergo

591 1961 801 2031 aliquos
823 1960 1212 2030 discipulorum
1242 1960 1308 2013 de
1346 1974 1445 2013 sua
1486 1956 1883 2012 resurrectione
1926 1954 2174 2010 dubitare

583 2035 855 2125 cognovit,
889 2068 994 2107 non
1022 2051 1193 2107 solum
1226 2053 1479 2122 proprius
1510 2049 1769 2104 accedere
1800 2049 2048 2118 dignatus
2068 2054 2170 2112 est,

583 2144 680 2199 sed
708 2132 872 2199 etiam
902 2143 1172 2213 colloqui,
1203 2150 1265 2197 ut
1291 2158 1413 2197 eum
1446 2156 1606 2211 quem
1636 2140 1806 2195 Deum
1841 2155 1945 2193 non
1975 2153 2175 2208 cogno-

583 2236 808 2291 scebant
837 2251 904 2290 ex
931 2235 1162 2301 visione,
1199 2237 1593 2305 cognoscerent
1620 2231 1809 2287 saltem
1841 2245 1907 2284 ex
1935 2229 2170 2284 collocu-

585 2326 750 2382 tione.
783 2326 876 2380 Ait
901 2327 1048 2381 enim
1077 2342 1090 2378 :
1122 2344 1141 2377 ι
1174 2325 1309 2379 Data
1346 2332 1429 2378 est
1459 2321 1591 2376 mihi
1632 2321 1809 2376 omnis
1843 2328 2087 2390 potestas
2118 2318 2171 2373 in

587 2420 785 2487 (coelo
814 2428 870 2475 et
899 2420 954 2474 in
991 2429 1159 2474 terra.
1201 2422 1219 2470 ι
1255 2416 1407 2484 Quod
1436 2432 1466 2469 a
1489 2424 1646 2485 parte
1674 2421 1963 2483 assumpta:
1984 2413 2173 2467 huma-

580 2509 764 2565 nitatis
809 2506 1067 2580 loquitur,
1099 2509 1151 2563 in
1192 2523 1296 2576 qua
1325 2507 1627 2561 mineratus
1669 2513 1753 2559 est
1793 2502 1951 2575 paulo
1994 2503 2173 2557 minus

582 2602 650 2655 ab
696 2600 923 2671 angelis.
951 2602 1008 2654 In
1041 2599 1381 2654 humanitate
1421 2612 1551 2667 ergo
1599 2597 1809 2664 accepit
1845 2603 2172 2665 potestatem

584 2690 727 2747 inter
752 2688 955 2755 omnia,
985 2690 1075 2760 qui
1110 2691 1164 2744 in
1207 2682 1497 2742 Diviuitate
1531 2687 1872 2756 omnipotens
1899 2694 1983 2739 est
2007 2682 2171 2754 super

576 2779 782 2844 omnia,
811 2778 951 2832 sicut
975 2778 1088 2847 ipse
1120 2778 1197 2830 ait
1221 2775 1401 2847 (Joan.
1429 2776 1484 2846 χ)
1520 2794 1533 2829 :
1568 2794 1587 2826 ι
1623 2775 1815 2829 Omnia
1857 2789 1976 2843 qua:
2007 2774 2167 2828 habet

579 2866 764 2936 Pater,
795 2887 914 2927 mea
943 2879 1088 2926 Sunt.
1119 2874 1138 2923 ὅ
1167 2872 1235 2925 Ει
1261 2872 1458 2926 iterum
1485 2886 1499 2924 :
1539 2890 1557 2923 ι
1593 2868 1706 2940 Ego
1729 2875 1783 2925 et
1811 2871 1973 2924 Pater
1999 2886 2166 2927 unum

582 2975 791 3016 sumus.
831 2980 850 3012 ι
888 2959 1004 3015 Νοιι
1035 2960 1209 3015 solum
1252 2960 1398 3015 enim
1440 2960 1496 3015 in
1549 2968 1694 3015 terra
1718 2999 1734 3025 ,
1781 2959 1877 3013 sed
1917 2956 2168 3013 etiamin

582 3049 720 3105 coelo
748 3053 1073 3121 potestatem
1096 3066 1154 3105 se
1177 3051 1451 3121 accepisse
1493 3050 1626 3105 dicit
1650 3068 1661 3104 :
1691 3050 1817 3119 quia
1861 3050 2169 3105 humanita-

2275 505 2382 552 tem
2412 498 2583 555 Deum
2625 514 2748 557 esse
2782 500 3099 568 insinuaret,
3140 500 3285 573 quia,
3311 502 3414 558 etsi
3457 503 3632 562 trinus
3672 516 3748 565 est
3781 510 3823 570 in

2275 589 2571 655 vocabulis,
2600 606 2739 645 unus
2770 599 2947 646 tamen
2976 602 3059 647 est
3082 592 3137 647 in
3164 600 3355 648 natura
3373 634 3390 661 ,
3426 597 3685 666 quoniam
3709 599 3824 661 Deus

2275 670 2457 746 Pater,
2482 680 2630 736 Deus
2648 676 2818 736 Filius
2835 723 2849 747 ,
2875 680 3015 740 Deus
3042 692 3124 739 est
3161 684 3398 755 Spiritus
3426 698 3671 746 sanctus.
3693 692 3752 748 Et
3773 711 3822 751 ne

2276 770 2540 842 fragilitas
2573 773 2935 843 apostolorum
2960 777 3026 829 ad
3048 776 3317 834 docendas
3337 790 3535 835 omnes
3563 778 3756 851 gentes,
3781 782 3824 842 se

2276 862 2457 917 minus
2486 863 2731 919 idoneam
2770 879 2889 920 esse
2917 866 3217 935 dubitaret,
3244 885 3503 941 magnam
3543 868 3663 941 pius
3687 889 3823 948 magi-

2278 960 2392 1008 ster
2413 953 2592 1009 intulit
2612 955 3055 1023 ’consol‘ationem,
3085 964 3209 1014 cum
3242 958 3570 1031 subiunxit:
3601 982 3620 1016 ι
3645 964 3707 1019 Et
3726 982 3824 1024 ecce

2284 1062 2303 1096 (
2339 1059 2439 1116 ego
2464 1046 2743 1102 vobiscum
2774 1063 2892 1103 sum
2920 1050 3171 1107 omnibus
3205 1052 3396 1108 diebus
3430 1069 3609 1124 usque
3634 1056 3697 1111 ad
3724 1073 3823 1114 cono

2284 1154 2304 1188 ι
2339 1137 2751 1194 summationem
2788 1140 2988 1195 saeculi.
3021 1161 3042 1195 ι
3073 1139 3225 1200 Unde
3256 1144 3554 1214 quaeritur,
3580 1162 3736 1217 quare
3764 1151 3823 1205 di-

2280 1232 2368 1279 cat
2406 1243 2419 1279 :
2471 1245 2490 1278 (
2540 1228 2679 1284 Ecce
2723 1243 2823 1301 ego
2868 1230 3145 1287 vobiscum
3197 1228 3318 1289 Sum
3371 1235 3634 1290 omnibus
3673 1236 3822 1293 diebus

2279 1331 2450 1387 usque
2477 1319 2543 1373 ad
2563 1321 3078 1378 consummationem
3102 1324 3306 1391 sazculi,
3328 1343 3346 1375 ι
3365 1340 3494 1381 cum
3518 1325 3643 1380 alibi
3662 1326 3824 1385 dixisse

2280 1404 2526 1480 legatur:
2562 1412 2581 1463 ι
2615 1406 2823 1479 Filioli,
2855 1414 3032 1470 adhuc
3061 1410 3332 1472 modicum
3372 1417 3662 1473 vobiscum
3705 1431 3821 1487 sum,

2281 1507 2336 1555 et
2361 1502 2614 1569 quaeretis
2639 1518 2758 1571 me,
2787 1511 2842 1560 et
2870 1520 2976 1560 non
3015 1505 3301 1562 invenietis
3335 1507 3528 1579 (Joan.
3556 1507 3693 1579 vin).
3726 1529 3742 1562 ι
3764 1511 3823 1566 Ad

2282 1588 2425 1661 quod
2450 1592 2737 1648 dicendum
2757 1634 2773 1661 ,
2803 1595 2928 1664 quia
2957 1594 3218 1652 Mediator
3244 1597 3340 1652 Dei
3365 1605 3425 1653 et
3454 1599 3725 1654 hominum
3748 1601 3824 1656 Do-

2282 1683 2461 1753 minus
2484 1680 2639 1740 Jesus
2662 1684 2932 1753 Christus,
2959 1684 3101 1766 sicut
3128 1684 3289 1744 v'érus
3330 1680 3503 1745 homo
3526 1729 3543 1756 ,
3588 1689 3664 1745 ita
3701 1706 3824 1747 verus

2204 1758 2250 1817 Β
2277 1749 2421 1831 Deus
2449 1784 2531 1831 est
2554 1777 2857 1835 credendus
2883 1797 2897 1833 :
2920 1749 2983 1834 et
3019 1762 3309 1851 aliquando
3338 1781 3408 1838 de
3447 1749 3718 1854 assumpta
3748 1783 3824 1838 lut-

2274 1862 2534 1922 manitate
2559 1866 2818 1939 loquitur,
2847 1869 3139 1940 aliquando
3167 1872 3235 1927 de
3256 1873 3507 1943 potentia
3538 1872 3821 1930 Divinitatis.

2275 1955 2431 2025 Quod
2462 1974 2592 2028 ergo
2616 1960 2721 2014 ait:
2752 1980 2769 2011 ι
2789 1960 2979 2017 Adhuc
3003 1962 3273 2019 modicum
3292 1963 3583 2020 vobiscum
3603 1980 3733 2032 sum,
3749 1964 3826 2020 nd

2274 2062 2607 2125 assumptam
2669 2054 2906 2124 pertinet
2956 2050 3346 2111 humanitatem
3374 2096 3390 2122 ,
3444 2057 3503 2112 in
3546 2072 3651 2127 qua
3691 2056 3824 2127 potuit

2283 2142 2350 2199 de
2378 2141 2498 2199 loco
2544 2144 2612 2199 ad
2658 2144 2835 2200 locum
2865 2145 2945 2200 ire
2973 2162 2986 2199 :
3020 2146 3162 2216 quod
3184 2137 3313 2201 vero
3339 2147 3432 2203 hic
3464 2147 3600 2203 dicit
3626 2164 3642 2204 :
3672 2166 3691 2200 ι
3719 2146 3821 2203 Ecce

2271 2245 2372 2304 ego
2397 2232 2676 2288 vobiscum
2717 2249 2836 2289 sum
2876 2235 3360 2310 nmnibus'diebus
3404 2253 3589 2308 usque
3629 2237 3695 2293 ad
3728 2251 3821 2293 con-

2274 2325 2692 2379 summationem
2729 2325 2934 2391 szeculi,
2967 2345 2986 2379 ι
3022 2326 3089 2381 ad
3123 2324 3467 2395 maiestatem
3499 2328 3727 2399 pertinet
3756 2327 3821 2382 Di-

2271 2414 2534 2484 vinitatis,
2563 2433 2661 2488 per
2682 2433 2843 2486 quam
2872 2417 3071 2487 ubique
3091 2428 3173 2474 est
3196 2433 3454 2489 praesens,
3472 2419 3675 2489 ubique
3694 2426 3818 2482 totus,

2272 2521 2374 2561 nec
2401 2507 2455 2560 in
2489 2516 2730 2577 tempore
2761 2508 2991 2574 accedit,
3021 2508 3108 2563 vel
3137 2509 3190 2563 in
3222 2516 3467 2579 tempore
3502 2509 3733 2575 recedit,
3753 2508 3819 2563 sed

2272 2612 2484 2667 semper
2507 2598 2807 2667 :equaliter,
2841 2613 3057 2668 semper
3097 2597 3440 2655 ineﬂ'abiliter
3470 2604 3692 2663 manet,
3715 2596 3822 2651 sicut

2272 2685 2321 2741 ei
2352 2702 2447 2757 per
2474 2686 2815 2741 Psalmistam
2839 2687 3039 2742 dicitur
3062 2706 3075 2742 :
3108 2705 3128 2740 ‹
3157 2688 3235 2743 Tu
3259 2689 3402 2759 idem
3433 2689 3556 2761 ipse
3577 2704 3633 2744 es
3652 2698 3702 2743 et
3723 2684 3821 2739 anni

2270 2776 2348 2829 tui
2391 2773 2498 2831 non
2529 2777 2779 2832 deﬁcient
2818 2764 2992 2849 (Psal.
3037 2778 3133 2850 ci).
3169 2799 3188 2832 ι
3226 2779 3361 2836 Cum
3397 2796 3535 2837 vero
3577 2794 3736 2849 usque
3776 2775 3823 2830 ad

2270 2868 2795 2922 consummationem
2844 2869 3026 2923 sreculi
3073 2886 3196 2924 cum
3246 2872 3509 2942 apostolis
3554 2886 3615 2927 se
3643 2867 3821 2926 manere

2269 2961 2534 3031 promisit,
2563 2961 2802 3017 ostendit
2825 2977 2997 3033 usque
3027 2963 3096 3017 ad
3122 2965 3660 3020 consummationem
3684 2960 3820 3019 seculi

2272 3052 2379 3107 non
2408 3046 2598 3108 déesSe
2628 3051 2837 3108 futuros
2865 3052 3090 3119 electos,
3116 3050 3238 3110 cum
3267 3054 3463 3123 quibus
3494 3051 3622 3124 ipse
3645 3062 3818 3110 manere

580 3149 711 3206 tem,
740 3158 902 3212 quam
928 3154 1026 3213 pro
1050 3143 1204 3197 nobis
1229 3144 1337 3213 pati
1367 3142 1611 3208 tradidit,
1643 3141 1975 3213 resurgendo
2000 3141 2162 3196 etiam
2192 3134 2236 3195 C
2268 3143 2534 3212 dignetur.
2578 3145 2714 3201 Cum
2761 3145 2905 3200 enim
2955 3144 3125 3200 multo
3170 3143 3410 3217 longiora
3457 3152 3716 3216 tempora
3736 3152 3817 3215 post

579 3248 745 3303 super
799 3233 1020 3305 angelos
1073 3233 1347 3299 elevavit,
1381 3241 1521 3289 teste
1570 3232 1849 3301 Apostolo,
1902 3231 1992 3300 qui
2046 3231 2165 3285 ait:

586 3333 604 3375 t
650 3323 875 3393 Pmpter
902 3322 1043 3394 quod
1075 3332 1131 3378 et
1167 3323 1308 3378 Deus
1350 3323 1609 3378 exaltavit
1638 3321 1791 3376 illum
1814 3362 1829 3386 ,
1865 3330 1919 3376 et
1947 3320 2171 3376 donavit

581 3413 656 3467 illi
682 3420 874 3467 nomen
901 3413 1042 3483 quod
1071 3421 1153 3467 est
1180 3428 1343 3482 super
1363 3427 1525 3467 omne
1549 3426 1764 3472 nomen,
1794 3419 1853 3465 ut
1880 3410 1930 3463 in
1956 3409 2172 3464 nomine

577 3501 707 3559 Jesu
733 3519 896 3558 omne
925 3519 1064 3574 geuu
1097 3502 1359 3563 ﬂectatur,
1388 3501 1714 3565 caelestium,
1749 3500 2089 3555 terrestrium
2116 3507 2173 3554 et

583 3592 921 3648 infernorum
954 3592 1178 3666 (Philip.
1212 3592 1294 3665 ιι).
1328 3582 1345 3643 ι
1382 3592 1508 3647 Haec
1554 3602 1734 3646 autem
1780 3599 2021 3660 potestas
2063 3605 2171 3644 non

507 3694 510 3703 ‘
584 3686 789 3755 Spernit
810 3692 1148 3755 peccatores,
1173 3685 1267 3739 sed
1288 3684 1513 3753 colligit.
1532 3683 1686 3739 Unde
1710 3690 1993 3753 postquam
2014 3682 2169 3746 dixit,

591 3793 608 3826 ι
648 3775 782 3829 Data
811 3786 894 3831 est
922 3777 1054 3831 mihi
1081 3775 1258 3831 omnis
1285 3784 1527 3846 potestas
1549 3775 1603 3829 in
1624 3775 1761 3830 ccclo
1791 3782 1845 3830 et
1875 3774 1929 3829 in
1949 3783 2111 3838 terra,
2144 3790 2166 3825 ι

595 3863 837 3934 adjunxit
866 3881 878 3919 :

662 3970 681 4003 ι
728 3952 930 4007 Euutes
959 3956 1089 4025 ergo
1121 3952 1314 4007 deccte
1359 3967 1547 4006 omnes
1587 3962 1805 4023 gentes,
1831 3952 2171 4023 baptizantes

591 4061 611 4095 ι
653 4058 747 4097 eos
777 4043 831 4097 in
860 4046 1077 4099 nomine
1100 4044 1301 4109 Patris,
1330 4054 1386 4098 et
1414 4043 1555 4110 Filii,
1581 4054 1631 4099 et
1658 4043 1893 4115 Spiritus
1918 4045 2113 4100 sancti.
2146 4061 2166 4099 ι

588 4127 644 4187 ln
677 4147 783 4201 quo
828 4132 952 4187 loco
989 4135 1122 4188 ordo
1173 4143 1319 4189 recte
1366 4134 1672 4204 baptizandi
1706 4135 2006 4190 ostenditur
2049 4151 2169 4190 cum

590 4221 836 4275 doctrina
878 4222 1206 4291 baptismum
1247 4222 1551 4293 praecedere
1596 4224 1838 4277 docetur.
1870 4222 1962 4277 Ait
1991 4222 2166 4278 enim:

595 4330 614 4362 ι
656 4311 858 4367 Docctc
886 4328 1076 4369 omnes
1112 4322 1339 4389 gentes:
1382 4333 1400 4365 ι
1441 4313 1634 4368 deinde
1661 4311 1973 4395 subiunxit:
2012 4334 2030 4366 ι
2061 4315 2171 4369 Ba-

2270 3235 2542 3306 apostolos
2570 3234 2749 3290 futura
2775 3245 2957 3292 essent
2981 3251 3153 3307 usque
3181 3237 3250 3291 ad
3287 3238 3814 3299 consummationem,

2271 3341 2378 3381 non
2428 3327 2667 3397 putanda
2709 3335 2793 3381 est
2837 3327 2954 3383 haec
2996 3327 3284 3398 promissio
3309 3327 3377 3382 ad
3408 3320 3561 3383 solos
3589 3326 3815 3398 apostolos

2270 3416 2562 3488 pertinere,
2592 3417 2686 3472 sed
2716 3417 2781 3472 ad
2806 3430 2994 3472 omnes
3031 3417 3264 3486 electos,
3302 3417 3393 3489 qui
3428 3422 3609 3489 usque
3635 3418 3700 3474 ad
3726 3425 3814 3473 con-

2270 3506 2682 3561 summationem
2731 3506 2912 3561 sasculi
2959 3505 3125 3562 futuri
3168 3515 3324 3573 sunt,
3366 3506 3526 3576 juxta
3556 3508 3698 3578 quod
3721 3503 3811 3560 alibi

2271 3594 2385 3664 ipse
2424 3594 2551 3649 ait':
2594 3614 2613 3647 ι
2641 3594 3030 3651 Ριιωόίεειιιὶιιιι·
3070 3596 3173 3653 hoc
3204 3597 3558 3669 Evangelium
3606 3595 3811 3654 Omnibus

2272 3686 2543 3757 gentibus,
2565 3693 2621 3740 et
2645 3694 2772 3741 tunc
2800 3688 2982 3743 veniet
3009 3689 3131 3744 ﬁnis
3153 3689 3370 3762 (Matth.
3400 3689 3575 3763 xlxrv).
3616 3710 3637 3745 ι

2782 3815 3067 3873 HOMILIA
3102 3809 3340 3874 LXXIX.

2719 3924 2951 3984 sinnno
3006 3945 3138 3985 posr
3193 3946 3413 3991 pascat:

2347 4034 2520 4108 (101m.
2553 4037 2672 4111 xx.)
2710 4057 2729 4089 ι
2757 4038 2814 4093 1η
2849 4038 2940 4094 illo
2970 4048 3207 4111 tempore
3240 4059 3253 4095 :
3285 4041 3399 4097 Una
3441 4041 3651 4097 sabbati
3680 4037 3807 4094 Maria

2280 4149 2298 4182 ι
2334 4130 2642 4200 Magdalene
2664 4133 2811 4185 venit
2836 4145 3015 4197 mane,
3037 4149 3161 4188 cum
3190 4135 3367 4189 adhuc
3390 4136 3628 4192 tenebrae
3649 4139 3806 4191 esseni.
3874 4126 3877 4135 ’

2281 4239 2299 4272 ι
2336 4220 2400 4273 ad
2430 4231 2856 4292 monumentum.
2900 4242 2918 4274 ι
2951 4222 3017 4277 Ει
3056 4222 3284 4293 reliqua.

2346 4308 2402 4364 Si
2431 4310 2553 4379 quis
2600 4308 2759 4378 hujus
2799 4311 3039 4368 mulieris
3088 4312 3387 4383 praeteritas
3435 4318 3673 4372 actiones
3716 4324 3805 4367 cum

591 4402 859 4473 ptizantcs
881 4420 993 4459 eos.
1030 4424 1049 4456 ι
1082 4404 1238 4459 Prius
1270 4406 1413 4460 enim
1443 4405 1624 4461 doceri
1666 4407 1825 4481 debet
1862 4406 1952 4476 qui
1992 4406 2169 4478 bapti.
2201 4468 2235 4481 ι.
2273 4400 2527 4468 przesenti
2553 4398 2782 4454 lectione
2805 4402 3069 4469 conferat,
3092 4413 3351 4474 quantum
3382 4406 3685 4465 misericors
3700 4402 3803 4458 Deus

588 4468 795 4552 candus
822 4506 924 4563 est,
958 4507 1017 4553 ut
1040 4498 1274 4569 primum
1302 4500 1470 4554 discat
1508 4480 1730 4555 credere
1753 4540 1768 4565 ,
1806 4500 1950 4569 quod
1978 4468 2164 4571 postea

2273 4506 2396 4561 erga
2441 4503 2733 4544 conversos
2762 4501 3071 4559 peccatores
3120 4495 3229 4560 sit,
3259 4508 3570 4568 cognoscet.
3617 4496 3725 4552 Ilaec
3745 4496 3804 4543 est

590 4592 689 4654 per
728 4586 1054 4656 baptismum
1092 4587 1263 4658 possit
1292 4589 1557 4658 accipere.
1602 4587 1738 4656 Quia
1782 4597 1840 4643 ut
1885 4588 2021 4645 ﬁdes
2053 4590 2171 4645 sine

589 4679 847 4747 bperibus
876 4688 1089 4733 mortua
1130 4688 1211 4733 est
1243 4676 1385 4749 (Jac.
1432 4680 1515 4748 ιι),
1545 4680 1617 4733 ita
1646 4695 1811 4749 opera
1840 4680 1883 4734 si
1925 4696 2031 4735 non
2063 4681 2174 4735 sint

591 4782 659 4822 ex
692 4766 811 4831 ﬁde,
840 4767 972 4822 nihil
1001 4776 1245 4839 prosunt.
1279 4768 1429 4835 Quod
1459 4770 1511 4824 in
1542 4770 1779 4841 parvulis
1814 4772 2031 4841 quidem
2063 4788 2167 4826 non

590 4857 931 4921 observatur,
968 4860 1090 4927 quia
1124 4874 1222 4928 per
1253 4859 1409 4913 ﬁdem
1452 4870 1767 4930 parentum,
1800 4862 1886 4916 vel
1915 4877 2101 4917 eorum
2140 4876 2170 4916 a

592 4948 787 5018 quibus
809 4951 1196 5021 suscipiuntur,
1223 4953 1275 5007 in
1297 4970 1454 5009 sacro
1484 4956 1804 5024 baptismate
1826 4957 2021 5012 salvari
2052 4972 2170 5012 cre-

592 5038 834 5093 duntur:
867 5041 939 5095 ita
972 5050 1181 5108 tamen,
1215 5053 1272 5099 ut
1299 5061 1420 5099 cum
1446 5046 1512 5099 ad
1546 5045 1934 5117 iutelligibilem
1955 5054 2169 5103 :etatem

591 5132 955 5200 pervenerint,
983 5141 1098 5188 non'
1121 5134 1294 5189 solum
1322 5135 1620 5191 doceantur
1646 5136 1775 5206 quid
1808 5137 1860 5190 in
1887 5138 2050 5193 corde
2079 5139 2171 5194 de-

591 5206 755 5273 beant
781 5223 1023 5286 creuere,
1040 5224 1133 5278 sed
1162 5225 1325 5279 etiam
1350 5224 1476 5295 quid
1504 5227 1556 5280 in
1578 5239 1742 5297 opere
1764 5240 1999 5283 servare.
2020 5228 2171 5286 Unde

592 5318 650 5363 et
694 5308 834 5367 bene
881 5313 1133 5369 subditur
1168 5331 1184 5370 :
1221 5332 1242 5367 ι
1278 5314 1544 5371 Docentes
1590 5331 1684 5371 eos
1722 5332 1942 5375 servare
1985 5321 2166 5376 omnia

598 5407 617 5450 ι
654 5414 990 5472 quaecunque
1028 5403 1279 5483 mandavi
1322 5392 1492 5458 vobis.
1532 5423 1552 5458 ι
1586 5402 1704 5460 Non
1752 5405 1858 5462 alia
1904 5423 2034 5481 ergo
2077 5411 2173 5467 do-

593 5487 765 5544 cenda
797 5498 953 5559 sunt,
982 5491 1080 5547 sed
1118 5506 1238 5561 qua:
1265 5489 1515 5548 Christus
1541 5495 1835 5566 praecepit:
1865 5505 1920 5552 et
1946 5496 2037 5555 illa
2064 5514 2170 5556 non

592 5586 659 5658 ex
682 5587 857 5650 parte,
887 5579 980 5636 sed
1008 5580 1211 5636 omnia.
1240 5578 1543 5637 Notandum
1571 5598 1699 5640 vero
1744 5587 1886 5658 quod
1926 5605 2033 5647 non
2060 5590 2167 5646 ait:

593 5656 940 5741 Baptizantes
964 5686 1059 5729 eos
1087 5672 1141 5729 in
1169 5672 1477 5730 nominibus
1504 5673 1684 5733 Patris
1712 5656 1911 5735 etFilii
1952 5690 2007 5739 et
2051 5679 2170 5752 Spi-

2273 4581 2416 4634 euim
2447 4580 2535 4634 illa
2562 4580 2784 4647 mulier,
2808 4598 2928 4653 qua:
2949 4624 2964 4648 ,
2990 4593 3050 4637 ut
3078 4583 3254 4642 Lucas
3284 4588 3360 4641 ait
3384 4586 3536 4661 (Luc.
3583 4586 3690 4654 vn),
3712 4593 3801 4637 cum

2272 4678 2416 4725 esset
2459 4671 2512 4724 in
2544 4670 2762 4727 civitate
2807 4674 3099 4743 peccatrix,
3141 4684 3199 4730 ut
3225 4680 3478 4750 cognovit
3508 4677 3641 4752 quod
3684 4672 3800 4728 Iesu!

2272 4762 2610 4818 accubuisset
2639 4764 2691 4818 in
2720 4765 2879 4821 domo
2919 4765 3154 4824 Simonis
3179 4758 3375 4839 leprosi
3398 4812 3415 4838 ,
3452 4770 3627 4827 attulit
3667 4763 3801 4820 alabaé

2274 4861 2443 4907 strum
2471 4855 2759 4924 unguenti,
2788 4865 2843 4912 et
2879 4867 3030 4913 stans
3062 4868 3205 4914 retro
3230 4876 3386 4917 secus
3413 4866 3576 4932 pedes
3619 4850 3798 4915 Domini.

2277 4942 2532 5013 lacrymis
2575 4947 2740 5015 coepit
2786 4947 2962 5017 rigare
3007 4951 3171 5018 pedes
3199 4948 3347 5020 ejus,
3398 4962 3454 5009 et
3498 4946 3690 5022 capillis
3716 4940 3797 4998 sui!

2279 5036 2539 5105 tergebat,
2564 5045 2619 5091 et
2641 5038 2980 5093 osculabatur
3002 5041 3166 5111 pedes
3196 5043 3338 5113 ejus,
3366 5052 3420 5099 et
3458 5034 3709 5117 unguento
3728 5045 3797 5087 un-

2276 5130 2451 5201 gebat.
2500 5129 2626 5186 Haec
2674 5139 2758 5186 est
2788 5132 2852 5186 de
2877 5146 2981 5203 qua
3025 5133 3235 5190 Marcus
3288 5135 3477 5192 scribit
3514 5158 3527 5192 :
3561 5154 3578 5187 ι
3612 5130 3797 5196 ευτιθιιε

2276 5226 2458 5275 autem
2504 5220 2659 5276 Jesus
2705 5237 2861 5277 mane
2908 5224 3082 5293 prima
3140 5226 3376 5295 sabbati,
3406 5225 3643 5300 apparuit
3664 5217 3796 5292 prim0

2275 5301 2460 5368 Maria:
2489 5312 2819 5385 Magdalene;
2850 5314 2916 5370 de
2942 5331 3048 5385 qua
3079 5316 3311 5386 ejeeerat
3338 5328 3544 5390 septem
3586 5302 3793 5372 dieillo"ia

2275 5403 2469 5478 (Marc.
2504 5404 2639 5476 xvi).
2679 5424 2697 5458 ι
2734 5402 2840 5460 Sed
2864 5402 2990 5477 quia
3013 5407 3166 5479 juxta
3214 5408 3509 5467 Salvatoris
3533 5410 3700 5464 vocem
3738 5392 3794 5449 ἀί·

2274 5495 2438 5552 missa
2466 5504 2587 5550 sunt
2624 5495 2672 5549 ei
2696 5507 2911 5565 peccata
2938 5499 3127 5567 multa,
3153 5499 3276 5571 quia
3302 5500 3490 5558 dilexit
3521 5482 3793 5581 ntultitm,_itt

2275 5587 2391 5657 ipso
2424 5586 2727 5642 dilectionis
2765 5586 2975 5646 fervore
3001 5607 3171 5664 usque
3213 5594 3279 5649 ad
3305 5595 3602 5665 passionem
3628 5574 3791 5640 Do"!ini

2274 5681 2663 5750 perseveravit,
2710 5697 2807 5738 nec
2850 5700 2880 5739 ιι
2909 5694 3120 5741 mortuo
3161 5689 3332 5758 potuit
3380 5683 3629 5760 separari,
3672 5672 3791 5743 quem
