3934 6346
131 276 247 333 485

1366 258 1673 320 ΗΟΜιιιιλΕ
1715 261 1805 317 DE
1845 254 2188 321 TEMPORE.

3301 240 3410 315 tso‘

134 394 417 447 viventem
440 396 652 440 summo
678 379 940 438 dilexerat
959 390 1162 433 amore.
1193 374 1435 445 Denique
1461 374 1544 447 (ut
1570 389 1732 429 evan—
1759 383 1802 439 Α
1833 372 2058 439 disserit,
2086 370 2162 427 illi
2191 384 2304 441 prae
2335 368 2548 427 caeteris
2573 376 2929 437 amaverunt,
2967 366 3159 427 Petrus
3205 370 3415 429 scilicet

133 486 344 559 gelista:
384 476 645 549 referunt)
674 491 799 531 mox
848 480 908 529 ut
953 473 1237 527 Dominum
1284 470 1337 524 in
1379 476 1727 524 monumento

133 557 378 648 positum
400 570 555 635 vidit,
576 568 709 624 emit
736 570 977 622 aromata
997 604 1012 629 ,
1038 572 1096 618 et
1122 576 1279 617 mane
1304 560 1477 632 prima
1514 557 1727 615 sabbati

137 677 269 723 ante
321 666 495 720 lucem
527 664 611 734 (ut
633 673 871 732 praesens
897 653 1172 726 Evangelii
1220 652 1380 709 lectio
1417 650 1627 722 narrat)
1658 649 1729 704 ad

142 756 456 828 sepulcrum
476 748 865 808 Dominivenit.
884 747 1086 801 Etcum
1112 758 1275 799 sexus
1296 742 1558 797 femineus
1579 740 1725 794 timi-

138 827 243 902 dus
269 859 394 900 esse
417 841 590 898 soleat
612 837 679 894 ad
702 833 1089 892 ambulandum
1119 833 1173 887 in
1200 831 1458 894 tenebris,
1475 827 1608 883 nihil
1623 828 1725 882 ista

139 938 357 1003 metuit,
381 950 503 1005 quae
524 939 635 988 toto
661 930 825 987 corde
853 925 1139 981 Dominum
1171 922 1374 978 dilexit.
1401 922 1533 975 Erat
1579 920 1723 974 enim

141 1033 195 1086 in
234 1030 327 1085 illa
351 1026 590 1098 perfecta
614 1022 851 1080 charitas
869 1061 886 1086 ,
916 1034 1035 1089 qua:
1074 1017 1226 1073 foras
1254 1016 1423 1071 mittit
1452 1014 1723 1068 timorem.

141 1121 251 1178 Sed
289 1120 554 1192 quaeritur
596 1131 764 1188 quare
802 1113 1034 1169 Joannes
1073 1110 1257 1167 dicat.:
1295 1107 1462 1162 Maria
1512 1105 1728 1177 Magda-

139 1212 262 1269 lene
286 1211 438 1267 venit
464 1223 620 1264 mane
644 1222 766 1263 cum
792 1205 967 1261 adhuc
986 1202 1225 1259 tenebrae
1246 1207 1429 1256 essent
1445 1199 1513 1254 ad
1537 1212 1728 1252 monu-

139 1314 403 1366 mentum,
429 1301 641 1356 Marcus
661 1312 791 1353 vero
811 1296 956 1352 dicat
978 1308 1101 1349 eam
1126 1291 1339 1347 venisse
1363 1288 1521 1344 valde
1543 1301 1723 1352 mane,

135 1406 260 1453 orto
283 1396 398 1467 jam
429 1393 561 1449 sole.
592 1391 676 1446 Ad
716 1389 858 1460 quod
890 1385 1205 1457 simpliciter
1234 1381 1561 1452 respondere
1603 1393 1726 1449 pos-

135 1502 352 1551 sumus,
388 1485 514 1555 quia
542 1481 717 1552 potuit
743 1479 860 1535 ﬁeri
892 1486 947 1533 ut
976 1477 1209 1547 primum
1234 1472 1348 1529 sola
1393 1478 1518 1524 ante
1550 1468 1727 1524 lucem

133 1578 207 1633 ad
236 1582 646 1631 monumentum
677 1569 888 1625 venerit
934 1576 1156 1639 prepter
1199 1563 1402 1620 amoris
1449 1559 1723 1632 magnitu-

1827 472 1881 518 et
1904 461 2161 530 Joannes,
2184 461 2337 532 cujus
2364 469 2448 519 est
2479 462 2584 518 hoc
2612 460 2982 532 Evangelium.
3015 460 3169 519 Unde
3193 470 3249 518 et
3271 463 3412 521 bene

1827 556 2025 613 dicitur
2055 572 2071 611 :

1903 664 1922 697 ι
1958 645 2106 699 Exiit
2129 658 2257 715 ergo
2280 642 2475 699 Petrus
2499 651 2556 700 et
2577 642 2666 699 ille
2691 642 2832 698 alius
2876 643 3169 715 discipulus
3186 685 3204 714 ,
3228 655 3284 702 et
3309 656 3408 705 ve-'

1834 753 1853 787 ι
1886 744 2083 791 nerunt
2109 735 2177 789 ad
2231 743 2637 790 monumentum
2687 751 2701 789 :
2732 735 3035 790 Currebam
3081 745 3263 795 autem
3301 738 3411 795 duo’

1832 845 1850 878 ‹
1886 826 2067 892 simul,
2095 835 2152 881 et
2176 826 2265 880 ille
2288 826 2427 880 alius
2452 825 2745 895 discipulus
2784 827 3073 895 prmcurrit
3111 828 3272 884 citius
3309 828 3413 885 Pe-

1833 936 1852 970 ε
1891 926 1997 983 tro,
2026 926 2081 972 et
2111 918 2259 972 venit
2287 918 2495 989 primus
2526 918 2596 971 ad
2626 927 3052 973 monumentum.
3086 918 3155 975 Et
3180 934 3315 975 cum
3355 926 3414 976 se

1833 1029 1852 1062 ι
1897 1010 2241 1077 inclinasset,
2298 1011 2431 1064 vidit
2478 1011 2654 1081 posita
2690 1010 3026 1078 linteamina,-
3068 1022 3173 1068 nan
3229 1024 3413 1072 tamen

1833 1118 1851 1151 ι
1891 1100 2151 1155 introivit.
2205 1100 2367 1155 Venit
2394 1114 2523 1172 ergo
2553 1099 2740 1155 Simon
2771 1101 2967 1156 Petrus
2992 1117 3228 1172 sequens
3250 1120 3373 1161 eum
3393 1145 3413 1171 ,

1833 1209 1852 1242 ι
1884 1200 1941 1245 et
1960 1191 2184 1245 intravit
2211 1192 2265 1247 in
2308 1202 2742 1247 monumentum.
2797 1192 2866 1247 Et
2916 1193 3050 1249 vidit
3096 1193 3411 1252 linteamina

1832 1303 1851 1336 ι
1885 1284 2082 1354 posita,
2117 1293 2171 1340 et
2191 1286 2471 1340 sudarium
2510 1286 2652 1355 quod
2676 1284 2852 1341 fuerat
2885 1300 3046 1357 super
3085 1298 3247 1358 caput
3272 1288 3414 1359 ejus;

1833 1390 1852 1424 ί
1896 1388 2003 1428 non
2034 1389 2161 1429 cum
2183 1373 2587 1431 linteaminibus
2606 1376 2862 1445 positum,
2886 1378 2981 1433 scd
3007 1379 3299 1448 separatim
3331 1380 3416 1434 in4

1833 1481 1852 1516 ι
1883 1464 2124 1520 volutum
2147 1466 2203 1520 in
2253 1481 2420 1520 unum
2450 1465 2647 1522 locum.
2682 1486 2703 1520 ι
2753 1465 2956 1522 Cursus
2980 1477 3161 1523 autem
3202 1469 3305 1526 iste
3332 1469 3414 1525 di-‘

1825 1556 2155 1626 scipulorum
2185 1572 2217 1611 a
2250 1558 2512 1628 mysterio
2561 1573 2764 1613 vacuus
2819 1573 2927 1613 non
2981 1568 3067 1614 est
3118 1561 3413 1630 putandus:

130 1670 342 1734 dinem,
390 1674 446 1722 et
495 1672 681 1738 postea
733 1671 856 1718 orto
913 1660 1027 1717 sole
1056 1673 1179 1715 eum
1223 1657 1433 1712 duabus
1482 1653 1725 1726 ejusdem
1753 1732 1789 1738 _
1826 1645 1944 1702 Non
1970 1647 2115 1702 enim
2140 1662 2201 1704 se
2220 1647 2457 1703 Joannes
2484 1648 2719 1719 priorem
2748 1648 2959 1704 venisse
2991 1657 3046 1703 et
3077 1665 3184 1705 non
3213 1650 3417 1706 intras-

128 1760 377 1817 nominis
422 1757 638 1813 feminis
674 1756 871 1810 iterum
920 1752 989 1808 ad
1015 1756 1426 1806 monumentum
1474 1744 1716 1802 redierit.
1751 1732 1797 1799 Β
1824 1752 1884 1794 se
1927 1739 2175 1805 dixisset,
2203 1739 2248 1794 si
2275 1739 2332 1794 in
2370 1740 2486 1810 ipsa
2541 1755 2637 1796 sua
2688 1740 3051 1811 trepidatione
3094 1743 3413 1814 mysterium

130 1850 256 1909 Non
280 1851 425 1907 enim
460 1847 627 1905 semel
656 1848 710 1902 in
753 1847 865 1913 die,
893 1846 989 1901 sed
1032 1843 1346 1913 frequenter
1395 1841 1463 1896 ad
1509 1837 1722 1894 Domini

130 1948 546 2001 monumentum
567 1950 767 1998 saneta:
789 1938 1042 1993 mulieres
1066 1935 1276 1991 venisse
1297 1931 1551 2005 putandae
1574 1937 1720 1986 sunt.

130 2039 266 2093 Sive
318 2044 464 2091 certe
513 2033 656 2103 quod
702 2028 939 2086 Joannes
986 2027 1149 2091 dicit,
1183 2025 1397 2080 venisse
1428 2037 1549 2078 eam
1598 2035 1722 2076 cum

130 2131 317 2185 adhuc
361 2128 597 2183 tenebrae
625 2131 806 2181 essent
831 2123 899 2177 ad
939 2126 1380 2181 monumentum,
1411 2122 1469 2171 et
1514 2113 1727 2168 Marcus

130 2228 260 2274 orto
272 2219 388 2289 jam
418 2216 550 2280 sole,
576 2229 716 2269 unus
744 2212 917 2282 partis
957 2209 1184 2265 orientis
1204 2249 1220 2274 ,
1256 2208 1393 2262 alter
1425 2203 1723 2260 occidentis

131 2311 418 2368 describit.
448 2308 697 2376 Quotidie
735 2308 880 2360 enim
924 2303 1097 2358 oculis
1115 2300 1407 2363 cernimus,
1436 2297 1563 2367 quia
1599 2310 1724 2350 cum

136 2401 219 2457 sol
248 2413 521 2455 concavas
550 2404 815 2450 terrarum
839 2400 1021 2462 partes
1049 2389 1380 2459 relinquens,
1406 2386 1582 2455 primo
1607 2398 1724 2438 cre-

134 2488 367 2560 pusculo
397 2486 556 2541 terris
598 2485 771 2539 lucem
815 2481 1042 2565 reddere
1085 2478 1309 2549 incipit,
1336 2477 1412 2531 ita
1447 2474 1510 2529 ﬁt
1550 2473 1641 2528 lux
1669 2473 1724 2527 in

137 2582 377 2644 oriente,
404 2586 463 2631 ut
489 2576 724 2631 tenebrm
748 2589 856 2628 non
880 2563 1056 2628 desint
1079 2571 1134 2626 in
1163 2567 1464 2624 occidente.
1492 2566 1561 2620 Et
1582 2563 1725 2635 quod

138 2673 219 2725 ait
236 2670 492 2732 Joannes,
515 2680 637 2720 eum
661 2665 835 2719 adhuc
858 2663 1092 2718 tenebrat
1117 2667 1299 2716 essent
1317 2698 1331 2723 ,
1351 2666 1540 2727 partes
1577 2655 1724 2711 occie

138 2761 323 2818 dentis
356 2757 585 2813 attendit
627 2773 641 2809 :
675 2755 819 2824 quod
848 2767 977 2808 vero
1011 2750 1225 2805 Marcus
1249 2749 1398 2810 dicit,
1447 2754 1569 2803 orto
1608 2744 1723 2815 jam

137 2853 277 2916 sole,
309 2859 491 2921 partes
525 2846 754 2903 orientis
799 2842 1181 2900 consideravit.
1235 2837 1561 2908 Spiritaliter
1595 2848 1724 2890 vero

139 2942 380 2998 tenebrae
400 2939 453 2993 in
477 2937 641 2992 corde
666 2934 905 2990 mulieris
928 2938 1116 2995 erant,
1146 2944 1270 2985 cum
1298 2929 1366 2983 ad
1396 2925 1606 2981 Domini
1632 2938 1727 2980 ve-

136 3036 221 3089 nit
260 3038 668 3086 monumentum
707 3044 721 3081 :
764 3027 890 3096 quia
922 3021 1335 3080 resurrectionis
1361 3017 1477 3087 ejus
1513 3018 1721 3089 ignara,

134 3125 411 3179 viventem
438 3122 578 3177 inter
598 3128 842 3176 mortuos
881 3117 1207 3187 requirebat.
1257 3085 1407 3169 Tune
1436 3085 1615 3166 autem
1666 3111 1722 3165 in
1750 3085 1793 3148 (ἶ

134 3217 260 3287 ejus
289 3223 468 3269 mente
494 3213 573 3270 sol
616 3221 769 3267 ortus
814 3218 936 3275 est,
979 3209 1195 3279 quando
1228 3219 1352 3260 eum
1397 3218 1504 3258 non
1550 3202 1724 3258 solum

136 3304 507 3361 resurrexisse
528 3303 682 3369 vidit,
718 3302 813 3357 sed
839 3300 1000 3356 etiam
1026 3297 1277 3354 credidit.

220 3411 243 3445 ‹
279 3393 346 3447 Et
367 3392 497 3448 vidit
518 3391 749 3462 lapidem
775 3389 1044 3444 sublatum
1075 3402 1104 3440 a
1131 3390 1503 3440 monumento.
1537 3399 1557 3434 ι
1576 3380 1722 3449 Qua-

132 3487 266 3541 liter
300 3484 383 3540 vel
432 3484 648 3554 quando
698 3481 961 3538 revolutio
1009 3477 1168 3546 hujus
1217 3474 1409 3545 lapidis
1439 3472 1582 3528 facta
1632 3473 1720 3538 sit,

135 3578 426 3633 Matthaeus
465 3574 805 3630 manifestius
846 3570 1124 3634 describit,
1156 3567 1341 3622 dicens
1372 3581 1385 3618 :
1429 3581 1448 3614 ι
1486 3562 1727 3632 Angelus

138 3671 340 3741 quippe
369 3666 581 3723 Domini
611 3663 891 3721 descendit
910 3662 977 3717 de
1005 3659 1164 3725 caelo,
1181 3666 1236 3712 et
1256 3654 1519 3711 accedens
1545 3651 1724 3707 revol-

132 3765 216 3817 vit
243 3761 497 3831 lapidem,
525 3767 581 3813 et
610 3757 830 3813 sedebat
873 3767 1035 3823 super
1059 3765 1181 3805 eum
1208 3747 1420 3820 (Matth.
1448 3745 1662 3817 xxviii).
1699 3762 1721 3797 ι

138 3856 241 3912 Ubi
270 3868 378 3908 non
423 3849 720 3922 putandum
764 3856 850 3902 est
884 3842 1028 3914 quod
1077 3839 1368 3895 Dominum
1406 3837 1460 3891 in
1492 3849 1728 3890 resurre-

131 3949 316 4003 ctione
346 3943 572 4013 angelus
604 3938 807 4010 juverit
826 3976 841 4003 ,
878 3935 969 3992 sed
994 3934 1062 3989 ad
1089 3934 1192 3988 hoc
1217 3929 1446 3999 lapidem
1475 3925 1720 3990 revolvit,

133 4048 194 4092 ut
224 4036 345 4105 ejus
397 4031 851 4090 resurrectionem
898 4025 1095 4081 factam
1146 4020 1453 4078 hominibus
1500 4018 1722 4073 demon-

31 4157 48 4177 -
133 4136 357 4183 straret.
398 4125 505 4179 Sed
529 4122 721 4177 mulier
746 4126 1028 4190 postquam
1056 4114 1288 4185 lapidem
1320 4127 1352 4165 a
1381 4115 1727 4164 monumento

133 4217 406 4273 sublatum
437 4214 589 4279 vidit,
625 4212 751 4282 quia
781 4208 1063 4264 Dominum
1091 4204 1327 4259 nomium
1365 4197 1727 4255 resurrexisse

132 4306 415 4368 credebat,
448 4303 685 4358 furatum
718 4299 963 4364 credidit,
997 4306 1160 4366 atque
1188 4293 1384 4349 festina
1419 4290 1563 4361 quod
1590 4288 1729 4343 vidit

133 4396 418 4468 discipulis
447 4393 733 4450 nuntiavit.
764 4391 890 4447 Haec
918 4399 1002 4445 est
1033 4387 1326 4451 veraciter,
1353 4398 1473 4454 qua:
1499 4381 1552 4436 in
1579 4379 1723 4436 Can-

134 4492 263 4547 ticis
296 4488 632 4546 canticorum
677 4499 810 4539 voce
849 4481 1105 4537 Ecclesia:
1150 4479 1322 4533 dicit:
1367 4493 1386 4527 ι
1418 4474 1475 4529 In
1523 4471 1720 4528 lectulo

134 4598 259 4639 meo
279 4598 378 4653 per
408 4588 622 4636 noctem
647 4575 867 4646 quaesivi
907 4587 1066 4643 quem
1095 4570 1269 4641 diligit
1312 4568 1492 4622 anima
1539 4580 1659 4620 mea
1703 4584 1716 4620 :

133 4675 360 4747 quaesivi
388 4674 560 4738 illum,
586 4679 641 4726 et
660 4685 766 4725 non
800 4666 1001 4722 inveni.
1029 4665 1255 4734 Surgam
1276 4670 1336 4717 et
1360 4659 1601 4716 circuibo
1648 4659 1724 4714 ci-

135 4770 381 4830 vitatem,
407 4780 654 4837 quaerens
666 4778 826 4834 quem
847 4759 1019 4829 diligit
1041 4758 1219 4811 anima
1240 4769 1378 4809 mea.
1402 4752 1727 4807 Invenerunt

138 4874 227 4913 me
252 4857 442 4928 vigiles
469 4855 561 4925 qui
588 4852 899 4909 custodiunt
928 4848 1225 4903 civitatem.
1257 4843 1395 4897 Num
1418 4855 1579 4911 quem
1603 4839 1720 4894 dili-

137 4950 216 5021 git
237 4948 419 5002 anima
444 4961 564 5001 mea
588 4942 831 4999 vidistis?
856 4942 922 4995 Et
948 4938 1149 4993 factum
1179 4945 1262 4990 est
1289 4934 1412 4989 dum
1444 4940 1720 5002 pertrans-

138 5042 306 5095 issem
352 5038 490 5103 illos,
526 5036 703 5091 inveni
729 5048 887 5103 quem
922 5030 1092 5099 diligit
1114 5028 1293 5103 anima
1323 5040 1461 5079 mea.
1488 5023 1721 5078 Teneam

138 5131 294 5185 illum
345 5144 444 5184 nec
493 5127 793 5188 dimittam,
819 5123 988 5177 donec
1031 5097 1369 5174 introducam
1415 5114 1471 5167 in
1505 5112 1724 5167 domum

136 5219 316 5289 patris
346 5217 452 5272 mei
485 5256 503 5283 ,
532 5225 588 5271 et
621 5215 675 5269 in
721 5210 1024 5268 cubiculum
1071 5205 1345 5280 genitricis
1376 5217 1508 5257 meae
1535 5201 1720 5273 (Cant.

139 5311 252 5384 ιιι).
291 5330 311 5364 ι
360 5308 511 5366 Unde
538 5316 593 5363 et
613 5305 903 5361 subditur:
1405 5338 1412 5345 .

218 5424 239 5458 ι
274 5402 530 5459 Cucurrit
565 5412 695 5471 ergo
731 5406 788 5477 et
823 5394 972 5450 venit
997 5392 1065 5448 ad
1095 5390 1370 5446 Simonem
1397 5385 1637 5449 Petrum,
1669 5390 1753 5439 et.

144 5513 167 5548 r
209 5494 280 5549 ad
326 5492 492 5548 alium
521 5472 840 5558 discipulum
874 5498 1034 5554 quem
1083 5481 1298 5535 amabat
1336 5477 1515 5541 Jesus,
1545 5481 1599 5527 et
1646 5472 1725 5527 di-

144 5606 163 5638 ι
198 5587 278 5640 cit
301 5585 382 5640 eis
409 5600 424 5638 :
453 5581 714 5637 Tuleruut
735 5576 1020 5634 Dominum
1058 5588 1236 5628 meum
1265 5572 1330 5627 de
1354 5573 1721 5630 monumento,

147 5696 166 5726 ε
204 5684 262 5732 et
293 5673 563 5730 nescimus
583 5670 672 5726 ubi
704 5674 1001 5739 posuerunt
1033 5680 1178 5720 eum.
1210 5682 1226 5714 ι
1261 5660 1414 5728 Quod
1457 5670 1580 5723 cum
1628 5671 1723 5710 au-

1827 1830 2013 1886 deesse
2038 1829 2317 1886 sensisset.
2349 1828 2454 1885 Per
2486 1828 2621 1885 duos
2650 1842 2781 1900 ergo
2825 1830 3118 1899 discipulos
3157 1832 3416 1902 Spiritali-

1827 1929 1913 1978 ter
1969 1922 2076 1977 duo
2123 1922 2342 1977 ordines
2388 1920 2570 1992 populi
2613 1920 3058 1991 prmﬁgurantur,
3104 1920 3413 1979 Judmorum

1826 2013 2035 2069 scilicet
2082 2023 2138 2068 et
2172 2013 2435 2084 gentium.
2488 2011 2592 2066 Per
2634 2012 2853 2066 Petrum
2899 2020 3076 2065 autem
3118 2012 3413 2080 seniorem,-

1826 2102 2179 2175 signiﬁcatur,
2207 2103 2424 2174 gentilis
2489 2101 2768 2172 populus:
2815 2115 2911 2169 per
2950 2098 3219 2169 juniorem
3282 2117 3414 2156 vero

1824 2194 2109 2263 Joannem,
2138 2211 2408 2269 synagoga
2432 2193 2760 2250 Iudaeorum.
2801 2193 2958 2249 Prior
3007 2209 3135 2264 ergo
3174 2192 3413 2249 Joannes

1826 2288 2086 2352 cucurrit,
2109 2288 2203 2342 sed
2242 2288 2296 2340 in
2322 2293 2731 2341 monumentum
2759 2300 2866 2339 non
2902 2284 3166 2339 intravit:
3197 2287 3325 2355 quia
3357 2285 3413 2339 in

1826 2378 2132 2449 cognitione
2169 2378 2265 2432 Dei
2299 2386 2353 2432 et
2373 2378 2560 2432 notitia
2591 2377 2724 2448 legi‘s
2756 2377 2906 2446 prior
2961 2376 3244 2448 Synagoga
3290 2377 3412 2444 fuit,

1826 2469 1919 2523 sed
1944 2468 2011 2523 ad
2035 2466 2195 2523 ﬁdem
2222 2469 2432 2523 intrare
2456 2468 2653 2522 renuit.
2694 2467 2854 2522 Venit
2886 2475 3066 2522 autem
3095 2468 3283 2523 Simon
3313 2467 3413 2523 Pe-

1830 2566 1945 2615 trus
1973 2569 2203 2627 sequens
2232 2572 2378 2623 eum,
2414 2566 2470 2612 et
2496 2558 2758 2623 intravit,
2788 2557 2913 2627 quia
2942 2558 3160 2628 gentilis
3186 2558 3415 2628 populus

1826 2657 1946 2719 post
1971 2649 2181 2703 Domini
2226 2649 2653 2703 incarnationem
2684 2664 3011 2714 conversus,
3047 2649 3252 2704 tardius
3296 2649 3414 2717 qui-

1827 2740 1948 2795 dem
1979 2738 2155 2804 venit,
2188 2738 2282 2793 sed
2315 2739 2464 2807 prius
2490 2739 2558 2792 ad
2591 2738 2750 2793 ﬁdem
2806 2738 3063 2804 intravit,
3087 2737 3240 2806 juxta
3286 2739 3414 2794 illud

1827 2829 1971 2901 quod
2022 2829 2098 2883 ait
2144 2829 2201 2883 in
2249 2828 2544 2898 Evangelio
2595 2828 2855 2883 Dominus

1826 2919 2135 2985 novissimi,
2171 2927 2230 2973 et
2280 2918 2562 2973 novissimi
2603 2918 2765 2988 primi
2814 2917 3031 2989 (Matth.
3065 2919 3181 2990 xx).
3220 2938 3239 2970 ι
3278 2937 3297 2970 ς
3346 2920 3417 2975 Et

1823 3012 1958 3069 vidit
1981 3013 2293 3067 linteamina
2318 3012 2510 3082 posita,
2535 3020 2591 3066 et
2621 3010 2895 3066 sudarium
2939 3012 3084 3081 quod
3112 3012 3286 3067 fuerat
3315 3027 3407 3067 su-

1825 3119 1923 3174 per
1948 3110 2110 3174 caput
2132 3102 2270 3172 ejus,
2310 3118 2416 3156 non
2448 3118 2570 3157 cum
2598 3101 3001 3156 linteaminibus
3026 3103 3283 3172 positum,
3317 3103 3415 3157 sed

1827 3195 2115 3265 separatim
2130 3194 2426 3249 involutum
2454 3192 2506 3247 in
2536 3206 2700 3247 unum
2729 3194 2930 3248 locum.
2961 3212 2980 3246 ι
3016 3194 3153 3261 Quid
3180 3210 3277 3264 per
3302 3195 3410 3249 lin-

1828 3286 2084 3350 teamina,
2117 3283 2221 3338 nisi
2250 3284 2406 3338 bonae
2432 3284 2674 3338 actiones
2708 3284 3126 3354 signiﬁcantur?
3154 3285 3409 3339 Linteum

1825 3389 2081 3443 namque,
2109 3372 2253 3444 quod
2286 3387 2409 3428 cum
2438 3372 2624 3427 labore
2660 3373 2888 3437 texitur,
2921 3373 3015 3427 sed
3058 3389 3181 3428 cum
3220 3376 3414 3430 decore

1826 3466 2102 3531 induitur,
2157 3464 2423 3519 bonorum
2475 3464 2716 3519 actiones
2762 3465 3032 3533 signiﬁcat
3076 3482 3240 3534 :qua:
3291 3482 3413 3521 eum

1825 3557 2003 3613 studio
2030 3557 2102 3628 pii
2142 3556 2343 3612 laboris
2366 3555 2758 3626 perﬁciuntur,
2794 3558 2887 3611 sed
2925 3571 3048 3612 cum
3078 3559 3269 3613 decore
3294 3559 3413 3613 ani-

1827 3665 1928 3705 mae
1977 3648 2270 3703 induuntur
2295 3687 2311 3713 ,
2351 3647 2417 3702 de
2445 3646 2938 3719 quibusEcclesize
2983 3662 3113 3703 voce
3147 3663 3245 3717 per
3291 3663 3416 3718 pro-

2910 2846 2924 2882 :
2970 2847 2989 2880 ι
3033 2828 3208 2883 Erunt
3251 2829 3413 2898 primi

1825 3740 2043 3811 plietam
2083 3737 2320 3793 dicitur:
2357 3756 2375 3788 ι
2409 3738 2544 3792 Vivo
2588 3750 2724 3807 ego,
2761 3736 2891 3791 dicit
2944 3738 3229 3801 Dominus,
3285 3739 3412 3808 quia

1824 3830 2074 3887 omnibus
2096 3829 2181 3884 his
2206 3828 2349 3884 velut
2370 3833 2689 3883 ornamento
2714 3818 2963 3883 vestieris
2992 3827 3129 3900 (ha.
3171 3830 3344 3901 ηις).
3384 3849 3406 3882 r

1826 3921 1930 3976 Per
1956 3920 2231 3976 sudarium
2265 3934 2412 3984 vero,
2442 3934 2563 3973 cum
2583 3933 2691 3988 quo
2725 3920 2891 3973 sudor
2911 3918 3270 3973 laborantium
3304 3929 3414 3973 ter-

1828 4012 1880 4083 gi
1910 4011 2066 4076 solet,
2125 4008 2268 4064 unde
2315 4018 2371 4063 et
2402 4023 2596 4063 nomen
2639 4009 2865 4077 accepit,
2919 4008 3074 4063 labor
3120 4008 3414 4064 Duminicae

1825 4099 2093 4172 passionis
2122 4099 2463 4168 exprimitur.
2496 4096 2649 4152 Unde
2682 4105 2737 4151 et
2769 4099 2882 4168 ipse
2915 4113 3000 4167 per
3039 4097 3361 4167 Prophetain
3397 4115 3411 4152 ε

1832 4212 1850 4245 ι
1889 4190 2155 4247 Laboravi
2181 4190 2443 4255 clamans,
2469 4204 2653 4243 rauca:
2698 4188 2855 4243 factm
2897 4197 3019 4243 sunt
3052 4189 3236 4245 fauces
3282 4205 3414 4243 mea:

1829 4283 2000 4359 (Psal.
2049 4281 2261 4354 uvm).
2295 4300 2315 4334 ι
2357 4281 2697 4350 Alitertper
2741 4281 3019 4335 sudarium
3056 4282 3199 4351 quod
3253 4294 3416 4349 super
3480 4320 3483 4323 -

1830 4384 1993 4448 caput
2040 4373 2159 4444 ejus
2200 4372 2435 4443 positum
2492 4370 2699 4436 fuerat,
2731 4371 2847 4441 ejus
2887 4371 3151 4426 Divinitas
3187 4371 3412 4443 intelligi

1828 4476 2024 4540 potest.
2056 4483 2075 4517 ι
2112 4465 2285 4535 Caput
2314 4476 2544 4531 namque
2568 4461 2767 4516 Christi
2789 4501 2803 4525 ,
2831 4462 2905 4514 ait
2933 4461 3237 4530 Apostolus,
3270 4460 3413 4516 Deus

1829 4571 1913 4618 est
1951 4560 2001 4634 (1
2032 4558 2155 4614 Cor.
2195 4558 2293 4629 ιι).
2346 4576 2364 4610 ι
2403 4555 2555 4622 Quod
2602 4554 2894 4624 separatim
2950 4554 3244 4619 invenitur,
3284 4555 3411 4622 qn'a

1830 4651 2055 4707 Creator
2082 4663 2295 4705 omnem
2321 4654 2631 4700 creaturam
2668 4643 2904 4698 excellit.
2942 4642 3058 4697 Non
3105 4658 3236 4713 ergo
3286 4657 3412 4697 eum

1831 4741 2255 4803 linteaminibus,
2280 4739 2374 4794 sed
2412 4735 2703 4806 separatim
2742 4735 2798 4789 in
2840 4750 3004 4788 unum
3037 4733 3219 4789 locum
3243 4734 3407 4788 suda-1

1833 4825 1975 4879 rium
2004 4821 2197 4891 capitis
2227 4819 2439 4874 Domini
2478 4818 2748 4871 invenitur
2781 4834 2793 4868 :
2823 4817 2948 4884 quia
2982 4814 3191 4869 Domini
3232 4815 3410 4884 passio

1826 4915 1981 4985 longe
2001 4929 2031 4967 a
2051 4922 2235 4967 nostra
2261 4910 2513 4980 passione
2539 4906 2816 4962 dissimilis
2844 4904 2959 4968 fuit,
2989 4906 3241 4974 quoaiam
3265 4906 3410 4975 quod

1827 5020 1925 5061 nos
1949 5018 2071 5059 cum
2098 5009 2319 5072 peccato
2348 4999 2436 5052 vix
2466 5005 2768 5067 portamus,
2793 4993 2882 5047 ille
2907 4993 3023 5048 sine
3045 5003 3267 5063 peccatu
3286 5009 3321 5063 p
3344 5010 3410 5047 ϊ-

1826 5095 1950 5150 tulit
1980 5111 1994 5148 :
2025 5100 2078 5148 et
2106 5105 2201 5145 nos
2227 5089 2443 5160 quidem
2498 5100 2597 5157 pro
2647 5083 2802 5138 nobis
2846 5083 2975 5154 ipsis
3036 5082 3412 5138 tribulationes

1827 5189 2085 5261 patimur,
2114 5185 2203 5239 ille
2232 5192 2409 5237 autem
2438 5196 2534 5251 pro
2562 5179 2753 5244 nobis,
2782 5185 2836 5232 et
2865 5194 2970 5234 non
2999 5193 3098 5247 pro
3132 5191 3189 5231 se
3217 5191 3413 5247 passus

1828 5288 1931 5336 est.
1957 5278 2101 5333 Bene
2129 5283 2308 5329 autem
2340 5270 2635 5327 involutum
2659 5269 2887 5324 inveniri
2912 5268 3129 5322 dicitur.
3159 5266 3410 5321 Linteum

1829 5371 1976 5427 enim
2008 5367 2151 5438 quod
2182 5363 2493 5426 involvitur,
2515 5358 2631 5428 ejus
2653 5375 2752 5415 nec
2779 5359 2990 5414 initium
3025 5372 3124 5412 nec
3160 5356 3283 5413 ﬁnis
3332 5356 3409 5410 vi-

1828 5463 2005 5517 detur.
2040 5458 2103 5514 Et
2135 5456 2262 5528 quia
2304 5454 2393 5509 hic
2415 5492 2430 5520 ,
2458 5453 2549 5523 qui
2579 5465 2770 5521 passus
2816 5458 2901 5506 cst
2946 5450 3000 5505 in
3048 5447 3437 5513 liumanitatc,_

1832 5570 1930 5610 nec
1956 5551 2166 5608 initium
2195 5561 2294 5602 nec
2335 5544 2496 5599 ﬁnem
2545 5542 2772 5597 haberet
2804 5541 2858 5595 in
2902 5541 3211 5604 Divinitate,
3259 5547 3407 5593 recte

1833 5643 2104 5700 sudarium
2158 5636 2348 5706 capitis
2378 5633 2493 5705 ejus
2545 5632 2840 5689 involutum
2898 5630 3186 5687 invenitur.
3237 5629 3408 5685 Recte
