3934 6346
625 260 726 326 187
1259 270 1609 333 HAYMONIS
1650 267 2123 333 HALBERSTAT.
2162 278 2373 334 EPlSC.
2411 279 2558 336 OPP.
2597 281 2776 337 PARS
2811 281 2872 337 ll.
2902 315 2968 323 —
2995 282 3225 342 ΙΙΟΜΙΕ.

623 384 878 443 etiamin
903 382 1156 445 nnoioco
1185 387 1415 444 inveniri
1443 390 1645 446 dicitur
1673 408 1687 446 :
1717 391 1843 471 quia
1878 391 1934 446 in
1966 392 2200 449 scissura
2230 395 2276 452 Α
2305 406 2405 448 nos
2459 393 2744 451 credamus
2768 435 2784 462 ,
2831 405 2887 452 et
2950 400 3217 457 mandatis
3270 392 3388 471 eius
3448 402 3665 463 ﬁdeliter
3714 415 3813 473 σικι-

624 476 887 533 mentium
917 477 1175 533 Dominus
1200 490 1309 534 non
1347 487 1450 544 est,
1476 479 1570 535 sed
1600 477 1655 535 in
1705 468 1919 536 illarum
1950 481 2203 537 cordibus
2301 484 2531 541 diamus.

625 567 868 635 habitat,
915 567 1010 638 qui
1054 582 1190 638 puro
1232 567 1397 625 corde
1440 569 1704 658 unitatem
1749 571 2009 658 retinent.
2053 565 2204 628 Unus
2373 591 2397 628 ι
2429 569 2532 632 Hic
2555 569 2749 650 estqui
2777 577 2928 635 venit
2949 586 3047 651 per
3069 591 3264 652 aquam
3292 589 3348 639 et
3369 584 3666 658 sanguinem
3698 590 3814 655 Iesu

621 664 769 722 enim
799 664 1075 727 Dominus,
1101 662 1367 720 unitatem
1418 658 1611 737 diligit.
1660 649 1840 740 Unum
1878 678 2009 736 ergo
2036 667 2201 723 dividi
2306 671 2327 722 ἀ
2361 670 2630 728 Christus.
2663 649 2788 730 iAc
2804 673 2852 729 si
2872 649 3077 732 diceret
3099 649 3236 732 :iiiic
3257 684 3343 732 est
3367 649 3814 750 qui'venitmaleii:

622 769 731 812 non
762 755 962 827 potest,
985 754 1111 825 quia
1133 755 1227 810 ubi
1248 754 1441 811 divisio
1463 764 1568 822 est,
1598 756 1846 812 Christus
1897 756 2202 813 inhabitare
2299 762 2530 817 ctionem
2578 771 2740 818 terra:
2780 778 2882 820 suo
2910 765 3090 821 delere
3137 767 3463 837 baptismate
3508 769 3559 824 in
3610 770 3811 842 tardam,

622 860 730 902 non
773 846 919 900 Valet
951 865 964 901 :
991 846 1243 915 quoniam
1298 847 1412 917 ipse
1458 856 1563 915 est,
1593 849 1682 918 qui
1723 847 1854 903 facit
1895 848 2202 907 inhabitare
2299 856 2354 906 e’t
2375 851 2631 907 mundum
2676 867 2776 910 suo
2817 864 3007 911 sancto
3048 856 3313 913 redimere
3370 861 3643 931 sanguine.
3679 883 3696 915 ι
3729 864 3812 922 Non

620 938 907 994 unanimes
947 938 999 993 in
1027 939 1190 993 domo
1223 937 1395 1009 (Psal.
1440 939 1629 1019 exvit).
1668 941 1818 996 Unde
1842 946 1897 996 e’t
1920 941 1987 996 de’
2014 941 2201 1012 prlmi-
2299 939 2353 995 in
2378 955 2514 1012 aqua
2544 940 2715 997 solum
2736 982 2750 1008 ,
2781 944 2873 998 sed
2896 943 2950 998 in
2980 960 3117 1015 aqua
3141 949 3486 1019 etsanguine.
3521 969 3540 1001 ι
3582 950 3683 1007 Non
3708 956 3813 1011 enim

621 1026 730 1081 tiva
757 1027 995 1082 Ecclesia
1020 1027 1220 1082 dicitur
1243 1043 1257 1080 :
1292 1047 1311 1079 ι
1352 1015 1706 1084 Multitudinis
1729 1029 2060 1085 credentium
2084 1039 2202 1086 erat

593 1132 716 1173 .cor
738 1134 905 1172 unum
928 1119 1066 1189 (Act.
1094 1117 1190 1187 tv),
1236 1138 1254 1170 ι
1294 1125 1348 1175 et
1378 1119 1603 1190 reiiqtm.

695 1228 714 1260 ι
756 1208 907 1263 Tunc
953 1200 1082 1281 ergo
1111 1203 1351 1265 introivit
1387 1212 1476 1267 ille
1510 1213 1806 1283 discipulus
1852 1203 1941 1285 qui
1975 1212 2201 1272 venerat

626 1314 646 1348 ι
685 1297 897 1367 primus
943 1300 1010 1353 ad
1062 1308 1491 1355 monumentum;
1551 1323 1570 1355 ι
1630 1302 1923 1375 Postquam
1976 1289 2199 1362 iittravit

619 1385 831 1453 Petrus,
869 1386 1090 1441 intravit
1113 1397 1168 1443 et
1187 1388 1442 1455 Joannes,
1468 1390 1559 1460 qui
1587 1392 1737 1461 prius
1769 1402 1996 1450 venerat
2019 1413 2032 1451 :
2054 1399 2197 1466 'quia

619 1479 762 1563 sicut
789 1480 1076 1549 Apostolus
1116 1481 1191 1535 ait
1221 1501 1233 1535 :
1268 1499 1286 1531 ι
1321 1481 1454 1536 Cum
1510 1483 1784 1553 plenitudo
1822 1476 2061 1555 gentium
2111 1490 2197 1544 in-
2300 1496 2398 1539 nos
2446 1500 2543 1554 per
2573 1487 2916 1554 adoptionem
2946 1488 3084 1543 ﬁlios
3112 1490 3207 1544 Dei
3244 1488 3413 1544 facit:
3462 1502 3596 1562 quos
3623 1492 3720 1563 ipse
3746 1495 3814 1550 Do"-

618 1560 852 1637 troierit,
879 1581 1007 1626 tunc
1025 1572 1202 1626 omnis
1230 1572 1392 1628 Israel
1417 1574 1597 1628 salvus
1623 1574 1714 1629 ﬁet
1741 1573 1915 1646 (Rom.
1948 1578 2047 1648 xl).
2080 1598 2098 1631 ι
2132 1580 2196 1635 Et
2298 1578 2475 1633 minus
2509 1579 2563 1633 in
2589 1588 2762 1635 morte
2787 1581 2964 1635 crucis
3012 1590 3068 1636 et
3109 1582 3207 1651 suo
3240 1560 3507 1654 sanguine
3533 1560 3745 1650 redemit,
3781 1596 3817 1640 et

618 1675 723 1715 non
745 1661 895 1730 prius
914 1661 1057 1731 quod
1079 1661 1317 1731 spiritale
1334 1664 1547 1729 est,sed
1565 1664 1708 1734 quod
1730 1666 1980 1734 animale,
2003 1668 2194 1726 deinde
2297 1684 2395 1740 per
2442 1671 2670 1741 gratiam
2719 1666 2959 1740 ejusdem
2988 1673 3158 1729 sancti
3209 1672 3464 1744 Spiritus,
3503 1690 3653 1745 quem
3679 1675 3724 1740 in
3754 1676 3815 1730 ba-

532 1760 535 1761 '
616 1751 761 1821 quod
792 1752 1048 1821 spiritale.
1089 1770 1108 1803 ι
1144 1752 1211 1807 Et
1230 1753 1364 1809 vidit
1389 1763 1444 1809 et
1479 1756 1728 1811 credidit.
1769 1777 1788 1810 ι
1823 1757 1962 1825 Quid
1997 1768 2192 1830 putan-
2221 1756 2267 1815 Β
2293 1761 2489 1831 ptismo
2515 1762 2886 1833 suscepimus,
2938 1768 3079 1818 vera:
3126 1764 3246 1818 ﬁdei
3293 1763 3481 1819 lume‘n
3521 1773 3574 1820 et
3594 1766 3817 1835 agnitionis

616 1842 742 1897 dum
775 1852 860 1899 est
890 1844 1091 1899 vidisse
1133 1845 1219 1899 vel
1248 1846 1578 1902 credidisse?
1608 1847 1859 1919 Nunquid
1899 1853 2042 1921 quod
2086 1853 2191 1910 Do-
2295 1851 2390 1906 Dei
2453 1852 2795 1921 recepimus,
2838 1853 2980 1907 unde
3034 1852 3262 1909 salutem
3310 1854 3573 1924 consequi
3619 1855 3815 1909 debemur

616 1931 795 1987 minus
843 1934 1202 1988 resurrexerit
1230 1950 1261 1990 a
1293 1937 1557 1992 mortuis?
1584 1936 1722 1994 Non.
1764 1938 1869 1994 Sed
1911 1941 2045 1996 vidit
2092 1942 2193 1998 iin-
2295 1950 2571 1998 aeternam.

615 2023 851 2078 tcamina
894 2024 1088 2094 posita,
1133 2033 1189 2079 et
1237 2027 1465 2082 Credidit
1513 2026 1677 2098 (sicut
1723 2029 1918 2086 mulier
1959 2032 2192 2106 diterat)
2369 2048 2389 2084 ι
2425 2032 2689 2100 Quoniam
2743 2040 2856 2088 tres
2900 2040 3028 2089 sunt
3087 2035 3179 2105 qui
3230 2036 3597 2092 testimonium
3641 2036 3749 2091 dant
3781 2036 3816 2089 in

614 2112 901 2168 Dominum
929 2107 1165 2170 furatum
1201 2116 1269 2170 de
1297 2123 1667 2173 monumento.
1710 2119 1846 2175 Nam
1876 2121 1920 2176 si
1946 2120 2062 2190 ejus
2106 2138 2191 2179 re-
2298 2142 2319 2177 ι
2362 2132 2531 2191 terra,
2559 2136 2716 2195 aqua,
2756 2133 2811 2181 et
2840 2126 3081 2197 sanguis,
3110 2135 3164 2180 ct
3200 2127 3444 2197 spiritus.
3477 2118 3498 2179 ὁ
3526 2127 3731 2195 Quidam
3757 2126 3815 2181 hic

612 2198 1006 2259 surrectionem
1062 2208 1420 2277 credidisset,
1472 2225 1815 2282 nequaquam
1864 2206 2188 2287 evangelista
2292 2226 2534 2273 sanctam
2561 2217 2875 2273 Trinitatem
2900 2219 3125 2290 mystice
3158 2219 3521 2289 signiﬁcatam
3552 2219 3813 2289 intelligunt.

613 2293 961 2367 subjungeret
987 2313 1001 2352 ε

2292 2323 2412 2379 quae
2436 2308 2652 2364 Christo
2678 2309 3043 2364 testimonium
3068 2310 3361 2379 perhibuit;
3410 2309 3471 2364 In
3493 2325 3629 2379 aqua
3656 2309 3815 2364 Patrem

687 2396 706 2437 ι
741 2385 987 2443 Nondum
1014 2385 1160 2445 enim
1187 2386 1432 2450 Sciebant
1463 2388 1790 2467 Scripturas,
1819 2390 1945 2468 quia
1970 2406 2188 2469 oporte-
2293 2400 2585 2473 signiﬁcari
2614 2400 2937 2471 intelligunt,-
2980 2399 3106 2470 quia
3156 2400 3271 2470 ipse
3297 2399 3363 2455 de
3415 2415 3478 2455 se
3505 2400 3634 2455 dicit
3659 2416 3671 2452 :
3719 2418 3734 2449 ι
3760 2398 3815 2452 lie

616 2495 636 2528 ι
669 2476 764 2532 bat
791 2491 913 2533 eum
941 2495 972 2534 a
994 2483 1223 2537 mortuis
1248 2500 1553 2558 resurgere.
1589 2508 1608 2540 ι
1642 2488 1699 2543 in
1722 2504 1829 2559 quo
1847 2490 1966 2545 loco
1988 2500 2191 2560 quanta
2292 2491 2695 2562 dereliquerunt
2725 2490 2931 2546 i‘o‘ntem
2966 2505 3134 2561 aequae
3162 2491 3293 2544 viva:
3314 2488 3449 2558 (Jer.
3480 2488 3563 2560 ιι).
3602 2509 3619 2542 ι
3650 2489 3699 2543 in
3727 2503 3814 2541 san-

610 2567 818 2625 utilitas
846 2571 917 2626 sit
954 2572 1009 2627 in
1047 2574 1325 2632 intellectu
1376 2579 1801 2650 Scripturarum,
1852 2582 2191 2639 demOnstra-
2292 2585 2472 2655 guine,
2501 2584 2676 2653 ipsum
2712 2583 3011 2646 Christum,
3058 2582 3148 2653 qui
3175 2599 3274 2654 pro
3302 2582 3477 2637 salute
3506 2581 3679 2636 mundi
3704 2595 3815 2634 suum

612 2664 719 2725 tur,
749 2662 963 2728 quando
1001 2665 1227 2732 apostoli
1276 2666 1396 2721 ideo
1437 2669 1688 2723 dicuntur
1737 2671 1949 2724 Domini
2004 2687 2188 2727 resur-
2292 2674 2609 2744 sanguinem
2648 2672 2806 2727 fudit.
2857 2673 2914 2726 In
2938 2673 3152 2743 spiritu,
3184 2660 3432 2727 eumdem
3466 2671 3713 2742 Spiritum
3738 2684 3819 2723 san-

610 2748 903 2805 rectionem
944 2751 1216 2823 ignorare,
1249 2758 1376 2826 quia
1406 2757 1715 2827 Scripturas
1754 2762 1989 2814 nondum
2034 2762 2191 2815 intel-
2292 2773 2459 2818 ctum.
2497 2762 2622 2817 Hmc
2642 2772 2832 2817 sancta
2856 2763 3093 2818 Trinitas
3135 2763 3351 2819 Christo
3383 2763 3728 2819 testimonium
3774 2761 3820 2813 in

608 2835 849 2906 ligebant
868 2869 887 2907 ,
914 2842 1124 2898 scilicet
1151 2847 1278 2914 quia
1308 2860 1373 2900 eo
1402 2847 1698 2914 revelante,
1730 2862 1759 2900 a
1807 2864 1915 2917 quo
1943 2850 2188 2918 procedit
2288 2857 2555 2928 perhibet,
2588 2858 2703 2927 ipso
2727 2872 2825 2926 per
2861 2858 3209 2929 Evangelium
3232 2859 3485 2929 loquente
3516 2874 3531 2912 :
3565 2877 3583 2909 ‹
3611 2857 3713 2927 Ego
3738 2871 3821 2910 sum

607 2928 783 2984 omnis
805 2931 1068 3001 sapientia
1088 2974 1102 2999 ,
1130 2949 1193 2989 ea
1225 2936 1573 3005 spiritualiter
1601 2938 1841 2992 no’ndum
1890 2938 2188 3009 intelligere
2289 2946 2379 3015 qui
2408 2945 2770 2999 testimonium
2797 2928 3054 3013 perhibeo
3081 2945 3147 2999 de
3170 2928 3394 3015 meipso,
3425 2956 3482 3002 et
3513 2943 3820 3001 testimonium

607 3012 939 3087 didicerant,
979 3022 1214 3076 nondum
1273 3023 1416 3076 enim
1474 3024 1755 3079 audierant
1792 3038 1806 3079 :
1853 3044 1873 3077 ι
1920 3025 2055 3093 Quia
2106 3030 2186 3084 sic
2289 3012 2537 3107 perhibet
2579 3036 2645 3090 de
2680 3012 2801 3097 me,
2828 3036 2919 3104 qui
2950 3036 3097 3090 misit
3127 3052 3212 3090 me
3237 3012 3419 3090 Pater:
3469 3038 3540 3092 Et
3567 3052 3689 3093 cum
3708 3051 3816 3091 vene-

605 3109 865 3179 scriptum
898 3110 997 3165 'cst
1050 3111 1106 3164 in
1145 3110 1261 3180 lege
1311 3120 1366 3166 et
1411 3113 1635 3182 psalmis
1673 3124 1728 3170 et
1792 3118 2070 3187 prephetls
2115 3120 2182 3174 de
2210 3110 2254 3171 C
2288 3129 2358 3182 rit
2382 3126 2708 3196 paracletlls,
2749 3140 2907 3194 quem
2937 3140 3036 3196 ego
3067 3127 3276 3180 mittam
3294 3127 3450 3180 vobis
3473 3142 3506 3179 a
3537 3127 3703 3183 Patre
3724 3141 3817 3188 mea.

605 3213 713 3264 me,
763 3218 781 3251 ι
826 3208 957 3265 etc.,
1009 3214 1179 3268 usque
1200 3200 1253 3254 in
1282 3203 1650 3259 remissionem
1666 3208 2179 3281 peccatorum(Luc.
2287 3220 2554 3291 Spiritum
2576 3219 2950 3284 veritatis,ilie
2974 3218 3338 3274 testimonium
3362 3218 3679 3288 perhibebit
3704 3220 3753 3274 de
3767 3231 3818 3271 me

602 3289 777 3361 xxiv).
823 3290 916 3345 Sin
953 3298 1131 3344 autem
1162 3292 1389 3360 apostoli
1438 3294 1559 3349 ideo
1590 3302 1701 3350 non
1748 3294 2046 3355 credebant
2090 3315 2179 3357 re-
2286 3289 2467 3382 (joan.
2497 3307 2774 3380 vm,xv).r
2805 3326 2823 3359 ι
2856 3308 2922 3363 Ει
2951 3310 3004 3363 hi
3031 3317 3143 3365 tres
3166 3324 3333 3363 unum
3359 3317 3508 3372 sunt,
3542 3327 3561 3360 ι
3592 3308 3647 3364 id
3674 3308 3816 3381 estPao

604 3382 905 3436 surrexisse
931 3380 1236 3447 Dominum,
1260 3384 1385 3453 quia
1412 3400 1517 3440 non
1550 3388 1798 3443 sciebant
1845 3389 2176 3460 Scripturas,
2285 3380 2365 3455 ter
2393 3408 2447 3455 et
2480 3399 2650 3457 Filius
2699 3408 2753 3454 et
2796 3399 3032 3471 Spiritus
3065 3407 3303 3455 sanctus.
3354 3398 3536 3454 Unum
3569 3400 3624 3454 in
3652 3408 3811 3457 natura.

604 3478 779 3525 cesset
807 3485 994 3525 eorum
1022 3469 1293 3528 dementia
1324 3476 1416 3544 qui
1444 3478 1705 3546 praeclara
1733 3481 2042 3538 discernere
2078 3499 2179 3538 no-
2282 3509 2448 3548 unum
2477 3494 2533 3548 in
2577 3492 2759 3547 divina
2802 3469 3139 3559 substantia,
3185 3492 3486 3563 comquales
3514 3494 3571 3547 in
3597 3495 3810 3556 omnibus,

602 3559 742 3626 ιιιηῐν
771 3568 826 3614 ει
863 3559 995 3615 alios
1016 3562 1322 3620 discernere
1349 3567 1592 3623 "0100185
1640 3572 2061 3640 reprehendunt.
2089 3589 2178 3629 80-
2280 3591 2335 3637 e‘t
2369 3582 2719 3640 coaeternales
2744 3598 2840 3651 per
2858 3583 3061 3649 omnia,
3091 3583 3142 3637 in
3164 3559 3645 3640 nullo'diSSimiles.
3674 3584 3725 3638 In
3744 3583 3811 3636 ista

601 3649 818 3755 lumque
842 3651 894 3704 in
922 3652 1040 3707 aliis
1062 3654 1323 3723 inVidenl.
1340 3659 1484 3728 quod
1505 3669 1599 3715 aut
1627 3677 1787 3732 agere
1806 3678 1912 3719 n00
1935 3673 2175 3733 Possunt.
2281 3675 2563 3729 Trinitatis
2587 3649 2887 3730 substantia
2909 3676 3043 3730 nihil
3067 3683 3153 3731 est.
3179 3684 3442 3742 creatum,
3475 3678 3605 3747 quia
3625 3676 3741 3755 nihil
3756 3680 3811 3728 cst

600 3744 694 3791 θυι
717 3737 926 3793 “omni
1124 3831 1385 3841 --Α-ων
1442 3836 1464 3841 _
2279 3766 2628 3821 inchoatum:
2682 3780 2782 3821 nec
2834 3769 3036 3837 aliquid
3077 3769 3151 3823 ibi
3203 3770 3451 3838 superius
3501 3747 3807 3841 cognoscitur.

2278 3857 2402 3927 quia
2448 3856 2582 3910 nihil
2631 3857 2875 3912 anterius
2919 3864 3012 3912 aut
3053 3858 3324 3929 posterius
3361 3861 3649 3916 invenitur.
3688 3859 3736 3913 in
3766 3870 3808 3909 co

2278 3946 2421 4016 quod
2447 3945 2685 4000 Trinitas
2731 3952 2839 4011 est,
2890 3962 3055 4001 unum
3084 3955 3188 4013 est,
3219 3957 3482 4003 mternum
3529 3954 3631 4015 est,
3668 3962 3807 4003 verum

2278 4045 2380 4092 est.
2410 4036 2534 4092 [hec
2561 4047 2646 4092 est
2667 4048 2772 4092 una
2796 4038 2928 4092 ﬁdes
2947 4078 2962 4103 ,
2998 4039 3124 4108 quia
3153 4039 3267 4095 haec
3305 4049 3389 4095 est
3430 4056 3558 4096 vera
3588 4041 3734 4106 ﬁdes,
3771 4045 3808 4089 et

2279 4126 2400 4182 ideo
2426 4127 2541 4182 haec
2568 4138 2655 4182 est
2687 4129 2955 4183 catholica
2998 4129 3154 4196 ﬁdes,
3182 4132 3342 4185 unius
3384 4133 3691 4187 substantia:
3719 4143 3806 4183 stur
3868 4156 3873 4163 «

2276 4226 2419 4274 ctam
2473 4221 2696 4276 credere
2747 4221 3105 4289 Trinitatem,
3153 4232 3209 4278 et
3251 4224 3307 4278 in
3353 4224 3633 4280 DeLFilio
3672 4220 3805 4279 carnis

2277 4311 2471 4367 anima:
2509 4321 2705 4368 nostra:
2725 4313 3029 4369 naturalem
3050 4328 3379 4385 cognoscere
3406 4319 3696 4372 veritatem.
3730 4313 3801 4367 ista

2299 1118 2512 1191 prepria'
2543 1133 2719 1178 morte
2744 1131 2798 1178 et
2833 1127 2916 1180 sui
2940 1127 3215 1197 sanguinis
3240 1128 3521 1183 eii'usione;

2374 1233 2395 1265 ‹
2442 1213 2675 1284 Spiritus
2718 1225 2802 1271 cst
2835 1216 2926 1287 qui
2958 1217 3298 1285 testiﬁcatur,
3347 1221 3599 1289 quoniam
3624 1221 3814 1281 Christus

2298 1315 2383 1358 est
2404 1305 2623 1359 veritas.
2658 1324 2676 1357 ι
2725 1305 2956 1376 Spiritus
2989 1308 3133 1362 enim
3177 1319 3426 1377 sanctus,
3476 1326 3572 1381 per
3597 1327 3815 1383 quemue-

2298 1395 2383 1450 bis
2409 1395 2463 1450 in
2493 1396 2759 1465 baptismo
2780 1399 3023 1453 omnium
3045 1399 3205 1453 datur
3235 1401 3489 1457 remissio
3514 1412 3813 1472 peccatorum,

1124 3831 1405 3889 HOMILIA
1442 3836 1657 3891 LXXX.

1047 3920 1114 3975 tu
1150 3937 1411 3978 ocnva
1447 3942 1733 3982 “scum;

672 4006 889 4079 (Hom.
913 4009 992 4082 v.)
1037 4029 1056 4062 ι
1093 4011 1411 4069 Charissitni
1438 4056 1452 4081 ,
1487 4016 1661 4072 Omne
1688 4022 1832 4087 quod
1868 4020 2053 4074 natum’
2092 4029 2180 4077 est

604 4115 625 4150 ι
666 4112 734 4153 ex
766 4099 897 4165 Deo,
926 4100 1097 4155 vincit
1122 4105 1379 4158 mundum
1408 4124 1420 4158 ε
1459 4115 1515 4160 et
1544 4107 1660 4162 haec
1684 4118 1768 4163 cst
1805 4110 2029 4164 victoria
2056 4125 2176 4180 quas

603 4205 621 4237 ι
656 4188 823 4243 vincit
847 4191 1137 4258 mundutn,
1169 4192 1300 4248 ﬁdes
1324 4204 1532 4251 nostra.
1571 4198 1703 4265 Quis
1735 4208 1815 4254 est
1856 4209 2037 4256 autem
2083 4202 2175 4273 qui

601 4295 620 4327 ι
654 4278 822 4333 vincit
851 4282 1131 4347 mundum,
1169 4284 1275 4338 nisi
1301 4287 1393 4355 qui
1420 4288 1591 4343 credit
1614 4292 1868 4358 quoniam
1907 4291 2062 4349 Jesus
2091 4305 2176 4351 est

600 4386 619 4420 ι
647 4368 894 4477 Christus
914 4372 1086 4477 Filius
1106 4376 1263 4430 Dei?!
1287 4378 1351 4432 Et
1373 4379 1599 4450 reliqua.
1618 4382 1922 4438 Audistisin
1938 4385 2174 4456 Epistola
2201 4473 2233 4477 _
2278 4404 2383 4461 ﬁde
2437 4406 2816 4477 jusliucamur,
2863 4368 2967 4462 ha,
2989 4368 3599 4465 ,d,':,,,‘,.,,;,,'u,j','s};
3611 4368 3706 4463 ᾖδε
3723 4404 3802 4461 5³ι.

594 4461 1228 4534 cumlegeretur,i'ratres
1247 4470 1842 4538 charissimi,Joaunem
1859 4480 2164 4548 apostolum
2200 4473 2245 4530 D
2277 4461 2493 4562 mmo},-
2520 4497 2573 4550 ίη
2616 4496 2718 4552 hac
2922 4461 3273 4566 εγθίίξδίηιίιες
3304 4502 3429 4571 quia
3483 4503 3637 4558 nobis
3661 4495 3800 4554 tribuit

593 4570 693 4619 “03
730 4555 1088 4613 ίηδίτυθηῖθω
1131 4570 1292 4631 atque
1343 4562 1612 4620 άίεθηιθιη
1666 4586 1678 4621 ³
1717 4585 1737 4618 ⁸
1799 4568 1972 4625 omne
2027 4574 2169 4641 900d
2276 4555 2650 4641 remissionem
2694 4589 2935 4643 Omnium
2980 4555 3344 4658 peccatorum:
3387 4592 3472 4647 Sit
3505 4609 3625 4664 ergo
3659 4586 3799 4645 certis"

591 4654 777 4700 natum
809 4655 892 4702 est
913 4663 980 4703 et
1007 4650 1148 4716 ΠΕΟ,
1181 4658 1199 4702 ἰ
1226 4652 1279 4707 id
1327 4663 1410 4709 est
1455 4671 1625 4726 genus
1665 4661 1945 4730 spirituaie
1974 4672 2029 4717 et
2058 4665 2170 4719 Deo
2275 4677 2411 4731 sima
2437 4686 2560 4746 spes
2586 4677 2840 4733 omnibus
2866 4650 3039 4744 nobis,
3072 4682 3200 4750 quia
3221 4696 3351 4737 vera
3395 4650 3701 4739 regal-[rectm
3716 4691 3798 4732 car-

590 4739 852 4806 serviens,
881 4760 900 4793 ι
935 4742 1104 4798 vincit
1133 4745 1410 4814 mundum,
1449 4768 1467 4801 ι
1501 4750 1555 4805 id
1596 4761 1681 4807 est
1727 4755 1911 4809 mundi
1964 4765 2169 4811 amato—
2274 4769 2379 4832 nis,
2419 4739 2539 4837 qua;
2591 4771 2868 4838 ριιαεοεεεὶι
2916 4771 2970 4825 in
3001 4739 3235 4840 cvm-isto,
3273 4784 3532 4844 sequetur
3571 4776 3619 4830 in
3663 4769 3793 4827 nobis.

591 4846 694 4894 res,
730 4833 811 4885 vel
837 4849 1003 4904 opera
1033 4837 1202 4893 vincit
1237 4840 1628 4900 incredulitatis
1650 4886 1664 4910 ,
1695 4856 1749 4902 et
1776 4849 2165 4918 concupiscen-
2274 4859 2416 4914 Caro
2436 4833 2555 4913 ista
2585 4833 2826 4915 omnium
2857 4863 3135 4919 hominum
3175 4833 3511 4923 mortuorum
3561 4869 3662 4923 sive
3700 4861 3794 4917 ﬁde-

590 4921 718 4975 tiam
744 4924 953 4990 mundi,
979 4924 1063 4980 vel
1089 4943 1305 4983 omnem
1345 4931 1609 4987 idolorum
1649 4935 1936 5002 culturam,
1974 4938 2027 4991 in
2065 4939 2161 4993 ob-
2265 4948 2416 5012 lium,
2465 4948 2578 5003 sive
2600 4950 2915 5018 inﬁdelium,
2964 4963 3210 5024 resurget
3274 4956 3327 5011 in
3368 4956 3476 5013 ﬁne
3526 4975 3539 5011 ε
3601 4955 3682 5011 sed
3702 4962 3792 5007 caro

587 5018 895 5074 servatione
942 5021 1321 5078 mandatorum
1349 5023 1572 5079 Christi.
1633 5045 1651 5077 ι
1699 5026 1765 5080 Ει
1795 5028 1908 5082 lure
1951 5037 2036 5082 est
2076 5029 2159 5083 vi-
2264 5040 2500 5095 ﬁdelium
2548 5051 2794 5114 resurget
2839 5045 2905 5099 ad
2954 5018 3199 5114 gloriam,
3230 5064 3357 5104 caro
3411 5050 3686 5106 inﬁdelium
3726 5058 3790 5098 re-

2299 1030 2413 1087 solo
2434 1032 2754 1102 baptismate
2768 1044 2989 1089 venerat
3010 1037 3276 1093 redimere
3300 1040 3572 1105 mundum,
3594 1043 3677 1098 sed
3692 1045 3811 1101 etiam
3904 1062 3905 1067 ‘

586 5113 757 5168 ctoria
787 5129 906 5183 quae
928 5114 1095 5170 vincit
1124 5117 1381 5171 mundum
1404 5158 1418 5180 ,
1442 5117 1574 5173 ﬁdes
1604 5128 1808 5174 nostra.
1847 5140 1867 5172 ι
1897 5120 2039 5192 Ergo
2068 5121 2159 5176 ﬁr-

587 5216 691 5256 ma.
723 5203 826 5258 ﬁde
864 5205 917 5258 in
965 5202 1183 5260 Christo
1233 5208 1500 5262 vincimus
1556 5209 1811 5263 mundum
1841 5251 1855 5276 ,
1882 5222 1938 5265 et
1979 5212 2156 5266 omnia

585 5306 799 5350 terrena
852 5298 1156 5364 desideria,
1209 5314 1531 5370 omnemque
1590 5310 1863 5359 terrenum
1918 5322 2157 5364 amorem

583 5397 749 5457 atque
776 5395 1052 5458 peccatum
1078 5430 1092 5455 ,
1125 5405 1333 5446 necnon
1361 5400 1414 5446 et
1440 5391 1735 5460 diabolum,
1782 5397 1872 5466 qui
1910 5399 2159 5471 princeps
2192 5430 2195 5433 ι

583 5490 667 5535 est
705 5490 761 5535 et
785 5481 1034 5537 inventor
1061 5484 1289 5554 peccati.
1334 5505 1351 5538 ι
1385 5485 1515 5553 Quis
1561 5491 1762 5559 estqui
1793 5492 1959 5547 vincit
2003 5510 2158 5549 mun-

584 5572 736 5637 dum,
762 5574 863 5629 nisi
883 5574 973 5644 qui
998 5575 1171 5632 credit
1194 5578 1462 5647 quomodo
1486 5578 1642 5637 Jesus
1671 5590 1754 5637 est
1779 5582 1947 5639 Filius
1974 5585 2104 5641 Dei?
2133 5600 2151 5639 ι

586 5656 738 5729 Quod
786 5668 1033 5735 mundus,
1075 5668 1127 5725 id
1176 5676 1258 5725 est
1306 5680 1516 5728 amator
1574 5674 1776 5741 mundi,
1809 5684 1912 5733 nun
1964 5679 2153 5746 credit,

2264 5140 2448 5202 surget
2494 5134 2562 5189 ad
2603 5148 2840 5204 poenam.
2884 5138 3094 5193 Anima:
3142 5139 3326 5196 ﬁdeles
3375 5157 3500 5196 cum
3552 5142 3651 5197 suis
3696 5147 3787 5190 cor-

2262 5227 2482 5298 poribus
2530 5242 2747 5297 semper
2798 5227 3141 5286 iactabuntur.
3194 5232 3403 5286 Anima:
3456 5243 3656 5312 quoque
3698 5220 3788 5279 inti‘

2263 5317 2411 5372 deles
2438 5332 2560 5371 cum
2584 5317 2697 5370 suis
2731 5318 3046 5386 corporibus
3079 5333 3293 5389 semper
3327 5323 3711 5391 torquebantur,
3737 5323 3785 5363 ac

2261 5410 2341 5465 sic
2367 5409 2624 5479 quidquid
2664 5408 2737 5462 ibi
2770 5410 2964 5465 animm
3001 5411 3055 5465 in
3105 5427 3267 5468 carne
3291 5429 3388 5470 sua
3421 5415 3678 5486 recipient,
3703 5418 3780 5460 non

2206 5568 2211 5572 π
2263 5502 2533 5565 amitte’nt,
2564 5502 2778 5570 quando
2802 5517 2899 5558 nec
2933 5503 3088 5560 bonis
3120 5507 3317 5576 poterit
3338 5507 3537 5562 auferri
3557 5502 3777 5578 gaudium.

2262 5606 2363 5646 nec
2394 5591 2550 5646 malis
2579 5607 2817 5661 unquam
2840 5595 3039 5664 poterit
3069 5598 3332 5653 removeri
3353 5597 3675 5669 supplicium;
3698 5589 3778 5642 Λευ

2261 5682 2496 5751 cipimus
2524 5685 2704 5755 itaque
2746 5686 2911 5741 vitam
2957 5697 3212 5744 aeternam
3239 5697 3334 5760 per
3366 5700 3600 5745 sanctam
3630 5676 3779 5738 Eutr?
