  <div class='ocr_page' id='page_1' title='image "/cluster/home/n/w/nwhite01/storage/ocr_20150623/118/hvd.32044015466907/250.png"; bbox 0 0 3934 6346; ppageno 0'>
   <div class='ocr_carea' id='block_1_1' title="bbox 59 805 1690 919">
    <p class='ocr_par' dir='ltr' id='par_1_1' title="bbox 59 805 1690 919">
     <span class='ocr_line' id='line_1_1' title="bbox 59 805 1690 919; baseline 0.031 -61"><span class='ocrx_word' id='word_1_1' title='bbox 59 805 199 862; x_wconf 84' lang='lat' dir='ltr'><strong>huc</strong></span> <span class='ocrx_word' id='word_1_2' title='bbox 233 818 297 866; x_wconf 88' lang='lat' dir='ltr'><strong>et</strong></span> <span class='ocrx_word' id='word_1_3' title='bbox 315 811 525 873; x_wconf 84' lang='lat' dir='ltr'><strong>laborat</strong></span> <span class='ocrx_word' id='word_1_4' title='bbox 552 820 607 877; x_wconf 93' lang='lat' dir='ltr'><strong>in</strong></span> <span class='ocrx_word' id='word_1_5' title='bbox 635 829 813 882; x_wconf 91' lang='lat' dir='ltr'><strong>terris.</strong></span> <span class='ocrx_word' id='word_1_6' title='bbox 840 805 960 901; x_wconf 83' lang='lat' dir='ltr'><strong>Ipsa</strong></span> <span class='ocrx_word' id='word_1_7' title='bbox 982 845 1066 892; x_wconf 92' lang='lat' dir='ltr'><strong>est</strong></span> <span class='ocrx_word' id='word_1_8' title='bbox 1091 805 1408 900; x_wconf 52' lang='lat' dir='ltr'><strong>una-sancqta</strong></span> <span class='ocrx_word' id='word_1_9' title='bbox 1427 848 1690 919; x_wconf 83' lang='lat' dir='ltr'><strong>Ecclesia,</strong></span> 
     </span>
    </p>
   </div>
   <div class='ocr_carea' id='block_1_2' title="bbox 1564 2150 1657 2218">
    <p class='ocr_par' dir='ltr' id='par_1_2' title="bbox 1564 2150 1657 2218">
     <span class='ocr_line' id='line_1_2' title="bbox 1564 2150 1657 2218; baseline 0.043 -17"><span class='ocrx_word' id='word_1_10' title='bbox 1564 2150 1657 2218; x_wconf 98' lang='lat' dir='ltr'><strong>qui</strong></span> 
     </span>
    </p>
   </div>
   <div class='ocr_carea' id='block_1_3' title="bbox 561 2353 1150 2433">
    <p class='ocr_par' dir='ltr' id='par_1_3' title="bbox 561 2353 1150 2433">
     <span class='ocr_line' id='line_1_3' title="bbox 561 2353 1150 2433; baseline 0.039 -23"><span class='ocrx_word' id='word_1_11' title='bbox 561 2353 843 2420; x_wconf 85' lang='lat' dir='ltr'><strong>HOMlLIA</strong></span> <span class='ocrx_word' id='word_1_12' title='bbox 912 2368 1150 2433; x_wconf 82' lang='lat' dir='ltr'><strong>LXXXI.</strong></span> 
     </span>
    </p>
   </div>
   <div class='ocr_carea' id='block_1_4' title="bbox 591 2485 1135 2543">
    <p class='ocr_par' dir='ltr' id='par_1_4' title="bbox 591 2485 1135 2543">
     <span class='ocr_line' id='line_1_4' title="bbox 591 2485 1135 2543; baseline 0.037 -19"><span class='ocrx_word' id='word_1_13' title='bbox 591 2485 645 2524; x_wconf 81' lang='lat' dir='ltr'><strong>IN</strong></span> <span class='ocrx_word' id='word_1_14' title='bbox 671 2487 877 2533; x_wconf 76' lang='lat' dir='ltr'><strong>OCTAVA</strong></span> <span class='ocrx_word' id='word_1_15' title='bbox 901 2496 1135 2543; x_wconf 70' lang='lat' dir='ltr'><strong>PASCIIE.</strong></span> 
     </span>
    </p>
   </div>
   <div class='ocr_carea' id='block_1_5' title="bbox 102 2567 1653 2676">
    <p class='ocr_par' dir='ltr' id='par_1_5' title="bbox 102 2567 1653 2676">
     <span class='ocr_line' id='line_1_5' title="bbox 102 2567 1653 2676; baseline 0.037 -57"><span class='ocrx_word' id='word_1_16' title='bbox 102 2567 307 2639; x_wconf 67' lang='lat' dir='ltr'><strong>(Jour.</strong></span> <span class='ocrx_word' id='word_1_17' title='bbox 339 2576 460 2646; x_wconf 82' lang='lat' dir='ltr'><strong>xx.)</strong></span> <span class='ocrx_word' id='word_1_18' title='bbox 490 2595 512 2630; x_wconf 86' lang='grc'><em>‹</em></span> <span class='ocrx_word' id='word_1_19' title='bbox 542 2578 602 2635; x_wconf 90' lang='lat' dir='ltr'><strong>In</strong></span> <span class='ocrx_word' id='word_1_20' title='bbox 635 2583 729 2640; x_wconf 88' lang='lat' dir='ltr'><strong>illo</strong></span> <span class='ocrx_word' id='word_1_21' title='bbox 759 2596 1000 2664; x_wconf 88' lang='lat' dir='ltr'><strong>tempore</strong></span> <span class='ocrx_word' id='word_1_22' title='bbox 1027 2615 1040 2651; x_wconf 88' lang='lat'><strong>:</strong></span> <span class='ocrx_word' id='word_1_23' title='bbox 1073 2600 1207 2658; x_wconf 88' lang='lat' dir='ltr'><strong>Cum</strong></span> <span class='ocrx_word' id='word_1_24' title='bbox 1232 2621 1354 2665; x_wconf 90' lang='lat' dir='ltr'><strong>sero</strong></span> <span class='ocrx_word' id='word_1_25' title='bbox 1393 2623 1534 2671; x_wconf 90' lang='lat' dir='ltr'><strong>esset</strong></span> <span class='ocrx_word' id='word_1_26' title='bbox 1565 2617 1653 2676; x_wconf 90' lang='lat' dir='ltr'><strong>die</strong></span> 
     </span>
    </p>
   </div>
   <div class='ocr_carea' id='block_1_6' title="bbox 31 2659 1649 2771">
    <p class='ocr_par' dir='ltr' id='par_1_6' title="bbox 31 2659 1649 2771">
     <span class='ocr_line' id='line_1_6' title="bbox 31 2659 1649 2771; baseline 0.033 -62"><span class='ocrx_word' id='word_1_27' title='bbox 31 2679 48 2708; x_wconf 84' lang='grc'><strong><em>‹</em></strong></span> <span class='ocrx_word' id='word_1_28' title='bbox 102 2659 214 2716; x_wconf 89' lang='lat' dir='ltr'><strong>illo</strong></span> <span class='ocrx_word' id='word_1_29' title='bbox 248 2677 356 2717; x_wconf 87' lang='lat' dir='ltr'><strong>una</strong></span> <span class='ocrx_word' id='word_1_30' title='bbox 382 2667 756 2743; x_wconf 80' lang='lat' dir='ltr'><strong>sabbatorum,</strong></span> <span class='ocrx_word' id='word_1_31' title='bbox 803 2659 1044 2742; x_wconf 42' lang='lat' dir='ltr'><strong>et—fores</strong></span> <span class='ocrx_word' id='word_1_32' title='bbox 1093 2704 1278 2750; x_wconf 77' lang='lat' dir='ltr'><strong>essent</strong></span> <span class='ocrx_word' id='word_1_33' title='bbox 1305 2698 1520 2771; x_wconf 78' lang='lat' dir='ltr'><strong>clausae,</strong></span> <span class='ocrx_word' id='word_1_34' title='bbox 1557 2707 1649 2764; x_wconf 88' lang='lat' dir='ltr'><strong>ubi</strong></span> 
     </span>
    </p>
   </div>
   <div class='ocr_carea' id='block_1_7' title="bbox 35 2755 1648 2853">
    <p class='ocr_par' dir='ltr' id='par_1_7' title="bbox 35 2755 1648 2853">
     <span class='ocr_line' id='line_1_7' title="bbox 35 2755 1648 2853; baseline 0.033 -51"><span class='ocrx_word' id='word_1_35' title='bbox 35 2768 54 2801; x_wconf 74' lang='grc' dir='ltr'><strong>σ</strong></span> <span class='ocrx_word' id='word_1_36' title='bbox 101 2762 279 2808; x_wconf 91' lang='lat' dir='ltr'><strong>erant</strong></span> <span class='ocrx_word' id='word_1_37' title='bbox 313 2755 562 2828; x_wconf 84' lang='lat' dir='ltr'><strong>discipuli</strong></span> <span class='ocrx_word' id='word_1_38' title='bbox 590 2773 902 2840; x_wconf 76' lang='lat' dir='ltr'><strong>congregati</strong></span> <span class='ocrx_word' id='word_1_39' title='bbox 932 2787 1158 2847; x_wconf 84' lang='lat' dir='ltr'><strong>propter</strong></span> <span class='ocrx_word' id='word_1_40' title='bbox 1187 2794 1390 2843; x_wconf 90' lang='lat' dir='ltr'><strong>metum</strong></span> <span class='ocrx_word' id='word_1_41' title='bbox 1436 2755 1648 2853; x_wconf 71' lang='lat' dir='ltr'><strong>Iudaeo-</strong></span> 
     </span>
    </p>
   </div>
   <div class='ocr_carea' id='block_1_8' title="bbox 35 2849 1643 2954">
    <p class='ocr_par' dir='ltr' id='par_1_8' title="bbox 35 2849 1643 2954">
     <span class='ocr_line' id='line_1_8' title="bbox 35 2849 1643 2954; baseline 0.03 -60"><span class='ocrx_word' id='word_1_42' title='bbox 35 2859 55 2893; x_wconf 76' lang='grc' dir='ltr'>ι</span> <span class='ocrx_word' id='word_1_43' title='bbox 103 2860 266 2900; x_wconf 89' lang='lat' dir='ltr'><strong>rum.</strong></span> <span class='ocrx_word' id='word_1_44' title='bbox 300 2867 319 2900; x_wconf 72' lang='grc' dir='ltr'><strong><em>ι</em></strong></span> <span class='ocrx_word' id='word_1_45' title='bbox 354 2849 423 2904; x_wconf 89' lang='lat' dir='ltr'><strong>Et</strong></span> <span class='ocrx_word' id='word_1_46' title='bbox 453 2853 680 2925; x_wconf 88' lang='lat' dir='ltr'><strong>reliqua.</strong></span> <span class='ocrx_word' id='word_1_47' title='bbox 732 2861 956 2929; x_wconf 85' lang='lat' dir='ltr'><strong>Quoties</strong></span> <span class='ocrx_word' id='word_1_48' title='bbox 1002 2869 1233 2944; x_wconf 83' lang='lat' dir='ltr'><strong>legimus</strong></span> <span class='ocrx_word' id='word_1_49' title='bbox 1271 2849 1643 2954; x_wconf 84' lang='lat' dir='ltr'><strong>discipulosin</strong></span> 
     </span>
    </p>
   </div>
   <div class='ocr_carea' id='block_1_9' title="bbox 31 2933 1642 3038">
    <p class='ocr_par' dir='ltr' id='par_1_9' title="bbox 31 2933 1642 3038">
     <span class='ocr_line' id='line_1_9' title="bbox 1056 2933 1642 2954; baseline 0.026 -26"><span class='ocrx_word' id='word_1_50' title='bbox 1056 2933 1085 2944; x_wconf 53' lang='grc' dir='ltr'>ν</span> <span class='ocrx_word' id='word_1_51' title='bbox 1283 2933 1560 2954; x_wconf 36' lang='grc' dir='ltr'><strong>μητννυ</strong></span> 
     </span>
     <span class='ocr_line' id='line_1_10' title="bbox 31 2933 1642 3038; baseline 0.03 -50"><span class='ocrx_word' id='word_1_52' title='bbox 31 2933 262 2993; x_wconf 89' lang='lat' dir='ltr'><strong>Domini</strong></span> <span class='ocrx_word' id='word_1_53' title='bbox 291 2943 544 3010; x_wconf 83' lang='lat' dir='ltr'><strong>passione</strong></span> <span class='ocrx_word' id='word_1_54' title='bbox 587 2948 849 3022; x_wconf 87' lang='lat' dir='ltr'><strong>timuisse,</strong></span> <span class='ocrx_word' id='word_1_55' title='bbox 903 2969 965 3014; x_wconf 91' lang='lat' dir='ltr'><strong>ut</strong></span> <span class='ocrx_word' id='word_1_56' title='bbox 996 2973 1120 3033; x_wconf 92' lang='lat' dir='ltr'><strong>post</strong></span> <span class='ocrx_word' id='word_1_57' title='bbox 1144 2967 1261 3038; x_wconf 90' lang='lat' dir='ltr'><strong>ejus</strong></span> <span class='ocrx_word' id='word_1_58' title='bbox 1287 2980 1642 3036; x_wconf 90' lang='lat' dir='ltr'><strong>resurrectio-</strong></span> 
     </span>
    </p>
   </div>
   <div class='ocr_carea' id='block_1_10' title="bbox 30 3040 1636 3139">
    <p class='ocr_par' dir='ltr' id='par_1_10' title="bbox 30 3040 1636 3139">
     <span class='ocr_line' id='line_1_11' title="bbox 30 3040 1636 3139; baseline 0.029 -58"><span class='ocrx_word' id='word_1_59' title='bbox 30 3042 160 3083; x_wconf 88' lang='lat' dir='ltr'><strong>nem</strong></span> <span class='ocrx_word' id='word_1_60' title='bbox 185 3042 410 3103; x_wconf 83' lang='lat' dir='ltr'><strong>propter</strong></span> <span class='ocrx_word' id='word_1_61' title='bbox 427 3046 629 3094; x_wconf 90' lang='lat' dir='ltr'><strong>metum</strong></span> <span class='ocrx_word' id='word_1_62' title='bbox 645 3040 954 3105; x_wconf 67' lang='lat' dir='ltr'><strong>Iudaeorum</strong></span> <span class='ocrx_word' id='word_1_63' title='bbox 998 3053 1052 3108; x_wconf 94' lang='lat' dir='ltr'><strong>in</strong></span> <span class='ocrx_word' id='word_1_64' title='bbox 1075 3060 1320 3116; x_wconf 84' lang='lat' dir='ltr'><strong>conclavi</strong></span> <span class='ocrx_word' id='word_1_65' title='bbox 1349 3069 1636 3139; x_wconf 90' lang='lat' dir='ltr'><strong>resedisse,</strong></span> 
     </span>
    </p>
   </div>
   <div class='ocr_carea' id='block_1_11' title="bbox 31 3126 1639 3235">
    <p class='ocr_par' dir='ltr' id='par_1_11' title="bbox 31 3126 1639 3235">
     <span class='ocr_line' id='line_1_12' title="bbox 31 3126 1639 3235; baseline 0.029 -61"><span class='ocrx_word' id='word_1_66' title='bbox 31 3136 147 3177; x_wconf 91' lang='lat' dir='ltr'><strong>non</strong></span> <span class='ocrx_word' id='word_1_67' title='bbox 198 3139 324 3180; x_wconf 88' lang='lat' dir='ltr'><strong>cum</strong></span> <span class='ocrx_word' id='word_1_68' title='bbox 365 3126 732 3202; x_wconf 79' lang='lat' dir='ltr'><strong>indignatione</strong></span> <span class='ocrx_word' id='word_1_69' title='bbox 771 3143 1143 3214; x_wconf 90' lang='lat' dir='ltr'><strong>accipiendum</strong></span> <span class='ocrx_word' id='word_1_70' title='bbox 1169 3163 1274 3221; x_wconf 89' lang='lat' dir='ltr'><strong>est,</strong></span> <span class='ocrx_word' id='word_1_71' title='bbox 1312 3152 1406 3213; x_wconf 77' lang='lat' dir='ltr'><strong>sed</strong></span> <span class='ocrx_word' id='word_1_72' title='bbox 1432 3159 1639 3235; x_wconf 88' lang='lat' dir='ltr'><strong>fragili-</strong></span> 
     </span>
    </p>
   </div>
   <div class='ocr_carea' id='block_1_12' title="bbox 29 3215 1633 3317">
    <p class='ocr_par' dir='ltr' id='par_1_12' title="bbox 29 3215 1633 3317">
     <span class='ocr_line' id='line_1_13' title="bbox 1260 3215 1610 3235; baseline 0.029 -26"><span class='ocrx_word' id='word_1_73' title='bbox 1260 3215 1271 3221; x_wconf 48' lang='lat'><strong>,</strong></span> <span class='ocrx_word' id='word_1_74' title='bbox 1519 3215 1610 3235; x_wconf 61' lang='grc' dir='ltr'><strong>υ---</strong></span> 
     </span>
     <span class='ocr_line' id='line_1_14' title="bbox 29 3215 1633 3317; baseline 0.028 -52"><span class='ocrx_word' id='word_1_75' title='bbox 29 3215 136 3267; x_wconf 89' lang='lat' dir='ltr'><strong>tati</strong></span> <span class='ocrx_word' id='word_1_76' title='bbox 169 3230 360 3272; x_wconf 90' lang='lat' dir='ltr'><strong>eorum</strong></span> <span class='ocrx_word' id='word_1_77' title='bbox 408 3225 831 3286; x_wconf 79' lang='lat' dir='ltr'><strong>concedendum.</strong></span> <span class='ocrx_word' id='word_1_78' title='bbox 885 3234 1128 3309; x_wconf 89' lang='lat' dir='ltr'><strong>Fragiles</strong></span> <span class='ocrx_word' id='word_1_79' title='bbox 1170 3259 1405 3317; x_wconf 87' lang='lat' dir='ltr'><strong>namque</strong></span> <span class='ocrx_word' id='word_1_80' title='bbox 1454 3260 1506 3306; x_wconf 88' lang='lat' dir='ltr'><strong>et</strong></span> <span class='ocrx_word' id='word_1_81' title='bbox 1549 3254 1633 3309; x_wconf 81' lang='lat' dir='ltr'><strong>in-</strong></span> 
     </span>
    </p>
   </div>
   <div class='ocr_carea' id='block_1_13' title="bbox 31 3302 2269 3403">
    <p class='ocr_par' dir='ltr' id='par_1_13' title="bbox 31 3302 2269 3403">
     <span class='ocr_line' id='line_1_15' title="bbox 31 3302 2269 3403; baseline 0.029 -47"><span class='ocrx_word' id='word_1_82' title='bbox 31 3302 214 3372; x_wconf 78' lang='lat' dir='ltr'><strong>firmi,</strong></span> <span class='ocrx_word' id='word_1_83' title='bbox 249 3314 467 3370; x_wconf 90' lang='lat' dir='ltr'><strong>necdum</strong></span> <span class='ocrx_word' id='word_1_84' title='bbox 495 3320 668 3387; x_wconf 87' lang='lat' dir='ltr'><strong>gratia</strong></span> <span class='ocrx_word' id='word_1_85' title='bbox 691 3321 926 3392; x_wconf 90' lang='lat' dir='ltr'><strong>Spiritus</strong></span> <span class='ocrx_word' id='word_1_86' title='bbox 956 3302 1131 3386; x_wconf 70' lang='lat' dir='ltr'><strong>sancti</strong></span> <span class='ocrx_word' id='word_1_87' title='bbox 1156 3302 1389 3403; x_wconf 61' lang='lat' dir='ltr'><strong>pleniter</strong></span> <span class='ocrx_word' id='word_1_88' title='bbox 1413 3339 1629 3401; x_wconf 84' lang='lat' dir='ltr'><strong>fuerant</strong></span> <span class='ocrx_word' id='word_1_89' title='bbox 1655 3322 1700 3384; x_wconf 79' lang='lat' dir='ltr'><strong>C</strong></span> <span class='ocrx_word' id='word_1_90' title='bbox 1732 3332 1917 3390; x_wconf 63' lang='lat' dir='ltr'><strong>Clauso</strong></span> <span class='ocrx_word' id='word_1_91' title='bbox 1941 3339 2169 3398; x_wconf 56' lang='grc' dir='ltr'><strong>θάυκίίῗ</strong></span> <span class='ocrx_word' id='word_1_92' title='bbox 2195 3317 2269 3403; x_wconf 52' lang='lat' dir='ltr'><strong>Id</strong></span> 
     </span>
    </p>
   </div>
   <div class='ocr_carea' id='block_1_14' title="bbox 36 3398 1626 3490">
    <p class='ocr_par' dir='ltr' id='par_1_14' title="bbox 36 3398 1626 3490">
     <span class='ocr_line' id='line_1_16' title="bbox 36 3398 1626 3490; baseline 0.028 -43"><span class='ocrx_word' id='word_1_93' title='bbox 36 3398 404 3469; x_wconf 88' lang='lat' dir='ltr'><strong>corroborati,</strong></span> <span class='ocrx_word' id='word_1_94' title='bbox 450 3409 570 3476; x_wconf 85' lang='lat' dir='ltr'><strong>quia</strong></span> <span class='ocrx_word' id='word_1_95' title='bbox 619 3411 762 3468; x_wconf 88' lang='lat' dir='ltr'><strong>sicut</strong></span> <span class='ocrx_word' id='word_1_96' title='bbox 805 3419 1132 3488; x_wconf 89' lang='lat' dir='ltr'><strong>evangelista</strong></span> <span class='ocrx_word' id='word_1_97' title='bbox 1156 3398 1282 3479; x_wconf 67' lang='lat' dir='ltr'><strong>ait:</strong></span> <span class='ocrx_word' id='word_1_98' title='bbox 1338 3446 1358 3480; x_wconf 83' lang='grc'>‹</span> <span class='ocrx_word' id='word_1_99' title='bbox 1385 3429 1626 3490; x_wconf 85' lang='lat' dir='ltr'><strong>Necdum</strong></span> 
     </span>
    </p>
   </div>
   <div class='ocr_carea' id='block_1_15' title="bbox 30 3489 1622 3597">
    <p class='ocr_par' dir='ltr' id='par_1_15' title="bbox 30 3489 1622 3597">
     <span class='ocr_line' id='line_1_17' title="bbox 30 3489 1622 3597; baseline 0.027 -58"><span class='ocrx_word' id='word_1_100' title='bbox 30 3498 160 3543; x_wconf 89' lang='lat' dir='ltr'><strong>erat</strong></span> <span class='ocrx_word' id='word_1_101' title='bbox 186 3489 420 3563; x_wconf 88' lang='lat' dir='ltr'><strong>Spiritus</strong></span> <span class='ocrx_word' id='word_1_102' title='bbox 439 3502 614 3572; x_wconf 91' lang='lat' dir='ltr'><strong>datus,</strong></span> <span class='ocrx_word' id='word_1_103' title='bbox 667 3507 795 3577; x_wconf 89' lang='lat' dir='ltr'><strong>quia</strong></span> <span class='ocrx_word' id='word_1_104' title='bbox 820 3507 976 3566; x_wconf 87' lang='lat' dir='ltr'><strong>Jesus</strong></span> <span class='ocrx_word' id='word_1_105' title='bbox 1005 3516 1242 3572; x_wconf 92' lang='lat' dir='ltr'><strong>nondum</strong></span> <span class='ocrx_word' id='word_1_106' title='bbox 1296 3519 1474 3578; x_wconf 79' lang='lat' dir='ltr'><strong>fuerat</strong></span> <span class='ocrx_word' id='word_1_107' title='bbox 1507 3525 1622 3597; x_wconf 84' lang='lat' dir='ltr'><strong>glo-</strong></span> 
     </span>
    </p>
   </div>
   <div class='ocr_carea' id='block_1_16' title="bbox 33 3581 1623 3684">
    <p class='ocr_par' dir='ltr' id='par_1_16' title="bbox 33 3581 1623 3684">
     <span class='ocr_line' id='line_1_18' title="bbox 33 3581 1623 3684; baseline 0.028 -51"><span class='ocrx_word' id='word_1_108' title='bbox 33 3581 283 3641; x_wconf 86' lang='lat' dir='ltr'><strong>rificatus</strong></span> <span class='ocrx_word' id='word_1_109' title='bbox 314 3588 492 3659; x_wconf 82' lang='lat' dir='ltr'><strong>(Joan.</strong></span> <span class='ocrx_word' id='word_1_110' title='bbox 525 3597 642 3670; x_wconf 64' lang='lat' dir='ltr'><strong>ut).</strong></span> <span class='ocrx_word' id='word_1_111' title='bbox 675 3619 694 3652; x_wconf 75' lang='grc' dir='ltr'><strong>ι</strong></span> <span class='ocrx_word' id='word_1_112' title='bbox 728 3601 837 3658; x_wconf 89' lang='lat' dir='ltr'><strong>Sed</strong></span> <span class='ocrx_word' id='word_1_113' title='bbox 864 3605 956 3674; x_wconf 93' lang='lat' dir='ltr'><strong>qui</strong></span> <span class='ocrx_word' id='word_1_114' title='bbox 983 3608 1133 3678; x_wconf 89' lang='lat' dir='ltr'><strong>prius</strong></span> <span class='ocrx_word' id='word_1_115' title='bbox 1171 3623 1392 3684; x_wconf 89' lang='lat' dir='ltr'><strong>propter</strong></span> <span class='ocrx_word' id='word_1_116' title='bbox 1420 3581 1623 3677; x_wconf 54' lang='lat' dir='ltr'><strong>metum</strong></span> 
     </span>
    </p>
   </div>
   <div class='ocr_carea' id='block_1_17' title="bbox 27 3671 1618 3781">
    <p class='ocr_par' dir='ltr' id='par_1_17' title="bbox 27 3671 1618 3781">
     <span class='ocr_line' id='line_1_19' title="bbox 27 3671 1618 3781; baseline 0.026 -56"><span class='ocrx_word' id='word_1_117' title='bbox 27 3671 344 3735; x_wconf 65' lang='lat' dir='ltr'><strong>Judaeorum</strong></span> <span class='ocrx_word' id='word_1_118' title='bbox 385 3683 438 3738; x_wconf 92' lang='lat' dir='ltr'><strong>in</strong></span> <span class='ocrx_word' id='word_1_119' title='bbox 483 3689 725 3746; x_wconf 89' lang='lat' dir='ltr'><strong>conclavi</strong></span> <span class='ocrx_word' id='word_1_120' title='bbox 753 3671 1083 3766; x_wconf 76' lang='lat' dir='ltr'><strong>residebant,</strong></span> <span class='ocrx_word' id='word_1_121' title='bbox 1130 3671 1413 3774; x_wconf 79' lang='lat' dir='ltr'><strong>postquam</strong></span> <span class='ocrx_word' id='word_1_122' title='bbox 1447 3709 1618 3781; x_wconf 81' lang='lat' dir='ltr'><strong>Spiri-</strong></span> 
     </span>
    </p>
   </div>
   <div class='ocr_carea' id='block_1_18' title="bbox 32 3773 1618 3860">
    <p class='ocr_par' dir='ltr' id='par_1_18' title="bbox 32 3773 1618 3860">
     <span class='ocr_line' id='line_1_20' title="bbox 32 3773 1618 3860; baseline 0.028 -42"><span class='ocrx_word' id='word_1_123' title='bbox 32 3773 140 3821; x_wconf 93' lang='lat' dir='ltr'><strong>tum</strong></span> <span class='ocrx_word' id='word_1_124' title='bbox 183 3781 428 3830; x_wconf 90' lang='lat' dir='ltr'><strong>sanctum</strong></span> <span class='ocrx_word' id='word_1_125' title='bbox 456 3777 743 3838; x_wconf 90' lang='lat' dir='ltr'><strong>visibiliter</strong></span> <span class='ocrx_word' id='word_1_126' title='bbox 785 3801 1132 3860; x_wconf 90' lang='lat' dir='ltr'><strong>acceperunt,</strong></span> <span class='ocrx_word' id='word_1_127' title='bbox 1184 3773 1332 3854; x_wconf 79' lang='lat' dir='ltr'><strong>tanta</strong></span> <span class='ocrx_word' id='word_1_128' title='bbox 1362 3813 1618 3860; x_wconf 81' lang='lat' dir='ltr'><strong>constan-</strong></span> 
     </span>
    </p>
   </div>
   <div class='ocr_carea' id='block_1_19' title="bbox 30 3857 1618 3960">
    <p class='ocr_par' dir='ltr' id='par_1_19' title="bbox 30 3857 1618 3960">
     <span class='ocr_line' id='line_1_21' title="bbox 30 3857 1618 3960; baseline 0.028 -50"><span class='ocrx_word' id='word_1_129' title='bbox 30 3857 96 3911; x_wconf 91' lang='lat' dir='ltr'><strong>tia</strong></span> <span class='ocrx_word' id='word_1_130' title='bbox 140 3871 269 3917; x_wconf 92' lang='lat' dir='ltr'><strong>sunt</strong></span> <span class='ocrx_word' id='word_1_131' title='bbox 298 3867 622 3938; x_wconf 89' lang='lat' dir='ltr'><strong>confirmati,</strong></span> <span class='ocrx_word' id='word_1_132' title='bbox 657 3884 717 3929; x_wconf 93' lang='lat' dir='ltr'><strong>ut</strong></span> <span class='ocrx_word' id='word_1_133' title='bbox 743 3857 948 3950; x_wconf 81' lang='lat' dir='ltr'><strong>absque</strong></span> <span class='ocrx_word' id='word_1_134' title='bbox 971 3884 1080 3940; x_wconf 89' lang='lat' dir='ltr'><strong>ulla</strong></span> <span class='ocrx_word' id='word_1_135' title='bbox 1110 3857 1468 3960; x_wconf 87' lang='lat' dir='ltr'><strong>trepidatione</strong></span> <span class='ocrx_word' id='word_1_136' title='bbox 1492 3910 1618 3954; x_wconf 84' lang='lat' dir='ltr'><strong>ante</strong></span> 
     </span>
    </p>
   </div>
   <div class='ocr_carea' id='block_1_20' title="bbox 33 3949 1614 4046">
    <p class='ocr_par' dir='ltr' id='par_1_20' title="bbox 33 3949 1614 4046">
     <span class='ocr_line' id='line_1_22' title="bbox 33 3949 1614 4046; baseline 0.029 -45"><span class='ocrx_word' id='word_1_137' title='bbox 33 3949 304 4023; x_wconf 89' lang='lat' dir='ltr'><strong>principes</strong></span> <span class='ocrx_word' id='word_1_138' title='bbox 323 3966 378 4012; x_wconf 89' lang='lat' dir='ltr'><strong>et</strong></span> <span class='ocrx_word' id='word_1_139' title='bbox 408 3964 719 4022; x_wconf 88' lang='lat' dir='ltr'><strong>sacerdotes</strong></span> <span class='ocrx_word' id='word_1_140' title='bbox 745 3949 1033 4030; x_wconf 81' lang='lat' dir='ltr'><strong>Dominum</strong></span> <span class='ocrx_word' id='word_1_141' title='bbox 1064 3949 1486 4043; x_wconf 75' lang='lat' dir='ltr'><strong>confiterentur:</strong></span> <span class='ocrx_word' id='word_1_142' title='bbox 1529 3990 1614 4046; x_wconf 85' lang='lat' dir='ltr'><strong>fa-</strong></span> 
     </span>
    </p>
   </div>
   <div class='ocr_carea' id='block_1_21' title="bbox 29 4048 1614 4140">
    <p class='ocr_par' dir='ltr' id='par_1_21' title="bbox 29 4048 1614 4140">
     <span class='ocr_line' id='line_1_23' title="bbox 29 4048 1614 4140; baseline 0.029 -48"><span class='ocrx_word' id='word_1_143' title='bbox 29 4048 280 4114; x_wconf 85' lang='lat' dir='ltr'><strong>ctumque</strong></span> <span class='ocrx_word' id='word_1_144' title='bbox 303 4051 576 4110; x_wconf 91' lang='lat' dir='ltr'><strong>cernimus</strong></span> <span class='ocrx_word' id='word_1_145' title='bbox 603 4055 655 4111; x_wconf 92' lang='lat' dir='ltr'><strong>in</strong></span> <span class='ocrx_word' id='word_1_146' title='bbox 683 4063 942 4129; x_wconf 89' lang='lat' dir='ltr'><strong>apostolis</strong></span> <span class='ocrx_word' id='word_1_147' title='bbox 967 4082 1067 4136; x_wconf 92' lang='lat' dir='ltr'><strong>per</strong></span> <span class='ocrx_word' id='word_1_148' title='bbox 1097 4074 1386 4140; x_wconf 88' lang='lat' dir='ltr'><strong>quamdam</strong></span> <span class='ocrx_word' id='word_1_149' title='bbox 1418 4079 1614 4138; x_wconf 80' lang='lat' dir='ltr'><strong>simili-</strong></span> 
     </span>
    </p>
   </div>
   <div class='ocr_carea' id='block_1_22' title="bbox 35 4134 1614 4234">
    <p class='ocr_par' dir='ltr' id='par_1_22' title="bbox 35 4134 1614 4234">
     <span class='ocr_line' id='line_1_24' title="bbox 35 4134 1614 4234; baseline 0.029 -49"><span class='ocrx_word' id='word_1_150' title='bbox 35 4134 288 4204; x_wconf 90' lang='lat' dir='ltr'><strong>tudinem,</strong></span> <span class='ocrx_word' id='word_1_151' title='bbox 317 4145 461 4211; x_wconf 92' lang='lat' dir='ltr'><strong>quod</strong></span> <span class='ocrx_word' id='word_1_152' title='bbox 490 4146 627 4203; x_wconf 86' lang='lat' dir='ltr'><strong>solet</strong></span> <span class='ocrx_word' id='word_1_153' title='bbox 678 4149 796 4207; x_wconf 82' lang='lat' dir='ltr'><strong>fieri</strong></span> <span class='ocrx_word' id='word_1_154' title='bbox 820 4155 875 4209; x_wconf 94' lang='lat' dir='ltr'><strong>in</strong></span> <span class='ocrx_word' id='word_1_155' title='bbox 923 4134 1254 4234; x_wconf 45' lang='lat' dir='ltr'><strong>aquis-quae</strong></span> <span class='ocrx_word' id='word_1_156' title='bbox 1284 4169 1408 4225; x_wconf 94' lang='lat' dir='ltr'><strong>dum</strong></span> <span class='ocrx_word' id='word_1_157' title='bbox 1455 4182 1614 4229; x_wconf 89' lang='lat' dir='ltr'><strong>natu-</strong></span> 
     </span>
    </p>
   </div>
   <div class='ocr_carea' id='block_1_23' title="bbox 30 4224 1613 4330">
    <p class='ocr_par' dir='ltr' id='par_1_23' title="bbox 30 4224 1613 4330">
     <span class='ocr_line' id='line_1_25' title="bbox 30 4224 1613 4330; baseline 0.028 -54"><span class='ocrx_word' id='word_1_158' title='bbox 30 4224 207 4283; x_wconf 86' lang='lat' dir='ltr'><strong>raliter</strong></span> <span class='ocrx_word' id='word_1_159' title='bbox 229 4229 451 4302; x_wconf 70' lang='lat' dir='ltr'><strong>liquidae</strong></span> <span class='ocrx_word' id='word_1_160' title='bbox 476 4247 618 4306; x_wconf 91' lang='lat' dir='ltr'><strong>sunt,</strong></span> <span class='ocrx_word' id='word_1_161' title='bbox 672 4243 716 4297; x_wconf 91' lang='lat' dir='ltr'><strong>si</strong></span> <span class='ocrx_word' id='word_1_162' title='bbox 742 4246 910 4303; x_wconf 91' lang='lat' dir='ltr'><strong>nimio</strong></span> <span class='ocrx_word' id='word_1_163' title='bbox 935 4224 1056 4320; x_wconf 82' lang='lat' dir='ltr'><strong>gelu</strong></span> <span class='ocrx_word' id='word_1_164' title='bbox 1086 4224 1243 4311; x_wconf 70' lang='lat' dir='ltr'><strong>tacta:</strong></span> <span class='ocrx_word' id='word_1_165' title='bbox 1275 4257 1493 4330; x_wconf 85' lang='lat' dir='ltr'><strong>fuerint,</strong></span> <span class='ocrx_word' id='word_1_166' title='bbox 1544 4266 1613 4321; x_wconf 91' lang='lat' dir='ltr'><strong>ad</strong></span> 
     </span>
    </p>
   </div>
   <div class='ocr_carea' id='block_1_24' title="bbox 33 4321 1612 4414">
    <p class='ocr_par' dir='ltr' id='par_1_24' title="bbox 33 4321 1612 4414">
     <span class='ocr_line' id='line_1_26' title="bbox 33 4321 1612 4414; baseline 0.03 -46"><span class='ocrx_word' id='word_1_167' title='bbox 33 4321 220 4375; x_wconf 87' lang='lat' dir='ltr'><strong>tantam</strong></span> <span class='ocrx_word' id='word_1_168' title='bbox 256 4321 510 4383; x_wconf 87' lang='lat' dir='ltr'><strong>duritiam</strong></span> <span class='ocrx_word' id='word_1_169' title='bbox 535 4336 862 4401; x_wconf 90' lang='lat' dir='ltr'><strong>perveniunt</strong></span> <span class='ocrx_word' id='word_1_170' title='bbox 904 4349 964 4396; x_wconf 93' lang='lat' dir='ltr'><strong>ut</strong></span> <span class='ocrx_word' id='word_1_171' title='bbox 1002 4343 1058 4399; x_wconf 89' lang='lat' dir='ltr'><strong>in</strong></span> <span class='ocrx_word' id='word_1_172' title='bbox 1101 4349 1398 4409; x_wconf 90' lang='lat' dir='ltr'><strong>cristallum</strong></span> <span class='ocrx_word' id='word_1_173' title='bbox 1433 4357 1612 4414; x_wconf 87' lang='lat' dir='ltr'><strong>duris-</strong></span> 
     </span>
    </p>
   </div>
   <div class='ocr_carea' id='block_1_25' title="bbox 30 4404 1604 4509">
    <p class='ocr_par' dir='ltr' id='par_1_25' title="bbox 30 4404 1604 4509">
     <span class='ocr_line' id='line_1_27' title="bbox 30 4404 1604 4509; baseline 0.032 -51"><span class='ocrx_word' id='word_1_174' title='bbox 30 4404 210 4465; x_wconf 90' lang='lat' dir='ltr'><strong>simum</strong></span> <span class='ocrx_word' id='word_1_175' title='bbox 246 4411 476 4485; x_wconf 90' lang='lat' dir='ltr'><strong>lapidem</strong></span> <span class='ocrx_word' id='word_1_176' title='bbox 503 4435 912 4498; x_wconf 89' lang='lat' dir='ltr'><strong>convertantur,</strong></span> <span class='ocrx_word' id='word_1_177' title='bbox 949 4435 1023 4489; x_wconf 90' lang='lat' dir='ltr'><strong>ita</strong></span> <span class='ocrx_word' id='word_1_178' title='bbox 1057 4446 1115 4492; x_wconf 91' lang='lat' dir='ltr'><strong>ut</strong></span> <span class='ocrx_word' id='word_1_179' title='bbox 1143 4441 1231 4496; x_wconf 83' lang='lat' dir='ltr'><strong>vix</strong></span> <span class='ocrx_word' id='word_1_180' title='bbox 1260 4443 1408 4502; x_wconf 90' lang='lat' dir='ltr'><strong>ferro</strong></span> <span class='ocrx_word' id='word_1_181' title='bbox 1431 4454 1604 4509; x_wconf 89' lang='lat' dir='ltr'><strong>secari</strong></span> 
     </span>
    </p>
   </div>
   <div class='ocr_carea' id='block_1_26' title="bbox 35 4501 1606 4609">
    <p class='ocr_par' dir='ltr' id='par_1_26' title="bbox 35 4501 1606 4609">
     <span class='ocr_line' id='line_1_28' title="bbox 35 4501 1606 4609; baseline 0.03 -58"><span class='ocrx_word' id='word_1_182' title='bbox 35 4501 248 4563; x_wconf 86' lang='lat' dir='ltr'><strong>possint.</strong></span> <span class='ocrx_word' id='word_1_183' title='bbox 292 4504 381 4562; x_wconf 88' lang='lat' dir='ltr'><strong>Sic</strong></span> <span class='ocrx_word' id='word_1_184' title='bbox 420 4518 475 4565; x_wconf 91' lang='lat' dir='ltr'><strong>et</strong></span> <span class='ocrx_word' id='word_1_185' title='bbox 515 4511 761 4586; x_wconf 89' lang='lat' dir='ltr'><strong>discipuli</strong></span> <span class='ocrx_word' id='word_1_186' title='bbox 815 4531 940 4579; x_wconf 87' lang='lat' dir='ltr'><strong>ante</strong></span> <span class='ocrx_word' id='word_1_187' title='bbox 983 4525 1327 4589; x_wconf 89' lang='lat' dir='ltr'><strong>donationem</strong></span> <span class='ocrx_word' id='word_1_188' title='bbox 1374 4536 1606 4609; x_wconf 90' lang='lat' dir='ltr'><strong>Spiritus</strong></span> 
     </span>
    </p>
   </div>
   <div class='ocr_carea' id='block_1_27' title="bbox 31 4593 1606 4701">
    <p class='ocr_par' dir='ltr' id='par_1_27' title="bbox 31 4593 1606 4701">
     <span class='ocr_line' id='line_1_29' title="bbox 31 4593 1606 4701; baseline 0.03 -60"><span class='ocrx_word' id='word_1_189' title='bbox 31 4593 204 4660; x_wconf 89' lang='lat' dir='ltr'><strong>sancti,</strong></span> <span class='ocrx_word' id='word_1_190' title='bbox 232 4595 548 4658; x_wconf 86' lang='lat' dir='ltr'><strong>infirmitate</strong></span> <span class='ocrx_word' id='word_1_191' title='bbox 585 4610 770 4664; x_wconf 89' lang='lat' dir='ltr'><strong>carnis</strong></span> <span class='ocrx_word' id='word_1_192' title='bbox 792 4615 1002 4682; x_wconf 81' lang='lat' dir='ltr'><strong>gravati</strong></span> <span class='ocrx_word' id='word_1_193' title='bbox 1034 4618 1322 4690; x_wconf 90' lang='lat' dir='ltr'><strong>timebant,</strong></span> <span class='ocrx_word' id='word_1_194' title='bbox 1461 4641 1606 4701; x_wconf 92' lang='lat' dir='ltr'><strong>post-</strong></span> 
     </span>
    </p>
   </div>
   <div class='ocr_carea' id='block_1_28' title="bbox 29 4683 1997 4783">
    <p class='ocr_par' dir='ltr' id='par_1_28' title="bbox 29 4683 1997 4783">
     <span class='ocr_line' id='line_1_30' title="bbox 29 4683 1997 4783; baseline 0.025 -50"><span class='ocrx_word' id='word_1_195' title='bbox 29 4690 173 4746; x_wconf 86' lang='lat' dir='ltr'><strong>quam</strong></span> <span class='ocrx_word' id='word_1_196' title='bbox 200 4683 438 4754; x_wconf 89' lang='lat' dir='ltr'><strong>Spiritus</strong></span> <span class='ocrx_word' id='word_1_197' title='bbox 463 4697 636 4752; x_wconf 90' lang='lat' dir='ltr'><strong>sancti</strong></span> <span class='ocrx_word' id='word_1_198' title='bbox 661 4703 835 4770; x_wconf 88' lang='lat' dir='ltr'><strong>gratia</strong></span> <span class='ocrx_word' id='word_1_199' title='bbox 859 4714 986 4760; x_wconf 89' lang='lat' dir='ltr'><strong>sunt</strong></span> <span class='ocrx_word' id='word_1_200' title='bbox 1009 4712 1373 4783; x_wconf 89' lang='lat' dir='ltr'><strong>constipulati,</strong></span> <span class='ocrx_word' id='word_1_201' title='bbox 1399 4683 1603 4779; x_wconf 49' lang='lat' dir='ltr'><strong>inrtan-</strong></span> <span class='ocrx_word' id='word_1_202' title='bbox 1632 4699 1683 4760; x_wconf 82' lang='grc' dir='ltr'><strong>Ῑ)</strong></span> <span class='ocrx_word' id='word_1_203' title='bbox 1707 4723 1997 4781; x_wconf 90' lang='lat' dir='ltr'><strong>ostendens</strong></span> 
     </span>
    </p>
   </div>
   <div class='ocr_carea' id='block_1_29' title="bbox 32 4773 1598 4878">
    <p class='ocr_par' dir='ltr' id='par_1_29' title="bbox 32 4773 1598 4878">
     <span class='ocr_line' id='line_1_31' title="bbox 32 4773 1598 4878; baseline 0.031 -55"><span class='ocrx_word' id='word_1_204' title='bbox 32 4775 127 4825; x_wconf 85' lang='lat' dir='ltr'><strong>tum</strong></span> <span class='ocrx_word' id='word_1_205' title='bbox 154 4773 323 4834; x_wconf 82' lang='lat' dir='ltr'><strong>fortes</strong></span> <span class='ocrx_word' id='word_1_206' title='bbox 347 4792 473 4838; x_wconf 91' lang='lat' dir='ltr'><strong>sunt</strong></span> <span class='ocrx_word' id='word_1_207' title='bbox 501 4787 715 4856; x_wconf 90' lang='lat' dir='ltr'><strong>redditi,</strong></span> <span class='ocrx_word' id='word_1_208' title='bbox 746 4801 807 4848; x_wconf 92' lang='lat' dir='ltr'><strong>ut</strong></span> <span class='ocrx_word' id='word_1_209' title='bbox 827 4796 919 4864; x_wconf 91' lang='lat' dir='ltr'><strong>qui</strong></span> <span class='ocrx_word' id='word_1_210' title='bbox 955 4800 1105 4868; x_wconf 90' lang='lat' dir='ltr'><strong>prius</strong></span> <span class='ocrx_word' id='word_1_211' title='bbox 1144 4773 1364 4878; x_wconf 75' lang='lat' dir='ltr'><strong>propter</strong></span> <span class='ocrx_word' id='word_1_212' title='bbox 1395 4822 1598 4872; x_wconf 92' lang='lat' dir='ltr'><strong>metum</strong></span> 
     </span>
    </p>
   </div>
   <div class='ocr_carea' id='block_1_30' title="bbox 29 4853 1598 4976">
    <p class='ocr_par' dir='ltr' id='par_1_30' title="bbox 29 4853 1598 4976">
     <span class='ocr_line' id='line_1_32' title="bbox 702 4853 1598 4878; baseline 0.017 -22"><span class='ocrx_word' id='word_1_213' title='bbox 702 4853 710 4856; x_wconf 88' lang='lat'><strong>.</strong></span> <span class='ocrx_word' id='word_1_214' title='bbox 843 4853 860 4864; x_wconf 83' lang='grc'><em>,</em></span> <span class='ocrx_word' id='word_1_215' title='bbox 955 4853 973 4868; x_wconf 68' lang='grc' dir='ltr'>ι</span> <span class='ocrx_word' id='word_1_216' title='bbox 1051 4853 1101 4857; x_wconf 48' lang='grc' dir='ltr'><strong>μγ</strong></span> <span class='ocrx_word' id='word_1_217' title='bbox 1144 4853 1351 4878; x_wconf 67' lang='lat' dir='ltr'><strong>r-erVI</strong></span> <span class='ocrx_word' id='word_1_218' title='bbox 1396 4853 1598 4872; x_wconf 71' lang='grc' dir='ltr'><strong>ι-ιυιιιιιι</strong></span> 
     </span>
     <span class='ocr_line' id='line_1_33' title="bbox 29 4853 1598 4976; baseline 0.028 -58"><span class='ocrx_word' id='word_1_219' title='bbox 29 4853 318 4924; x_wconf 70' lang='lat' dir='ltr'><strong>«Indteorum</strong></span> <span class='ocrx_word' id='word_1_220' title='bbox 349 4875 660 4934; x_wconf 87' lang='lat' dir='ltr'><strong>residebant</strong></span> <span class='ocrx_word' id='word_1_221' title='bbox 708 4882 763 4939; x_wconf 92' lang='lat' dir='ltr'><strong>in</strong></span> <span class='ocrx_word' id='word_1_222' title='bbox 796 4888 1056 4958; x_wconf 91' lang='lat' dir='ltr'><strong>conclavi,</strong></span> <span class='ocrx_word' id='word_1_223' title='bbox 1094 4901 1436 4964; x_wconf 91' lang='lat' dir='ltr'><strong>postmodum</strong></span> <span class='ocrx_word' id='word_1_224' title='bbox 1468 4922 1598 4976; x_wconf 88' lang='lat' dir='ltr'><strong>gau-</strong></span> 
     </span>
     <span class='ocr_line' id='line_1_34' title="bbox 32 4947 238 4976; baseline 0 0"><span class='ocrx_word' id='word_1_225' title='bbox 32 4947 193 4976; x_wconf 63' lang='lat' dir='ltr'><strong>An-..,-</strong></span> <span class='ocrx_word' id='word_1_226' title='bbox 226 4975 238 4976; x_wconf 33' lang='grc' dir='ltr'><em>γ</em></span> 
     </span>
    </p>
   </div>
   <div class='ocr_carea' id='block_1_31' title="bbox 32 4947 1597 5056">
    <p class='ocr_par' dir='ltr' id='par_1_31' title="bbox 32 4947 1597 5056">
     <span class='ocr_line' id='line_1_35' title="bbox 1043 4947 1595 4976; baseline 0.034 -18"><span class='ocrx_word' id='word_1_227' title='bbox 1043 4947 1055 4958; x_wconf 90' lang='lat'><strong><em>.</em></strong></span> <span class='ocrx_word' id='word_1_228' title='bbox 1094 4947 1117 4964; x_wconf 66' lang='grc' dir='ltr'><em>τ</em></span> <span class='ocrx_word' id='word_1_229' title='bbox 1141 4947 1436 4957; x_wconf 25' lang='grc' dir='ltr'><strong>-ηὴ---ν--η--ι</strong></span> <span class='ocrx_word' id='word_1_230' title='bbox 1468 4947 1595 4976; x_wconf 58' lang='grc' dir='ltr'><strong>δ”-Τ</strong></span> 
     </span>
     <span class='ocr_line' id='line_1_36' title="bbox 32 4947 1597 5056; baseline 0.034 -52"><span class='ocrx_word' id='word_1_231' title='bbox 32 4947 253 5014; x_wconf 83' lang='lat' dir='ltr'><strong>dentesa</strong></span> <span class='ocrx_word' id='word_1_232' title='bbox 296 4977 587 5036; x_wconf 90' lang='lat' dir='ltr'><strong>conspectu</strong></span> <span class='ocrx_word' id='word_1_233' title='bbox 619 4976 836 5032; x_wconf 91' lang='lat' dir='ltr'><strong>concilii</strong></span> <span class='ocrx_word' id='word_1_234' title='bbox 887 4980 1062 5050; x_wconf 91' lang='lat' dir='ltr'><strong>irent,</strong></span> <span class='ocrx_word' id='word_1_235' title='bbox 1109 4987 1351 5050; x_wconf 88' lang='lat' dir='ltr'><strong>dicentes</strong></span> <span class='ocrx_word' id='word_1_236' title='bbox 1394 5012 1452 5052; x_wconf 93' lang='lat' dir='ltr'><strong>se</strong></span> <span class='ocrx_word' id='word_1_237' title='bbox 1477 5013 1597 5056; x_wconf 89' lang='lat' dir='ltr'><strong>esse</strong></span> 
     </span>
    </p>
   </div>
   <div class='ocr_carea' id='block_1_32' title="bbox 34 5043 1587 5161">
    <p class='ocr_par' dir='ltr' id='par_1_32' title="bbox 34 5043 1587 5161">
     <span class='ocr_line' id='line_1_37' title="bbox 34 5043 1587 5161; baseline 0.032 -65"><span class='ocrx_word' id='word_1_238' title='bbox 34 5056 50 5089; x_wconf 72' lang='grc' dir='ltr'>ι</span> <span class='ocrx_word' id='word_1_239' title='bbox 72 5043 252 5117; x_wconf 87' lang='lat' dir='ltr'><strong>dignos</strong></span> <span class='ocrx_word' id='word_1_240' title='bbox 272 5068 372 5123; x_wconf 90' lang='lat' dir='ltr'><strong>pro</strong></span> <span class='ocrx_word' id='word_1_241' title='bbox 392 5062 612 5119; x_wconf 88' lang='lat' dir='ltr'><strong>nomine</strong></span> <span class='ocrx_word' id='word_1_242' title='bbox 628 5063 756 5122; x_wconf 81' lang='lat' dir='ltr'><strong>Jesu</strong></span> <span class='ocrx_word' id='word_1_243' title='bbox 775 5075 1158 5134; x_wconf 87' lang='lat' dir='ltr'><strong>contumeliam</strong></span> <span class='ocrx_word' id='word_1_244' title='bbox 1178 5083 1290 5150; x_wconf 91' lang='lat' dir='ltr'><strong>pati</strong></span> <span class='ocrx_word' id='word_1_245' title='bbox 1316 5085 1452 5157; x_wconf 82' lang='lat' dir='ltr'><strong>(Act.</strong></span> <span class='ocrx_word' id='word_1_246' title='bbox 1478 5093 1554 5161; x_wconf 91' lang='lat' dir='ltr'><strong>v).</strong></span> <span class='ocrx_word' id='word_1_247' title='bbox 1569 5112 1587 5144; x_wconf 75' lang='grc' dir='ltr'><strong><em>ι</em></strong></span> 
     </span>
     <span class='ocr_line' id='line_1_38' title="bbox 34 5131 684 5161; baseline 0.029 -1"><span class='ocrx_word' id='word_1_248' title='bbox 34 5131 200 5161; x_wconf 46' lang='lat'><strong>&quot;21--..</strong></span> <span class='ocrx_word' id='word_1_249' title='bbox 570 5154 590 5161; x_wconf 67' lang='grc'><strong>⁸</strong></span> <span class='ocrx_word' id='word_1_250' title='bbox 677 5159 684 5161; x_wconf 81' lang='grc'><strong>-</strong></span> 
     </span>
    </p>
   </div>
   <div class='ocr_carea' id='block_1_33' title="bbox 29 5131 1589 5245">
    <p class='ocr_par' dir='ltr' id='par_1_33' title="bbox 29 5131 1589 5245">
     <span class='ocr_line' id='line_1_39' title="bbox 1012 5131 1587 5161; baseline 0.028 -32"><span class='ocrx_word' id='word_1_251' title='bbox 1012 5131 1015 5132; x_wconf 27' lang='grc' dir='ltr'><em>ν</em></span> <span class='ocrx_word' id='word_1_252' title='bbox 1108 5131 1290 5150; x_wconf 46' lang='grc' dir='ltr'><strong>ηρ--</strong></span> <span class='ocrx_word' id='word_1_253' title='bbox 1337 5131 1452 5142; x_wconf 72' lang='grc' dir='ltr'><strong>---η</strong></span> <span class='ocrx_word' id='word_1_254' title='bbox 1489 5131 1587 5161; x_wconf 85' lang='lat'><strong>.,..</strong></span> 
     </span>
     <span class='ocr_line' id='line_1_40' title="bbox 29 5131 1589 5245; baseline 0.033 -57"><span class='ocrx_word' id='word_1_255' title='bbox 29 5131 300 5203; x_wconf 72' lang='lat' dir='ltr'><strong>Videamus</strong></span> <span class='ocrx_word' id='word_1_256' title='bbox 329 5162 532 5221; x_wconf 90' lang='lat' dir='ltr'><strong>quanta</strong></span> <span class='ocrx_word' id='word_1_257' title='bbox 562 5154 880 5220; x_wconf 87' lang='lat' dir='ltr'><strong>fortitudine</strong></span> <span class='ocrx_word' id='word_1_258' title='bbox 921 5165 1113 5227; x_wconf 90' lang='lat' dir='ltr'><strong>Petrus</strong></span> <span class='ocrx_word' id='word_1_259' title='bbox 1158 5131 1454 5245; x_wconf 62' lang='lat' dir='ltr'><strong>apostblus,</strong></span> <span class='ocrx_word' id='word_1_260' title='bbox 1499 5197 1589 5238; x_wconf 84' lang='lat' dir='ltr'><strong>ac-</strong></span> 
     </span>
    </p>
   </div>
   <div class='ocr_carea' id='block_1_34' title="bbox 27 5233 1590 5336">
    <p class='ocr_par' dir='ltr' id='par_1_34' title="bbox 27 5233 1590 5336">
     <span class='ocr_line' id='line_1_41' title="bbox 27 5233 1590 5336; baseline 0.028 -51"><span class='ocrx_word' id='word_1_261' title='bbox 27 5238 163 5298; x_wconf 80' lang='lat' dir='ltr'><strong>cepto</strong></span> <span class='ocrx_word' id='word_1_262' title='bbox 193 5233 399 5306; x_wconf 86' lang='lat' dir='ltr'><strong>Spiritu</strong></span> <span class='ocrx_word' id='word_1_263' title='bbox 430 5255 641 5314; x_wconf 92' lang='lat' dir='ltr'><strong>sancto,</strong></span> <span class='ocrx_word' id='word_1_264' title='bbox 673 5250 843 5309; x_wconf 89' lang='lat' dir='ltr'><strong>durus</strong></span> <span class='ocrx_word' id='word_1_265' title='bbox 871 5267 1005 5313; x_wconf 90' lang='lat' dir='ltr'><strong>erat.</strong></span> <span class='ocrx_word' id='word_1_266' title='bbox 1040 5259 1142 5329; x_wconf 87' lang='lat' dir='ltr'><strong>Qui</strong></span> <span class='ocrx_word' id='word_1_267' title='bbox 1168 5233 1310 5321; x_wconf 69' lang='lat' dir='ltr'><strong>enim</strong></span> <span class='ocrx_word' id='word_1_268' title='bbox 1341 5233 1492 5336; x_wconf 78' lang='lat' dir='ltr'><strong>prius</strong></span> <span class='ocrx_word' id='word_1_269' title='bbox 1522 5273 1590 5329; x_wconf 91' lang='lat' dir='ltr'><strong>ad</strong></span> 
     </span>
    </p>
   </div>
   <div class='ocr_carea' id='block_1_35' title="bbox 1349 451 2169 528">
    <p class='ocr_par' dir='ltr' id='par_1_35' title="bbox 1349 451 2169 528">
     <span class='ocr_line' id='line_1_42' title="bbox 1349 451 2169 528; baseline 0.027 -22"><span class='ocrx_word' id='word_1_270' title='bbox 1349 451 1652 513; x_wconf 52' lang='lat' dir='ltr'><strong>IIOMILL‘E</strong></span> <span class='ocrx_word' id='word_1_271' title='bbox 1698 462 1784 518; x_wconf 84' lang='lat' dir='ltr'><strong>DE</strong></span> <span class='ocrx_word' id='word_1_272' title='bbox 1825 465 2169 528; x_wconf 82' lang='lat' dir='ltr'><strong>TEMPORE.</strong></span> 
     </span>
    </p>
   </div>
   <div class='ocr_carea' id='block_1_36' title="bbox 1416 577 3374 687">
    <p class='ocr_par' dir='ltr' id='par_1_36' title="bbox 1416 577 3374 687">
     <span class='ocr_line' id='line_1_43' title="bbox 1416 577 3374 687; baseline 0.031 -61"><span class='ocrx_word' id='word_1_273' title='bbox 1416 577 1540 644; x_wconf 85' lang='lat' dir='ltr'><strong>quia</strong></span> <span class='ocrx_word' id='word_1_274' title='bbox 1579 579 1694 634; x_wconf 77' lang='lat' dir='ltr'><strong>Rex</strong></span> <span class='ocrx_word' id='word_1_275' title='bbox 1721 592 1776 651; x_wconf 69' lang='grc' dir='ltr'>Α</span> <span class='ocrx_word' id='word_1_276' title='bbox 1798 584 1876 639; x_wconf 89' lang='lat' dir='ltr'><strong>ait</strong></span> <span class='ocrx_word' id='word_1_277' title='bbox 1906 606 1924 638; x_wconf 76' lang='grc' dir='ltr'><strong><em>ι</em></strong></span> <span class='ocrx_word' id='word_1_278' title='bbox 1960 602 2067 644; x_wconf 90' lang='lat' dir='ltr'><strong>una</strong></span> <span class='ocrx_word' id='word_1_279' title='bbox 2107 591 2473 666; x_wconf 86' lang='lat' dir='ltr'><strong>sabbatorum,</strong></span> <span class='ocrx_word' id='word_1_280' title='bbox 2510 623 2529 655; x_wconf 70' lang='grc' dir='ltr'><strong><em>ι</em></strong></span> <span class='ocrx_word' id='word_1_281' title='bbox 2564 604 2738 676; x_wconf 89' lang='lat' dir='ltr'><strong>ipsam</strong></span> <span class='ocrx_word' id='word_1_282' title='bbox 2778 613 2918 672; x_wconf 89' lang='lat' dir='ltr'><strong>diem</strong></span> <span class='ocrx_word' id='word_1_283' title='bbox 2949 591 3242 683; x_wconf 49' lang='lat' dir='ltr'><strong>Dominicai</strong></span> <span class='ocrx_word' id='word_1_284' title='bbox 3284 647 3374 687; x_wconf 87' lang='lat' dir='ltr'><strong>re-</strong></span> 
     </span>
    </p>
   </div>
   <div class='ocr_carea' id='block_1_37' title="bbox 1380 669 3372 778">
    <p class='ocr_par' dir='ltr' id='par_1_37' title="bbox 1380 669 3372 778">
     <span class='ocr_line' id='line_1_44' title="bbox 1380 669 3372 778; baseline 0.03 -60"><span class='ocrx_word' id='word_1_285' title='bbox 1380 680 1435 719; x_wconf 88' lang='lat' dir='ltr'><strong>rs</strong></span> <span class='ocrx_word' id='word_1_286' title='bbox 1459 669 1695 726; x_wconf 78' lang='lat' dir='ltr'><strong>exsultat</strong></span> <span class='ocrx_word' id='word_1_287' title='bbox 1795 679 2149 738; x_wconf 88' lang='lat' dir='ltr'><strong>surrectionis</strong></span> <span class='ocrx_word' id='word_1_288' title='bbox 2177 683 2476 760; x_wconf 76' lang='lat' dir='ltr'><strong>intelligere</strong></span> <span class='ocrx_word' id='word_1_289' title='bbox 2489 669 2766 769; x_wconf 73' lang='lat' dir='ltr'><strong>debemus,</strong></span> <span class='ocrx_word' id='word_1_290' title='bbox 2797 721 2979 777; x_wconf 89' lang='lat' dir='ltr'><strong>quam,</strong></span> <span class='ocrx_word' id='word_1_291' title='bbox 3010 713 3080 769; x_wconf 93' lang='lat' dir='ltr'><strong>ob</strong></span> <span class='ocrx_word' id='word_1_292' title='bbox 3109 716 3372 778; x_wconf 77' lang='lat' dir='ltr'><strong>henorem</strong></span> 
     </span>
    </p>
   </div>
   <div class='ocr_carea' id='block_1_38' title="bbox 842 753 1693 826">
    <p class='ocr_par' dir='ltr' id='par_1_38' title="bbox 842 753 1693 826">
     <span class='ocr_line' id='line_1_45' title="bbox 842 753 1693 826; baseline 0.031 -34"><span class='ocrx_word' id='word_1_293' title='bbox 842 753 966 808; x_wconf 91' lang='lat' dir='ltr'><strong>pars</strong></span> <span class='ocrx_word' id='word_1_294' title='bbox 987 753 1164 802; x_wconf 89' lang='lat' dir='ltr'><strong>autem</strong></span> <span class='ocrx_word' id='word_1_295' title='bbox 1204 755 1578 826; x_wconf 88' lang='lat' dir='ltr'><strong>peregrinatur</strong></span> <span class='ocrx_word' id='word_1_296' title='bbox 1597 762 1693 818; x_wconf 86' lang='lat' dir='ltr'><strong>ad-</strong></span> 
     </span>
    </p>
   </div>
   <div class='ocr_carea' id='block_1_39' title="bbox 1632 1319 3168 1415">
    <p class='ocr_par' dir='ltr' id='par_1_39' title="bbox 1632 1319 3168 1415">
     <span class='ocr_line' id='line_1_46' title="bbox 1632 1319 3168 1415; baseline 0.035 -57"><span class='ocrx_word' id='word_1_297' title='bbox 1632 1319 1676 1374; x_wconf 81' lang='grc' dir='ltr'><strong>ί-</strong></span> <span class='ocrx_word' id='word_1_298' title='bbox 1778 1319 2002 1382; x_wconf 90' lang='lat' dir='ltr'><strong>cupata,</strong></span> <span class='ocrx_word' id='word_1_299' title='bbox 2042 1325 2393 1392; x_wconf 83' lang='lat' dir='ltr'><strong>pergentibus</strong></span> <span class='ocrx_word' id='word_1_300' title='bbox 2435 1335 2689 1394; x_wconf 89' lang='lat' dir='ltr'><strong>nuntiare</strong></span> <span class='ocrx_word' id='word_1_301' title='bbox 2735 1341 3010 1415; x_wconf 88' lang='lat' dir='ltr'><strong>discipulis</strong></span> <span class='ocrx_word' id='word_1_302' title='bbox 3054 1355 3168 1412; x_wconf 92' lang='lat' dir='ltr'><strong>suis</strong></span> 
     </span>
    </p>
   </div>
   <div class='ocr_carea' id='block_1_40' title="bbox 3269 513 3375 568">
    <p class='ocr_par' dir='ltr' id='par_1_40' title="bbox 3269 513 3375 568">
     <span class='ocr_line' id='line_1_47' title="bbox 3269 513 3375 568; baseline 0.009 -1"><span class='ocrx_word' id='word_1_303' title='bbox 3269 513 3375 568; x_wconf 73' lang='grc'><strong>490</strong></span> 
     </span>
    </p>
   </div>
   <div class='ocr_carea' id='block_1_41' title="bbox 1791 773 3370 870">
    <p class='ocr_par' dir='ltr' id='par_1_41' title="bbox 1791 773 3370 870">
     <span class='ocr_line' id='line_1_48' title="bbox 1791 773 3370 870; baseline 0.031 -48"><span class='ocrx_word' id='word_1_304' title='bbox 1791 775 1845 822; x_wconf 92' lang='lat' dir='ltr'><strong>et</strong></span> <span class='ocrx_word' id='word_1_305' title='bbox 1871 773 2228 832; x_wconf 87' lang='lat' dir='ltr'><strong>reverentiam</strong></span> <span class='ocrx_word' id='word_1_306' title='bbox 2270 778 2514 860; x_wconf 87' lang='lat' dir='ltr'><strong>ejusdem</strong></span> <span class='ocrx_word' id='word_1_307' title='bbox 2567 773 2998 867; x_wconf 77' lang='lat' dir='ltr'><strong>resurrectionis,</strong></span> <span class='ocrx_word' id='word_1_308' title='bbox 3032 805 3370 870; x_wconf 79' lang='lat' dir='ltr'><strong>Dominicam</strong></span> 
     </span>
    </p>
   </div>
   <div class='ocr_carea' id='block_1_42' title="bbox 1791 860 3370 960">
    <p class='ocr_par' dir='ltr' id='par_1_42' title="bbox 1791 860 3370 960">
     <span class='ocr_line' id='line_1_49' title="bbox 1791 860 3370 960; baseline 0.032 -49"><span class='ocrx_word' id='word_1_309' title='bbox 1791 860 2148 920; x_wconf 88' lang='lat' dir='ltr'><strong>nominamus.</strong></span> <span class='ocrx_word' id='word_1_310' title='bbox 2189 866 2492 942; x_wconf 87' lang='lat' dir='ltr'><strong>Quinquies</strong></span> <span class='ocrx_word' id='word_1_311' title='bbox 2521 886 2701 936; x_wconf 90' lang='lat' dir='ltr'><strong>autem</strong></span> <span class='ocrx_word' id='word_1_312' title='bbox 2728 883 2784 939; x_wconf 90' lang='lat' dir='ltr'><strong>in</strong></span> <span class='ocrx_word' id='word_1_313' title='bbox 2809 891 3001 947; x_wconf 89' lang='lat' dir='ltr'><strong>eadem</strong></span> <span class='ocrx_word' id='word_1_314' title='bbox 3050 895 3137 952; x_wconf 90' lang='lat' dir='ltr'><strong>die</strong></span> <span class='ocrx_word' id='word_1_315' title='bbox 3183 901 3370 960; x_wconf 90' lang='lat' dir='ltr'><strong>Domi-</strong></span> 
     </span>
    </p>
   </div>
   <div class='ocr_carea' id='block_1_43' title="bbox 1789 951 3363 1054">
    <p class='ocr_par' dir='ltr' id='par_1_43' title="bbox 1789 951 3363 1054">
     <span class='ocr_line' id='line_1_50' title="bbox 1789 951 3363 1054; baseline 0.032 -53"><span class='ocrx_word' id='word_1_316' title='bbox 1789 963 1890 1005; x_wconf 90' lang='lat' dir='ltr'><strong>nus</strong></span> <span class='ocrx_word' id='word_1_317' title='bbox 1909 951 2218 1014; x_wconf 89' lang='lat' dir='ltr'><strong>hominibus</strong></span> <span class='ocrx_word' id='word_1_318' title='bbox 2241 975 2528 1036; x_wconf 84' lang='lat' dir='ltr'><strong>resurgens</strong></span> <span class='ocrx_word' id='word_1_319' title='bbox 2560 985 2589 1022; x_wconf 92' lang='lat' dir='ltr'><strong>a</strong></span> <span class='ocrx_word' id='word_1_320' title='bbox 2617 977 2845 1034; x_wconf 83' lang='lat' dir='ltr'><strong>mortuis</strong></span> <span class='ocrx_word' id='word_1_321' title='bbox 2872 998 3134 1054; x_wconf 87' lang='lat' dir='ltr'><strong>apparere</strong></span> <span class='ocrx_word' id='word_1_322' title='bbox 3177 994 3363 1052; x_wconf 89' lang='lat' dir='ltr'><strong>voluit.</strong></span> 
     </span>
    </p>
   </div>
   <div class='ocr_carea' id='block_1_44' title="bbox 1784 1035 3369 1152">
    <p class='ocr_par' dir='ltr' id='par_1_44' title="bbox 1784 1035 3369 1152">
     <span class='ocr_line' id='line_1_51' title="bbox 1784 1035 3369 1152; baseline 0.035 -63"><span class='ocrx_word' id='word_1_323' title='bbox 1784 1035 1988 1107; x_wconf 89' lang='lat' dir='ltr'><strong>Primo,</strong></span> <span class='ocrx_word' id='word_1_324' title='bbox 2011 1047 2260 1114; x_wconf 89' lang='lat' dir='ltr'><strong>apparuit</strong></span> <span class='ocrx_word' id='word_1_325' title='bbox 2284 1035 2466 1110; x_wconf 81' lang='lat' dir='ltr'><strong>Mariae</strong></span> <span class='ocrx_word' id='word_1_326' title='bbox 2510 1057 2857 1134; x_wconf 64' lang='lat' dir='ltr'><strong>Magdalene,</strong></span> <span class='ocrx_word' id='word_1_327' title='bbox 2905 1035 3369 1152; x_wconf 41' lang='lat' dir='ltr'><strong>de—quaveje‘ce‘rlat</strong></span> 
     </span>
    </p>
   </div>
   <div class='ocr_carea' id='block_1_45' title="bbox 1667 1133 3361 1246">
    <p class='ocr_par' dir='ltr' id='par_1_45' title="bbox 1667 1133 3361 1246">
     <span class='ocr_line' id='line_1_52' title="bbox 1667 1133 3361 1246; baseline 0.031 -66"><span class='ocrx_word' id='word_1_328' title='bbox 1667 1177 1681 1202; x_wconf 70' lang='grc'><em>,</em></span> <span class='ocrx_word' id='word_1_329' title='bbox 1782 1135 1991 1198; x_wconf 91' lang='lat' dir='ltr'><strong>septem</strong></span> <span class='ocrx_word' id='word_1_330' title='bbox 2020 1133 2300 1206; x_wconf 77' lang='lat' dir='ltr'><strong>dannonia,</strong></span> <span class='ocrx_word' id='word_1_331' title='bbox 2344 1142 2492 1202; x_wconf 85' lang='lat' dir='ltr'><strong>ﬂenti</strong></span> <span class='ocrx_word' id='word_1_332' title='bbox 2539 1151 2605 1206; x_wconf 90' lang='lat' dir='ltr'><strong>ad</strong></span> <span class='ocrx_word' id='word_1_333' title='bbox 2633 1169 3071 1234; x_wconf 87' lang='lat' dir='ltr'><strong>monumentum;</strong></span> <span class='ocrx_word' id='word_1_334' title='bbox 3104 1178 3361 1246; x_wconf 89' lang='lat' dir='ltr'><strong>secundo,</strong></span> 
     </span>
     <span class='ocr_line' id='line_1_53' title="bbox 1781 1217 2644 1246; baseline 0 0"><span class='ocrx_word' id='word_1_335' title='bbox 1781 1217 1952 1246; x_wconf 60' lang='lat' dir='ltr'><strong>nun...</strong></span> <span class='ocrx_word' id='word_1_336' title='bbox 1977 1221 2151 1246; x_wconf 70' lang='lat' dir='ltr'><strong>ll-_2__</strong></span> <span class='ocrx_word' id='word_1_337' title='bbox 2194 1245 2203 1246; x_wconf 58' lang='lat'><strong><em>,</em></strong></span> <span class='ocrx_word' id='word_1_338' title='bbox 2361 1234 2395 1246; x_wconf 78' lang='lat'><strong>._</strong></span> <span class='ocrx_word' id='word_1_339' title='bbox 2528 1239 2547 1246; x_wconf 82' lang='grc'><strong>-</strong></span> <span class='ocrx_word' id='word_1_340' title='bbox 2635 1243 2644 1246; x_wconf 79' lang='lat'><strong>-</strong></span> 
     </span>
    </p>
   </div>
   <div class='ocr_carea' id='block_1_46' title="bbox 1780 1217 3364 1324">
    <p class='ocr_par' dir='ltr' id='par_1_46' title="bbox 1780 1217 3364 1324">
     <span class='ocr_line' id='line_1_54' title="bbox 2958 1217 3361 1246; baseline 0.04 -28"><span class='ocrx_word' id='word_1_341' title='bbox 2958 1217 3071 1234; x_wconf 49' lang='grc' dir='ltr'><strong>π,</strong></span> <span class='ocrx_word' id='word_1_342' title='bbox 3104 1217 3361 1246; x_wconf 50' lang='lat' dir='ltr'><strong>“sum”,</strong></span> 
     </span>
     <span class='ocr_line' id='line_1_55' title="bbox 1780 1217 3364 1324; baseline 0.035 -54"><span class='ocrx_word' id='word_1_343' title='bbox 1780 1217 1954 1274; x_wconf 90' lang='lat' dir='ltr'><strong>eidem</strong></span> <span class='ocrx_word' id='word_1_344' title='bbox 1975 1221 2158 1284; x_wconf 64' lang='lat' dir='ltr'><strong>Maria:</strong></span> <span class='ocrx_word' id='word_1_345' title='bbox 2181 1245 2304 1287; x_wconf 91' lang='lat' dir='ltr'><strong>cum</strong></span> <span class='ocrx_word' id='word_1_346' title='bbox 2326 1234 2495 1292; x_wconf 91' lang='lat' dir='ltr'><strong>altera</strong></span> <span class='ocrx_word' id='word_1_347' title='bbox 2520 1239 2740 1312; x_wconf 83' lang='lat' dir='ltr'><strong>femina,</strong></span> <span class='ocrx_word' id='word_1_348' title='bbox 2766 1251 2957 1308; x_wconf 91' lang='lat' dir='ltr'><strong>eodem</strong></span> <span class='ocrx_word' id='word_1_349' title='bbox 2986 1263 3203 1320; x_wconf 90' lang='lat' dir='ltr'><strong>nomine</strong></span> <span class='ocrx_word' id='word_1_350' title='bbox 3226 1283 3364 1324; x_wconf 90' lang='lat' dir='ltr'><strong>nun-</strong></span> 
     </span>
    </p>
   </div>
   <div class='ocr_carea' id='block_1_47' title="bbox 3215 1360 3407 1420">
    <p class='ocr_par' dir='ltr' id='par_1_47' title="bbox 3215 1360 3407 1420">
     <span class='ocr_line' id='line_1_56' title="bbox 3215 1360 3407 1420; baseline 0.042 -6"><span class='ocrx_word' id='word_1_351' title='bbox 3215 1360 3363 1420; x_wconf 86' lang='lat' dir='ltr'><strong>illius</strong></span> <span class='ocrx_word' id='word_1_352' title='bbox 3404 1381 3407 1388; x_wconf 83' lang='lat'><strong>‘</strong></span> 
     </span>
    </p>
   </div>
   <div class='ocr_carea' id='block_1_48' title="bbox 1776 1409 3357 1508">
    <p class='ocr_par' dir='ltr' id='par_1_48' title="bbox 1776 1409 3357 1508">
     <span class='ocr_line' id='line_1_57' title="bbox 1776 1409 3357 1508; baseline 0.034 -54"><span class='ocrx_word' id='word_1_353' title='bbox 1776 1409 2250 1478; x_wconf 87' lang='lat' dir='ltr'><strong>resurrectionem,</strong></span> <span class='ocrx_word' id='word_1_354' title='bbox 2303 1423 2520 1488; x_wconf 88' lang='lat' dir='ltr'><strong>quando</strong></span> <span class='ocrx_word' id='word_1_355' title='bbox 2575 1441 2926 1492; x_wconf 86' lang='lat' dir='ltr'><strong>accesserunt</strong></span> <span class='ocrx_word' id='word_1_356' title='bbox 2976 1449 3032 1495; x_wconf 93' lang='lat' dir='ltr'><strong>et</strong></span> <span class='ocrx_word' id='word_1_357' title='bbox 3069 1453 3357 1508; x_wconf 89' lang='lat' dir='ltr'><strong>tenuerunt</strong></span> 
     </span>
    </p>
   </div>
   <div class='ocr_carea' id='block_1_49' title="bbox 1649 1494 3359 1605">
    <p class='ocr_par' dir='ltr' id='par_1_49' title="bbox 1649 1494 3359 1605">
     <span class='ocr_line' id='line_1_58' title="bbox 1649 1494 3359 1605; baseline 0.032 -62"><span class='ocrx_word' id='word_1_358' title='bbox 1649 1534 1674 1546; x_wconf 84' lang='lat'><strong>-</strong></span> <span class='ocrx_word' id='word_1_359' title='bbox 1771 1494 1936 1562; x_wconf 90' lang='lat' dir='ltr'><strong>pedes</strong></span> <span class='ocrx_word' id='word_1_360' title='bbox 1985 1499 2141 1570; x_wconf 89' lang='lat' dir='ltr'><strong>ejus;</strong></span> <span class='ocrx_word' id='word_1_361' title='bbox 2192 1508 2384 1577; x_wconf 90' lang='lat' dir='ltr'><strong>tertio,</strong></span> <span class='ocrx_word' id='word_1_362' title='bbox 2441 1512 2650 1573; x_wconf 91' lang='lat' dir='ltr'><strong>Simoni</strong></span> <span class='ocrx_word' id='word_1_363' title='bbox 2697 1520 2876 1589; x_wconf 91' lang='lat' dir='ltr'><strong>Petro,</strong></span> <span class='ocrx_word' id='word_1_364' title='bbox 2928 1533 3070 1598; x_wconf 94' lang='lat' dir='ltr'><strong>quod</strong></span> <span class='ocrx_word' id='word_1_365' title='bbox 3111 1544 3359 1605; x_wconf 77' lang='lat' dir='ltr'><strong>quamvis</strong></span> 
     </span>
    </p>
   </div>
   <div class='ocr_carea' id='block_1_50' title="bbox 1763 1868 3352 1970">
    <p class='ocr_par' dir='ltr' id='par_1_50' title="bbox 1763 1868 3352 1970">
     <span class='ocr_line' id='line_1_59' title="bbox 1763 1868 3352 1970; baseline 0.031 -53"><span class='ocrx_word' id='word_1_366' title='bbox 1763 1868 1977 1935; x_wconf 91' lang='lat' dir='ltr'><strong>quando</strong></span> <span class='ocrx_word' id='word_1_367' title='bbox 2004 1886 2376 1944; x_wconf 86' lang='lat' dir='ltr'><strong>cognoverunt</strong></span> <span class='ocrx_word' id='word_1_368' title='bbox 2400 1898 2523 1940; x_wconf 89' lang='lat' dir='ltr'><strong>eum</strong></span> <span class='ocrx_word' id='word_1_369' title='bbox 2563 1887 2618 1944; x_wconf 90' lang='lat' dir='ltr'><strong>in</strong></span> <span class='ocrx_word' id='word_1_370' title='bbox 2644 1889 2912 1953; x_wconf 87' lang='lat' dir='ltr'><strong>fractione</strong></span> <span class='ocrx_word' id='word_1_371' title='bbox 2935 1903 3092 1970; x_wconf 92' lang='lat' dir='ltr'><strong>panis</strong></span> <span class='ocrx_word' id='word_1_372' title='bbox 3117 1923 3131 1959; x_wconf 88' lang='lat'>:</span> <span class='ocrx_word' id='word_1_373' title='bbox 3157 1917 3212 1963; x_wconf 91' lang='lat' dir='ltr'><strong>et</strong></span> <span class='ocrx_word' id='word_1_374' title='bbox 3245 1911 3352 1968; x_wconf 91' lang='lat' dir='ltr'><strong>illis</strong></span> 
     </span>
    </p>
   </div>
   <div class='ocr_carea' id='block_1_51' title="bbox 1983 1961 3348 2058">
    <p class='ocr_par' dir='ltr' id='par_1_51' title="bbox 1983 1961 3348 2058">
     <span class='ocr_line' id='line_1_60' title="bbox 1983 1961 3348 2058; baseline 0.031 -42"><span class='ocrx_word' id='word_1_375' title='bbox 1983 1961 2026 2018; x_wconf 89' lang='lat' dir='ltr'><strong>is</strong></span> <span class='ocrx_word' id='word_1_376' title='bbox 2083 1965 2139 2020; x_wconf 91' lang='lat' dir='ltr'><strong>in</strong></span> <span class='ocrx_word' id='word_1_377' title='bbox 2186 1967 2510 2043; x_wconf 81' lang='lat' dir='ltr'><strong>Jerusalem,</strong></span> <span class='ocrx_word' id='word_1_378' title='bbox 2553 1989 2610 2034; x_wconf 94' lang='lat' dir='ltr'><strong>et</strong></span> <span class='ocrx_word' id='word_1_379' title='bbox 2654 1983 3050 2049; x_wconf 90' lang='lat' dir='ltr'><strong>invenientibus</strong></span> <span class='ocrx_word' id='word_1_380' title='bbox 3099 1999 3348 2058; x_wconf 90' lang='lat' dir='ltr'><strong>undecim</strong></span> 
     </span>
    </p>
   </div>
   <div class='ocr_carea' id='block_1_52' title="bbox 1765 2063 3344 2164">
    <p class='ocr_par' dir='ltr' id='par_1_52' title="bbox 1765 2063 3344 2164">
     <span class='ocr_line' id='line_1_61' title="bbox 1765 2063 3344 2164; baseline 0.032 -61"><span class='ocrx_word' id='word_1_381' title='bbox 1765 2063 2142 2126; x_wconf 86' lang='lat' dir='ltr'><strong>congregatos,</strong></span> <span class='ocrx_word' id='word_1_382' title='bbox 2187 2072 2239 2118; x_wconf 91' lang='lat' dir='ltr'><strong>et</strong></span> <span class='ocrx_word' id='word_1_383' title='bbox 2287 2066 2591 2128; x_wconf 90' lang='lat' dir='ltr'><strong>dicentibus</strong></span> <span class='ocrx_word' id='word_1_384' title='bbox 2637 2078 2762 2146; x_wconf 89' lang='lat' dir='ltr'><strong>quia</strong></span> <span class='ocrx_word' id='word_1_385' title='bbox 2800 2087 3036 2142; x_wconf 79' lang='lat' dir='ltr'><strong>surrexit</strong></span> <span class='ocrx_word' id='word_1_386' title='bbox 3063 2089 3344 2164; x_wconf 90' lang='lat' dir='ltr'><strong>Dominus,</strong></span> 
     </span>
    </p>
   </div>
   <div class='ocr_carea' id='block_1_53' title="bbox 1760 2154 3347 2244">
    <p class='ocr_par' dir='ltr' id='par_1_53' title="bbox 1760 2154 3347 2244">
     <span class='ocr_line' id='line_1_62' title="bbox 1760 2154 3347 2244; baseline 0.032 -50"><span class='ocrx_word' id='word_1_387' title='bbox 1760 2154 1888 2198; x_wconf 89' lang='lat' dir='ltr'><strong>vere</strong></span> <span class='ocrx_word' id='word_1_388' title='bbox 1916 2155 1971 2200; x_wconf 92' lang='lat' dir='ltr'><strong>et</strong></span> <span class='ocrx_word' id='word_1_389' title='bbox 2011 2154 2259 2220; x_wconf 90' lang='lat' dir='ltr'><strong>apparuit</strong></span> <span class='ocrx_word' id='word_1_390' title='bbox 2291 2156 2522 2229; x_wconf 91' lang='lat' dir='ltr'><strong>Simoni,</strong></span> <span class='ocrx_word' id='word_1_391' title='bbox 2554 2172 2682 2223; x_wconf 92' lang='lat' dir='ltr'><strong>tunc</strong></span> <span class='ocrx_word' id='word_1_392' title='bbox 2706 2171 2894 2240; x_wconf 89' lang='lat' dir='ltr'><strong>quinta</strong></span> <span class='ocrx_word' id='word_1_393' title='bbox 2917 2177 3035 2235; x_wconf 91' lang='lat' dir='ltr'><strong>vice</strong></span> <span class='ocrx_word' id='word_1_394' title='bbox 3065 2185 3211 2240; x_wconf 92' lang='lat' dir='ltr'><strong>venit</strong></span> <span class='ocrx_word' id='word_1_395' title='bbox 3258 2187 3347 2244; x_wconf 77' lang='lat' dir='ltr'><strong>Je-</strong></span> 
     </span>
    </p>
   </div>
   <div class='ocr_carea' id='block_1_54' title="bbox 1759 2246 3344 2341">
    <p class='ocr_par' dir='ltr' id='par_1_54' title="bbox 1759 2246 3344 2341">
     <span class='ocr_line' id='line_1_63' title="bbox 1759 2246 3344 2341; baseline 0.032 -51"><span class='ocrx_word' id='word_1_396' title='bbox 1759 2251 1871 2303; x_wconf 87' lang='lat' dir='ltr'><strong>sus,</strong></span> <span class='ocrx_word' id='word_1_397' title='bbox 1895 2248 1948 2294; x_wconf 88' lang='lat' dir='ltr'><strong>et</strong></span> <span class='ocrx_word' id='word_1_398' title='bbox 1978 2246 2129 2300; x_wconf 90' lang='lat' dir='ltr'><strong>stetit</strong></span> <span class='ocrx_word' id='word_1_399' title='bbox 2154 2248 2208 2303; x_wconf 94' lang='lat' dir='ltr'><strong>in</strong></span> <span class='ocrx_word' id='word_1_400' title='bbox 2232 2254 2430 2311; x_wconf 90' lang='lat' dir='ltr'><strong>medio.</strong></span> <span class='ocrx_word' id='word_1_401' title='bbox 2470 2257 2539 2314; x_wconf 89' lang='lat' dir='ltr'><strong>Et</strong></span> <span class='ocrx_word' id='word_1_402' title='bbox 2565 2261 2670 2319; x_wconf 87' lang='lat' dir='ltr'><strong>hoc</strong></span> <span class='ocrx_word' id='word_1_403' title='bbox 2697 2277 2801 2334; x_wconf 92' lang='lat' dir='ltr'><strong>est,</strong></span> <span class='ocrx_word' id='word_1_404' title='bbox 2830 2274 2973 2341; x_wconf 91' lang='lat' dir='ltr'><strong>quod</strong></span> <span class='ocrx_word' id='word_1_405' title='bbox 2999 2293 3143 2335; x_wconf 91' lang='lat' dir='ltr'><strong>nunc</strong></span> <span class='ocrx_word' id='word_1_406' title='bbox 3181 2298 3344 2340; x_wconf 88' lang='lat' dir='ltr'><strong>evan-</strong></span> 
     </span>
    </p>
   </div>
   <div class='ocr_carea' id='block_1_55' title="bbox 1757 2328 3343 2439">
    <p class='ocr_par' dir='ltr' id='par_1_55' title="bbox 1757 2328 3343 2439">
     <span class='ocr_line' id='line_1_64' title="bbox 1757 2328 3343 2439; baseline 0.033 -57"><span class='ocrx_word' id='word_1_407' title='bbox 1757 2328 1948 2398; x_wconf 87' lang='lat' dir='ltr'><strong>gelista</strong></span> <span class='ocrx_word' id='word_1_408' title='bbox 1977 2335 2146 2392; x_wconf 89' lang='lat' dir='ltr'><strong>dicit:</strong></span> <span class='ocrx_word' id='word_1_409' title='bbox 2184 2360 2202 2391; x_wconf 74' lang='grc' dir='ltr'>ι</span> <span class='ocrx_word' id='word_1_410' title='bbox 2237 2342 2370 2400; x_wconf 90' lang='lat' dir='ltr'><strong>Cum</strong></span> <span class='ocrx_word' id='word_1_411' title='bbox 2393 2360 2539 2406; x_wconf 91' lang='lat' dir='ltr'><strong>esset</strong></span> <span class='ocrx_word' id='word_1_412' title='bbox 2562 2369 2705 2424; x_wconf 91' lang='lat' dir='ltr'><strong>sero,</strong></span> <span class='ocrx_word' id='word_1_413' title='bbox 2736 2378 2755 2412; x_wconf 72' lang='grc' dir='ltr'><strong><em>ι</em></strong></span> <span class='ocrx_word' id='word_1_414' title='bbox 2791 2328 3101 2439; x_wconf 49' lang='lat' dir='ltr'><strong>et-reliqua.</strong></span> <span class='ocrx_word' id='word_1_415' title='bbox 3155 2373 3343 2434; x_wconf 64' lang='lat' dir='ltr'><strong>Ratio«</strong></span> 
     </span>
    </p>
   </div>
   <div class='ocr_carea' id='block_1_56' title="bbox 1755 2421 3338 2524">
    <p class='ocr_par' dir='ltr' id='par_1_56' title="bbox 1755 2421 3338 2524">
     <span class='ocr_line' id='line_1_65' title="bbox 1755 2421 3338 2524; baseline 0.033 -52"><span class='ocrx_word' id='word_1_416' title='bbox 1755 2421 2012 2480; x_wconf 87' lang='lat' dir='ltr'><strong>nabiliter</strong></span> <span class='ocrx_word' id='word_1_417' title='bbox 2070 2440 2251 2488; x_wconf 91' lang='lat' dir='ltr'><strong>autem</strong></span> <span class='ocrx_word' id='word_1_418' title='bbox 2309 2442 2478 2508; x_wconf 66' lang='lat' dir='ltr'><strong>quaeri</strong></span> <span class='ocrx_word' id='word_1_419' title='bbox 2527 2421 2703 2514; x_wconf 83' lang='lat' dir='ltr'><strong>potest</strong></span> <span class='ocrx_word' id='word_1_420' title='bbox 2750 2421 3020 2522; x_wconf 77' lang='lat' dir='ltr'><strong>quomodo</strong></span> <span class='ocrx_word' id='word_1_421' title='bbox 3074 2464 3338 2524; x_wconf 91' lang='lat' dir='ltr'><strong>Dominus</strong></span> 
     </span>
    </p>
   </div>
   <div class='ocr_carea' id='block_1_57' title="bbox 1753 2520 3338 2619">
    <p class='ocr_par' dir='ltr' id='par_1_57' title="bbox 1753 2520 3338 2619">
     <span class='ocr_line' id='line_1_66' title="bbox 1753 2520 3338 2619; baseline 0.034 -56"><span class='ocrx_word' id='word_1_422' title='bbox 1753 2520 1875 2580; x_wconf 91' lang='lat' dir='ltr'><strong>post</strong></span> <span class='ocrx_word' id='word_1_423' title='bbox 1901 2524 2355 2584; x_wconf 88' lang='lat' dir='ltr'><strong>resurrectionem</strong></span> <span class='ocrx_word' id='word_1_424' title='bbox 2381 2547 2565 2590; x_wconf 91' lang='lat' dir='ltr'><strong>verum</strong></span> <span class='ocrx_word' id='word_1_425' title='bbox 2595 2520 2794 2612; x_wconf 78' lang='lat' dir='ltr'><strong>corpus</strong></span> <span class='ocrx_word' id='word_1_426' title='bbox 2815 2546 3042 2619; x_wconf 90' lang='lat' dir='ltr'><strong>habens,</strong></span> <span class='ocrx_word' id='word_1_427' title='bbox 3079 2557 3146 2611; x_wconf 90' lang='lat' dir='ltr'><strong>ad</strong></span> <span class='ocrx_word' id='word_1_428' title='bbox 3175 2559 3338 2616; x_wconf 90' lang='lat' dir='ltr'><strong>disci-</strong></span> 
     </span>
    </p>
   </div>
   <div class='ocr_carea' id='block_1_58' title="bbox 1751 2603 3336 2714">
    <p class='ocr_par' dir='ltr' id='par_1_58' title="bbox 1751 2603 3336 2714">
     <span class='ocr_line' id='line_1_67' title="bbox 1751 2603 3336 2714; baseline 0.034 -61"><span class='ocrx_word' id='word_1_429' title='bbox 1751 2603 1908 2669; x_wconf 89' lang='lat' dir='ltr'><strong>pulos</strong></span> <span class='ocrx_word' id='word_1_430' title='bbox 1931 2606 2138 2667; x_wconf 90' lang='lat' dir='ltr'><strong>foribus</strong></span> <span class='ocrx_word' id='word_1_431' title='bbox 2163 2614 2361 2675; x_wconf 89' lang='lat' dir='ltr'><strong>clausis</strong></span> <span class='ocrx_word' id='word_1_432' title='bbox 2398 2603 2906 2702; x_wconf 50' lang='lat' dir='ltr'><strong>intromitti-potuit.</strong></span> <span class='ocrx_word' id='word_1_433' title='bbox 2943 2603 3050 2698; x_wconf 77' lang='lat' dir='ltr'><strong>Sed</strong></span> <span class='ocrx_word' id='word_1_434' title='bbox 3079 2647 3205 2714; x_wconf 91' lang='lat' dir='ltr'><strong>quia</strong></span> <span class='ocrx_word' id='word_1_435' title='bbox 3231 2649 3336 2707; x_wconf 93' lang='lat' dir='ltr'><strong>hoc</strong></span> 
     </span>
    </p>
   </div>
   <div class='ocr_carea' id='block_1_59' title="bbox 1749 2695 3330 2813">
    <p class='ocr_par' dir='ltr' id='par_1_59' title="bbox 1749 2695 3330 2813">
     <span class='ocr_line' id='line_1_68' title="bbox 1749 2695 3330 2813; baseline 0.022 -66"><span class='ocrx_word' id='word_1_436' title='bbox 1749 2695 1998 2755; x_wconf 90' lang='lat' dir='ltr'><strong>mirabile</strong></span> <span class='ocrx_word' id='word_1_437' title='bbox 2021 2702 2222 2763; x_wconf 91' lang='lat' dir='ltr'><strong>factum</strong></span> <span class='ocrx_word' id='word_1_438' title='bbox 2272 2727 2337 2767; x_wconf 84' lang='lat' dir='ltr'><strong>ex</strong></span> <span class='ocrx_word' id='word_1_439' title='bbox 2389 2731 2448 2771; x_wconf 93' lang='lat' dir='ltr'><strong>se</strong></span> <span class='ocrx_word' id='word_1_440' title='bbox 2482 2735 2590 2776; x_wconf 92' lang='lat' dir='ltr'><strong>non</strong></span> <span class='ocrx_word' id='word_1_441' title='bbox 2630 2723 2788 2784; x_wconf 89' lang='lat' dir='ltr'><strong>facile</strong></span> <span class='ocrx_word' id='word_1_442' title='bbox 2833 2739 3082 2804; x_wconf 78' lang='lat' dir='ltr'><strong>cognosci</strong></span> <span class='ocrx_word' id='word_1_443' title='bbox 3130 2751 3330 2813; x_wconf 48' lang='lat' dir='ltr'><strong>potest,</strong></span> 
     </span>
     <span class='ocr_line' id='line_1_69' title="bbox 1750 2784 2509 2813; baseline 0 0"><span class='ocrx_word' id='word_1_444' title='bbox 1750 2784 1814 2813; x_wconf 71' lang='grc'><strong>,1)-</strong></span> <span class='ocrx_word' id='word_1_445' title='bbox 1842 2788 1958 2813; x_wconf 71' lang='lat' dir='ltr'><strong>-l::..</strong></span> <span class='ocrx_word' id='word_1_446' title='bbox 1997 2794 2070 2813; x_wconf 64' lang='grc' dir='ltr'><strong>..-ε</strong></span> <span class='ocrx_word' id='word_1_447' title='bbox 2095 2812 2120 2813; x_wconf 60' lang='lat'><strong>,,</strong></span> <span class='ocrx_word' id='word_1_448' title='bbox 2141 2797 2152 2813; x_wconf 80' lang='grc' dir='ltr'>ι</span> <span class='ocrx_word' id='word_1_449' title='bbox 2178 2799 2229 2813; x_wconf 77' lang='grc' dir='ltr'><strong>ο..</strong></span> <span class='ocrx_word' id='word_1_450' title='bbox 2301 2803 2333 2813; x_wconf 87' lang='lat'><strong>..</strong></span> <span class='ocrx_word' id='word_1_451' title='bbox 2498 2809 2509 2813; x_wconf 85' lang='lat'><strong>_</strong></span> 
     </span>
    </p>
   </div>
   <div class='ocr_carea' id='block_1_60' title="bbox 1749 2784 3332 2893">
    <p class='ocr_par' dir='ltr' id='par_1_60' title="bbox 1749 2784 3332 2893">
     <span class='ocr_line' id='line_1_70' title="bbox 1749 2784 3332 2893; baseline 0.034 -55"><span class='ocrx_word' id='word_1_452' title='bbox 1749 2784 1815 2840; x_wconf 87' lang='lat' dir='ltr'><strong>de</strong></span> <span class='ocrx_word' id='word_1_453' title='bbox 1840 2788 1960 2845; x_wconf 90' lang='lat' dir='ltr'><strong>aliis</strong></span> <span class='ocrx_word' id='word_1_454' title='bbox 1997 2794 2418 2861; x_wconf 88' lang='lat' dir='ltr'><strong>mirabilioribus</strong></span> <span class='ocrx_word' id='word_1_455' title='bbox 2463 2809 2578 2880; x_wconf 91' lang='lat' dir='ltr'><strong>ejus</strong></span> <span class='ocrx_word' id='word_1_456' title='bbox 2625 2819 2880 2885; x_wconf 89' lang='lat' dir='ltr'><strong>operibus</strong></span> <span class='ocrx_word' id='word_1_457' title='bbox 2898 2784 3019 2880; x_wconf 69' lang='grc' dir='ltr'><strong>υνει</strong></span> <span class='ocrx_word' id='word_1_458' title='bbox 3051 2784 3332 2893; x_wconf 52' lang='lat' dir='ltr'><strong>miraculis</strong></span> 
     </span>
    </p>
   </div>
   <div class='ocr_carea' id='block_1_61' title="bbox 1745 2885 3328 2985">
    <p class='ocr_par' dir='ltr' id='par_1_61' title="bbox 1745 2885 3328 2985">
     <span class='ocr_line' id='line_1_71' title="bbox 1745 2885 3328 2985; baseline 0.034 -56"><span class='ocrx_word' id='word_1_459' title='bbox 1745 2889 1912 2934; x_wconf 92' lang='lat' dir='ltr'><strong>unum</strong></span> <span class='ocrx_word' id='word_1_460' title='bbox 1957 2885 2026 2939; x_wconf 90' lang='lat' dir='ltr'><strong>ad</strong></span> <span class='ocrx_word' id='word_1_461' title='bbox 2077 2893 2392 2949; x_wconf 87' lang='lat' dir='ltr'><strong>memoriam</strong></span> <span class='ocrx_word' id='word_1_462' title='bbox 2433 2901 2770 2963; x_wconf 88' lang='lat' dir='ltr'><strong>reducamus.</strong></span> <span class='ocrx_word' id='word_1_463' title='bbox 2822 2909 2956 2970; x_wconf 87' lang='lat' dir='ltr'><strong>Nam</strong></span> <span class='ocrx_word' id='word_1_464' title='bbox 3008 2920 3328 2985; x_wconf 84' lang='lat' dir='ltr'><strong>universalis</strong></span> 
     </span>
    </p>
   </div>
   <div class='ocr_carea' id='block_1_62' title="bbox 1743 2967 3327 3087">
    <p class='ocr_par' dir='ltr' id='par_1_62' title="bbox 1743 2967 3327 3087">
     <span class='ocr_line' id='line_1_72' title="bbox 1743 2967 3327 3087; baseline 0.032 -62"><span class='ocrx_word' id='word_1_465' title='bbox 1743 2967 1986 3030; x_wconf 86' lang='lat' dir='ltr'><strong>Ecclesia</strong></span> <span class='ocrx_word' id='word_1_466' title='bbox 2011 2980 2298 3039; x_wconf 84' lang='lat' dir='ltr'><strong>confitetur</strong></span> <span class='ocrx_word' id='word_1_467' title='bbox 2321 3002 2443 3044; x_wconf 93' lang='lat' dir='ltr'><strong>eum</strong></span> <span class='ocrx_word' id='word_1_468' title='bbox 2462 3007 2528 3047; x_wconf 84' lang='lat' dir='ltr'><strong>ex</strong></span> <span class='ocrx_word' id='word_1_469' title='bbox 2553 2995 2779 3078; x_wconf 80' lang='lat' dir='ltr'><strong>_Virgine</strong></span> <span class='ocrx_word' id='word_1_470' title='bbox 2806 3018 2925 3062; x_wconf 92' lang='lat' dir='ltr'><strong>esse</strong></span> <span class='ocrx_word' id='word_1_471' title='bbox 2947 3020 3161 3081; x_wconf 90' lang='lat' dir='ltr'><strong>natum;</strong></span> <span class='ocrx_word' id='word_1_472' title='bbox 3197 3020 3327 3087; x_wconf 77' lang='lat' dir='ltr'><strong>quid</strong></span> 
     </span>
    </p>
   </div>
   <div class='ocr_carea' id='block_1_63' title="bbox 1742 3067 3320 3166">
    <p class='ocr_par' dir='ltr' id='par_1_63' title="bbox 1742 3067 3320 3166">
     <span class='ocr_line' id='line_1_73' title="bbox 2662 3067 3320 3087; baseline 0.03 -17"><span class='ocrx_word' id='word_1_473' title='bbox 2662 3067 2678 3070; x_wconf 73' lang='lat'><strong>-</strong></span> <span class='ocrx_word' id='word_1_474' title='bbox 3118 3067 3125 3068; x_wconf 48' lang='grc' dir='ltr'>ί</span> <span class='ocrx_word' id='word_1_475' title='bbox 3149 3067 3161 3081; x_wconf 75' lang='grc' dir='ltr'><strong><em>ν</em></strong></span> <span class='ocrx_word' id='word_1_476' title='bbox 3202 3067 3320 3087; x_wconf 70' lang='lat'><strong>1&quot;&quot;</strong></span> 
     </span>
     <span class='ocr_line' id='line_1_74' title="bbox 1742 3067 3320 3166; baseline 0.032 -53"><span class='ocrx_word' id='word_1_477' title='bbox 1742 3073 1870 3133; x_wconf 81' lang='lat' dir='ltr'><strong>ergo</strong></span> <span class='ocrx_word' id='word_1_478' title='bbox 1921 3075 2004 3121; x_wconf 91' lang='lat' dir='ltr'><strong>est</strong></span> <span class='ocrx_word' id='word_1_479' title='bbox 2053 3071 2249 3129; x_wconf 89' lang='lat' dir='ltr'><strong>mirum</strong></span> <span class='ocrx_word' id='word_1_480' title='bbox 2310 3079 2356 3133; x_wconf 91' lang='lat' dir='ltr'><strong>si</strong></span> <span class='ocrx_word' id='word_1_481' title='bbox 2401 3067 2830 3158; x_wconf 71' lang='lat' dir='ltr'><strong>incorruptibilia</strong></span> <span class='ocrx_word' id='word_1_482' title='bbox 2874 3107 2929 3152; x_wconf 90' lang='lat' dir='ltr'><strong>et</strong></span> <span class='ocrx_word' id='word_1_483' title='bbox 2996 3101 3320 3166; x_wconf 84' lang='lat' dir='ltr'><strong>immortalia</strong></span> 
     </span>
    </p>
   </div>
   <div class='ocr_carea' id='block_1_64' title="bbox 1740 3153 3320 3268">
    <p class='ocr_par' dir='ltr' id='par_1_64' title="bbox 1740 3153 3320 3268">
     <span class='ocr_line' id='line_1_75' title="bbox 1740 3153 3320 3268; baseline 0.032 -66"><span class='ocrx_word' id='word_1_484' title='bbox 1740 3153 1985 3210; x_wconf 88' lang='lat' dir='ltr'><strong>membra</strong></span> <span class='ocrx_word' id='word_1_485' title='bbox 2016 3158 2084 3214; x_wconf 89' lang='lat' dir='ltr'><strong>ad</strong></span> <span class='ocrx_word' id='word_1_486' title='bbox 2112 3161 2404 3234; x_wconf 89' lang='lat' dir='ltr'><strong>discipulos</strong></span> <span class='ocrx_word' id='word_1_487' title='bbox 2425 3169 2607 3238; x_wconf 89' lang='lat' dir='ltr'><strong>januis</strong></span> <span class='ocrx_word' id='word_1_488' title='bbox 2633 3177 2832 3238; x_wconf 93' lang='lat' dir='ltr'><strong>clausis</strong></span> <span class='ocrx_word' id='word_1_489' title='bbox 2872 3186 3191 3261; x_wconf 84' lang='lat' dir='ltr'><strong>introduxit,</strong></span> <span class='ocrx_word' id='word_1_490' title='bbox 3227 3200 3320 3268; x_wconf 88' lang='lat' dir='ltr'><strong>qui</strong></span> 
     </span>
     <span class='ocr_line' id='line_1_76' title="bbox 1744 3245 2452 3268; baseline 0.03 -4"><span class='ocrx_word' id='word_1_491' title='bbox 1744 3245 1966 3268; x_wconf 46' lang='lat' dir='ltr'><strong>m.._n..l.a</strong></span> <span class='ocrx_word' id='word_1_492' title='bbox 2026 3257 2071 3268; x_wconf 64' lang='grc' dir='ltr'><strong>,ι</strong></span> <span class='ocrx_word' id='word_1_493' title='bbox 2364 3259 2396 3268; x_wconf 79' lang='grc'><strong>⁵·</strong></span> <span class='ocrx_word' id='word_1_494' title='bbox 2421 3261 2452 3268; x_wconf 80' lang='grc'><strong><em>⁵·</em></strong></span> 
     </span>
    </p>
   </div>
   <div class='ocr_carea' id='block_1_65' title="bbox 1743 3245 3319 3356">
    <p class='ocr_par' dir='ltr' id='par_1_65' title="bbox 1743 3245 3319 3356">
     <span class='ocr_line' id='line_1_77' title="bbox 1743 3245 3319 3356; baseline 0.029 -61"><span class='ocrx_word' id='word_1_495' title='bbox 1743 3245 1968 3301; x_wconf 87' lang='lat' dir='ltr'><strong>mortale</strong></span> <span class='ocrx_word' id='word_1_496' title='bbox 2019 3257 2074 3303; x_wconf 90' lang='lat' dir='ltr'><strong>ct</strong></span> <span class='ocrx_word' id='word_1_497' title='bbox 2137 3259 2487 3356; x_wconf 47' lang='lat' dir='ltr'><strong>corwptibile</strong></span> <span class='ocrx_word' id='word_1_498' title='bbox 2539 3281 2734 3339; x_wconf 93' lang='lat' dir='ltr'><strong>corpus</strong></span> <span class='ocrx_word' id='word_1_499' title='bbox 2775 3289 2842 3328; x_wconf 79' lang='lat' dir='ltr'><strong>ex</strong></span> <span class='ocrx_word' id='word_1_500' title='bbox 2885 3286 3041 3336; x_wconf 92' lang='lat' dir='ltr'><strong>utero</strong></span> <span class='ocrx_word' id='word_1_501' title='bbox 3085 3245 3319 3356; x_wconf 58' lang='lat' dir='ltr'><strong>Virginis</strong></span> 
     </span>
     <span class='ocr_line' id='line_1_78' title="bbox 1743 3332 2426 3356; baseline 0 0"><span class='ocrx_word' id='word_1_502' title='bbox 1743 3332 1911 3356; x_wconf 46' lang='grc' dir='ltr'><strong>νήθη--</strong></span> <span class='ocrx_word' id='word_1_503' title='bbox 1949 3353 1965 3356; x_wconf 69' lang='lat'><strong>-</strong></span> <span class='ocrx_word' id='word_1_504' title='bbox 1989 3339 2057 3356; x_wconf 58' lang='lat' dir='ltr'><strong>I,,,</strong></span> <span class='ocrx_word' id='word_1_505' title='bbox 2086 3341 2119 3356; x_wconf 79' lang='grc' dir='ltr'><strong>ο-</strong></span> <span class='ocrx_word' id='word_1_506' title='bbox 2145 3344 2168 3356; x_wconf 75' lang='lat' dir='ltr'><strong>n</strong></span> <span class='ocrx_word' id='word_1_507' title='bbox 2198 3345 2217 3356; x_wconf 68' lang='grc' dir='ltr'><strong><em>π</em></strong></span> <span class='ocrx_word' id='word_1_508' title='bbox 2416 3352 2426 3356; x_wconf 78' lang='grc'><strong>-</strong></span> 
     </span>
    </p>
   </div>
   <div class='ocr_carea' id='block_1_66' title="bbox 2299 3352 3315 3439">
    <p class='ocr_par' dir='ltr' id='par_1_66' title="bbox 2299 3352 3315 3439">
     <span class='ocr_line' id='line_1_79' title="bbox 2299 3352 3315 3439; baseline 0.032 -38"><span class='ocrx_word' id='word_1_509' title='bbox 2299 3365 2364 3402; x_wconf 90' lang='lat' dir='ltr'><strong>ur</strong></span> <span class='ocrx_word' id='word_1_510' title='bbox 2384 3352 2429 3406; x_wconf 90' lang='lat' dir='ltr'><strong>si</strong></span> <span class='ocrx_word' id='word_1_511' title='bbox 2454 3359 2597 3424; x_wconf 91' lang='lat' dir='ltr'><strong>quod</strong></span> <span class='ocrx_word' id='word_1_512' title='bbox 2625 3361 2800 3430; x_wconf 87' lang='lat' dir='ltr'><strong>majus</strong></span> <span class='ocrx_word' id='word_1_513' title='bbox 2824 3379 2907 3423; x_wconf 89' lang='lat' dir='ltr'><strong>est</strong></span> <span class='ocrx_word' id='word_1_514' title='bbox 2929 3371 3080 3439; x_wconf 87' lang='lat' dir='ltr'><strong>fecit,</strong></span> <span class='ocrx_word' id='word_1_515' title='bbox 3107 3393 3212 3433; x_wconf 91' lang='lat' dir='ltr'><strong>non</strong></span> <span class='ocrx_word' id='word_1_516' title='bbox 3232 3393 3315 3436; x_wconf 89' lang='lat' dir='ltr'><strong>est</strong></span> 
     </span>
    </p>
   </div>
   <div class='ocr_carea' id='block_1_67' title="bbox 1729 3425 3309 3524">
    <p class='ocr_par' dir='ltr' id='par_1_67' title="bbox 1729 3425 3309 3524">
     <span class='ocr_line' id='line_1_80' title="bbox 1729 3425 3309 3524; baseline 0.032 -49"><span class='ocrx_word' id='word_1_517' title='bbox 1729 3425 1947 3492; x_wconf 85' lang='lat' dir='ltr'><strong>mirum,</strong></span> <span class='ocrx_word' id='word_1_518' title='bbox 1982 3430 2026 3484; x_wconf 91' lang='lat' dir='ltr'><strong>si</strong></span> <span class='ocrx_word' id='word_1_519' title='bbox 2054 3435 2196 3501; x_wconf 89' lang='lat' dir='ltr'><strong>quod</strong></span> <span class='ocrx_word' id='word_1_520' title='bbox 2242 3440 2420 3496; x_wconf 90' lang='lat' dir='ltr'><strong>minus</strong></span> <span class='ocrx_word' id='word_1_521' title='bbox 2450 3454 2533 3500; x_wconf 89' lang='lat' dir='ltr'><strong>est</strong></span> <span class='ocrx_word' id='word_1_522' title='bbox 2559 3447 2738 3508; x_wconf 88' lang='lat' dir='ltr'><strong>facere</strong></span> <span class='ocrx_word' id='word_1_523' title='bbox 2781 3460 2975 3524; x_wconf 91' lang='lat' dir='ltr'><strong>potuit.</strong></span> <span class='ocrx_word' id='word_1_524' title='bbox 3023 3462 3140 3520; x_wconf 87' lang='lat' dir='ltr'><strong>Non</strong></span> <span class='ocrx_word' id='word_1_525' title='bbox 3167 3470 3309 3524; x_wconf 88' lang='lat' dir='ltr'><strong>enim</strong></span> 
     </span>
    </p>
   </div>
   <div class='ocr_carea' id='block_1_68' title="bbox 1726 3515 3312 3630">
    <p class='ocr_par' dir='ltr' id='par_1_68' title="bbox 1726 3515 3312 3630">
     <span class='ocr_line' id='line_1_81' title="bbox 1726 3515 3312 3630; baseline 0.03 -61"><span class='ocrx_word' id='word_1_526' title='bbox 1726 3515 1908 3571; x_wconf 89' lang='lat' dir='ltr'><strong>divina</strong></span> <span class='ocrx_word' id='word_1_527' title='bbox 1949 3527 2210 3592; x_wconf 86' lang='lat' dir='ltr'><strong>mysteria</strong></span> <span class='ocrx_word' id='word_1_528' title='bbox 2253 3530 2487 3589; x_wconf 89' lang='lat' dir='ltr'><strong>humana</strong></span> <span class='ocrx_word' id='word_1_529' title='bbox 2538 3541 2748 3599; x_wconf 88' lang='lat' dir='ltr'><strong>ratione</strong></span> <span class='ocrx_word' id='word_1_530' title='bbox 2784 3548 3015 3617; x_wconf 92' lang='lat' dir='ltr'><strong>pleniter</strong></span> <span class='ocrx_word' id='word_1_531' title='bbox 3066 3571 3312 3630; x_wconf 90' lang='lat' dir='ltr'><strong>compre-</strong></span> 
     </span>
     <span class='ocr_line' id='line_1_82' title="bbox 1727 3609 2455 3630; baseline 0.032 0"><span class='ocrx_word' id='word_1_532' title='bbox 1727 3609 1823 3630; x_wconf 65' lang='grc' dir='ltr'><strong>ι---</strong></span> <span class='ocrx_word' id='word_1_533' title='bbox 1844 3613 1883 3630; x_wconf 72' lang='lat' dir='ltr'><strong>J!</strong></span> <span class='ocrx_word' id='word_1_534' title='bbox 1908 3629 1929 3630; x_wconf 58' lang='grc' dir='ltr'><em>η</em></span> <span class='ocrx_word' id='word_1_535' title='bbox 2339 3626 2369 3630; x_wconf 69' lang='grc'><strong><em>“</em></strong></span> <span class='ocrx_word' id='word_1_536' title='bbox 2452 3629 2455 3630; x_wconf 65' lang='grc'><strong><em>⁷</em></strong></span> 
     </span>
    </p>
   </div>
   <div class='ocr_carea' id='block_1_69' title="bbox 1726 3609 3308 3723">
    <p class='ocr_par' dir='ltr' id='par_1_69' title="bbox 1726 3609 3308 3723">
     <span class='ocr_line' id='line_1_83' title="bbox 1726 3609 3308 3723; baseline 0.03 -60"><span class='ocrx_word' id='word_1_537' title='bbox 1726 3609 1886 3668; x_wconf 85' lang='lat' dir='ltr'><strong>bendi</strong></span> <span class='ocrx_word' id='word_1_538' title='bbox 1905 3629 2149 3687; x_wconf 89' lang='lat' dir='ltr'><strong>possunt,</strong></span> <span class='ocrx_word' id='word_1_539' title='bbox 2179 3630 2316 3680; x_wconf 92' lang='lat' dir='ltr'><strong>teste</strong></span> <span class='ocrx_word' id='word_1_540' title='bbox 2339 3626 2643 3702; x_wconf 85' lang='lat' dir='ltr'><strong>Psalmista,</strong></span> <span class='ocrx_word' id='word_1_541' title='bbox 2672 3640 2764 3708; x_wconf 92' lang='lat' dir='ltr'><strong>qui</strong></span> <span class='ocrx_word' id='word_1_542' title='bbox 2789 3642 2866 3696; x_wconf 90' lang='lat' dir='ltr'><strong>ait</strong></span> <span class='ocrx_word' id='word_1_543' title='bbox 2893 3662 2906 3698; x_wconf 89' lang='lat'><strong>:</strong></span> <span class='ocrx_word' id='word_1_544' title='bbox 2940 3664 2959 3696; x_wconf 85' lang='grc'><strong>‹</strong></span> <span class='ocrx_word' id='word_1_545' title='bbox 2993 3647 3164 3707; x_wconf 89' lang='lat' dir='ltr'><strong>Nimis</strong></span> <span class='ocrx_word' id='word_1_546' title='bbox 3185 3670 3308 3723; x_wconf 91' lang='lat' dir='ltr'><strong>pro-</strong></span> 
     </span>
     <span class='ocr_line' id='line_1_84' title="bbox 1726 3701 2366 3723; baseline 0.025 0"><span class='ocrx_word' id='word_1_547' title='bbox 1726 3701 1892 3723; x_wconf 42' lang='grc' dir='ltr'><strong>,μμ</strong></span> <span class='ocrx_word' id='word_1_548' title='bbox 1931 3706 1954 3723; x_wconf 75' lang='grc' dir='ltr'><strong>,ι</strong></span> <span class='ocrx_word' id='word_1_549' title='bbox 2019 3717 2032 3723; x_wconf 38' lang='grc' dir='ltr'><strong><em>Α</em></strong></span> <span class='ocrx_word' id='word_1_550' title='bbox 2356 3720 2366 3723; x_wconf 90' lang='grc'><strong>-</strong></span> 
     </span>
    </p>
   </div>
   <div class='ocr_carea' id='block_1_70' title="bbox 1721 3701 3306 3812">
    <p class='ocr_par' dir='ltr' id='par_1_70' title="bbox 1721 3701 3306 3812">
     <span class='ocr_line' id='line_1_85' title="bbox 1721 3701 3306 3812; baseline 0.03 -57"><span class='ocrx_word' id='word_1_551' title='bbox 1721 3701 1901 3760; x_wconf 86' lang='lat' dir='ltr'><strong>fundae</strong></span> <span class='ocrx_word' id='word_1_552' title='bbox 1926 3706 2084 3767; x_wconf 59' lang='lat' dir='ltr'><strong>facta</strong></span> <span class='ocrx_word' id='word_1_553' title='bbox 2104 3725 2229 3770; x_wconf 91' lang='lat' dir='ltr'><strong>sunt</strong></span> <span class='ocrx_word' id='word_1_554' title='bbox 2251 3720 2605 3791; x_wconf 87' lang='lat' dir='ltr'><strong>cogitationes</strong></span> <span class='ocrx_word' id='word_1_555' title='bbox 2634 3701 2738 3786; x_wconf 64' lang='lat' dir='ltr'><strong>tua:</strong></span> <span class='ocrx_word' id='word_1_556' title='bbox 2763 3732 2934 3804; x_wconf 77' lang='lat' dir='ltr'><strong>(Psal.</strong></span> <span class='ocrx_word' id='word_1_557' title='bbox 2956 3743 3087 3812; x_wconf 74' lang='grc' dir='ltr'><strong>χοι).</strong></span> <span class='ocrx_word' id='word_1_558' title='bbox 3121 3764 3141 3797; x_wconf 74' lang='grc' dir='ltr'><strong><em>ι</em></strong></span> <span class='ocrx_word' id='word_1_559' title='bbox 3168 3701 3306 3803; x_wconf 63' lang='lat' dir='ltr'><strong>IIinc</strong></span> 
     </span>
    </p>
   </div>
   <div class='ocr_carea' id='block_1_71' title="bbox 1720 3800 3305 3893">
    <p class='ocr_par' dir='ltr' id='par_1_71' title="bbox 1720 3800 3305 3893">
     <span class='ocr_line' id='line_1_86' title="bbox 1720 3800 3305 3893; baseline 0.03 -46"><span class='ocrx_word' id='word_1_560' title='bbox 1720 3802 1775 3848; x_wconf 89' lang='lat' dir='ltr'><strong>et</strong></span> <span class='ocrx_word' id='word_1_561' title='bbox 1810 3800 2072 3870; x_wconf 88' lang='lat' dir='ltr'><strong>propheta</strong></span> <span class='ocrx_word' id='word_1_562' title='bbox 2105 3804 2239 3862; x_wconf 90' lang='lat' dir='ltr'><strong>alias</strong></span> <span class='ocrx_word' id='word_1_563' title='bbox 2271 3810 2401 3866; x_wconf 91' lang='lat' dir='ltr'><strong>dicit</strong></span> <span class='ocrx_word' id='word_1_564' title='bbox 2428 3831 2441 3866; x_wconf 87' lang='lat'><strong>:</strong></span> <span class='ocrx_word' id='word_1_565' title='bbox 2471 3833 2488 3865; x_wconf 72' lang='grc' dir='ltr'><em>α</em></span> <span class='ocrx_word' id='word_1_566' title='bbox 2521 3816 2653 3884; x_wconf 92' lang='lat' dir='ltr'><strong>Quis</strong></span> <span class='ocrx_word' id='word_1_567' title='bbox 2679 3800 2933 3893; x_wconf 77' lang='lat' dir='ltr'><strong>cognovit</strong></span> <span class='ocrx_word' id='word_1_568' title='bbox 2958 3800 3176 3890; x_wconf 80' lang='lat' dir='ltr'><strong>sensum</strong></span> <span class='ocrx_word' id='word_1_569' title='bbox 3205 3839 3305 3893; x_wconf 89' lang='lat' dir='ltr'><strong>Do-</strong></span> 
     </span>
    </p>
   </div>
   <div class='ocr_carea' id='block_1_72' title="bbox 1717 3885 3301 4001">
    <p class='ocr_par' dir='ltr' id='par_1_72' title="bbox 1717 3885 3301 4001">
     <span class='ocr_line' id='line_1_87' title="bbox 1717 3885 3301 4001; baseline 0.03 -63"><span class='ocrx_word' id='word_1_570' title='bbox 1717 3885 1873 3955; x_wconf 90' lang='lat' dir='ltr'><strong>mini,</strong></span> <span class='ocrx_word' id='word_1_571' title='bbox 1925 3900 2017 3946; x_wconf 91' lang='lat' dir='ltr'><strong>aut</strong></span> <span class='ocrx_word' id='word_1_572' title='bbox 2058 3895 2178 3965; x_wconf 89' lang='lat' dir='ltr'><strong>quis</strong></span> <span class='ocrx_word' id='word_1_573' title='bbox 2221 3901 2560 3962; x_wconf 91' lang='lat' dir='ltr'><strong>consiliarius</strong></span> <span class='ocrx_word' id='word_1_574' title='bbox 2615 3911 2729 3981; x_wconf 88' lang='lat' dir='ltr'><strong>ejus</strong></span> <span class='ocrx_word' id='word_1_575' title='bbox 2780 3914 2924 3972; x_wconf 89' lang='lat' dir='ltr'><strong>fuit?</strong></span> <span class='ocrx_word' id='word_1_576' title='bbox 2957 3940 2976 3972; x_wconf 81' lang='grc'><strong><em>›</em></strong></span> <span class='ocrx_word' id='word_1_577' title='bbox 3025 3924 3158 3994; x_wconf 80' lang='lat' dir='ltr'><strong>(Isa.</strong></span> <span class='ocrx_word' id='word_1_578' title='bbox 3185 3933 3301 4001; x_wconf 72' lang='lat' dir='ltr'><strong>XL.)</strong></span> 
     </span>
     <span class='ocr_line' id='line_1_88' title="bbox 1718 3977 2427 4001; baseline 0.025 0"><span class='ocrx_word' id='word_1_579' title='bbox 1718 3977 1866 4001; x_wconf 56' lang='lat'><strong>&quot;-4-</strong></span> <span class='ocrx_word' id='word_1_580' title='bbox 1906 3992 1950 4001; x_wconf 74' lang='grc' dir='ltr'><strong>-ι</strong></span> <span class='ocrx_word' id='word_1_581' title='bbox 2118 3996 2128 4001; x_wconf 83' lang='lat'><strong><em>-</em></strong></span> <span class='ocrx_word' id='word_1_582' title='bbox 2173 3989 2184 4001; x_wconf 88' lang='lat'><strong>-</strong></span> <span class='ocrx_word' id='word_1_583' title='bbox 2299 3992 2336 4001; x_wconf 64' lang='grc'><strong>·“</strong></span> <span class='ocrx_word' id='word_1_584' title='bbox 2413 3995 2427 4001; x_wconf 84' lang='grc'><strong>·</strong></span> 
     </span>
    </p>
   </div>
   <div class='ocr_carea' id='block_1_73' title="bbox 1718 3977 3302 4092">
    <p class='ocr_par' dir='ltr' id='par_1_73' title="bbox 1718 3977 3302 4092">
     <span class='ocr_line' id='line_1_89' title="bbox 1718 3977 3302 4092; baseline 0.03 -59"><span class='ocrx_word' id='word_1_585' title='bbox 1718 3977 1872 4036; x_wconf 85' lang='lat' dir='ltr'><strong>Unde</strong></span> <span class='ocrx_word' id='word_1_586' title='bbox 1897 3992 1954 4038; x_wconf 91' lang='lat' dir='ltr'><strong>et</strong></span> <span class='ocrx_word' id='word_1_587' title='bbox 1979 3989 2254 4054; x_wconf 89' lang='lat' dir='ltr'><strong>apostolus</strong></span> <span class='ocrx_word' id='word_1_588' title='bbox 2298 3992 2517 4064; x_wconf 91' lang='lat' dir='ltr'><strong>Paulus,</strong></span> <span class='ocrx_word' id='word_1_589' title='bbox 2550 4010 2608 4056; x_wconf 92' lang='lat' dir='ltr'><strong>ut</strong></span> <span class='ocrx_word' id='word_1_590' title='bbox 2641 3977 3067 4080; x_wconf 74' lang='lat' dir='ltr'><strong>magnitudinem</strong></span> <span class='ocrx_word' id='word_1_591' title='bbox 3100 3977 3302 4092; x_wconf 65' lang='lat' dir='ltr'><strong>myste:</strong></span> 
     </span>
    </p>
   </div>
   <div class='ocr_carea' id='block_1_74' title="bbox 1715 4073 3299 4177">
    <p class='ocr_par' dir='ltr' id='par_1_74' title="bbox 1715 4073 3299 4177">
     <span class='ocr_line' id='line_1_90' title="bbox 1715 4073 3299 4177; baseline 0.03 -51"><span class='ocrx_word' id='word_1_592' title='bbox 1715 4073 1920 4131; x_wconf 87' lang='lat' dir='ltr'><strong>riorum</strong></span> <span class='ocrx_word' id='word_1_593' title='bbox 1967 4077 2060 4134; x_wconf 92' lang='lat' dir='ltr'><strong>Dei</strong></span> <span class='ocrx_word' id='word_1_594' title='bbox 2102 4081 2335 4152; x_wconf 91' lang='lat' dir='ltr'><strong>pleniter</strong></span> <span class='ocrx_word' id='word_1_595' title='bbox 2362 4095 2747 4161; x_wconf 85' lang='lat' dir='ltr'><strong>comprehendi</strong></span> <span class='ocrx_word' id='word_1_596' title='bbox 2779 4117 2886 4158; x_wconf 93' lang='lat' dir='ltr'><strong>non</strong></span> <span class='ocrx_word' id='word_1_597' title='bbox 2922 4122 3082 4177; x_wconf 87' lang='lat' dir='ltr'><strong>posse</strong></span> <span class='ocrx_word' id='word_1_598' title='bbox 3119 4126 3299 4172; x_wconf 88' lang='lat' dir='ltr'><strong>osten-</strong></span> 
     </span>
    </p>
   </div>
   <div class='ocr_carea' id='block_1_75' title="bbox 1713 4165 3297 4271">
    <p class='ocr_par' dir='ltr' id='par_1_75' title="bbox 1713 4165 3297 4271">
     <span class='ocr_line' id='line_1_91' title="bbox 1713 4165 3297 4271; baseline 0.031 -53"><span class='ocrx_word' id='word_1_599' title='bbox 1713 4165 1900 4234; x_wconf 91' lang='lat' dir='ltr'><strong>deret,</strong></span> <span class='ocrx_word' id='word_1_600' title='bbox 1942 4170 2058 4225; x_wconf 90' lang='lat' dir='ltr'><strong>ait:</strong></span> <span class='ocrx_word' id='word_1_601' title='bbox 2121 4191 2141 4224; x_wconf 73' lang='grc' dir='ltr'><strong><em>ι</em></strong></span> <span class='ocrx_word' id='word_1_602' title='bbox 2175 4175 2220 4231; x_wconf 88' lang='grc' dir='ltr'><strong>Ο</strong></span> <span class='ocrx_word' id='word_1_603' title='bbox 2269 4178 2495 4239; x_wconf 90' lang='lat' dir='ltr'><strong>altitudo</strong></span> <span class='ocrx_word' id='word_1_604' title='bbox 2549 4187 2856 4251; x_wconf 86' lang='lat' dir='ltr'><strong>divitiarum</strong></span> <span class='ocrx_word' id='word_1_605' title='bbox 2906 4165 3185 4271; x_wconf 74' lang='lat' dir='ltr'><strong>sapientia:</strong></span> <span class='ocrx_word' id='word_1_606' title='bbox 3242 4222 3297 4265; x_wconf 89' lang='lat' dir='ltr'><strong>et</strong></span> 
     </span>
    </p>
   </div>
   <div class='ocr_carea' id='block_1_76' title="bbox 1711 4259 3294 4368">
    <p class='ocr_par' dir='ltr' id='par_1_76' title="bbox 1711 4259 3294 4368">
     <span class='ocr_line' id='line_1_92' title="bbox 1711 4259 3294 4368; baseline 0.03 -58"><span class='ocrx_word' id='word_1_607' title='bbox 1711 4259 1951 4316; x_wconf 82' lang='lat' dir='ltr'><strong>scientiae</strong></span> <span class='ocrx_word' id='word_1_608' title='bbox 1978 4262 2093 4331; x_wconf 89' lang='lat' dir='ltr'><strong>Dei,</strong></span> <span class='ocrx_word' id='word_1_609' title='bbox 2144 4282 2308 4336; x_wconf 90' lang='lat' dir='ltr'><strong>quam</strong></span> <span class='ocrx_word' id='word_1_610' title='bbox 2339 4271 2901 4347; x_wconf 90' lang='lat' dir='ltr'><strong>incomprehensibilia</strong></span> <span class='ocrx_word' id='word_1_611' title='bbox 2931 4259 3056 4348; x_wconf 77' lang='lat' dir='ltr'><strong>sunt</strong></span> <span class='ocrx_word' id='word_1_612' title='bbox 3089 4297 3294 4368; x_wconf 88' lang='lat' dir='ltr'><strong>judicia</strong></span> 
     </span>
    </p>
   </div>
   <div class='ocr_carea' id='block_1_77' title="bbox 1708 4347 3292 4460">
    <p class='ocr_par' dir='ltr' id='par_1_77' title="bbox 1708 4347 3292 4460">
     <span class='ocr_line' id='line_1_93' title="bbox 1708 4347 3292 4460; baseline 0.03 -56"><span class='ocrx_word' id='word_1_613' title='bbox 1708 4347 1847 4419; x_wconf 89' lang='lat' dir='ltr'><strong>ejus,</strong></span> <span class='ocrx_word' id='word_1_614' title='bbox 1891 4363 1946 4409; x_wconf 89' lang='lat' dir='ltr'><strong>et</strong></span> <span class='ocrx_word' id='word_1_615' title='bbox 2001 4357 2401 4432; x_wconf 83' lang='lat' dir='ltr'><strong>investigabiles</strong></span> <span class='ocrx_word' id='word_1_616' title='bbox 2441 4369 2542 4424; x_wconf 81' lang='lat' dir='ltr'><strong>viae</strong></span> <span class='ocrx_word' id='word_1_617' title='bbox 2585 4373 2704 4444; x_wconf 85' lang='lat' dir='ltr'><strong>ejus</strong></span> <span class='ocrx_word' id='word_1_618' title='bbox 2731 4379 2745 4432; x_wconf 85' lang='lat' dir='ltr'><strong>l</strong></span> <span class='ocrx_word' id='word_1_619' title='bbox 2777 4399 2798 4432; x_wconf 70' lang='grc' dir='ltr'><strong><em>ι</em></strong></span> <span class='ocrx_word' id='word_1_620' title='bbox 2845 4347 3292 4460; x_wconf 46' lang='grc' dir='ltr'><strong>(Κρηταιᾘὲεᾶ</strong></span> 
     </span>
    </p>
   </div>
   <div class='ocr_carea' id='block_1_78' title="bbox 1707 4443 3051 4534">
    <p class='ocr_par' dir='ltr' id='par_1_78' title="bbox 1707 4443 3051 4534">
     <span class='ocr_line' id='line_1_94' title="bbox 1707 4443 3051 4534; baseline 0.03 -40"><span class='ocrx_word' id='word_1_621' title='bbox 1707 4443 1837 4512; x_wconf 88' lang='lat' dir='ltr'><strong>quid</strong></span> <span class='ocrx_word' id='word_1_622' title='bbox 1859 4455 2008 4502; x_wconf 89' lang='lat' dir='ltr'><strong>stans</strong></span> <span class='ocrx_word' id='word_1_623' title='bbox 2047 4448 2102 4504; x_wconf 90' lang='lat' dir='ltr'><strong>in</strong></span> <span class='ocrx_word' id='word_1_624' title='bbox 2127 4453 2304 4510; x_wconf 89' lang='lat' dir='ltr'><strong>medio</strong></span> <span class='ocrx_word' id='word_1_625' title='bbox 2332 4456 2448 4526; x_wconf 88' lang='lat' dir='ltr'><strong>ejus</strong></span> <span class='ocrx_word' id='word_1_626' title='bbox 2495 4463 2714 4534; x_wconf 85' lang='lat' dir='ltr'><strong>dixerit,</strong></span> <span class='ocrx_word' id='word_1_627' title='bbox 2747 4473 3051 4533; x_wconf 87' lang='lat' dir='ltr'><strong>audiamus.</strong></span> 
     </span>
    </p>
   </div>
   <div class='ocr_carea' id='block_1_79' title="bbox 1783 4534 3290 4633">
    <p class='ocr_par' dir='ltr' id='par_1_79' title="bbox 1783 4534 3290 4633">
     <span class='ocr_line' id='line_1_95' title="bbox 1783 4534 3290 4633; baseline 0.032 -48"><span class='ocrx_word' id='word_1_628' title='bbox 1783 4555 1799 4586; x_wconf 86' lang='grc'><strong><em>‹</em></strong></span> <span class='ocrx_word' id='word_1_629' title='bbox 1832 4534 1941 4592; x_wconf 82' lang='lat' dir='ltr'><strong>Pax</strong></span> <span class='ocrx_word' id='word_1_630' title='bbox 1971 4541 2145 4598; x_wconf 91' lang='lat' dir='ltr'><strong>vobis.</strong></span> <span class='ocrx_word' id='word_1_631' title='bbox 2181 4562 2200 4596; x_wconf 76' lang='grc' dir='ltr'><strong><em>ι</em></strong></span> <span class='ocrx_word' id='word_1_632' title='bbox 2231 4545 2462 4606; x_wconf 91' lang='lat' dir='ltr'><strong>Pulchre</strong></span> <span class='ocrx_word' id='word_1_633' title='bbox 2508 4555 2765 4616; x_wconf 90' lang='lat' dir='ltr'><strong>Dominus</strong></span> <span class='ocrx_word' id='word_1_634' title='bbox 2787 4575 2912 4632; x_wconf 92' lang='lat' dir='ltr'><strong>post</strong></span> <span class='ocrx_word' id='word_1_635' title='bbox 2937 4578 3290 4633; x_wconf 85' lang='lat' dir='ltr'><strong>resurrectio-</strong></span> 
     </span>
    </p>
   </div>
   <div class='ocr_carea' id='block_1_80' title="bbox 1706 4631 3378 4738">
    <p class='ocr_par' dir='ltr' id='par_1_80' title="bbox 1706 4631 3378 4738">
     <span class='ocr_line' id='line_1_96' title="bbox 1706 4631 3378 4738; baseline 0.029 -59"><span class='ocrx_word' id='word_1_636' title='bbox 1706 4642 1828 4682; x_wconf 85' lang='lat' dir='ltr'><strong>nem</strong></span> <span class='ocrx_word' id='word_1_637' title='bbox 1881 4631 2157 4705; x_wconf 92' lang='lat' dir='ltr'><strong>discipulis</strong></span> <span class='ocrx_word' id='word_1_638' title='bbox 2209 4641 2320 4696; x_wconf 89' lang='lat' dir='ltr'><strong>suis</strong></span> <span class='ocrx_word' id='word_1_639' title='bbox 2370 4645 2600 4712; x_wconf 90' lang='lat' dir='ltr'><strong>primum</strong></span> <span class='ocrx_word' id='word_1_640' title='bbox 2648 4667 2836 4721; x_wconf 91' lang='lat' dir='ltr'><strong>pacem</strong></span> <span class='ocrx_word' id='word_1_641' title='bbox 2865 4667 3284 4738; x_wconf 88' lang='lat' dir='ltr'><strong>commendavit,</strong></span> <span class='ocrx_word' id='word_1_642' title='bbox 3369 4691 3378 4696; x_wconf 90' lang='grc'><strong>·</strong></span> 
     </span>
    </p>
   </div>
   <div class='ocr_carea' id='block_1_81' title="bbox 2037 4728 3288 4819">
    <p class='ocr_par' dir='ltr' id='par_1_81' title="bbox 2037 4728 3288 4819">
     <span class='ocr_line' id='line_1_97' title="bbox 2037 4728 3288 4819; baseline 0.031 -38"><span class='ocrx_word' id='word_1_643' title='bbox 2037 4728 2293 4787; x_wconf 89' lang='lat' dir='ltr'><strong>nimirum</strong></span> <span class='ocrx_word' id='word_1_644' title='bbox 2316 4734 2639 4796; x_wconf 89' lang='lat' dir='ltr'><strong>discordiam</strong></span> <span class='ocrx_word' id='word_1_645' title='bbox 2669 4747 2980 4816; x_wconf 86' lang='lat' dir='ltr'><strong>angelorum</strong></span> <span class='ocrx_word' id='word_1_646' title='bbox 3013 4766 3069 4810; x_wconf 91' lang='lat' dir='ltr'><strong>et</strong></span> <span class='ocrx_word' id='word_1_647' title='bbox 3112 4760 3288 4819; x_wconf 89' lang='lat' dir='ltr'><strong>homi-</strong></span> 
     </span>
    </p>
   </div>
   <div class='ocr_carea' id='block_1_82' title="bbox 1701 4826 3285 4912">
    <p class='ocr_par' dir='ltr' id='par_1_82' title="bbox 1701 4826 3285 4912">
     <span class='ocr_line' id='line_1_98' title="bbox 1701 4826 3285 4912; baseline 0.031 -49"><span class='ocrx_word' id='word_1_648' title='bbox 1701 4826 1830 4866; x_wconf 89' lang='lat' dir='ltr'><strong>num</strong></span> <span class='ocrx_word' id='word_1_649' title='bbox 1876 4828 1973 4884; x_wconf 89' lang='lat' dir='ltr'><strong>per</strong></span> <span class='ocrx_word' id='word_1_650' title='bbox 2025 4832 2176 4874; x_wconf 91' lang='lat' dir='ltr'><strong>suam</strong></span> <span class='ocrx_word' id='word_1_651' title='bbox 2202 4829 2652 4888; x_wconf 86' lang='lat' dir='ltr'><strong>resurrectionem</strong></span> <span class='ocrx_word' id='word_1_652' title='bbox 2682 4840 3040 4905; x_wconf 88' lang='lat' dir='ltr'><strong>pacificatam.</strong></span> <span class='ocrx_word' id='word_1_653' title='bbox 3083 4850 3163 4907; x_wconf 81' lang='lat' dir='ltr'><strong>Ex</strong></span> <span class='ocrx_word' id='word_1_654' title='bbox 3193 4855 3285 4912; x_wconf 90' lang='lat' dir='ltr'><strong>illo</strong></span> 
     </span>
    </p>
   </div>
   <div class='ocr_carea' id='block_1_83' title="bbox 1700 4904 3283 5004">
    <p class='ocr_par' dir='ltr' id='par_1_83' title="bbox 1700 4904 3283 5004">
     <span class='ocr_line' id='line_1_99' title="bbox 1700 4904 3283 5004; baseline 0.031 -48"><span class='ocrx_word' id='word_1_655' title='bbox 1700 4904 1846 4958; x_wconf 91' lang='lat' dir='ltr'><strong>enim</strong></span> <span class='ocrx_word' id='word_1_656' title='bbox 1875 4914 2140 4978; x_wconf 89' lang='lat' dir='ltr'><strong>tempore,</strong></span> <span class='ocrx_word' id='word_1_657' title='bbox 2171 4929 2279 4984; x_wconf 92' lang='lat' dir='ltr'><strong>quo</strong></span> <span class='ocrx_word' id='word_1_658' title='bbox 2303 4919 2511 4986; x_wconf 91' lang='lat' dir='ltr'><strong>primus</strong></span> <span class='ocrx_word' id='word_1_659' title='bbox 2531 4923 2692 4982; x_wconf 84' lang='lat' dir='ltr'><strong>homo</strong></span> <span class='ocrx_word' id='word_1_660' title='bbox 2709 4938 2980 5000; x_wconf 90' lang='lat' dir='ltr'><strong>peccando</strong></span> <span class='ocrx_word' id='word_1_661' title='bbox 3003 4956 3033 4995; x_wconf 90' lang='lat' dir='ltr'><strong>a</strong></span> <span class='ocrx_word' id='word_1_662' title='bbox 3061 4959 3283 5004; x_wconf 91' lang='lat' dir='ltr'><strong>consor-</strong></span> 
     </span>
    </p>
   </div>
   <div class='ocr_carea' id='block_1_84' title="bbox 1700 4997 3278 5107">
    <p class='ocr_par' dir='ltr' id='par_1_84' title="bbox 1700 4997 3278 5107">
     <span class='ocr_line' id='line_1_100' title="bbox 1700 4997 3278 5107; baseline 0.031 -59"><span class='ocrx_word' id='word_1_663' title='bbox 1700 4997 1776 5051; x_wconf 90' lang='lat' dir='ltr'><strong>tio</strong></span> <span class='ocrx_word' id='word_1_664' title='bbox 1802 4998 2114 5070; x_wconf 81' lang='lat' dir='ltr'><strong>angelorum</strong></span> <span class='ocrx_word' id='word_1_665' title='bbox 2159 5021 2469 5080; x_wconf 76' lang='lat' dir='ltr'><strong>segregatus</strong></span> <span class='ocrx_word' id='word_1_666' title='bbox 2510 5025 2624 5084; x_wconf 87' lang='lat' dir='ltr'><strong>est,</strong></span> <span class='ocrx_word' id='word_1_667' title='bbox 2672 5016 2825 5078; x_wconf 65' lang='lat' dir='ltr'><strong>inter</strong></span> <span class='ocrx_word' id='word_1_668' title='bbox 2843 5043 2937 5085; x_wconf 92' lang='lat' dir='ltr'><strong>eos</strong></span> <span class='ocrx_word' id='word_1_669' title='bbox 2963 5047 3158 5107; x_wconf 90' lang='lat' dir='ltr'><strong>magna</strong></span> <span class='ocrx_word' id='word_1_670' title='bbox 3180 5055 3278 5095; x_wconf 88' lang='lat' dir='ltr'><strong>ex-</strong></span> 
     </span>
    </p>
   </div>
   <div class='ocr_carea' id='block_1_85' title="bbox 1697 5091 3278 5203">
    <p class='ocr_par' dir='ltr' id='par_1_85' title="bbox 1697 5091 3278 5203">
     <span class='ocr_line' id='line_1_101' title="bbox 1697 5091 3278 5203; baseline 0.029 -59"><span class='ocrx_word' id='word_1_671' title='bbox 1697 5091 1837 5145; x_wconf 86' lang='lat' dir='ltr'><strong>stitit</strong></span> <span class='ocrx_word' id='word_1_672' title='bbox 1867 5092 2153 5151; x_wconf 83' lang='lat' dir='ltr'><strong>discordia.</strong></span> <span class='ocrx_word' id='word_1_673' title='bbox 2204 5099 2357 5158; x_wconf 90' lang='lat' dir='ltr'><strong>Unde</strong></span> <span class='ocrx_word' id='word_1_674' title='bbox 2405 5105 2459 5161; x_wconf 93' lang='lat' dir='ltr'><strong>in</strong></span> <span class='ocrx_word' id='word_1_675' title='bbox 2507 5107 2688 5168; x_wconf 81' lang='lat' dir='ltr'><strong>Veteri</strong></span> <span class='ocrx_word' id='word_1_676' title='bbox 2720 5091 3278 5203; x_wconf 58' lang='lat' dir='ltr'><strong>Testamentovangeli</strong></span> 
     </span>
    </p>
   </div>
   <div class='ocr_carea' id='block_1_86' title="bbox 1697 5185 3274 5293">
    <p class='ocr_par' dir='ltr' id='par_1_86' title="bbox 1697 5185 3274 5293">
     <span class='ocr_line' id='line_1_102' title="bbox 1697 5185 3274 5293; baseline 0.029 -56"><span class='ocrx_word' id='word_1_677' title='bbox 1697 5185 1766 5240; x_wconf 90' lang='lat' dir='ltr'><strong>ab</strong></span> <span class='ocrx_word' id='word_1_678' title='bbox 1813 5185 2123 5247; x_wconf 88' lang='lat' dir='ltr'><strong>hominibus</strong></span> <span class='ocrx_word' id='word_1_679' title='bbox 2181 5192 2498 5266; x_wconf 86' lang='lat' dir='ltr'><strong>frequenter</strong></span> <span class='ocrx_word' id='word_1_680' title='bbox 2544 5206 2755 5265; x_wconf 87' lang='lat' dir='ltr'><strong>adorati</strong></span> <span class='ocrx_word' id='word_1_681' title='bbox 2799 5211 2965 5272; x_wconf 92' lang='lat' dir='ltr'><strong>fuisse</strong></span> <span class='ocrx_word' id='word_1_682' title='bbox 3002 5185 3274 5293; x_wconf 51' lang='lat' dir='ltr'><strong>leguntJur.</strong></span> 
     </span>
    </p>
   </div>
   <div class='ocr_carea' id='block_1_87' title="bbox 1696 5276 3276 5378">
    <p class='ocr_par' dir='ltr' id='par_1_87' title="bbox 1696 5276 3276 5378">
     <span class='ocr_line' id='line_1_103' title="bbox 1696 5276 3276 5378; baseline 0.03 -49"><span class='ocrx_word' id='word_1_683' title='bbox 1696 5276 1803 5332; x_wconf 86' lang='lat' dir='ltr'><strong>Sed</strong></span> <span class='ocrx_word' id='word_1_684' title='bbox 1843 5289 1964 5350; x_wconf 89' lang='lat' dir='ltr'><strong>post</strong></span> <span class='ocrx_word' id='word_1_685' title='bbox 1988 5282 2198 5340; x_wconf 92' lang='lat' dir='ltr'><strong>Domini</strong></span> <span class='ocrx_word' id='word_1_686' title='bbox 2238 5295 2692 5354; x_wconf 88' lang='lat' dir='ltr'><strong>resurrectionem</strong></span> <span class='ocrx_word' id='word_1_687' title='bbox 2725 5318 2832 5359; x_wconf 92' lang='lat' dir='ltr'><strong>non</strong></span> <span class='ocrx_word' id='word_1_688' title='bbox 2871 5313 3276 5378; x_wconf 88' lang='lat' dir='ltr'><strong>permittuntse</strong></span> 
     </span>
    </p>
   </div>
   <div class='ocr_carea' id='block_1_88' title="bbox 27 5328 1590 5434">
    <p class='ocr_par' dir='ltr' id='par_1_88' title="bbox 27 5328 1590 5434">
     <span class='ocr_line' id='line_1_104' title="bbox 27 5328 1590 5434; baseline 0.029 -60"><span class='ocrx_word' id='word_1_689' title='bbox 27 5328 190 5379; x_wconf 76' lang='lat' dir='ltr'><strong>Vocem</strong></span> <span class='ocrx_word' id='word_1_690' title='bbox 209 5330 420 5389; x_wconf 70' lang='lat' dir='ltr'><strong>ancilla:</strong></span> <span class='ocrx_word' id='word_1_691' title='bbox 444 5336 729 5397; x_wconf 89' lang='lat' dir='ltr'><strong>Dominum</strong></span> <span class='ocrx_word' id='word_1_692' title='bbox 753 5351 807 5400; x_wconf 91' lang='lat' dir='ltr'><strong>et</strong></span> <span class='ocrx_word' id='word_1_693' title='bbox 839 5350 1158 5421; x_wconf 88' lang='lat' dir='ltr'><strong>magistrum</strong></span> <span class='ocrx_word' id='word_1_694' title='bbox 1183 5371 1338 5414; x_wconf 90' lang='lat' dir='ltr'><strong>suum</strong></span> <span class='ocrx_word' id='word_1_695' title='bbox 1361 5353 1590 5434; x_wconf 79' lang='lat' dir='ltr'><strong>negave-</strong></span> 
     </span>
    </p>
   </div>
   <div class='ocr_carea' id='block_1_89' title="bbox 29 5417 1590 5514">
    <p class='ocr_par' dir='ltr' id='par_1_89' title="bbox 29 5417 1590 5514">
     <span class='ocr_line' id='line_1_105' title="bbox 29 5417 1590 5514; baseline 0.029 -46"><span class='ocrx_word' id='word_1_696' title='bbox 29 5417 114 5475; x_wconf 69' lang='lat' dir='ltr'><strong>rat,</strong></span> <span class='ocrx_word' id='word_1_697' title='bbox 140 5428 322 5485; x_wconf 88' lang='lat' dir='ltr'><strong>postea</strong></span> <span class='ocrx_word' id='word_1_698' title='bbox 354 5435 481 5481; x_wconf 90' lang='lat' dir='ltr'><strong>ante</strong></span> <span class='ocrx_word' id='word_1_699' title='bbox 514 5437 820 5494; x_wconf 87' lang='lat' dir='ltr'><strong>tremendos</strong></span> <span class='ocrx_word' id='word_1_700' title='bbox 843 5417 1138 5514; x_wconf 81' lang='lat' dir='ltr'><strong>principes,</strong></span> <span class='ocrx_word' id='word_1_701' title='bbox 1189 5457 1246 5504; x_wconf 94' lang='lat' dir='ltr'><strong>et</strong></span> <span class='ocrx_word' id='word_1_702' title='bbox 1272 5457 1590 5514; x_wconf 89' lang='lat' dir='ltr'><strong>metuendas</strong></span> 
     </span>
    </p>
   </div>
   <div class='ocr_carea' id='block_1_90' title="bbox 25 5507 1581 5609">
    <p class='ocr_par' dir='ltr' id='par_1_90' title="bbox 25 5507 1581 5609">
     <span class='ocr_line' id='line_1_106' title="bbox 25 5507 1581 5609; baseline 0.032 -55"><span class='ocrx_word' id='word_1_703' title='bbox 25 5507 316 5576; x_wconf 81' lang='lat' dir='ltr'><strong>potestates,</strong></span> <span class='ocrx_word' id='word_1_704' title='bbox 363 5513 534 5573; x_wconf 91' lang='lat' dir='ltr'><strong>libera</strong></span> <span class='ocrx_word' id='word_1_705' title='bbox 561 5535 696 5578; x_wconf 90' lang='lat' dir='ltr'><strong>voce</strong></span> <span class='ocrx_word' id='word_1_706' title='bbox 719 5507 861 5583; x_wconf 73' lang='lat' dir='ltr'><strong>eum</strong></span> <span class='ocrx_word' id='word_1_707' title='bbox 879 5533 1159 5592; x_wconf 90' lang='lat' dir='ltr'><strong>confessus</strong></span> <span class='ocrx_word' id='word_1_708' title='bbox 1203 5549 1308 5609; x_wconf 88' lang='lat' dir='ltr'><strong>est,</strong></span> <span class='ocrx_word' id='word_1_709' title='bbox 1357 5545 1581 5604; x_wconf 89' lang='lat' dir='ltr'><strong>dicens:</strong></span> 
     </span>
    </p>
   </div>
   <div class='ocr_carea' id='block_1_91' title="bbox 29 5589 1577 5706">
    <p class='ocr_par' dir='ltr' id='par_1_91' title="bbox 29 5589 1577 5706">
     <span class='ocr_line' id='line_1_107' title="bbox 29 5589 1577 5706; baseline 0.012 -29"><span class='ocrx_word' id='word_1_710' title='bbox 29 5589 294 5692; x_wconf 57' lang='lat' dir='ltr'><strong>&#39;Qbedi&#39;e</strong></span> <span class='ocrx_word' id='word_1_711' title='bbox 342 5617 559 5677; x_wconf 73' lang='grc' dir='ltr'><strong>οροτιοι</strong></span> <span class='ocrx_word' id='word_1_712' title='bbox 603 5612 714 5673; x_wconf 86' lang='lat' dir='ltr'><strong>Deo</strong></span> <span class='ocrx_word' id='word_1_713' title='bbox 771 5621 943 5693; x_wconf 86' lang='lat' dir='ltr'><strong>magis</strong></span> <span class='ocrx_word' id='word_1_714' title='bbox 977 5589 1476 5696; x_wconf 39' lang='lat' dir='ltr'><strong>quam‘homini-bus</strong></span> <span class='ocrx_word' id='word_1_715' title='bbox 1504 5589 1577 5706; x_wconf 46' lang='grc' dir='ltr'><strong>ξ»</strong></span> 
     </span>
    </p>
   </div>
   <div class='ocr_carea' id='block_1_92' title="bbox 24 5681 1581 5798">
    <p class='ocr_par' dir='ltr' id='par_1_92' title="bbox 24 5681 1581 5798">
     <span class='ocr_line' id='line_1_108' title="bbox 861 5681 1576 5706; baseline 0.028 -14"><span class='ocrx_word' id='word_1_716' title='bbox 861 5681 891 5693; x_wconf 77' lang='grc' dir='ltr'>ν</span> <span class='ocrx_word' id='word_1_717' title='bbox 993 5681 1011 5696; x_wconf 77' lang='grc' dir='ltr'>ι</span> <span class='ocrx_word' id='word_1_718' title='bbox 1169 5681 1476 5693; x_wconf 61' lang='grc' dir='ltr'><strong>-ν--η---ι-υ</strong></span> <span class='ocrx_word' id='word_1_719' title='bbox 1504 5682 1519 5706; x_wconf 70' lang='grc' dir='ltr'><strong>ν</strong></span> <span class='ocrx_word' id='word_1_720' title='bbox 1559 5681 1576 5692; x_wconf 91' lang='lat'><strong><em>&#39;</em></strong></span> 
     </span>
     <span class='ocr_line' id='line_1_109' title="bbox 24 5681 1581 5798; baseline 0.03 -59"><span class='ocrx_word' id='word_1_721' title='bbox 24 5685 85 5798; x_wconf 35' lang='lat' dir='ltr'><strong>ﬁt&quot;</strong></span> <span class='ocrx_word' id='word_1_722' title='bbox 92 5681 320 5748; x_wconf 84' lang='lat' dir='ltr'><strong>iterum:</strong></span> <span class='ocrx_word' id='word_1_723' title='bbox 360 5713 380 5748; x_wconf 73' lang='grc' dir='ltr'>ι</span> <span class='ocrx_word' id='word_1_724' title='bbox 417 5696 697 5771; x_wconf 87' lang='lat' dir='ltr'><strong>Sijustum</strong></span> <span class='ocrx_word' id='word_1_725' title='bbox 727 5717 811 5764; x_wconf 90' lang='lat' dir='ltr'><strong>est</strong></span> <span class='ocrx_word' id='word_1_726' title='bbox 847 5726 946 5768; x_wconf 88' lang='lat' dir='ltr'><strong>vos</strong></span> <span class='ocrx_word' id='word_1_727' title='bbox 982 5717 1161 5784; x_wconf 91' lang='lat' dir='ltr'><strong>potius</strong></span> <span class='ocrx_word' id='word_1_728' title='bbox 1197 5723 1388 5781; x_wconf 86' lang='lat' dir='ltr'><strong>audire</strong></span> <span class='ocrx_word' id='word_1_729' title='bbox 1419 5742 1581 5798; x_wconf 89' lang='lat' dir='ltr'><strong>quam</strong></span> 
     </span>
    </p>
   </div>
   <div class='ocr_carea' id='block_1_93' title="bbox 25 5764 1581 5886">
    <p class='ocr_par' dir='ltr' id='par_1_93' title="bbox 25 5764 1581 5886">
     <span class='ocr_line' id='line_1_110' title="bbox 489 5764 1581 5798; baseline 0.028 -43"><span class='ocrx_word' id='word_1_730' title='bbox 489 5764 508 5771; x_wconf 77' lang='lat'>_</span> <span class='ocrx_word' id='word_1_731' title='bbox 863 5764 941 5768; x_wconf 30' lang='grc' dir='ltr'><strong>ν--</strong></span> <span class='ocrx_word' id='word_1_732' title='bbox 982 5764 1160 5784; x_wconf 67' lang='lat'><strong>,-----</strong></span> <span class='ocrx_word' id='word_1_733' title='bbox 1197 5764 1388 5781; x_wconf 58' lang='grc' dir='ltr'><strong>..-νην</strong></span> <span class='ocrx_word' id='word_1_734' title='bbox 1419 5764 1581 5798; x_wconf 56' lang='lat' dir='ltr'><strong>qua...</strong></span> 
     </span>
     <span class='ocr_line' id='line_1_111' title="bbox 25 5764 1581 5886; baseline 0.031 -56"><span class='ocrx_word' id='word_1_735' title='bbox 25 5764 301 5853; x_wconf 80' lang='lat' dir='ltr'><strong>Dominum,</strong></span> <span class='ocrx_word' id='word_1_736' title='bbox 323 5786 564 5857; x_wconf 90' lang='lat' dir='ltr'><strong>judicate</strong></span> <span class='ocrx_word' id='word_1_737' title='bbox 591 5812 605 5849; x_wconf 91' lang='lat'>:</span> <span class='ocrx_word' id='word_1_738' title='bbox 660 5814 767 5856; x_wconf 86' lang='lat' dir='ltr'><strong>non</strong></span> <span class='ocrx_word' id='word_1_739' title='bbox 794 5804 939 5860; x_wconf 90' lang='lat' dir='ltr'><strong>enim</strong></span> <span class='ocrx_word' id='word_1_740' title='bbox 964 5821 1253 5877; x_wconf 90' lang='lat' dir='ltr'><strong>possumus</strong></span> <span class='ocrx_word' id='word_1_741' title='bbox 1279 5831 1400 5886; x_wconf 74' lang='lat' dir='ltr'><strong>qua:</strong></span> <span class='ocrx_word' id='word_1_742' title='bbox 1441 5821 1581 5878; x_wconf 88' lang='lat' dir='ltr'><strong>vidi-</strong></span> 
     </span>
    </p>
   </div>
   <div class='ocr_carea' id='block_1_94' title="bbox 20 5874 1577 5975">
    <p class='ocr_par' dir='ltr' id='par_1_94' title="bbox 20 5874 1577 5975">
     <span class='ocr_line' id='line_1_112' title="bbox 20 5874 1577 5975; baseline 0.036 -57"><span class='ocrx_word' id='word_1_743' title='bbox 20 5874 121 5922; x_wconf 86' lang='lat' dir='ltr'><strong>mus</strong></span> <span class='ocrx_word' id='word_1_744' title='bbox 138 5881 188 5928; x_wconf 88' lang='lat' dir='ltr'><strong>et</strong></span> <span class='ocrx_word' id='word_1_745' title='bbox 211 5879 513 5941; x_wconf 90' lang='lat' dir='ltr'><strong>audivimus</strong></span> <span class='ocrx_word' id='word_1_746' title='bbox 533 5903 638 5944; x_wconf 93' lang='lat' dir='ltr'><strong>non</strong></span> <span class='ocrx_word' id='word_1_747' title='bbox 669 5891 812 5964; x_wconf 90' lang='lat' dir='ltr'><strong>loqui</strong></span> <span class='ocrx_word' id='word_1_748' title='bbox 832 5874 985 5969; x_wconf 49' lang='lat' dir='ltr'><strong>(Act.—</strong></span> <span class='ocrx_word' id='word_1_749' title='bbox 995 5903 1092 5973; x_wconf 81' lang='grc' dir='ltr'><strong>ιν).</strong></span> <span class='ocrx_word' id='word_1_750' title='bbox 1130 5924 1145 5957; x_wconf 71' lang='grc' dir='ltr'>ι</span> <span class='ocrx_word' id='word_1_751' title='bbox 1197 5874 1348 5975; x_wconf 75' lang='lat' dir='ltr'><strong>Quod</strong></span> <span class='ocrx_word' id='word_1_752' title='bbox 1399 5926 1577 5973; x_wconf 90' lang='lat' dir='ltr'><strong>autem</strong></span> 
     </span>
    </p>
   </div>
   <div class='ocr_carea' id='block_1_95' title="bbox 309 5973 909 6053">
    <p class='ocr_par' dir='ltr' id='par_1_95' title="bbox 309 5973 909 6053">
     <span class='ocr_line' id='line_1_113' title="bbox 309 5973 909 6053; baseline 0.032 -19"><span class='ocrx_word' id='word_1_753' title='bbox 309 5973 583 6044; x_wconf 70' lang='lat' dir='ltr'><strong>PATROL.</strong></span> <span class='ocrx_word' id='word_1_754' title='bbox 628 5985 909 6053; x_wconf 82' lang='lat' dir='ltr'><strong>CXVIII.</strong></span> 
     </span>
    </p>
   </div>
   <div class='ocr_carea' id='block_1_96' title="bbox 1694 5367 3277 5464">
    <p class='ocr_par' dir='ltr' id='par_1_96' title="bbox 1694 5367 3277 5464">
     <span class='ocr_line' id='line_1_114' title="bbox 1694 5367 3277 5464; baseline 0.029 -45"><span class='ocrx_word' id='word_1_755' title='bbox 1694 5367 1761 5422; x_wconf 85' lang='lat' dir='ltr'><strong>ab</strong></span> <span class='ocrx_word' id='word_1_756' title='bbox 1792 5370 2098 5429; x_wconf 90' lang='lat' dir='ltr'><strong>hominibus</strong></span> <span class='ocrx_word' id='word_1_757' title='bbox 2129 5377 2342 5435; x_wconf 88' lang='lat' dir='ltr'><strong>adorari</strong></span> <span class='ocrx_word' id='word_1_758' title='bbox 2375 5381 2429 5437; x_wconf 93' lang='lat' dir='ltr'><strong>in</strong></span> <span class='ocrx_word' id='word_1_759' title='bbox 2464 5388 2647 5456; x_wconf 90' lang='lat' dir='ltr'><strong>terris,</strong></span> <span class='ocrx_word' id='word_1_760' title='bbox 2681 5396 2936 5462; x_wconf 92' lang='lat' dir='ltr'><strong>quoniam</strong></span> <span class='ocrx_word' id='word_1_761' title='bbox 2968 5401 3135 5459; x_wconf 92' lang='lat' dir='ltr'><strong>Deum</strong></span> <span class='ocrx_word' id='word_1_762' title='bbox 3177 5408 3277 5464; x_wconf 86' lang='lat' dir='ltr'><strong>ho-</strong></span> 
     </span>
    </p>
   </div>
   <div class='ocr_carea' id='block_1_97' title="bbox 1691 5459 3272 5560">
    <p class='ocr_par' dir='ltr' id='par_1_97' title="bbox 1691 5459 3272 5560">
     <span class='ocr_line' id='line_1_115' title="bbox 1691 5459 3272 5560; baseline 0.027 -49"><span class='ocrx_word' id='word_1_763' title='bbox 1691 5459 1890 5516; x_wconf 91' lang='lat' dir='ltr'><strong>minem</strong></span> <span class='ocrx_word' id='word_1_764' title='bbox 1926 5463 2155 5520; x_wconf 89' lang='lat' dir='ltr'><strong>adorant</strong></span> <span class='ocrx_word' id='word_1_765' title='bbox 2184 5469 2236 5522; x_wconf 93' lang='lat' dir='ltr'><strong>in</strong></span> <span class='ocrx_word' id='word_1_766' title='bbox 2267 5473 2441 5529; x_wconf 77' lang='lat' dir='ltr'><strong>caelis.</strong></span> <span class='ocrx_word' id='word_1_767' title='bbox 2494 5477 2608 5545; x_wconf 88' lang='lat' dir='ltr'><strong>Qua</strong></span> <span class='ocrx_word' id='word_1_768' title='bbox 2638 5496 2706 5538; x_wconf 82' lang='lat' dir='ltr'><strong>ex</strong></span> <span class='ocrx_word' id='word_1_769' title='bbox 2737 5499 2797 5542; x_wconf 88' lang='lat' dir='ltr'><strong>re</strong></span> <span class='ocrx_word' id='word_1_770' title='bbox 2822 5487 2903 5560; x_wconf 92' lang='lat' dir='ltr'><strong>(ut</strong></span> <span class='ocrx_word' id='word_1_771' title='bbox 2939 5494 3018 5547; x_wconf 91' lang='lat' dir='ltr'><strong>ait</strong></span> <span class='ocrx_word' id='word_1_772' title='bbox 3037 5493 3272 5553; x_wconf 79' lang='lat' dir='ltr'><strong>Joannes</strong></span> 
     </span>
    </p>
   </div>
   <div class='ocr_carea' id='block_1_98' title="bbox 1689 5550 3269 5654">
    <p class='ocr_par' dir='ltr' id='par_1_98' title="bbox 1689 5550 3269 5654">
     <span class='ocr_line' id='line_1_116' title="bbox 1689 5550 3269 5654; baseline 0.025 -50"><span class='ocrx_word' id='word_1_773' title='bbox 1689 5550 1742 5604; x_wconf 93' lang='lat' dir='ltr'><strong>in</strong></span> <span class='ocrx_word' id='word_1_774' title='bbox 1774 5551 2118 5628; x_wconf 85' lang='lat' dir='ltr'><strong>Apocalypsi)</strong></span> <span class='ocrx_word' id='word_1_775' title='bbox 2167 5561 2290 5617; x_wconf 91' lang='lat' dir='ltr'><strong>dum</strong></span> <span class='ocrx_word' id='word_1_776' title='bbox 2319 5565 2480 5624; x_wconf 89' lang='lat' dir='ltr'><strong>vellet</strong></span> <span class='ocrx_word' id='word_1_777' title='bbox 2503 5573 2752 5643; x_wconf 89' lang='lat' dir='ltr'><strong>angelum</strong></span> <span class='ocrx_word' id='word_1_778' title='bbox 2796 5550 3059 5651; x_wconf 80' lang='lat' dir='ltr'><strong>adorare,</strong></span> <span class='ocrx_word' id='word_1_779' title='bbox 3087 5550 3269 5654; x_wconf 62' lang='lat' dir='ltr'><strong>pmlti:</strong></span> 
     </span>
    </p>
   </div>
   <div class='ocr_carea' id='block_1_99' title="bbox 1690 5642 3268 5744">
    <p class='ocr_par' dir='ltr' id='par_1_99' title="bbox 1690 5642 3268 5744">
     <span class='ocr_line' id='line_1_117' title="bbox 1690 5642 3268 5744; baseline 0.024 -46"><span class='ocrx_word' id='word_1_780' title='bbox 1690 5642 1806 5698; x_wconf 90' lang='lat' dir='ltr'><strong>buit</strong></span> <span class='ocrx_word' id='word_1_781' title='bbox 1836 5661 1957 5701; x_wconf 90' lang='lat' dir='ltr'><strong>eum</strong></span> <span class='ocrx_word' id='word_1_782' title='bbox 1989 5652 2230 5720; x_wconf 84' lang='lat' dir='ltr'><strong>angelus,</strong></span> <span class='ocrx_word' id='word_1_783' title='bbox 2283 5657 2510 5717; x_wconf 88' lang='lat' dir='ltr'><strong>dicens:</strong></span> <span class='ocrx_word' id='word_1_784' title='bbox 2558 5642 2742 5724; x_wconf 53' lang='lat' dir='ltr'><strong>(Vide</strong></span> <span class='ocrx_word' id='word_1_785' title='bbox 2791 5687 2860 5728; x_wconf 93' lang='lat' dir='ltr'><strong>ne</strong></span> <span class='ocrx_word' id='word_1_786' title='bbox 2885 5672 3103 5744; x_wconf 88' lang='lat' dir='ltr'><strong>feceris,</strong></span> <span class='ocrx_word' id='word_1_787' title='bbox 3143 5694 3268 5737; x_wconf 85' lang='lat' dir='ltr'><strong>oon-</strong></span> 
     </span>
    </p>
   </div>
   <div class='ocr_carea' id='block_1_100' title="bbox 1687 5746 3265 5826">
    <p class='ocr_par' dir='ltr' id='par_1_100' title="bbox 1687 5746 3265 5826">
     <span class='ocr_line' id='line_1_118' title="bbox 1687 5746 3265 5826; baseline 0.025 -39"><span class='ocrx_word' id='word_1_788' title='bbox 1687 5749 1876 5792; x_wconf 91' lang='lat' dir='ltr'><strong>servus</strong></span> <span class='ocrx_word' id='word_1_789' title='bbox 1920 5746 2042 5794; x_wconf 91' lang='lat' dir='ltr'><strong>tuus</strong></span> <span class='ocrx_word' id='word_1_790' title='bbox 2073 5759 2189 5798; x_wconf 88' lang='lat' dir='ltr'><strong>sum</strong></span> <span class='ocrx_word' id='word_1_791' title='bbox 2221 5756 2276 5803; x_wconf 93' lang='lat' dir='ltr'><strong>et</strong></span> <span class='ocrx_word' id='word_1_792' title='bbox 2318 5749 2544 5811; x_wconf 85' lang='lat' dir='ltr'><strong>fratrum</strong></span> <span class='ocrx_word' id='word_1_793' title='bbox 2594 5767 2807 5816; x_wconf 88' lang='lat' dir='ltr'><strong>tuorum</strong></span> <span class='ocrx_word' id='word_1_794' title='bbox 2847 5764 3157 5823; x_wconf 89' lang='lat' dir='ltr'><strong>habentium</strong></span> <span class='ocrx_word' id='word_1_795' title='bbox 3185 5781 3265 5826; x_wconf 85' lang='lat' dir='ltr'><strong>te-</strong></span> 
     </span>
    </p>
   </div>
   <div class='ocr_carea' id='block_1_101' title="bbox 1686 5829 3266 5930">
    <p class='ocr_par' dir='ltr' id='par_1_101' title="bbox 1686 5829 3266 5930">
     <span class='ocr_line' id='line_1_119' title="bbox 1686 5829 3266 5930; baseline 0.025 -49"><span class='ocrx_word' id='word_1_796' title='bbox 1686 5829 2000 5887; x_wconf 91' lang='lat' dir='ltr'><strong>stimonium</strong></span> <span class='ocrx_word' id='word_1_797' title='bbox 2030 5833 2196 5903; x_wconf 84' lang='lat' dir='ltr'><strong>Jesu;</strong></span> <span class='ocrx_word' id='word_1_798' title='bbox 2243 5841 2408 5899; x_wconf 91' lang='lat' dir='ltr'><strong>Deum</strong></span> <span class='ocrx_word' id='word_1_799' title='bbox 2456 5849 2620 5904; x_wconf 89' lang='lat' dir='ltr'><strong>adora</strong></span> <span class='ocrx_word' id='word_1_800' title='bbox 2653 5852 2834 5923; x_wconf 80' lang='lat' dir='ltr'><strong>(Apoc.</strong></span> <span class='ocrx_word' id='word_1_801' title='bbox 2873 5859 3010 5930; x_wconf 76' lang='lat' dir='ltr'><strong>xix).</strong></span> <span class='ocrx_word' id='word_1_802' title='bbox 3051 5880 3070 5912; x_wconf 73' lang='grc' dir='ltr'><strong><em>ι</em></strong></span> <span class='ocrx_word' id='word_1_803' title='bbox 3115 5861 3266 5920; x_wconf 83' lang='lat' dir='ltr'><strong>Hanc</strong></span> 
     </span>
    </p>
   </div>
   <div class='ocr_carea' id='block_1_102' title="bbox 1683 5936 3262 6013">
    <p class='ocr_par' dir='ltr' id='par_1_102' title="bbox 1683 5936 3262 6013">
     <span class='ocr_line' id='line_1_120' title="bbox 1683 5936 3262 6013; baseline 0.024 -37"><span class='ocrx_word' id='word_1_804' title='bbox 1683 5936 1811 5992; x_wconf 84' lang='lat' dir='ltr'><strong>ergo</strong></span> <span class='ocrx_word' id='word_1_805' title='bbox 1873 5940 2060 5995; x_wconf 86' lang='lat' dir='ltr'><strong>pacem</strong></span> <span class='ocrx_word' id='word_1_806' title='bbox 2122 5946 2217 6000; x_wconf 87' lang='lat' dir='ltr'><strong>per</strong></span> <span class='ocrx_word' id='word_1_807' title='bbox 2270 5951 2419 5994; x_wconf 90' lang='lat' dir='ltr'><strong>suam</strong></span> <span class='ocrx_word' id='word_1_808' title='bbox 2490 5950 2941 6007; x_wconf 87' lang='lat' dir='ltr'><strong>resurrectionem</strong></span> <span class='ocrx_word' id='word_1_809' title='bbox 2997 5955 3262 6013; x_wconf 86' lang='lat' dir='ltr'><strong>redditam</strong></span> 
     </span>
    </p>
   </div>
   <div class='ocr_carea' id='block_1_103' title="bbox 2706 6040 2780 6101">
    <p class='ocr_par' dir='ltr' id='par_1_103' title="bbox 2706 6040 2780 6101">
     <span class='ocr_line' id='line_1_121' title="bbox 2706 6040 2780 6101; baseline 0.027 -1"><span class='ocrx_word' id='word_1_810' title='bbox 2706 6040 2780 6101; x_wconf 84' lang='lat'><strong>16</strong></span> 
     </span>
    </p>
   </div>
  </div>
