3934 6346
226 454 325 511 495

1414 442 1713 504 ΗΟΜΙΗΑΞ
1754 442 1841 500 DE
1879 440 2221 500 TEMPORE.

3354 436 3458 495 494

227 583 256 624 a
277 566 412 623 facie
437 564 539 620 olei
570 562 704 635 (Ira.
730 564 810 636 ι),
842 583 861 617 ι
898 563 951 620 id
976 570 1077 627 est,
1095 563 1280 636 jugum
1316 563 1524 633 peccati
1572 576 1602 615 a
1648 560 1786 615 facie
1813 559 1864 620 Α
1888 557 2239 628 reciperetur.
2268 553 2384 609 Non
2412 553 2553 624 quod
2592 554 2708 623 ipse
2748 528 3017 623 leprosum
3047 553 3330 619 mundare,
3362 563 3456 610 aut

225 656 457 727 Spiritus
472 654 661 709 sancti.
692 652 816 710 Sive
836 652 1009 709 aliter.
1039 652 1174 721 Quia
1200 653 1339 709 sicut
1362 652 1436 708 ait
1458 650 1746 722 Apostolus
1770 667 1782 702 :

228 768 247 801 ι
289 747 534 804 Charitas
567 747 660 802 Dei
695 742 887 801 diﬂ‘usa
917 753 999 803 est
1044 747 1099 800 in
1142 745 1397 801 cordibus
1450 741 1651 798 nostris
1691 754 1788 810 per

223 835 482 909 Spiritum
511 842 773 899 sanctum,
804 835 894 905 qui
922 834 1078 888 datus
1105 843 1189 889 est
1238 831 1392 887 nobis
1437 829 1606 901 (Rom.
1647 830 1722 898 v).
1764 846 1781 879 ι

219 921 387 981 Recte
414 925 497 985 bis
521 923 781 995 Spiritum
808 930 1050 979 sanctum
1076 930 1422 992 acceperunt,
1443 920 1570 989 quia
1598 917 1784 974 eadem

218 1016 455 1073 cbaritas
483 1015 686 1072 duobus
718 1016 1000 1087 praeceptis
1046 1012 1321 1085 impletur,
1358 1011 1650 1069 dilectione
1690 1009 1785 1064 Dei

216 1106 467 1163 videlicet
492 1114 545 1161 et
564 1106 814 1179 proximi.
843 1106 902 1160 in
928 1114 1069 1160 terra
1109 1104 1304 1175 quippe
1333 1104 1491 1159 datur
1530 1101 1784 1172 Spiritus,

216 1206 273 1251 ut
317 1195 568 1267 diligatur
614 1197 889 1267 proximus
935 1213 947 1249 :
1004 1209 1035 1251 e
1079 1194 1215 1251 coelo
1262 1195 1419 1250 datur
1445 1191 1695 1262 Spiritus,
1729 1199 1786 1245 ut

215 1289 467 1364 diligatur
490 1286 647 1345 Deus.
670 1289 738 1344 Et
767 1289 892 1359 quia
920 1304 1017 1359 per
1036 1288 1377 1343 dilectionem
1404 1285 1634 1357 proximi
1663 1296 1788 1355 per-

212 1381 461 1436 venimus
486 1380 554 1434 ad
589 1379 932 1435 dilectlonem
975 1378 1094 1445 Dei,
1116 1388 1262 1434 recte
1286 1378 1519 1450 primum
1554 1376 1607 1430 in
1639 1384 1783 1430 terra

210 1471 371 1527 datur
400 1471 655 1544 Spiritus,
686 1482 740 1527 et
760 1472 1102 1543 postmodum
1136 1485 1167 1526 e
1205 1470 1360 1535 coelo,
1395 1470 1532 1526 sicut
1560 1469 1635 1523 ait
1658 1482 1784 1539 apo-

210 1566 382 1621 stolus
441 1563 679 1621 Joannes
716 1584 728 1619 :
773 1583 791 1617 ‹
832 1565 932 1634 Qui
982 1581 1087 1619 non
1131 1564 1307 1636 diligit
1349 1562 1573 1620 fratrem
1624 1576 1783 1618 suum

207 1671 370 1726 quem
397 1655 556 1719 videt,
590 1655 757 1710 Deum
788 1670 944 1726 quem
970 1670 1075 1710 non
1118 1654 1262 1709 videt
1308 1651 1576 1723 quomodo
1608 1658 1785 1721 potest

207 1746 474 1818 diligere?
506 1766 524 1800 ι
553 1747 606 1818 (Ι
633 1745 790 1801 Joan.
822 1747 921 1817 tv.)
947 1745 1012 1801 Et
1033 1745 1254 1817 pulchre
1275 1743 1591 1801 iusufﬂando
1614 1741 1785 1813 Spiri-

207 1848 320 1895 tum
353 1849 593 1895 sanctum
616 1840 779 1904 dedit,
806 1846 865 1894 ut
896 1840 1071 1912 ipsum
1100 1856 1158 1895 se
1183 1854 1303 1895 esse
1335 1839 1666 1901 ostenderet,
1691 1835 1784 1908 qui

1892 646 2211 701 mundatum
2233 645 2501 715 leprosum
2526 641 2707 698 facere
2726 651 2927 713 posset,
2955 644 3049 699 sed
3094 646 3217 714 quia
3260 645 3327 699 ad
3356 646 3459 699 mi-

1890 736 2169 791 nisterium
2219 735 2387 805 ipsius
2431 734 2728 790 sacerdotis
2782 733 3016 804 pertinet
3081 743 3139 787 ut
3186 733 3459 790 discernat

1891 830 2033 885 inter
2058 830 2262 901 lepram
2290 836 2345 884 et
2364 830 2588 900 lepram,
2621 827 2672 883 id
2694 836 2779 883 est
2803 828 2947 881 inter
2981 836 3258 897 peccatum
3286 827 3457 897 majus

1888 928 1942 977 et
1990 922 2186 976 minus.
2220 918 2413 975 Subtili
2458 920 2601 975 enim
2648 917 3044 973 examinatione
3069 916 3453 987 providendum

1887 1023 1993 1078 est,
2017 1014 2107 1086 qui
2136 1019 2264 1068 sunt
2289 1008 2434 1086 digni
2458 1012 2597 1073 intra
2627 1008 2921 1075 Ecclesiatn
2952 1008 3266 1080 recipiendi,
3288 1015 3343 1063 et
3366 1008 3457 1080 qui

1888 1112 2041 1160 extra
2067 1103 2312 1159 eamdem
2343 1111 2562 1173 propter
2582 1109 2802 1172 peccata
2832 1098 3124 1169 rejiciendi.
3148 1096 3263 1154 Non
3286 1097 3456 1155 solum

1887 1194 2309 1266 quippe-judicio
2332 1194 2560 1265 qualitas
2585 1202 2639 1248 et
2666 1191 2941 1263 quantitas
2968 1188 3175 1262 peccati
3202 1178 3289 1246 est
3330 1202 3458 1246 con-

1886 1284 2191 1350 sideranda,
2228 1285 2322 1340 sed
2351 1284 2515 1339 etiam
2565 1294 2792 1355 persona
2821 1283 3096 1353 peccantis
3117 1323 3131 1347 ,
3160 1288 3215 1335 et
3243 1280 3459 1337 satisfa-

1886 1376 1992 1431 ctio
2010 1376 2343 1446 paenitentis.
2368 1374 2492 1430 illos
2504 1374 2647 1429 enim
2663 1388 2761 1429 sua
2784 1372 3053 1428 sententia
3072 1378 3258 1442 pastor
3279 1370 3457 1426 absolo

1884 1480 2014 1523 vere
2039 1473 2237 1538 potest,
2266 1466 2410 1537 quod
2435 1466 2630 1521 viderit
2655 1477 2751 1536 per
2779 1464 3245 1533 computtction'em
3280 1461 3460 1518 cordis

1885 1569 1940 1615 et
1960 1560 2174 1632 dignam
2202 1559 2631 1615 emendationem
2653 1574 2684 1613 a
2704 1559 2816 1613 Deo
2839 1572 2958 1613 esse
2985 1556 3206 1613 solutos.
3225 1556 3460 1613 Grandis

1887 1652 2078 1717 honor,
2120 1650 2212 1706 sed
2238 1665 2400 1722 grave
2424 1648 2631 1719 Pondus
2652 1648 2808 1704 istius
2836 1648 3076 1703 honoris.
3103 1645 3271 1703 Valde
3310 1662 3460 1702 nam-

1886 1757 1992 1813 que
2024 1742 2218 1797 durum
2247 1750 2361 1809 est,
2393 1750 2453 1798 ut
2502 1741 2589 1796 ille
2643 1734 2843 1795 alienas
2888 1740 3097 1794 animas
3139 1739 3460 1810 judicandas

1887 1833 2166 1904 suscipiat,
2196 1834 2289 1903 qui
2336 1847 2487 1911 suam
2539 1833 2708 1904 ipsam
2759 1832 3031 1888 custodire
3080 1832 3269 1888 nescit.
3322 1831 3460 1888 Sunt

206 1928 259 1984 in
292 1928 432 1984 facie
454 1916 613 2001 primi
643 1928 877 1986 hominis
918 1909 1252 2001 spiraculum
1299 1930 1423 1985 vitae
1477 1928 1780 1998 spiraverat
1812 1909 1858 1971 Β
1886 1924 2030 1979 enim
2058 1924 2321 1989 nonnulli,
2339 1924 2431 1993 qui
2456 1922 2816 1978 ministerium
2838 1922 3112 1993 religionis
3133 1924 3201 1979 ad
3222 1933 3458 1993 potesta-

204 2016 363 2087 (Gen.
391 2018 473 2090 ιι).
504 2017 600 2073 Vel
625 2026 769 2075 certe
792 2020 916 2089 quia
944 2019 1215 2075 anhelitus
1241 2020 1309 2074 ab
1346 2019 1604 2074 interiore
1626 2026 1780 2073 exte-

205 2109 324 2166 rius
347 2110 599 2176 trahitur,
629 2109 947 2166 insuliiando
974 2111 1232 2181 Spiritum
1259 2116 1503 2166 sanctum
1532 2109 1699 2175 dedit,
1723 2118 1784 2164 ut

203 2201 519 2257 ostenderet
546 2216 759 2256 omnem
787 2202 1119 2257 divinitatem
1167 2202 1222 2256 in
1263 2215 1320 2256 se
1352 2215 1471 2256 esse
1500 2219 1510 2254 :
1545 2210 1599 2256 et
1644 2201 1787 2256 sicut

202 2306 235 2348 a
261 2292 446 2357 Patre,
462 2293 533 2346 ita
556 2301 768 2363 Quoque
787 2305 818 2346 a
839 2307 896 2347 se
922 2291 1182 2361 Spiritum
1204 2301 1446 2347 sanctum
1471 2291 1781 2360 procedere.

206 2400 226 2433 ι
271 2379 332 2435 In
369 2381 485 2452 ipso
523 2382 666 2436 enim
695 2384 778 2452 (ut
822 2382 898 2436 ait
935 2381 1245 2453 Apostolus)
1296 2382 1562 2436 inhabitat
1606 2381 1783 2436 omnis

197 2471 481 2541 plenitudo
506 2470 800 2527 divinitatis
841 2472 1192 2542 corporaliter
1219 2471 1437 2543 (Coloss.
1464 2470 1545 2542 ιι).
1579 2486 1597 2524 t
1633 2469 1784 2526 Unde

199 2568 256 2616 et
315 2560 647 2616 consuetudo
694 2560 1059 2617 ecclesiastica
1110 2561 1341 2616 obtinuit
1386 2569 1445 2615 ut
1488 2564 1542 2614 in
1595 2572 1782 2615 eorum

200 2648 362 2714 facie,
400 2649 490 2718 qui
525 2664 621 2719 per
654 2652 880 2719 gratiam
933 2649 1167 2721 Spiritus
1205 2649 1377 2705 sancti
1428 2648 1782 2719 regenerandi

202 2746 353 2804 sunt,
377 2754 409 2794 a
434 2740 804 2796 sacerdotibus
841 2739 1159 2795 insuliietur.
1208 2740 1342 2794 Nam
1384 2740 1513 2794 iilud
1561 2750 1783 2810 puriter-

204 2830 527 2885 mittendum
575 2845 683 2886 non
740 2838 854 2895 est,
911 2824 1055 2900 quod
1097 2845 1195 2901 per
1235 2831 1506 2885 dationem
1546 2829 1782 2898 Spiritus

207 2921 381 2976 sancti
405 2920 649 2976 omnium
669 2929 1012 2991 peccatorum
1033 2922 1281 2976 remissio
1302 2920 1571 2984 tribuitur,
1588 2930 1643 2975 et
1666 2920 1779 2990 ipsa

210 3026 424 3082 quoque
451 3012 697 3068 remissio
723 3020 926 3082 septem
972 3012 1143 3067 modis
1168 3010 1414 3067 efﬁcitur.
1445 3011 1646 3077 Primo,
1686 3026 1784 3081 per

213 3109 607 3156 sacramentum
633 3101 987 3171 baptismatis.
1019 3100 1265 3157 Secundo
1307 3116 1404 3172 per
1441 3102 1782 3157 eucharistiae

212 3190 631 3260 perceptionem.
665 3189 818 3246 Unde
842 3199 895 3245 et
922 3190 1179 3245 Dominus
1209 3191 1262 3245 in
1287 3191 1575 3261 Evangelio
1604 3192 1728 3246 dicit
1764 3209 1776 3244 :

1887 2022 1994 2072 tem
2022 2023 2333 2085 retorquent
2360 2015 2603 2080 honoris,
2616 2023 2672 2069 et
2700 2021 2889 2083 putant
2923 2028 2982 2068 se
3010 2013 3219 2070 solvere
3243 2016 3455 2082 noxios,

1885 2117 1940 2166 et
1958 2109 2131 2181 ligare
2164 2110 2433 2164 innoxios.
2465 2107 2541 2162 De
2573 2106 2768 2179 quibus
2797 2107 3053 2177 scriptum
3087 2116 3171 2163 est
3205 2127 3219 2162 :
3260 2120 3279 2159 ι
3311 2106 3457 2162 Mor-

1886 2201 2165 2258 tificabant
2210 2202 2417 2256 animas
2462 2215 2581 2270 quae
2622 2214 2727 2254 non
2770 2200 3091 2265 moriuntur,
3128 2209 3183 2255 et
3217 2198 3456 2255 vivifica-

1883 2291 2015 2347 bant
2053 2292 2259 2347 animas
2288 2304 2407 2362 quae
2436 2304 2544 2345 non
2595 2289 2779 2343 vivunt
2830 2288 2963 2362 (Jer.
3012 2298 3154 2360 xm).
3215 2306 3235 2341 ι
3290 2287 3454 2356 Quasi

1885 2383 2028 2438 enim
2054 2397 2160 2437 non
2185 2381 2504 2436 morientem
2528 2379 2836 2445 mortificat,
2853 2380 2944 2450 qui
2962 2392 3082 2435 eum
3109 2381 3200 2450 qui
3225 2380 3278 2433 in
3303 2380 3455 2449 culpa

1886 2491 2011 2533 reus
2042 2493 2146 2533 non
2183 2486 2284 2543 est,
2316 2493 2411 2532 sua
2459 2478 2725 2533 sententia
2769 2478 3007 2532 damnat.
3056 2476 3220 2544 Quasi
3247 2492 3352 2532 non
3381 2478 3451 2530 vi.

1884 2578 2098 2623 ventem
2128 2567 2382 2635 viviﬁcat,
2410 2567 2625 2638 quando
2653 2567 2804 2624 illum
2830 2568 2922 2647 qui
2966 2568 3021 2622 in
3056 2568 3292 2638 peccatis
3331 2583 3453 2637 per-

1887 2668 2093 2724 manet,
2116 2674 2175 2715 se
2195 2674 2351 2730 posse
2382 2658 2590 2715 solvere
2618 2666 2786 2731 putat.
2815 2661 2890 2715 De
2918 2658 3111 2716 talibus
3160 2660 3289 2715 alibi
3326 2662 3455 2716 scri-

1882 2758 2032 2823 ptum
2085 2761 2206 2807 est:
2246 2769 2264 2801 ι
2304 2751 2371 2805 Et
2400 2751 2662 2805 curabant
2690 2752 3067 2807 contritionem
3119 2752 3297 2823 populi
3353 2753 3455 2807 mei

1883 2856 2007 2895 cum
2058 2841 2374 2912 ignominia,
2408 2840 2647 2895 dicentes
2685 2858 2699 2894 :
2736 2839 2872 2905 Pax,
2921 2856 3046 2911 pax,
3094 2848 3149 2896 et
3183 2856 3289 2896 non
3340 2850 3459 2896 erat

1882 2945 1987 2999 pax
2019 2929 2150 3002 (Jer.
2180 2934 2275 3001 v1).
2312 2949 2330 2980 ι
2359 2927 2463 2984 Sed
2493 2929 2604 2985 sive
2625 2928 2771 2998 juste
2799 2932 2912 2987 sive
2942 2931 3138 3000 injuste
3160 2932 3460 3002 perferatur

1884 3024 2147 3077 sententia
2178 3022 2428 3093 pastoris,
2463 3023 2697 3079 timenda
2725 3032 2809 3080 est
2854 3039 2921 3082 ne
2952 3024 3091 3081 forte
3135 3027 3291 3097 culpa
3336 3040 3456 3096 qua:

1884 3130 1990 3170 non
2014 3116 2075 3171 fit
2101 3134 2167 3173 ex
2196 3135 2378 3190 opere,
2406 3123 2503 3180 ﬁat
2532 3138 2598 3177 ex
2625 3118 2876 3175 elatione.

1962 3222 1980 3255 ι
2028 3206 2284 3275 Thomas,
2317 3226 2456 3266 unus
2480 3228 2545 3268 ex
2574 3209 2888 3274 duodecim,
2934 3209 3025 3279 qui
3055 3210 3251 3264 dicitur
3291 3209 3456 3280 Didy-

223 3299 243 3332 ι
286 3279 401 3337 Nisi
432 3282 885 3337 manducaveritis
925 3297 1144 3338 carnem
1184 3282 1305 3336 Filii
1335 3283 1568 3337 hominis
1608 3282 1786 3364 (ζοαη.
1816 3276 1862 3339 C
1897 3312 1918 3347 ς
1962 3311 2104 3363 mus,
2130 3315 2235 3354 non
2256 3313 2373 3357 erat
2398 3318 2520 3357 cum
2552 3302 2650 3367 eis,
2674 3302 2888 3373 quando
2922 3276 3067 3355 (cui;
3093 3298 3268 3356 Jesus,
3301 3276 3461 3356 υἱέε-

221 3375 320 3444 vt),
355 3393 373 3426 ι
398 3385 495 3429 etc.
524 3376 706 3431 Tertio
731 3391 829 3446 per
856 3376 1194 3448 martyrium.
1215 3376 1420 3443 Quarto
1440 3392 1536 3446 per
1554 3376 1785 3431 eleemo-

221 3480 425 3536 synatn,
452 3467 578 3536 quia
606 3465 666 3522 ut
693 3467 953 3537 scriptum
1001 3476 1084 3523 est
1122 3486 1134 3521 :
1181 3487 1200 3519 ι
1235 3466 1386 3523 Sicut
1411 3483 1549 3539 aqua
1581 3468 1787 3523 exstin-

216 3557 330 3627 guit
387 3558 587 3629 ignem,
633 3559 709 3613 ita
765 3558 1102 3629 eleemosyna
1160 3557 1452 3629 exstinguit
1509 3566 1784 3628 peccatum

217 3647 408 3715 (Ereti.
440 3648 543 3716 ttt).
584 3668 602 3701 ι
653 3649 853 3716 Quinto
904 3664 1001 3718 per
1046 3650 1460 3718 pmnitentiam:
1498 3667 1517 3699 ι
1548 3648 1784 3704 Paenite-

215 3739 347 3793 mini
377 3741 573 3811 (inquit
616 3740 910 3811 apostolus)
936 3749 989 3796 et
1018 3741 1411 3805 convertimini,
1429 3751 1486 3795 ut
1511 3739 1791 3796 deleantur

215 3842 441 3902 peccata
467 3843 646 3889 vestra
689 3832 826 3903 (Act.
855 3833 959 3903 tu).
994 3852 1011 3886 ι
1046 3831 1241 3898 Sexto,
1275 3847 1374 3902 per
1399 3833 1719 3890 charitatem
1768 3853 1780 3889 :

216 3931 364 3998 quia,
402 3930 540 3983 sicut
569 3926 842 3997 apostolus
863 3927 1022 3981 dicit:
1045 3947 1061 3977 ι
1085 3926 1333 3985 Charitas
1353 3926 1528 3999 operit
1547 3927 1788 3982 multitu-

216 4020 421 4077 dinem-
449 4028 792 4093 peccatorum
833 4016 882 4092 (1
916 4016 1059 4076 Peir.
1095 4030 1191 4092 tv).
1228 4041 1244 4071 ›
1280 4021 1543 4090 Septimo,
1572 4018 1787 4090 quando

216 4116 270 4171 in
307 4116 462 4171 nobis
488 4116 835 4185 peccantibus
869 4114 1225 4169 dimittimus:
1256 4115 1381 4185 quia
1427 4116 1565 4169 sicut
1604 4112 1788 4167 Domi-

216 4224 325 4263 nus
348 4209 478 4263 dicit
510 4227 525 4262 :
561 4224 579 4260 t
613 4207 673 4263 Si
716 4222 822 4261 non
862 4208 1175 4262 dimiseritis
1224 4206 1529 4261 hominibus
1570 4213 1789 4275 peccata

218 4315 435 4366 eorum,
469 4315 567 4355 nec
588 4297 751 4354 Pater
777 4284 957 4353 vester
980 4298 1218 4353 cmlestis
1236 4298 1468 4352 dimittet
1495 4295 1647 4351 vobis
1668 4310 1792 4366 pec-

217 4399 342 4447 cata
369 4400 549 4446 vestra
581 4389 794 4462 (Matth.
841 4390 935 4462 vt).
975 4410 993 4442 ι
1046 4388 1182 4457 Quia
1225 4405 1353 4459 ergo
1400 4403 1496 4458 per
1530 4389 1787 4458 Spiritum

218 4494 473 4539 sanctum
520 4484 767 4539 remissio
824 4490 1165 4552 peccatorum
1219 4483 1492 4546 tribuitur,
1526 4488 1671 4537 recte
1695 4496 1793 4552 per

217 4574 471 4629 eumdem
500 4572 756 4644 Spiritum
786 4572 968 4626 datum
998 4571 1275 4641 discipulis
1304 4572 1541 4627 dicitur:

1894 3408 1913 3440 ι
1954 3397 2078 3443 runt
2106 3406 2233 3463 ergo
2257 3393 2304 3446 ci
2325 3393 2415 3448 alii
2446 3392 2727 3463 discipuli:
2756 3390 3001 3446 Vidimus
3029 3391 3337 3445 Dominum.
3362 3390 3455 3446 llle

1894 3505 1914 3537 ι
1961 3492 2140 3539 autem
2167 3483 2301 3537 dixit
2320 3484 2398 3538 eis
2427 3502 2439 3536 :
2465 3480 2577 3537 Nisi
2607 3481 2793 3537 videro
2820 3480 2871 3535 in
2900 3480 3149 3535 manibus
3177 3478 3293 3548 ejus
3320 3479 3458 3534 fixu-

1896 3595 1914 3626 ‹
1961 3590 2077 3629 ram
2104 3574 2399 3638 clavorum,
2424 3580 2477 3628 et
2499 3573 2707 3627 mittam
2733 3571 2960 3642 digitum
2991 3585 3168 3625 meum
3198 3569 3252 3624 in
3282 3570 3460 3625 locum

1896 3687 1914 3718 ι
1960 3666 2258 3731 clavorum,
2282 3674 2337 3721 et
2363 3665 2572 3720 mittam
2606 3678 2823 3719 manum
2866 3677 3041 3717 meam
3072 3662 3126 3716 in
3157 3660 3295 3717 latus
3317 3660 3457 3731 ejus,

1895 3777 1913 3809 ι
1955 3772 2062 3811 non
2103 3755 2339 3811 credam.
2383 3775 2402 3808 ι
2441 3753 2574 3809 Cum
2619 3749 2792 3808 Lucas
2841 3752 3009 3816 dicat,
3058 3751 3203 3821 quod
3247 3752 3352 3807 duo
3394 3768 3460 3807 ex

1888 3845 2165 3916 discipulis
2188 3845 2477 3901 reversi'in
2502 3842 2798 3900 Jerusalem
2831 3844 3153 3898 invenerunt
3175 3858 3463 3915 congrega-

1892 3950 1974 3994 tos
1998 3938 2267 4003 undecim,
2294 3948 2430 4003 etc.,
2457 3937 2584 4010 quid
2634 3944 2716 3992 est
2756 3937 2897 4006 quod
2946 3932 3185 3992 Joannes
3227 3937 3464 3994 defuisse

1888 4029 2020 4085 dicit
2045 4029 2305 4084 Thomam
2326 4070 2339 4093 ,
2362 4030 2454 4099 qui
2484 4043 2619 4083 unus
2652 4043 2718 4082 ex
2746 4026 2851 4082 illis
2877 4025 3030 4082 erat?
3068 4026 3149 4081 Ad
3197 4027 3339 4096 quod
3387 4029 3467 4082 di-

1890 4120 2134 4183 cendum,
2165 4120 2289 4189 quia
2316 4119 2548 4188 primum
2571 4133 2693 4173 cum
2726 4116 2829 4173 illis
2852 4117 2953 4172 fuit
2981 4114 3231 4179 Thomas,
3260 4118 3355 4173 sed
3398 4117 3465 4172 ad

1892 4221 2101 4282 tempus
2128 4225 2376 4281 egressus
2395 4218 2499 4277 est,
2524 4210 2577 4264 in
2608 4226 2714 4282 quo
2742 4210 2917 4280 spatio
2951 4210 3277 4280 egressionis
3314 4210 3463 4265 venit

1890 4299 2060 4356 Jesus.
2096 4298 2212 4367 Quo
2255 4314 2359 4354 non
2396 4313 2521 4355 casu
2564 4299 2855 4370 contigisse
2897 4301 3193 4370 putandum
3238 4306 3341 4365 est,
3367 4296 3467 4354 sed

1892 4394 2069 4449 divina
2088 4392 2488 4464 dispensatione
2507 4392 2709 4447 factum
2733 4402 2838 4459 est,
2852 4398 2912 4447 ut
2929 4391 3156 4446 Domino
3172 4399 3464 4462 apparente

1893 4487 2194 4559 discipulis,
2245 4503 2383 4542 unus
2428 4486 2630 4542 electus
2684 4485 2974 4556 discipulus
3021 4483 3319 4549 defuisset,
3369 4486 3461 4556 qui

1894 4578 2072 4632 audita
2104 4576 2495 4631 resurrectione
2540 4575 2831 4640 dubitaret,
2874 4574 3125 4630 dubitans
3174 4585 3463 4644 quaereret,

297 4685 320 4718 ι
364 4643 601 4733 Quorum
650 4663 967 4720 remiseritis
1016 4674 1257 4733 peccata,
1286 4664 1635 4719 remittuntur
1660 4664 1739 4719 eis
1773 4681 1785 4717 :
1818 4643 1868 4704 Ῑ)
1897 4681 2144 4736 quaerens
2196 4666 2479 4731 inveniret,
2510 4673 2565 4719 et
2618 4679 2649 4718 a
2696 4663 2899 4720 nostris
2950 4665 3203 4720 cordibus
3246 4678 3464 4720 omnem

227 4760 265 4807 ι’
289 4766 347 4812 et
397 4772 626 4827 quorum
663 4756 1019 4821 retinueritis,
1048 4763 1252 4810 retenta
1281 4763 1423 4810 sunt.
1462 4775 1479 4807 ι
1515 4755 1578 4809 Ει
1603 4768 1792 4810 revera

222 4864 417 4922 magna
448 4851 624 4921 gratia
665 4849 921 4919 apostolis
956 4848 1080 4902 data
1126 4854 1226 4912 est,
1251 4855 1310 4901 ut
1343 4862 1446 4902 non
1495 4847 1663 4903 solum
1696 4862 1794 4918 per

223 4940 493 5012 Spiritum
512 4948 759 4995 sanctum
790 4956 819 4993 a
845 4939 1077 5010 propriis
1103 4939 1335 5008 peccatis
1361 4938 1789 5004 absolverentur,

222 5033 317 5087 sed
340 5032 505 5087 etiam
536 5033 589 5086 in
622 5031 812 5086 alienis
839 5030 1075 5101 peccatis
1116 5029 1449 5084 dimittendis
1470 5036 1791 5098 potestatem

222 5123 549 5193 acciperent.
578 5121 819 5189 Quorum
843 5121 1015 5176 locum
1073 5131 1127 5175 et
1175 5121 1416 5175 ordinem
1462 5120 1694 5192 episcopi
1739 5128 1795 5175 et

223 5212 541 5268 sacerdotes
578 5226 719 5266 nunc
766 5212 821 5265 in
863 5211 1101 5266 Ecclesia
1148 5211 1397 5275 retinent,
1450 5211 1540 5280 qui
1592 5210 1793 5279 ligandi

221 5304 573 5374 solvendique
620 5312 936 5375 potestatem
989 5305 1208 5368 habent,
1263 5304 1402 5360 sicut
1456 5303 1509 5357 in
1560 5319 1795 5374 persona

221 5399 464 5453 omnium
486 5397 659 5469 primo
680 5398 881 5467 pastori
907 5397 1206 5467 specialiter
1227 5397 1427 5452 dictum
1455 5404 1537 5452 est
1565 5414 1578 5451 :
1623 5416 1639 5448 ι
1674 5396 1794 5452 Tibi

224 5492 367 5558 dabo
391 5491 572 5547 claves
594 5491 747 5561 regni
776 5489 1055 5544 caelorum.
1079 5488 1145 5543 Et
1164 5490 1519 5559 quodcunque
1547 5488 1797 5558 ligaveris

222 5601 390 5657 super
411 5586 756 5651 terram,erit
777 5582 994 5656 ligatum
1022 5592 1075 5637 et
1104 5583 1161 5637 in
1187 5583 1340 5638 caelis
1366 5580 1577 5652 (Matth.
1607 5582 1739 5651 xvi).
1773 5598 1793 5631 ι

228 5677 387 5734 Unde
412 5677 465 5732 in
491 5678 608 5749 lege
627 5674 928 5748 figuraliter
956 5674 1264 5745 prmcipitur
1290 5674 1357 5728 de
1387 5672 1631 5743 leprosis,
1666 5679 1726 5725 ut
1751 5671 1796 5727 si

223 5770 351 5839 quis
375 5770 517 5841 lepra
559 5784 844 5841 percussus
866 5776 1031 5830 esset,
1057 5766 1361 5821 ostenderet
1389 5782 1447 5822 se
1501 5765 1791 5831 sacerdoti,

224 5872 281 5916 et
313 5863 377 5918 ad
406 5862 520 5931 ejus
542 5863 803 5932 judicium
833 5871 925 5917 aut
967 5860 1249 5929 ejicerctur
1279 5870 1433 5911 extra
1465 5869 1663 5927 castra,
1702 5868 1793 5914 aut

1898 4756 2284 4813 dubitationem
2322 4755 2632 4826 expelleret.
2690 4754 2855 4809 Multo
2901 4755 3075 4827 magis
3118 4741 3467 4811 incredulitas

1899 4849 2118 4904 Thomae
2170 4847 2325 4903 nobis
2373 4846 2606 4918 profuit,
2655 4862 2817 4918 quam
2866 4845 3126 4903 citissima
3177 4845 3468 4902 credulitas

1900 4941 2127 4997 Mariae:
2176 4942 2302 5011 quia
2347 4940 2472 4995 dum
2532 4939 2813 5005 dubitavit,
2873 4939 3157 5008 diligenter
3198 4940 3465 5011 quaesivit,

1900 5050 2147 5106 quaerens
2194 5034 2416 5099 invenit,
2468 5031 2742 5088 inveniens
2791 5032 3047 5103 palpavit,
3091 5033 3315 5105 palpans
3360 5049 3466 5088 non

1901 5127 2073 5183 solum
2104 5133 2346 5182 nostram
2374 5124 2533 5180 fidem
2558 5109 2942 5188 corroboravit,
2976 5125 3069 5180 sed
3095 5125 3257 5181 etiam
3298 5125 3468 5179 haere-

1904 5221 2132 5276 ticorum
2165 5233 2403 5274 errorem
2433 5215 2681 5281 exclusit,
2704 5216 2796 5288 qui
2838 5215 3086 5272 dicebant
3112 5231 3233 5272 eum
3279 5232 3469 5271 verum

1902 5326 2096 5382 corpus
2137 5326 2240 5365 non
2286 5310 2554 5365 habuisse.
2598 5307 2733 5362 Nam
2778 5310 2900 5379 quia
2949 5325 3055 5363 non
3100 5309 3325 5375 malitia,
3377 5310 3469 5365 sed

1904 5402 2206 5473 ignorantia
2239 5401 2516 5463 dubitavit,
2551 5399 2724 5455 noluit
2753 5401 2874 5470 pius
2903 5401 3158 5473 magister
3189 5411 3297 5455 tam
3341 5401 3473 5456 dile—

1904 5503 2046 5548 ctum
2076 5493 2393 5562 discipulum
2432 5493 2486 5547 in
2533 5491 2845 5547 infidelitate
2897 5493 3222 5562 relinquere,
3270 5493 3365 5547 sed
3403 5488 3472 5546 ad

1904 5584 2062 5640 fidem
2098 5583 2216 5653 ejus
2248 5582 2665 5650 reformandam,
2694 5584 2887 5639 iterum
2928 5584 3176 5654 dignatus
3205 5591 3288 5638 est
3311 5597 3475 5653 appa-

1903 5690 2039 5731 rere.
2068 5673 2222 5729 Unde
2242 5683 2297 5729 et
2323 5674 2569 5729 subditur
2600 5693 2611 5728 :

1975 5786 1990 5815 ‹
2037 5764 2102 5818 Et
2130 5774 2250 5835 post
2276 5765 2389 5820 dies
2432 5776 2553 5819 octo
2597 5766 2789 5821 iterum
2847 5774 3000 5820 erant
3060 5764 3307 5834 discipuli
3355 5762 3475 5832 ejus

1903 5877 1918 5908 ‹
1952 5858 2114 5927 intus,
2129 5867 2184 5913 et
2199 5857 2434 5913 Thomas
2457 5872 2578 5911 cum
2598 5858 2693 5910 eis.
2718 5855 2872 5912 Venit
2887 5854 3041 5912 Jesus
3059 5856 3234 5928 januis
3252 5856 3471 5921 clausis,

2186 5998 2245 6017 Ὗ
