3934 6346
503 405 614 464 495

503 535 560 580 et
583 523 738 581 stetit
755 522 812 578 in
831 519 1027 585 medio,
1042 527 1097 574 et
1113 517 1498 574 dixiteiszPax
1524 518 1694 572 vobis.
1726 536 1746 570 ι
1770 517 1836 572 Et
1851 517 2078 588 pulchre
2103 520 2157 580 Α
2181 519 2332 575 carni
2365 530 2422 574 et
2465 519 2712 590 sanguini
2757 517 2901 588 (Cal.
2935 519 3034 590 χι).
3075 537 3094 570 ι
3126 516 3196 574 Et
3217 515 3483 573 Dominus
3522 534 3539 569 :

503 614 766 670 Dominus
816 627 924 666 non
977 609 1150 665 solum
1198 609 1364 664 semel
1413 618 1468 664 et
1519 609 1734 673 iterum,
1785 608 1880 663 sed
1915 608 2080 662 etiam

505 707 667 763 tertio
713 719 899 776 pacem
939 700 1219 772 discipulis
1267 699 1683 762 commendavit,
1712 705 1774 752 ut
1808 697 2080 767 eloquium

502 799 690 870 prima
711 792 1108 850 maledictionis
1133 807 1230 861 per
1261 805 1414 846 suam
1442 789 1896 846 resurrectionem
1937 787 2082 842 solu-

503 897 616 942 tum
641 898 761 940 esse
778 882 1092 939 ostenderet
1121 899 1134 934 :
1164 888 1220 935 et
1247 879 1328 951 (ut
1352 878 1573 950 quidam
1599 878 1842 949 tradunt)
1880 877 2082 931 trinam

500 976 934 1033 maledictionem
1001 971 1260 1038 auferret,
1311 985 1430 1041 qua:
1489 969 1631 1025 dicta
1679 967 1856 1024 fuerat
1903 967 2076 1021 Adae:

503 1087 522 1120 ι
561 1066 844 1122 Maledicta
873 1073 1017 1120 terra
1043 1063 1100 1117 in
1131 1076 1295 1132 opere
1327 1070 1457 1116 tuo:
1487 1060 1540 1114 in
1572 1059 1849 1114 laboribus
1897 1072 2081 1113 come-

496 1161 592 1215 des
613 1173 683 1214 ex
704 1173 770 1214 ea
789 1157 1004 1214 cunctis
1029 1155 1221 1211 diebus
1245 1155 1370 1208 vita:
1395 1163 1520 1217 tum,
1548 1153 1730 1222 spinas
1757 1160 1812 1206 et
1847 1150 2079 1205 tribulos

495 1249 823 1322 germinabit
844 1248 965 1312 tibi,
992 1255 1050 1300 et
1079 1245 1328 1302 comedes
1360 1244 1558 1299 herbas
1592 1252 1773 1305 terrae,
1803 1241 1856 1296 in
1883 1241 2080 1296 sudore

492 1341 674 1397 vultus
695 1340 778 1396 tui
819 1338 1060 1395 vesceris
1102 1352 1245 1408 pane
1298 1345 1414 1401 tuo,
1463 1334 1634 1388 donec
1679 1332 1972 1387 revertaris
2021 1332 2078 1387 in

495 1444 698 1488 terram
751 1426 1037 1504 (Geram).
1094 1448 1115 1482 ι
1167 1428 1275 1484 Sed
1322 1427 1572 1482 omnibus
1619 1425 1898 1495 discipulis
1941 1439 2077 1494 pace

493 1523 872 1580 commendata
906 1521 1251 1594 generaliter,
1302 1519 1613 1590 specialiter
1658 1518 1879 1574 Thomas
1925 1518 2078 1574 dubi-

493 1617 757 1672 tationem
806 1617 1035 1681 curavit,
1065 1614 1251 1670 dicens
1281 1631 1294 1666 :

570 1729 590 1762 ‹
617 1707 764 1764 lnfer
809 1708 1031 1780 digitum
1072 1715 1225 1761 tuum
1271 1705 1399 1770 huc,
1444 1713 1502 1760 et
1531 1704 1652 1760 vide
1678 1719 1869 1759 manus
1898 1719 2068 1768 meas,

501 1819 521 1852 ε
563 1807 619 1856 et
649 1798 783 1854 affer
809 1814 1031 1853 manum
1068 1805 1217 1851 tuam
1241 1803 1297 1851 et
1335 1795 1491 1850 mitte
1521 1795 1577 1849 in
1608 1795 1750 1850 latus
1781 1810 1983 1859 meum,
2021 1803 2077 1850 et

1143 399 1496 458 HAYMONIS
1533 399 2014 455 HALBERS'I‘AT.
2056 398 2269 456 EPISC.
2309 398 2460 456 OPP.
2502 400 2682 456 PARS
2719 400 2782 455 ll.
2813 429 2884 442 —
2911 399 3143 456 HOMIL.
3706 399 3811 453 696

3600 515 3808 571 «Caro

2181 622 2238 667 et
2266 612 2484 684 sanguis
2532 627 2639 666 non
2691 611 2948 666 revelavit
3000 608 3097 665 tibi
3149 608 3368 681 (Matth.
3410 609 3573 678 xvi).
3627 628 3649 659 ›
3689 608 3804 664 Ali-

2183 703 2397 773 quando
2440 703 2622 758 carnis
2669 702 2887 758 nomine
2926 709 3210 772 peccatum
3241 700 3610 770 designatur,
3665 699 3806 754 sicut

2183 795 2259 849 ait
2287 795 2547 851 Dominus
2594 794 2661 850 ad
2691 793 2803 850 Noe
2849 811 2863 848 :
2908 813 2927 846 ί
2984 791 3101 848 Νοιι
3149 793 3502 864 permanebit
3566 791 3805 862 spiritus

2182 885 2413 940 meusin
2444 884 2662 939 homine
2711 884 2765 938 in
2817 894 3100 948 aeternum,
3149 884 3274 953 quia
3323 897 3454 938 caro
3505 890 3612 937 est
3644 881 3800 952 (Gen.

2181 977 2278 1047 vi),
2315 995 2334 1028 ι
2370 975 2424 1030 id
2469 983 2554 1030 est
2583 984 2854 1045 peccator.
2900 974 2968 1029 Et
3012 973 3300 1046 Apostolus
3339 975 3407 1029 ad
3447 972 3797 1028 Romanos:

2187 1083 2205 1116 ‹
2225 1065 2334 1120 Vos
2362 1075 2542 1121 autem
2567 1080 2673 1120 non
2702 1065 2834 1120 estis
2859 1065 2911 1119 in
2941 1079 3126 1130 carne,
3148 1065 3242 1120 sed
3262 1065 3317 1118 in
3342 1064 3588 1134 spiritu.
3619 1061 3795 1132 (Rom.

2181 1159 2322 1230 vm).
2365 1177 2385 1210 ι
2420 1157 2534 1214 Nisi
2568 1159 2713 1214 enim
2750 1158 2807 1213 in
2841 1173 3006 1214 carne
3031 1167 3234 1222 essent,
3263 1157 3542 1228 epistolas
3575 1157 3670 1212 eis
3696 1172 3793 1211 non

2180 1250 2418 1305 mitteret
2447 1249 2823 1322 corporaliter.
2863 1249 2972 1305 Sed
3007 1250 3064 1304 in
3091 1265 3255 1305 carne
3289 1265 3396 1305 non
3425 1264 3573 1305 esse
3607 1249 3795 1304 dicun-

2181 1352 2290 1408 tur,
2319 1343 2444 1414 quia
2475 1343 2784 1398 carnalibus
2831 1341 3068 1412 peccatis
3109 1357 3219 1396 non
3263 1339 3709 1397 succumbebat.
3739 1340 3788 1395 In

2178 1448 2244 1489 eo
2266 1449 2396 1503 ergo
2434 1433 2576 1502 quod
2613 1433 2691 1487 ait
2717 1433 3007 1504 Apostolus
3036 1446 3051 1486 :
3084 1450 3104 1483 ι
3141 1431 3281 1488 Caro
3323 1443 3380 1486 et
3426 1434 3682 1503 sanguis
3715 1447 3786 1486 re-

2178 1539 2342 1594 gnum
2374 1523 2467 1578 Dei
2501 1539 2607 1578 non
2643 1523 3016 1594 possidebunt,
3055 1543 3074 1574 »
3121 1537 3229 1576 non
3273 1532 3540 1577 naturam
3597 1522 3783 1576 huma-

2178 1629 2304 1670 nam
2330 1615 2546 1686 negavit
2571 1629 2690 1670 esse
2720 1622 3166 1677 resurrecturam,
3207 1613 3302 1668 sed
3344 1625 3591 1684 peccata
3641 1612 3777 1680 ejus-

2176 1707 2300 1762 dem
2321 1707 2503 1762 carnis
2529 1722 2754 1778 regnum
2787 1707 2883 1762 Dei
2907 1707 3186 1777 possidere
3230 1722 3337 1762 non
3375 1722 3553 1778 posse
3581 1712 3778 1763 contir-

2177 1800 2363 1854 mavit.
2397 1799 2551 1868 Quod
2600 1809 2816 1856 secutus
2864 1799 3152 1869 Apostolus
3200 1799 3474 1870 exposuit,
3538 1800 3770 1854 dicens:

499 1910 518 1942 ι
560 1890 671 1946 noli
699 1905 820 1946 esse
841 1887 1174 1954 incredulus,
1203 1887 1297 1944 sed
1328 1886 1518 1942 ﬁdelis.
1555 1905 1573 1938 ι
1601 1885 1872 1953 Quaeritur
1907 1901 2072 1956 quare
2099 1891 2148 1951 Β
2181 1909 2199 1942 ί
2237 1887 2422 1959 Neque
2446 1891 2720 1960 corruptio
2745 1888 3166 1959 incorruptelam
3196 1887 3499 1958 possidebit
3550 1890 3571 1957 (
3590 1887 3621 1942 I
3658 1886 3767 1942 Cor.

493 1981 672 2037 dicat:
703 2000 723 2033 ι
749 1979 896 2035 lnfer
915 1979 1142 2050 digitum
1172 1988 1322 2033 tuum
1353 1979 1475 2043 huc,
1498 1987 1553 2032 et
1573 1978 1717 2042 vide,
1740 1997 1759 2030 ι
1783 1994 1903 2032 cum
1927 1979 2074 2033 visus

493 2074 715 2145 proprie
753 2073 822 2128 ad
849 2081 1131 2144 aspectum
1156 2071 1438 2127 oculorum
1482 2071 1770 2141 pertineat.
1810 2070 1892 2125 Ad
1930 2070 2072 2140 quod

492 2163 803 2231 dicendum,
828 2164 954 2234 quia
993 2163 1179 2218 videre
1214 2163 1268 2218 in
1303 2162 1408 2217 hoc
1436 2161 1576 2227 loco,
1605 2177 1704 2232 pro
1745 2162 1949 2217 sentire
1989 2161 2072 2217 vel

492 2255 792 2327 intelligere
825 2254 1061 2324 positum
1087 2261 1189 2308 est.
1237 2251 1350 2307 Hoc
1377 2261 1558 2308 autem
1590 2267 1758 2323 genus
1787 2252 2074 2308 locutionis

490 2346 628 2400 adeo
656 2345 815 2401 nobis
845 2344 1259 2399 usitatissimum
1287 2351 1389 2406 est,
1418 2352 1478 2397 ut
1523 2359 1622 2413 per
1662 2359 1851 2399 omnes
1883 2359 2074 2399 sensus

489 2451 710 2493 currere
735 2435 1018 2490 videatur:
1051 2435 1233 2500 sicuti,
1256 2434 1404 2490 verbi
1431 2435 1627 2504 gratia,
1655 2451 1777 2490 cum
1820 2435 2070 2500 dicimus,

490 2529 615 2584 audi
643 2537 699 2582 et
743 2527 866 2583 vide
913 2543 1076 2597 quam
1107 2526 1381 2582 modulate
1424 2535 1646 2602 cantat;
1683 2526 1823 2582 olfac
1857 2537 1912 2582 et
1951 2519 2074 2582 vide

489 2637 653 2692 quam
682 2635 848 2702 suave
875 2620 1118 2687 redolet;
1147 2619 1306 2691 palpa
1345 2627 1400 2677 et
1438 2621 1560 2676 vide
1607 2635 1770 2688 quam
1797 2621 1916 2675 lene
1959 2621 2068 2685 sit;

489 2721 646 2785 gusta
673 2721 729 2767 et
753 2711 878 2767 vide
899 2727 1063 2780 quam
1092 2711 1247 2767 dulce
1274 2716 1365 2768 sit.
1389 2711 1468 2767 Ne
1505 2724 1631 2782 ergo
1655 2711 1949 2784 discipulus
1985 2711 2070 2765 in-

491 2803 668 2859 ﬁdelis
695 2811 1061 2874 permaneret,
1094 2802 1355 2859 Dominus
1376 2819 1528 2859 suam
1559 2819 1777 2858 carnem
1805 2819 1856 2858 e1
1880 2802 2069 2874 palpa-

493 2893 653 2950 bilem
679 2893 927 2962 praebuit,
962 2901 1022 2946 ut
1053 2893 1398 2962 postmodum
1428 2892 1596 2946 libera
1640 2907 1770 2948 voce
1804 2893 2067 2962 pratdica-

487 2997 590 3044 ret.
617 2988 676 3042 In
697 3003 804 3058 qua
826 3002 887 3042 re
912 2987 1019 3042 duo
1046 2987 1187 3042 mira
1211 2995 1268 3042 et
1289 2987 1444 3058 juxta
1471 2987 1764 3041 humanam
1802 2987 2067 3042 rationem

487 3076 998 3148 comprehensibilia
1050 3075 1309 3131 Dominus
1349 3076 1606 3141 ostendit,
1645 3093 1766 3131 cum
1815 3085 1937 3147 post
1980 3093 2065 3132 re-

487 3170 883 3226 surrectionem
910 3183 1110 3238 corpus
1139 3183 1296 3223 suum
1323 3168 1591 3239 palpabile
1619 3170 1866 3238 praebuit,
1900 3178 1956 3224 et
1982 3171 2067 3224 in-

2175 1980 2288 2051 xv).
2329 1999 2348 2033 ›
2385 1978 2689 2050 Resurgent
2725 1979 2890 2052 igitur
2923 1993 3150 2049 corpora
3196 1987 3381 2032 nostra
3429 1978 3762 2034 immortalia

2174 2080 2231 2126 et
2253 2071 2705 2142 incorruptibilia,
2729 2088 2835 2127 non
2867 2081 3048 2126 tamen
3093 2069 3383 2125 invisibilia
3414 2080 3472 2125 et
3503 2070 3758 2141 impalpa-

2174 2163 2328 2229 bilia,
2374 2172 2511 2218 teste
2559 2163 2718 2218 beato
2760 2160 2879 2226 Job,
2930 2162 3021 2232 qui
3054 2162 3130 2216 ait
3167 2179 3178 2214 :
3217 2178 3238 2212 ‹
3271 2160 3453 2216 Credo
3483 2163 3635 2234 quod
3663 2161 3751 2216 Re-

2177 2254 2422 2324 demptor
2449 2269 2602 2309 meus
2632 2254 2784 2319 vivit,
2833 2261 2888 2309 et
2929 2253 2986 2308 in
3031 2253 3326 2308 novissimo
3372 2253 3464 2309 die
3504 2254 3577 2309 de
3621 2265 3740 2308 terra

2175 2353 2519 2399 surrecturus
2546 2360 2689 2410 sum,
2719 2354 2775 2400 et
2797 2359 3014 2400 rursum
3040 2344 3422 2400 circumdabor
3450 2344 3597 2414 pelle
3626 2360 3748 2404 mea.

2174 2435 2306 2490 etin
2336 2450 2499 2490 carne
2529 2450 2647 2490 mea
2673 2435 2866 2491 videbo
2893 2435 3065 2490 Deum
3092 2433 3214 2506 (Job
3248 2435 3386 2506 nx).
3428 2456 3448 2488 ι
3492 2435 3588 2492 lh's
3642 2451 3751 2490 con-

2175 2535 2259 2580 tra
2282 2527 2560 2598 Eutychen
2583 2527 2760 2592 dictis,
2792 2528 2860 2582 ad
2879 2527 3098 2597 propria
3130 2525 3437 2583 redeamus.
3460 2546 3480 2580 ι
3510 2529 3662 2584 lnl'er
3681 2529 3753 2584 di-

2175 2618 2344 2688 gitum
2372 2628 2522 2673 tuum
2544 2620 2671 2684 huc,
2704 2627 2761 2674 et
2804 2619 2927 2674 vide
2951 2634 3145 2674 manus
3188 2635 3366 2686 meas,
3395 2630 3452 2677 et
3477 2621 3609 2676 affer
3639 2637 3752 2676 ma-

2175 2724 2304 2764 num
2335 2717 2504 2777 tuam,
2533 2718 2589 2765 et
2623 2711 2777 2765 mitte
2807 2711 2860 2765 in
2887 2710 3030 2764 latus
3059 2726 3262 2775 meum,
3293 2720 3349 2766 et
3380 2713 3481 2767 noli
3520 2728 3648 2767 esse
3671 2714 3751 2766 in-

2175 2801 2443 2866 credulus,
2474 2795 2788 2857 sed'lidelis.
2831 2821 2848 2853 I
2881 2802 2983 2858 Ubi
3020 2803 3331 2868 notandum,
3358 2805 3468 2872 quia
3512 2814 3570 2857 ut
3611 2819 3735 2858 om-

2175 2911 2297 2951 nem
2327 2910 2359 2949 a
2385 2892 2639 2950 cordibus
2667 2907 2852 2951 eorum
2885 2891 3125 2947 auferret
3150 2891 3484 2955 dubietatem,
3501 2907 3614 2946 non
3648 2908 3741 2946 so-

2174 2984 2282 3038 lum
2328 2999 2521 3039 manus
2564 2993 2620 3038 et
2666 2983 2827 3048 latus,
2874 2983 2969 3039 sed
3005 2981 3192 3049 etiam,
3228 2982 3527 3040 semiudum
3574 2981 3746 3038 alium

2175 3076 2587 3146 evangelistam,
2624 3077 2790 3146 pedes
2828 3076 2920 3145 qui
2959 3075 3128 3131 clavis
3173 3086 3332 3132 erant
3362 3077 3525 3141 allixi,
3561 3085 3745 3131 osten-

2177 3167 2276 3232 dit,
2308 3167 2533 3223 dicens:
2587 3187 2605 3219 ‹
2664 3168 2851 3222 Videte
2881 3183 3075 3224 manus
3109 3184 3260 3224 meas
3285 3178 3344 3224 et
3369 3169 3534 3239 pedes
3583 3185 3743 3224 meos.

487 3261 895 3332 incorruptibile
923 3261 1335 3326 demonstravit,
1364 3261 1599 3315 maxime
1627 3276 1749 3316 cum
1778 3261 1907 3315 illud
1929 3263 2071 3331 quod
2099 3254 2143 3316 C
2178 3257 2397 3329 Palpate
2433 3268 2489 3314 et
2514 3259 2712 3325 videte,
2745 3261 2869 3330 quia
2914 3261 3136 3330 spiritus
3163 3276 3381 3317 carnem
3411 3271 3471 3316 et
3497 3277 3619 3317 ossa
3651 3278 3744 3316 non

486 3353 695 3424 palpari
722 3361 923 3424 potest,
946 3351 1122 3424 possit
1147 3359 1202 3406 et
1231 3352 1502 3421 corrumpi
1533 3369 1546 3404 :
1576 3358 1630 3406 et
1665 3353 1808 3422 quod
1837 3368 1941 3407 non
1970 3369 2070 3424 po—

485 3455 592 3502 test
621 3446 852 3516 palpari,
885 3460 990 3500 non
1016 3444 1190 3514 possit
1214 3437 1510 3513 Corrumpi.
1539 3442 1645 3498 Sed
1685 3445 1823 3498 miro
1852 3453 1908 3499 et
1935 3445 2070 3500 inef-

483 3536 633 3592 fabili
676 3537 836 3592 modo
876 3536 990 3606 ipse
1021 3545 1146 3606 post
1189 3535 1640 3590 resurrectionem
1677 3549 1872 3603 corpus
1901 3551 2067 3598 suum

485 3627 754 3697 palpabile
779 3634 835 3683 et
861 3625 1272 3695 incorruptibile
1310 3625 1718 3686 demonstravit,
1770 3634 1829 3678 ut
1871 3626 1924 3679 in
1962 3641 2070 3679 uno

486 3719 871 3774 corroboraret
899 3716 1062 3773 iidem
1083 3715 1472 3787 apostolorum,
1502 3715 1558 3769 in
1601 3715 1772 3768 altero
1815 3716 2071 3770 invitaret

482 3809 552 3864 ad
593 3809 898 3878 praemium.
947 3807 1075 3862 Sive
1099 3814 1247 3862 certe
1273 3821 1472 3875 corpus
1499 3821 1654 3859 suum
1677 3814 1800 3874 post
1823 3821 2068 3860 resurre-

483 3901 723 3956 ctionem
774 3897 1044 3969 palpabile
1091 3906 1148 3952 et
1191 3895 1603 3965 incorruptibile
1657 3896 2066 3958 demonstravit,

485 4003 543 4047 ut
583 3992 898 4048 ostenderet
943 4005 1002 4045 se
1041 3987 1284 4058 ejusdem
1324 4002 1445 4043 esse
1472 3995 1682 4042 naturae
1711 3986 1864 4057 cujus
1895 3986 2070 4042 fuerat

483 4091 612 4137 ante
660 4082 996 4152 passionem,
1024 4081 1078 4136 id
1109 4088 1194 4135 est
1219 4095 1440 4135 carnem
1483 4079 1683 4134 habere
1713 4097 1724 4132 :
1761 4087 1816 4132 et
1843 4077 2067 4133 alterius

483 4174 689 4246 gloriae,
717 4172 772 4227 id
796 4180 881 4228 est
912 4171 1156 4227 eamdem
1187 4185 1408 4226 carnem
1435 4169 1896 4240 incorruptibilem
1922 4183 2063 4225 esse.

481 4265 552 4321 Et
572 4265 664 4334 qui
690 4264 747 4319 in
771 4277 867 4318 sua
907 4261 1308 4319 resurrectione
1330 4268 1574 4316 nostram
1603 4260 1773 4315 voluit
1801 4275 2069 4329 praemon-

481 4366 661 4414 strare
681 4355 1162 4420 resurrectionem,
1202 4353 1436 4408 ostendit
1477 4361 1663 4408 nostra
1695 4367 1921 4422 corpora
1948 4362 2068 4424 post

481 4448 938 4504 resurrectionem
983 4444 1416 4513 incorruptibilia
1453 4452 1509 4499 et
1554 4444 1880 4499 immortalia
1923 4458 2064 4509 esse,

482 4556 592 4596 non
607 4548 790 4595 tamen
817 4537 1208 4609 impalpabilia.
1223 4534 1378 4592 Unde
1391 4535 1646 4590 mentitus
1669 4544 1752 4590 est
1766 4535 2060 4606 Eutycbes,

481 4631 574 4701 qui
622 4631 760 4686 dixit
804 4645 1034 4700 corpora
1060 4637 1246 4684 nostra
1272 4635 1396 4696 post
1422 4627 1876 4682 resurrectionem
1905 4636 2066 4682 vento
2096 4618 2144 4678 D

482 4722 706 4791 aerique
732 4735 857 4776 esse
899 4719 1200 4784 subtiliora,
1251 4727 1308 4774 et
1338 4718 1478 4774 sicut
1515 4718 1680 4789 jubar
1725 4718 1853 4772 solis
1898 4719 2066 4774 videri

481 4819 684 4881 potest,
714 4818 770 4866 et
791 4811 1001 4881 palpari
1027 4825 1136 4865 non
1158 4819 1355 4881 potest,
1385 4809 1464 4865 sic
1486 4817 1670 4865 nostra
1688 4825 1914 4880 corpora
1941 4812 2070 4866 visi.

483 4903 613 4958 bilia
637 4916 784 4968 esse,
813 4903 907 4956 sed
932 4901 1294 4972 impalpabilia
1328 4915 1342 4953 :
1373 4899 1502 4954 illud
1533 4900 1587 4954 in
1625 4899 1954 4968 adiutorium
1984 4904 2066 4958 sui

483 4993 709 5060 erroris,
757 5006 1062 5057 assumens,
1105 4993 1248 5061 quod
1300 4991 1376 5045 ait
1418 4991 1708 5062 Apostolus
1741 5012 1752 5047 :
1793 5013 1811 5045 ι
1847 4994 1987 5049 Caro
2015 5003 2068 5049 et

485 5084 705 5154 sanguis
750 5098 973 5155 regnum
1002 5083 1111 5138 Dei-
1127 5099 1235 5139 non
1260 5083 1614 5154 possidebunt
1647 5085 1698 5154 (Ι
1725 5084 1846 5139 Cor.
1883 5086 1997 5154 xv),
2038 5105 2055 5138 ι

486 5191 595 5231 non
626 5175 932 5246 intelligens
957 5175 1083 5246 quia
1121 5190 1252 5230 caro
1287 5175 1341 5228 in
1372 5173 1671 5244 Scripturis
1693 5176 1873 5230 varias
1903 5177 2066 5232 habet

485 5266 926 5339 signiﬁcationes.
955 5267 1258 5338 Aliquando
1291 5265 1434 5320 enim
1471 5267 1652 5320 carnis
1693 5268 1910 5323 nomine
1951 5269 2063 5336 ipsa

483 5361 724 5417 conditio
783 5361 1017 5415 humana
1065 5360 1403 5429 designatur,
1459 5356 1599 5411 sicut
1639 5359 1897 5428 scriptum
1926 5372 2059 5416 eSt:

489 5473 508 5506 ι
554 5452 668 5510 Hoc
701 5469 846 5510 nunc
882 5468 945 5508 os
981 5467 1048 5507 ex
1074 5451 1288 5506 ossibus
1320 5449 1474 5512 meis,
1527 5461 1583 5505 et
1625 5467 1755 5509 caro
1796 5455 1864 5508 de
1901 5469 2065 5510 carne

483 5564 604 5606 mea
630 5548 784 5620 (Gen.
817 5547 900 5619 ιι).
944 5567 962 5600 ι
996 5544 1299 5615 Aliquando
1320 5543 1837 5616 fragilitasejusdem
1859 5547 2061 5612 carnis,

483 5643 624 5696 sicut
644 5657 742 5712 per
765 5639 1104 5696 Psalmistam
1118 5635 1348 5692 dicitur:
1373 5655 1391 5688 ι
1417 5637 1479 5691 Ει
1503 5639 1816 5694 recordatus
1831 5650 1914 5694 est
1936 5641 2062 5710 quia

483 5747 612 5787 caro
638 5741 762 5787 sunt
787 5731 960 5802 (Psal.
989 5729 1216 5802 Lxxvu).
1249 5749 1266 5781 ι
1290 5730 1592 5798 Aliquando
1616 5747 1851 5803 propago
1867 5749 2064 5805 cogna-

485 5823 670 5888 tionis,
702 5825 840 5879 sirut
867 5824 942 5878 ait
965 5822 1252 5892 Apostolus
1287 5842 1298 5877 :
1336 5842 1354 5874 ι
1384 5821 1651 5880 Continuo
1681 5843 1784 5879 non
1817 5831 2060 5898 acquievi

2176 3349 2356 3414 habet,
2387 3349 2529 3405 sicut
2553 3365 2642 3404 me
2664 3347 2856 3404 videtis
2880 3349 3080 3405 habere
3106 3349 3258 3421 (Luc.
3288 3353 3464 3422 xxiv).
3509 3371 3528 3404 ι
3560 3352 3667 3408 Sed
3698 3353 3744 3406 iu

2175 3443 2278 3498 hoc
2324 3441 2443 3498 loco
2482 3441 2658 3498 solent
2704 3442 2900 3513 pagani
2947 3440 3304 3498 Christianam
3353 3443 3747 3514 simplicitatem

2173 3535 2418 3601 irridere,
2451 3535 2694 3591 dicentes
2723 3553 2736 3588 :
2769 3535 2886 3604 Qua
2915 3537 3220 3592 temeritate
3248 3538 3452 3607 putatis
3474 3553 3574 3594 vos
3603 3538 3746 3594 Chri-

2173 3629 2354 3694 stiani,
2387 3628 2531 3698 quod
2562 3629 2706 3684 Deus
2748 3638 2928 3684 vester
2952 3638 3132 3685 vestra
3171 3631 3239 3686 de
3265 3630 3489 3701 pulvere
3533 3649 3744 3703 corpora

2173 3721 2535 3776 suscitaturus
2561 3721 2653 3786 sit,
2686 3736 2808 3776 cum
2845 3722 2943 3787 sic,
2970 3729 3030 3776 ut
3054 3722 3254 3788 dicitis,
3290 3722 3405 3792 ipse
3456 3739 3492 3778 a
3535 3726 3744 3780 mortuis

2175 3823 2484 3880 resurgens,
2531 3811 2756 3882 vestigia
2776 3813 3042 3882 passionis
3081 3814 3135 3868 in
3160 3829 3388 3884 corpore
3417 3829 3547 3880 suo,
3574 3829 3638 3871 ut
3656 3830 3747 3870 non

2175 3911 2519 3972 apparerent,
2555 3918 2751 3959 curare
2779 3920 2887 3961 non
2929 3905 3149 3975 potuit?
3186 3906 3269 3962 Ad
3297 3908 3440 3978 quod
3465 3923 3604 3964 vera
3631 3909 3748 3965 ﬁdes

2174 3995 2488 4064 respondet,
2524 4010 2630 4050 non
2661 3996 2763 4052 hoc
2792 3998 3125 4068 impossibile
3147 4014 3286 4066 esse,
3313 4003 3408 4057 sed
3433 4009 3625 4073 potius
3651 4006 3748 4076 pie-

2174 4086 2319 4140 tatis.
2352 4085 2528 4156 Majus
2555 4094 2634 4142 est
2665 4088 2808 4142 enim
2837 4103 3058 4144 carnem
3087 4105 3118 4144 a
3153 4092 3379 4147 mortuis
3403 4098 3747 4158 resuscitare,

2171 4192 2334 4247 quam
2365 4177 2587 4234 vulnera
2638 4178 2912 4235 clavorum
2944 4181 2998 4236 in
3025 4197 3191 4238 carne
3231 4198 3446 4239 sanare.
3492 4187 3605 4254 Qui
3637 4203 3749 4259 ergo

2170 4268 2315 4340 quod
2343 4269 2523 4324 minus
2549 4279 2638 4325 est
2661 4269 2808 4336 fecit,
2837 4280 2893 4327 et
2921 4273 3066 4344 quod
3086 4273 3263 4345 majus
3289 4285 3373 4332 est
3400 4277 3596 4335 facere
3617 4292 3751 4351 pote

2170 4368 2274 4424 rat,
2307 4359 2412 4414 nisi
2451 4361 2630 4417 varias
2659 4363 2729 4418 ob
2776 4377 2970 4418 causas
3019 4365 3136 4435 ipsa
3169 4366 3393 4422 vulnera
3419 4368 3478 4423 in
3527 4385 3750 4441 corpore

2170 4469 2268 4509 suo
2299 4469 2519 4511 servare
2547 4455 2825 4512 voluisset.
2849 4456 3113 4524 Primum,
3134 4459 3363 4515 utﬁdem
3385 4464 3747 4532 apostolorum

2171 4547 2238 4600 ad
2285 4546 2616 4602 credendum
2666 4547 2923 4603 invitaret
2965 4549 3051 4605 vel
3088 4550 3429 4607 reformaret.
3465 4553 3573 4621 Qui
3616 4557 3747 4611 enim

2171 4638 2414 4694 videntes
2455 4637 2658 4693 ﬁxuras
2703 4639 2977 4695 clavorum
3008 4643 3163 4697 tarde
3203 4643 3554 4700 crediderunt
3588 4649 3748 4703 multo

2172 4731 2346 4803 magis
2377 4732 2586 4788 tardius
2614 4733 2995 4802 credidissent,
3023 4735 3126 4792 nisi
3154 4737 3377 4808 vestigia
3406 4741 3684 4808 passionis
3704 4743 3746 4796 iu

2149 4823 2286 4900 pejus
2314 4824 2530 4878 mortali
2562 4840 2789 4896 corpore
2812 4829 3274 4899 recognovissent.
3309 4830 3434 4885 Sive
3459 4833 3569 4889 alio
3601 4839 3749 4891 modo

2171 4916 2393 4987 vestigia
2423 4932 2532 4972 sua:
2557 4919 2824 4986 passionis
2848 4920 2901 4973 in
2929 4935 3094 4975 carne
3127 4936 3225 4977 sua
3249 4937 3534 4980 reservare
3562 4930 3745 4986 voluit.

2169 5020 2228 5062 ut
2257 5006 2472 5062 Patrem
2496 5024 2594 5078 pro
2619 5010 2776 5065 nobis
2805 5011 3153 5083 interpellans
3178 5031 3191 5067 :
3223 5015 3374 5084 quia,
3398 5025 3460 5070 ut
3487 5019 3566 5074 ait
3585 5019 3746 5076 Joan—

2169 5115 2266 5155 nes
2309 5101 2602 5168 apostolus,
2637 5121 2654 5152 ι
2697 5103 2838 5172 apud
2879 5102 3094 5160 Patrem
3123 5107 3443 5164 advocatum
3489 5111 3748 5168 habemus

2169 5192 2350 5248 Jesum
2379 5193 2652 5248 Christum
2679 5193 2909 5263 justum,
2944 5207 2998 5253 et
3034 5199 3149 5269 ipse
3188 5211 3273 5255 est
3315 5203 3640 5274 propitiatio
3659 5223 3747 5278 pro

2170 5285 2407 5353 peccatis
2441 5285 2642 5339 nostris
2667 5284 2716 5355 (Ι
2749 5284 2910 5342 Joan.
2941 5288 3024 5358 ιι).
3061 5310 3079 5342 ι
3116 5291 3359 5347 Ostendit
3386 5295 3434 5350 ei
3466 5296 3748 5355 cicatrices

2171 5379 2464 5442 clavorum,
2482 5388 2747 5448 quatenus
2759 5395 2880 5436 eum
2891 5424 2904 5448 ,
2919 5385 3010 5455 qui
3026 5402 3296 5459 nunquam
3309 5390 3749 5449 oblivisciturmi-

2170 5471 2361 5534 sereri,
2378 5469 2445 5524 ad
2460 5471 2824 5527 miserandum
2839 5475 3046 5532 invitet.
3064 5479 3190 5534 Sive
3203 5491 3350 5536 certe
3363 5481 3482 5550 ipsa
3502 5500 3598 5539 sua
3629 5502 3746 5557 pas—

2171 5563 2339 5618 sionis
2369 5564 2595 5633 vestigia
2616 5579 2897 5622 reservare
2917 5569 3101 5630 voluit.
3130 5581 3186 5625 ut
3225 5575 3518 5630 universali
3544 5576 3752 5645 judicio

2173 5655 2273 5710 hoc
2311 5653 2562 5710 omnibus
2593 5657 2862 5723 ostendat,
2895 5674 3002 5714 non
3043 5661 3215 5717 solum
3242 5664 3426 5734 justis,
3458 5669 3555 5722 sed
3579 5672 3747 5725 etiam

2171 5745 2391 5815 injustis
2423 5762 2434 5797 :
2481 5755 2540 5800 ut
2568 5746 2699 5817 justi
2727 5749 2972 5808 videntes
3004 5765 3203 5822 quanta
3227 5766 3282 5811 et
3309 5757 3488 5827 qualia
3522 5759 3752 5818 Redem-

2175 5845 2296 5903 ptor
2308 5838 2522 5906 generis
2545 5837 2762 5895 immani
2793 5858 2891 5912 pro
2912 5858 3100 5901 eorum
3125 5848 3444 5907 liberatione
3471 5855 3751 5916 susunnu,
