3934 6346
225 482 339 538 497

1447 469 1747 528 ΗΟΜΙΙΛᾹΞ
1790 468 1877 523 DE
1918 467 2261 524 TEMPORE.

3373 461 3474 525 ιθδ

226 603 290 657 in
349 600 467 670 ejus
512 614 696 654 amore
743 598 972 668 amplius
1018 595 1379 653 exardescant
1431 599 1486 643 et
1537 591 1591 644 in
1643 589 1800 643 laude
1827 587 1882 646 Α
1907 596 2027 636 cum
2057 582 2268 636 caeteris
2291 581 2636 653 evangelistis
2655 581 2915 648 conferat,
2950 582 3116 636 multa
3143 582 3208 636 de
3238 584 3476 637 miracu-

222 690 552 764 proliciant;
583 690 764 760 injusti
791 697 969 743 autem
1010 695 1161 742 tanto
1189 683 1430 740 deterius
1469 679 1805 735 confundan-

225 794 345 850 tur,
375 792 577 854 quanto
623 783 794 854 magis
835 782 1000 836 tantis
1035 777 1312 836 beneficiis
1356 775 1682 830 exstiterunt
1730 773 1807 826 in-

220 876 394 948 grati,
426 875 568 930 sicut
593 875 850 944 scriptum
896 881 1021 928 est:
1059 890 1078 923 ι
1107 871 1176 926 Ει
1212 869 1416 924 videbit
1459 882 1584 923 eum
1629 865 1807 920 omnis

218 965 439 1030 oculus,
469 972 523 1020 et
549 966 639 1035 qui
665 980 787 1020 eum
813 973 1175 1035 pupugerunt,
1198 972 1252 1017 et
1273 961 1528 1032 plangent
1561 973 1620 1014 se
1647 970 1806 1026 super

214 1075 356 1114 eum
390 1074 578 1114 omnes
607 1060 780 1114 tribus
818 1066 976 1114 terrae
997 1058 1179 1129 (Apoc.
1213 1056 1274 1126 ι).
1313 1076 1332 1109 ι
1367 1053 1462 1109 Vel
1486 1061 1636 1108 certe
1659 1051 1804 1107 cica-

217 1151 398 1205 trices
419 1149 718 1214 clavorum,
756 1159 812 1204 et
839 1148 1038 1203 lanceae
1067 1148 1397 1217 apertionem
1427 1143 1686 1200 Dominus
1712 1140 1805 1196 Je-

212 1254 324 1294 sus
347 1238 596 1295 Christus
639 1239 693 1294 in
737 1253 900 1295 carne
929 1253 1024 1294 sua
1061 1251 1343 1294 reservare
1373 1234 1561 1300 voluit,
1593 1245 1654 1289 ut
1690 1233 1804 1302 ipsa

208 1331 344 1401 ejus
357 1332 636 1387 victoriam
651 1331 717 1386 de
736 1332 958 1402 antiquo
973 1332 1127 1386 hoste
1138 1329 1441 1386 ostendant.
1467 1327 1618 1383 Sicut
1638 1326 1802 1391 enim,

208 1419 374 1476 verbi
391 1422 585 1492 gratia,
603 1421 757 1478 miles
777 1421 1127 1487 fortissimus,
1143 1436 1264 1476 cum
1288 1421 1510 1491 iubente
1536 1433 1662 1488 rege
1689 1418 1804 1473 sin-

208 1513 412 1584 gulare
451 1520 727 1569 certamen
763 1529 863 1584 pro
900 1513 1074 1568 salute
1125 1527 1234 1568 suae
1282 1511 1457 1582 gentis
1505 1509 1704 1573 inierit,
1753 1515 1808 1562 et

209 1617 350 1658 cum
390 1617 641 1659 reversus
676 1604 961 1660 victoriam
990 1619 1101 1659 suae
1129 1603 1275 1674 genti
1303 1600 1685 1672 deportaverit,
1716 1613 1805 1654 ac-

205 1695 396 1762 ceptis
440 1693 732 1764 aliquantis
758 1694 954 1764 plagis,
999 1694 1045 1748 si
1076 1692 1274 1748 dixerit
1296 1693 1344 1747 ei
1373 1691 1614 1746 medicus
1657 1707 1669 1743 :
1710 1689 1803 1744 Vis

207 1793 285 1838 ut
309 1785 382 1839 ita
413 1794 466 1840 te
511 1800 719 1850 sanem,
767 1793 826 1839 ut
864 1786 1147 1841 cicatrices
1175 1784 1456 1853 plagarum
1488 1799 1595 1837 non
1640 1796 1805 1851 appa-

210 1886 379 1931 reant
409 1895 421 1929 :
453 1891 520 1930 an
550 1887 610 1931 ut
637 1877 842 1946 absque
863 1875 1206 1931 deformitate
1230 1873 1562 1945 appareant?
1600 1880 1657 1927 et
1688 1872 1804 1940 ipse

1910 676 1978 730 lis
1999 675 2374 730 Salvatorisdn
2401 676 2516 746 ejus
2537 678 2737 746 scripta
2763 678 3015 748 reperiet,
3031 693 3150 749 qum
3173 679 3226 732 in
3255 676 3481 737 Joannis

1909 766 2199 836 Evangelio
2227 782 2334 822 non
2359 766 2648 832 habentur,
2697 769 2952 838 quoniam
2985 768 3243 835 Joannes,
3281 770 3374 839 qui
3400 769 3481 825 ul-

1910 859 2073 914 timus
2095 874 2250 913 suum
2274 857 2627 928 Evangelium
2660 859 2894 928 scripsit,
2923 861 3068 930 quod
3098 861 3166 915 ab
3195 860 3318 916 aliis
3338 861 3477 917 scri-

1907 959 2058 1020 ptum
2086 951 2254 1013 novit,
2284 949 2467 1004 multis
2494 949 2548 1003 in
2578 948 2711 1003 locis
2756 951 3121 1019 pnetermisit.
3159 950 3264 1007 Sed
3294 968 3396 1008 nec
3427 953 3482 1007 in

1909 1048 2138 1108 quatuor
2187 1038 2600 1108 Evangeliorum
2649 1037 2803 1093 libris
2848 1041 3030 1094 omnia
3079 1042 3338 1097 miracula
3377 1043 3484 1098 Do-

1910 1131 2039 1186 mini
2072 1132 2274 1202 scripta
2304 1132 2593 1197 habentur,
2624 1132 2763 1187 sicut
2788 1131 3027 1190 Joannes
3055 1135 3110 1189 in
3138 1137 3274 1192 calci
3318 1146 3482 1193 testa-

1910 1233 2016 1287 tur,
2050 1224 2237 1280 dicens
2268 1244 2280 1278 :
2333 1244 2351 1276 ι
2389 1225 2528 1279 Sunt
2556 1234 2734 1278 autem
2763 1234 2817 1280 et
2845 1226 2951 1280 alia
2976 1227 3164 1293 multa,
3207 1244 3326 1298 qua:
3356 1229 3486 1285 fecit

1907 1311 2084 1376 Jesus,
2115 1329 2234 1382 quae
2263 1313 2308 1367 si
2340 1312 2647 1368 scribantur
2679 1329 2775 1384 per
2797 1314 3029 1386 singula,
3056 1331 3158 1371 nec
3191 1317 3368 1388 ipsum
3401 1334 3483 1373 ar-

1907 1407 2081 1463 bitror
2109 1407 2368 1462 mundum
2395 1422 2592 1478 capere
2613 1422 2772 1477 posse
2799 1423 2914 1473 eos,
2937 1408 3031 1478 qui
3060 1409 3327 1466 scribendi
3357 1421 3486 1466 sunt

1908 1503 2073 1558 libros
2101 1503 2281 1573 (Joan.
2309 1503 2445 1575 xxi).
2495 1523 2512 1554 ›
2548 1502 2778 1557 Tantum
2809 1512 2990 1558 autem
3016 1503 3190 1557 sancti
3211 1503 3485 1576 evangeli-

1908 1606 2006 1653 stae
2035 1599 2102 1654 de
2123 1599 2397 1655 miraculis
2433 1597 2892 1669 conscripserunt,
2932 1608 3195 1668 quantum
3225 1599 3295 1654 ad
3318 1598 3481 1654 ﬁdem

1905 1688 2241 1744 credentium
2265 1690 2722 1747 corroborandam
2753 1688 2996 1746 sullicere
3033 1703 3192 1760 posse
3215 1703 3484 1761 cognove-

1909 1790 2054 1837 runt.
2100 1782 2247 1837 Unde
2267 1791 2322 1836 et
2352 1782 2638 1837 subditur:

1985 1893 2003 1925 ι
2032 1872 2157 1928 llaec
2202 1881 2383 1928 autem
2429 1873 2630 1942 scripta
2655 1881 2802 1937 sunt,
2824 1881 2885 1927 ut
2915 1872 3150 1928 credatis
3177 1871 3304 1943 quia
3329 1870 3486 1928 Jesus

208 1969 608 2038 responderit:
651 1968 802 2034 Volo,
851 1977 911 2024 ut
951 1969 1154 2038 absque
1205 1966 1548 2022 deformitate
1591 1971 1799 2019 tantum
1827 1961 1875 2022 B
1908 1985 1926 2016 ι
1957 1975 2039 2021 est
2066 1965 2312 2021 Christus
2349 1964 2517 2020 Filius
2542 1965 2658 2019 Dei.
2703 1984 2722 2016 ›
2770 1964 2905 2031 Quia
2950 1979 3078 2036 ergo
3110 1965 3225 2019 haec
3281 1965 3484 2036 scripta

203 2068 498 2129 appareat,
529 2069 796 2129 quatenus
818 2059 1069 2114 omnibus
1107 2073 1195 2114 me
1226 2056 1558 2112 intuentibus
1588 2055 1800 2125 signum

205 2166 358 2205 meae
400 2151 640 2208 victoria:
681 2151 1028 2207 manifestent
1065 2170 1078 2206 :
1117 2152 1198 2207 sic
1245 2159 1301 2206 et
1342 2149 1603 2205 Dominus
1646 2146 1803 2202 Jesus

202 2239 474 2296 Christus
503 2241 726 2296 vulnera
747 2242 1013 2312 passionis
1053 2257 1163 2296 suae
1192 2241 1249 2295 in
1291 2239 1488 2296 ccelum
1525 2246 1803 2308 reportare

207 2331 418 2396 voluit,
449 2340 509 2386 ut
540 2332 657 2402 ipsa
703 2348 828 2388 eum
872 2333 1159 2389 victoriam
1202 2332 1457 2388 habuisse
1485 2331 1552 2387 de
1582 2330 1803 2400 antiquo

207 2423 383 2478 hoste
409 2423 798 2480 demonstrent.

300 2535 318 2565 ι
386 2517 684 2587 Respondit
730 2519 986 2576 Thomas.
1050 2540 1068 2572 ι
1128 2520 1363 2576 Thomas
1418 2521 1805 2590 interpretatur

205 2607 461 2677 abyssus.
494 2608 625 2675 Quae
656 2609 1032 2682 interpretatio
1081 2611 1317 2666 nominis
1359 2619 1508 2666 recte
1553 2609 1630 2665 illi
1679 2625 1804 2665 con-

205 2699 384 2770 gruit,
415 2699 540 2768 quia
582 2700 721 2755 sicut
765 2701 991 2772 abyssus
1028 2702 1346 2756 immensam
1379 2702 1541 2756 habet
1577 2700 1802 2770 profun-

209 2792 468 2857 ditatem,
502 2793 582 2848 sic
611 2793 726 2863 ipse
769 2793 1038 2862 palpando
1069 2793 1413 2847 Dominicum
1437 2807 1654 2861 corpus,
1681 2806 1802 2861 pro-

211 2883 442 2939 fundum
458 2885 758 2940 divinitatis
770 2885 823 2939 in
837 2899 902 2940 eo
917 2885 1200 2950 intellexit,
1216 2884 1284 2940 de
1296 2900 1402 2954 quo
1413 2885 1674 2953 scriptum
1687 2890 1768 2938 est
1786 2900 1798 2936 :

232 2996 254 3029 ι
275 2976 484 3032 Judicia
506 2984 595 3031 tua
619 2977 845 3049 abyssus
862 2976 1027 3031 multa
1052 2972 1224 3045 (Psal.
1253 2976 1438 3046 xxxv).
1453 2995 1472 3027 ι
1488 2973 1644 3028 Aliud
1658 2973 1801 3028 enim

218 3069 458 3140 palpavit
485 3083 737 3139 corpore,
757 3077 810 3123 et
830 3067 972 3124 aliud
987 3067 1217 3123 credidit
1234 3067 1416 3123 corde.
1444 3065 1686 3135 Palpavit
1705 3065 1803 3120 ho-

219 3160 442 3225 minem,
475 3160 705 3216 credidit
727 3160 918 3215 Deum.
959 3158 1028 3214 Et
1075 3159 1196 3214 ideo
1232 3158 1566 3223 exclamans,
1611 3156 1746 3212 dixit
1783 3172 1797 3208 :

233 3267 253 3299 ι
286 3249 540 3306 Dominus
562 3266 736 3315 meus,
764 3260 821 3306 et
845 3249 987 3306 Deus
1007 3265 1178 3306 meus.
1219 3269 1238 3301 ι
1269 3249 1530 3304 Dominus
1558 3264 1590 3303 a
1627 3248 1801 3303 domi-

233 3349 361 3394 natu
409 3342 635 3411 dicitur;
689 3342 831 3400 Deus
861 3359 893 3399 a
928 3343 1144 3409 timore,
1174 3344 1317 3399 sicut
1347 3342 1566 3412 quidam
1603 3341 1672 3398 de
1709 3356 1801 3397 sa-
1829 3319 1875 3381 C

233 3433 498 3501 pientibus
517 3435 647 3490 dicit
674 3453 687 3488 :

411 3568 600 3622 Primus
623 3572 672 3622 in
692 3572 815 3622 orbe
836 3571 959 3623 deos
976 3571 1096 3624 fecit
1118 3574 1285 3624 inesse
1305 3574 1464 3624 timor.

222 3701 289 3756 Et
342 3700 637 3760 Salomon:
677 3724 695 3756 ι
738 3705 908 3760 Deum
955 3707 1104 3773 time,
1149 3715 1206 3763 et
1251 3708 1502 3764 mandata
1543 3707 1660 3778 ejus
1702 3709 1801 3765 ob-

217 3808 378 3848 serva
408 3793 607 3864 (Eccle.
648 3795 765 3866 xu).
805 3817 822 3847 ›
857 3797 924 3852 Ει
975 3798 1170 3853 iterum
1204 3817 1218 3854 :
1277 3818 1296 3852 ι
1349 3799 1500 3856 Time
1546 3800 1715 3857 Deum
1743 3810 1799 3858 et

218 3886 419 3941 recede
449 3902 480 3941 a
503 3887 660 3944 malo.
718 3887 932 3945 Sanitas
960 3891 1158 3961 quippe
1190 3892 1296 3947 erit
1321 3892 1574 3948 umbilico
1606 3902 1717 3958 tuo,
1747 3905 1804 3948 et

217 3978 466 4048 irrigatio
518 3980 721 4036 ossium
772 3989 985 4037 tuorum
1040 3980 1224 4054 (Prov.
1270 3983 1379 4054 ιιι).
1426 4003 1444 4036 ι
1488 3983 1641 4051 Quod
1691 3999 1794 4040 no-

216 4085 348 4125 men
401 4080 547 4127 recte
586 4071 659 4126 illi
707 4072 1066 4129 cssentialiter
1113 4074 1404 4142 convenit,
1450 4076 1541 4145 qui
1562 4084 1646 4131 est
1672 4075 1788 4130 Rex

215 4178 410 4235 regum
436 4172 493 4220 et
518 4165 777 4222 Dominus
799 4167 1209 4234 dominantium,
1240 4175 1294 4222 et
1319 4183 1482 4238 super
1509 4169 1690 4223 omnia
1728 4168 1799 4222 ti-

214 4253 470 4320 mendus,
499 4255 772 4323 colendus,
802 4265 858 4313 et
903 4259 1261 4324 venerandus,
1311 4259 1397 4314 cui
1425 4274 1523 4328 per
1562 4261 1800 4330 pr0phe-

217 4351 331 4399 tam
359 4345 556 4401 dicitur
583 4365 597 4402 :
635 4366 654 4400 ι
692 4348 771 4403 Tu
797 4350 942 4404 enim
972 4349 1147 4406 fecisti
1172 4351 1376 4417 omnia,
1396 4351 1592 4406 caelum
1621 4361 1675 4406 et
1699 4363 1802 4407 ter-

216 4451 361 4500 ram,
392 4447 448 4491 et
473 4438 726 4495 universa
761 4455 880 4510 qua:
907 4441 1028 4496 coeli
1057 4443 1261 4497 ambitu
1295 4443 1664 4508 continentur,
1699 4445 1803 4500 Do-

217 4530 402 4585 minus
447 4531 823 4588 nniversorum
863 4543 920 4588 tu
960 4550 1018 4591 es
1044 4535 1259 4608 (Esther
1291 4536 1435 4609 xm).
1476 4557 1495 4588 ›
1531 4539 1802 4606 Quantam

215 4627 404 4675 autem
450 4623 942 4680 remunerationem
987 4624 1181 4680 habeat
1218 4626 1370 4693 ﬁdes,
1415 4627 1799 4685 manifestatur

215 4727 345 4768 cum
375 4713 624 4770 subditur
648 4731 662 4768 :

291 4823 312 4857 ι
353 4805 493 4861 Dicit
516 4806 569 4862 ei
584 4805 744 4864 Jesus
777 4826 790 4863 :
825 4808 960 4876 Quia
991 4811 1170 4867 vidisti
1200 4817 1308 4880 ‘me,
1350 4813 1576 4881 Thoma,
1619 4817 1799 4872 credi-

221 4919 241 4952 t
279 4899 411 4954 disti
445 4916 459 4954 :
503 4898 771 4972 beatiqui
821 4918 930 4958 non
974 4903 1224 4959 viderunt
1265 4915 1319 4960 et
1357 4907 1722 4962 crediderunt.
1774 4928 1792 4961 ι

215 4990 272 5045 In
315 4992 421 5045 hoc
447 4991 714 5050 versiculo
751 5008 857 5047 non
902 4994 1074 5050 solum
1114 4995 1246 5052 lldes
1278 4995 1498 5053 Thomas
1529 4999 1798 5054 collauda-

219 5091 332 5146 tur,
372 5082 467 5136 sed
515 5083 680 5137 etiam
728 5092 914 5139 nostra
961 5085 1110 5142 salus
1143 5085 1321 5142 futura
1359 5089 1694 5158 praedicitur,
1733 5105 1796 5146 ac

217 5174 262 5229 si
293 5173 502 5229 diceret
529 5172 791 5229 Dominus
823 5192 837 5229 :
871 5173 954 5230 Tu
985 5176 1202 5247 quidem
1229 5177 1422 5233 beatus
1447 5193 1527 5244 es,
1557 5179 1682 5249 quia
1713 5180 1795 5234 vi-

218 5266 347 5322 disti
369 5282 457 5322 me
480 5274 536 5323 et
561 5265 862 5336 credidisti,
891 5269 986 5325 sed
1009 5279 1064 5324 et
1084 5269 1160 5324 illi
1186 5271 1330 5326 beati
1363 5279 1542 5335 erunt,
1571 5271 1661 5340 qui
1692 5287 1798 5326 non

221 5360 466 5416 videntes
508 5377 595 5418 me
634 5377 882 5432 corpore,
929 5361 1190 5418 credituri
1239 5369 1366 5416 sunt
1416 5370 1614 5417 mente.
1648 5361 1799 5428 Quod

219 5463 404 5535 autem
435 5454 555 5509 ait:
603 5473 622 5508 ι
660 5454 813 5511 Beati
860 5455 952 5525 qui
1000 5469 1107 5509 non
1157 5455 1408 5511 viderunt
1461 5464 1515 5510 et
1559 5456 1801 5510 credide-

222 5557 372 5613 runt,
414 5567 434 5601 ι
463 5549 724 5620 praeteriti
755 5549 1016 5619 temporis
1043 5549 1209 5604 verbo
1227 5565 1358 5604 usus
1383 5559 1482 5613 est,
1507 5550 1635 5619 quia
1660 5551 1800 5620 apud

223 5636 342 5708 ejus
362 5635 703 5708 praesentiam
725 5638 907 5695 omnia
937 5636 1113 5692 futura
1143 5639 1417 5706 praeterita
1442 5647 1584 5693 sunt.

302 5749 320 5782 ι
364 5728 530 5784 Multa
567 5729 784 5800 quidem
818 5737 874 5784 et
907 5727 1011 5783 alia
1053 5728 1209 5798 signa
1252 5727 1382 5783 fecit
1403 5726 1560 5784 Jesus
1581 5729 1634 5784 in
1665 5745 1797 5785 con-

231 5843 249 5875 ‹
295 5832 480 5894 spcctu
513 5822 900 5894 discipulorum
925 5836 1146 5877 suorum
1175 5834 1296 5890 quae
1321 5835 1430 5877 non
1454 5829 1579 5875 sunt
1598 5822 1798 5891 scripta

233 5935 251 5967 ι
299 5917 354 5971 in
383 5916 522 5974 libro
548 5916 670 5973 hoc.
719 5936 737 5968 ι
775 5915 833 5970 Si
863 5914 986 5987 quis
1005 5912 1352 5990 Evangelium
1380 5915 1552 5970 sancti
1575 5911 1798 5969 Joannis

1904 2067 2030 2115 sunt
2068 2067 2128 2112 ut
2157 2058 2394 2113 credatis
2430 2057 2556 2128 quia
2585 2055 2744 2112 Jesus
2769 2064 2853 2112 est
2879 2055 3128 2112 Christus
3167 2055 3336 2112 Filius
3361 2056 3481 2123 Dei,

1903 2153 2188 2207 erubescat
2210 2149 2491 2214 Photinus,
2537 2149 2629 2219 qui
2683 2156 2890 2203 tantum
2941 2149 3237 2214 hominem,
3284 2157 3340 2202 et
3375 2163 3482 2204 non

1906 2242 2074 2297 Deum
2114 2240 2339 2296 credere
2362 2238 2551 2294 voluit.
2585 2237 2693 2294 Nos
2713 2246 2892 2293 autem
2916 2238 3226 2308 evangelica
3254 2237 3486 2292 lectione

1904 2332 2174 2398 instructi,
2207 2334 2490 2388 credamus
2528 2332 2654 2402 quia
2705 2330 2861 2387 Jesus
2899 2331 3146 2388 Christus
3174 2330 3344 2385 Filius
3387 2330 3483 2385 Dei

1903 2422 1959 2477 in
1987 2439 2092 2478 una
2113 2424 2414 2493 eademque
2437 2438 2667 2493 persona
2698 2422 2972 2492 perfectus
3015 2423 3182 2488 Deus,
3209 2420 3484 2490 perfectus

1904 2524 1960 2571 et
1985 2517 2169 2581 homo,
2206 2516 2348 2571 Deus
2387 2522 2513 2570 ante
2561 2524 2826 2585 tempora,
2877 2515 3038 2570 homo
3079 2528 3149 2569 ex
3189 2520 3482 2581 tempore:

1904 2607 2046 2663 Deus
2071 2623 2138 2663 ex
2163 2605 2340 2672 Patre,
2374 2608 2537 2663 homo
2565 2622 2633 2662 ex
2659 2616 2852 2661 matre.
2885 2605 3025 2673 Quid
3056 2610 3237 2659 autem
3269 2617 3337 2658 ex
3378 2603 3484 2658 hac

1904 2698 2221 2754 credulitate
2267 2713 2682 2768 consequamur,
2711 2697 3094 2753 manifestatur
3138 2710 3261 2750 cum
3301 2695 3486 2750 subin-

1903 2787 2111 2842 fertur:
2133 2807 2150 2839 ι
2191 2788 2261 2842 Ει
2281 2797 2339 2842 ιιι
2363 2788 2671 2854 credentes,
2699 2788 2866 2842 vitam
2893 2786 3140 2842 habeatis
3175 2786 3230 2840 in
3260 2787 3479 2842 nomine

1908 2897 1925 2928 ε
1960 2878 2178 2946 ipsius.»
2206 2877 2265 2932 In
2293 2880 2510 2933 nomine
2529 2894 2660 2950 ergo
2684 2879 2801 2950 ejus
2828 2879 2938 2934 vita
2968 2879 3146 2943 datur,
3176 2878 3270 2947 qui
3290 2885 3486 2934 semet-

1905 2970 2079 3038 ipsum
2091 2970 2438 3025 credentibus
2453 2970 2640 3035 donat,
2656 2971 2748 3040 qui
2767 2977 2854 3025 est
2883 2988 2902 3022 ‹
2923 2970 3035 3037 via,
3057 2968 3281 3032 veritas,
3306 2975 3362 3024 et
3373 2967 3485 3022 vita

1904 3059 2086 3131 (Joan.
2110 3060 2247 3133 xw),
2286 3082 2305 3113 ι
2341 3061 2484 3117 sicut
2508 3062 2624 3132 ipse
2657 3061 2783 3117 alibi
2814 3063 2890 3118 ait
2923 3079 2936 3117 :
2976 3081 2995 3114 ι
3029 3061 3156 3116 Haec
3197 3068 3280 3116 est
3301 3067 3482 3114 autem

1902 3154 2012 3208 vita
2057 3162 2278 3218 aeterna,
2331 3163 2392 3209 ut
2433 3163 2759 3226 cognoscant
2787 3163 2840 3210 te
2874 3155 3046 3211 solum
3078 3169 3264 3210 verum
3290 3153 3463 3208 Deum

1903 3254 1958 3301 et
1981 3260 2141 3315 quem
2170 3246 2362 3301 misisti
2391 3245 2576 3302 Jesum
2606 3245 2878 3302 Christum
2910 3246 3091 3317 (Joan.
3119 3246 3277 3314 xvn).
3336 3265 3354 3295 ι

2408 3378 2690 3434 HOMILIA
2729 3371 2989 3434 LXXXII.

1905 3506 2156 3547 nonnum
2182 3505 2418 3548 saeuum
2449 3506 2580 3546 posr
2607 3506 2804 3547 pascua
2820 3531 2835 3558 ,
2860 3489 3227 3545 Misericordia
3246 3488 3482 3545 Domini.

1973 3602 2016 3674 (l
2044 3602 2214 3658 Ρετιι.
2245 3600 2308 3673 ιι)
2354 3621 2372 3653 ι
2418 3600 2758 3668 Charissimi,
2785 3600 3034 3657 Christus
3059 3614 3254 3672 passus
3273 3609 3360 3655 est
3385 3616 3486 3671 pro

1909 3714 1928 3746 ι
1972 3696 2150 3761 nobis,
2197 3694 2355 3750 nobis
2382 3694 2695 3765 relinquens
2720 3693 3048 3763 exemplum,
3082 3701 3144 3748 ut
3181 3692 3484 3763 sequamini

1907 3807 1925 3841 ‹
1973 3787 2198 3858 vestigia
2239 3787 2375 3857 ejus.
2423 3807 2442 3838 ι
2476 3786 2544 3841 Ει
2569 3785 2793 3856 reliqua.
2823 3785 3046 3840 Fratres
3067 3784 3396 3850 charissimi,
3426 3785 3482 3839 in

1902 3880 2132 3936 lectione
2189 3878 2483 3949 apostolica
2545 3892 2706 3947 quam
2756 3877 3006 3944 audistis,
3055 3877 3246 3932 beatus
3291 3875 3487 3931 Petrus

1901 3973 2103 4029 Christi
2142 3988 2240 4027 nos
2262 3971 2462 4026 imitari
2495 3969 2739 4040 exempla
2775 3970 3043 4037 admonet,
3073 3970 3258 4026 dicens
3286 3987 3300 4024 :

1977 4083 1996 4116 ι
2030 4063 2281 4120 Christus
2309 4079 2502 4134 passus
2527 4071 2612 4119 est
2637 4077 2738 4132 pro
2767 4062 2953 4128 nobis,
2985 4063 3139 4119 vobis
3173 4061 3486 4132 relinquens

1906 4175 1925 4208 ι
1972 4155 2300 4224 exemplum,
2345 4162 2406 4208 ut
2447 4153 2749 4223 sequamini
2786 4151 3013 4223 vestigia
3041 4151 3179 4223 ejus.
3229 4169 3250 4205 ι
3284 4150 3343 4204 id
3378 4158 3486 4214 est,

1900 4246 2044 4317 quod
2068 4245 2183 4316 ipse
2205 4245 2466 4315 Dominus
2486 4245 2562 4298 ait
2584 4244 2638 4299 in
2661 4243 2950 4314 Evangelia
2974 4242 3189 4316 (Matth.
3215 4257 3304 4296 xvr
3320 4257 3335 4307 ;
3352 4240 3485 4295 Luc.

1901 4340 1979 4412 ιχ)
2010 4355 2024 4394 :
2062 4359 2081 4390 ι
2116 4339 2174 4393 Si
2205 4340 2326 4408 quis
2357 4337 2472 4393 vult
2505 4345 2627 4407 post
2654 4350 2741 4391 me
2769 4336 2986 4401 venire,
3019 4335 3251 4403 abneget
3290 4343 3489 4388 semet-

1902 4435 2100 4502 ipsum,
2136 4452 2154 4484 ι
2185 4432 2239 4486 id
2275 4439 2359 4486 est
2387 4430 2691 4486 voluntates
2720 4428 2968 4498 proprias
2989 4427 3281 4495 relinquat,
3311 4433 3366 4480 et
3388 4425 3484 4482 Dei

1901 4542 1961 4582 se
1980 4525 2306 4581 omnimodis
2338 4523 2589 4592 subjiciat
2626 4521 2909 4586 voluntati,
2949 4539 2969 4571 ι
3003 4526 3058 4574 et
3085 4517 3239 4573 tollat
3263 4531 3482 4572 crucem

1903 4632 2078 4682 suam,
2114 4636 2132 4667 ι
2167 4617 2222 4672 id
2248 4624 2333 4670 est
2354 4615 2596 4669 carnales
2627 4611 2915 4666 mortificet
2935 4609 3340 4674 delectationes,
3379 4629 3396 4660 α
3431 4620 3486 4664 et

1825 4675 1877 4736 Β
1906 4718 2166 4780 sequatur
2199 4723 2308 4773 me,
2349 4727 2367 4758 ›
2396 4706 2579 4761 mundi
2599 4703 2879 4760 desideriis
2905 4713 3195 4775 repugnet,
3220 4713 3482 4775 quantum

1907 4801 2082 4856 valeat
2114 4799 2295 4854 divina
2334 4798 2509 4867 gratia
2545 4796 2827 4868 largiente.
2871 4794 2968 4852 His
3000 4796 3147 4852 enim
3178 4797 3385 4864 modis,
3431 4807 3487 4853 et

1905 4893 2102 4950 talibus
2130 4893 2214 4948 his
2252 4890 2518 4947 similibus
2548 4889 2789 4945 moribus
2822 4891 3058 4958 sanctis,
3085 4890 3287 4948 Christi
3315 4893 3483 4950 debe-

1904 5001 2024 5040 mus
2052 4986 2276 5054 vestigia
2310 4986 2482 5056 sequi.

1980 5097 1998 5129 ι
2039 5077 2142 5145 Qui
2165 5088 2444 5148 peccatum
2479 5091 2586 5133 non
2619 5077 2780 5144 fecit,
2811 5092 2913 5132 nec
2939 5077 3194 5134 inventus
3221 5086 3306 5134 est
3329 5078 3486 5135 dolus

1909 5191 1928 5223 ‹
1973 5172 2028 5226 iu
2069 5187 2163 5226 ore
2199 5171 2331 5242 ejus.
2377 5190 2395 5223 ι
2432 5169 2501 5225 Ut
2541 5171 2608 5226 de
2651 5170 2767 5240 ipso
2807 5169 3068 5241 propheta
3109 5170 3187 5226 ait
3220 5189 3233 5224 :
3276 5189 3295 5222 ι
3325 5170 3484 5226 Solus

1903 5263 2045 5319 enim
2072 5264 2187 5318 sine
2212 5270 2467 5332 peccato,
2507 5262 2598 5333 qui
2635 5270 2855 5332 peccata
2894 5263 3080 5318 mundi
3117 5262 3305 5318 tollere
3334 5262 3485 5318 venit

1906 5354 1958 5424 (I
1980 5354 2140 5409 Joan.
2189 5355 2294 5424 ιιι).
2335 5374 2353 5406 ι
2389 5354 2454 5408 Ει
2495 5353 2623 5409 alibi
2664 5369 2679 5407 :
2725 5373 2742 5406 ι
2789 5351 2904 5408 Non
2949 5354 3259 5417 contendit,
3307 5367 3482 5423 neque

1905 5449 2178 5512 clamavit,
2220 5463 2397 5518 neque
2433 5447 2641 5502 audivit
2683 5448 2804 5517 quis
2836 5448 2889 5503 in
2919 5446 3107 5517 plateis
3144 5458 3330 5500 vocem
3367 5444 3484 5514 ejus

1906 5540 2120 5613 (Matth.
2157 5541 2276 5596 xui.
2313 5561 2332 5592 ι
2362 5540 2621 5611 Sequitur
2648 5560 2661 5596 :

1982 5653 2000 5684 ι
2028 5633 2130 5700 Qui
2155 5646 2277 5687 cum
2300 5631 2730 5698 malediceretur,
2759 5647 2868 5687 non
2893 5629 3267 5685 maledicebat.
3298 5647 3316 5680 ι
3346 5626 3484 5684 Sub-

1905 5725 2084 5781 dolum
2115 5736 2170 5781 et
2198 5726 2558 5791 mendacium,
2607 5740 2708 5780 nec
2750 5723 3012 5780 detractio
3058 5722 3276 5777 inventa
3305 5731 3392 5776 est
3429 5721 3482 5775 in

1905 5835 2000 5874 ore
2026 5817 2160 5887 ejus.
2199 5817 2308 5874 Nos
2336 5833 2465 5890 ergo
2489 5819 2533 5874 si
2558 5818 2807 5872 volumus
2832 5815 3032 5871 imitari
3057 5813 3337 5884 exempla,
3369 5815 3484 5870 haec

1905 5913 2094 5969 eadem
2145 5912 2281 5968 mala
2311 5913 2456 5966 omni
2506 5910 2684 5966 studio
2727 5910 2894 5966 vitare
2931 5908 3207 5965 debemus.
3257 5905 3484 5969 Omnem
