4014 6354
547 437 652 493 499

1117 437 1497 528 .HAYMONIS
1535 440 2012 498 HALBERSTAT.
2053 442 2265 500 EPISC.
2304 446 2452 502 OPP.
2493 447 2688 504 PARS.
2731 452 2789 505 ll.
2848 440 2907 493 έ-
2953 455 3182 511 HOMIL.

3666 471 3753 526 500

547 552 727 610 dolum
750 553 1016 618 etodium,
1039 555 1630 622 omnemquemalitiam
1649 565 1704 610 et
1724 558 2116 624 simulationes,
2147 562 2194 621 Α
2229 570 2407 615 autem
2436 578 2450 616 :
2491 582 2509 613 ‹
2550 564 2651 630 Qui
2682 565 2844 619 intrat
2866 584 2961 636 per
2988 571 3214 635 ostium,
3244 582 3429 641 pastor
3463 586 3543 632 est
3570 581 3751 640 ovium,

545 652 601 700 et
622 642 851 699 invidias
886 651 1045 713 atque
1072 644 1436 701 detractiones
1459 646 1756 717 deponere,
1790 650 1923 704 etin
1962 650 2116 705 bonis

544 737 800 808 operibus
824 741 1101 790 certamen
1122 751 1375 807 magnum
1398 738 1615 804 habere,
1639 740 1855 796 Christo
1884 741 2115 799 Domino

544 824 813 881 famulari.
851 842 869 876 ι
906 824 1037 880 Cum
1053 835 1349 896 pateretur,
1380 830 1945 885 noncomminabatur.
1984 850 2005 884 ι
2032 832 2116 886 ln-

536 917 695 987 juriae
722 918 1014 973 vindictam
1060 933 1166 974 non
1213 921 1483 989 promisit,
1515 922 1607 977 sed
1649 924 1809 977 etiam
1857 938 1956 993 pro
2002 925 2115 981 suis

539 1012 947 1067 cruciﬁxoribus
973 1013 1234 1074 exoravit,
1275 1022 1334 1067 ut
1363 1028 1460 1068 nos
1487 1013 1614 1069 alibi
1646 1015 1846 1081 docuit,
1879 1015 2064 1071 dicens
2094 1032 2109 1070 :

545 1120 562 1152 σ
588 1102 751 1158 Orate
776 1118 871 1173 pro
892 1106 1339 1174 persequentibus
1366 1114 1418 1159 et
1437 1106 1891 1163 calumniantibus
1913 1124 2028 1175 vos,
2053 1117 2112 1164 ut

536 1194 657 1248 sitis
695 1193 785 1248 ﬁlii
818 1194 995 1249 Patris
1018 1196 1181 1249 vestri
1218 1196 1308 1265 qui
1338 1196 1393 1250 in
1428 1198 1578 1252 caelis
1605 1204 1688 1252 est
1723 1197 1937 1269 (Matth.
1974 1199 2048 1268 v).
2085 1217 2103 1249 ι

542 1301 561 1335 ι
607 1284 876 1340 Tradebat
913 1295 1091 1341 autem
1114 1285 1377 1354 judicanti
1406 1303 1464 1343 se
1492 1287 1706 1358 injuste.
1740 1308 1759 1342 ι
1787 1289 1890 1346 Per
1913 1290 2108 1345 divini-

535 1381 697 1429 tatem
721 1377 944 1431 tradidit
969 1378 1381 1445 humanitatem,
1404 1394 1566 1450 quam
1593 1383 1881 1452 assumpsit
1900 1385 1964 1439 ad
1986 1399 2109 1454 pas-

533 1466 765 1533 sionem,
784 1468 1048 1537 judicanti
1067 1484 1127 1524 se
1139 1470 1333 1540 populo
1346 1470 1571 1529 Iudaico
1591 1482 1650 1528 ut
1672 1474 2102 1546 cruciﬁgeretur.

534 1557 589 1613 Si
620 1560 765 1613 enim
793 1561 906 1631 ipse
935 1562 1023 1631 qui
1048 1564 1165 1631 sine
1202 1577 1426 1634 peccato
1450 1577 1602 1634 erat,
1638 1583 1858 1642 propter
1885 1583 2101 1641 peccata

535 1661 752 1717 nostra,
780 1661 839 1706 ut
865 1667 966 1708 nos
992 1655 1327 1711 redimereta
1359 1669 1560 1723 morte,
1594 1676 1652 1717 se
1681 1662 1929 1727 tradidit,
1975 1664 2103 1733 quid

536 1744 833 1807 retribuere
877 1748 1200 1825 condigntmi
1240 1755 1356 1824 ejus
1387 1756 1769 1811 misericordiae
1796 1771 2097 1826 possumus,

534 1841 637 1896 nisi
664 1854 869 1901 tantum
908 1855 970 1901 ut
995 1861 1093 1901 nos
1135 1862 1266 1917 pura
1298 1847 1637 1911 confessione
1676 1858 1729 1903 et
1770 1849 2100 1918 poenitentia:

2220 649 2354 705 Huic
2383 652 2639 709 ostiarius
2669 656 2869 725 aperit,
2908 665 2965 712 et
2996 674 3124 714 oves
3150 676 3336 716 vocem
3379 662 3495 731 ejus
3523 669 3746 728 audiunt.

2216 742 2460 797 Alienum
2492 754 2671 800 autem
2699 762 2804 802 non
2832 757 3160 820 sequuntur,
3193 753 3285 808 sed
3334 754 3542 826 fugiunt
3582 761 3646 816 ab
3680 778 3753 830 eo,

2216 834 2341 901 quia
2377 849 2482 888 non
2515 847 2779 892 noverunt
2810 855 2995 894 vocem
3031 842 3344 898 alienorum.
3377 865 3396 896 ι
3423 846 3558 902 Cum
3597 860 3755 908 autem

2215 933 2461 979 cerneret
2491 940 2584 981 eos
2624 927 2881 983 Dominus
2926 930 3029 985 hoc
3070 934 3412 1001 proverbium
3438 952 3545 991 non
3583 939 3755 996 intelli-

2213 1030 2369 1084 gere,
2403 1017 2640 1086 apertius
2676 1018 2742 1073 de
2772 1034 2878 1089 quo
2914 1030 3128 1089 pastore
3170 1024 3480 1093 loqueretur
3509 1030 3753 1098 exposuit,
3791 1096 3794 1099 η

2211 1104 2434 1160 dicens:
2473 1124 2491 1157 ι
2530 1107 2638 1178 Ego
2666 1124 2784 1163 sum
2826 1120 3008 1178 pastor
3030 1111 3223 1168 bonus.
3261 1135 3280 1166 ι
3314 1115 3419 1173 Sed
3462 1117 3516 1173 in
3554 1121 3755 1179 exordio

2210 1195 2366 1266 hujus
2405 1196 2650 1255 lectionis
2689 1201 3063 1270 inquirendum
3088 1213 3199 1269 est,
3237 1221 3404 1276 quare
3428 1224 3491 1265 se
3520 1212 3755 1271 Dominus

2208 1295 2478 1356 pastorem
2531 1292 2794 1346 nominari
2842 1293 3085 1349 voluerit.
3133 1296 3385 1368 Nunquid
3423 1301 3548 1357 ideo
3590 1318 3754 1372 pastor

2207 1379 2436 1448 dicitur,
2462 1397 2529 1437 eo
2562 1384 2704 1453 quod
2738 1400 2886 1440 more
2908 1382 3123 1442 terreni
3162 1391 3395 1459 pastoris
3433 1408 3566 1450 oves
3591 1396 3651 1448 ad
3676 1413 3756 1467 pa-

2206 1487 2331 1527 scua
2368 1475 2523 1530 ducat
2561 1484 2618 1530 et
2657 1477 2909 1533 reducat?
2932 1477 3068 1535 Non.
3115 1478 3219 1534 Sed
3243 1496 3339 1549 per
3365 1484 3753 1542 similitudinem

2204 1564 2329 1619 talia
2359 1567 2573 1619 nomina
2604 1567 2652 1621 ei
2682 1558 3043 1637 applicantur,
3065 1578 3125 1624 ut
3149 1583 3243 1638 per
3266 1572 3499 1627 visibilis
3531 1574 3753 1630 invisibi-

2206 1657 2272 1711 lia
2299 1658 2677 1728 intelligamus.
2707 1657 2860 1714 Sicut
2892 1660 3035 1715 enim
3075 1660 3190 1716 ovis
3215 1662 3413 1717 dicitur
3436 1674 3656 1734 propter
3685 1666 3754 1720 in-

2202 1752 2504 1806 nocentiam
2527 1791 2540 1815 ,
2589 1767 2757 1822 agnus
2784 1763 3001 1823 propter
3039 1755 3510 1810 mansuetudinem
3531 1797 3546 1821 ,
3578 1757 3758 1813 vitulus

2201 1855 2419 1915 propter
2444 1860 2553 1900 suae
2579 1846 2761 1902 carnis
2786 1845 3209 1901 immolationem
3226 1887 3241 1911 ,
3264 1846 3348 1902 leo
3375 1859 3598 1919 propter
3624 1846 3759 1904 forti-

532 1931 802 2004 lacrymis,
832 1934 1297 2006 eleemosynarum
1325 1938 1593 2009 largitate,
1619 1940 1978 2010 Operibusque
2001 1941 2098 1995 mi-
2127 1950 2173 2011 Β
2203 1937 2463 2003 tudinem,
2485 1947 2635 2006 petra
2657 1949 2878 2007 propter
2896 1937 3230 2003 ﬁrmitatem,
3253 1939 3332 1994 sic
3348 1939 3757 2010 diciturpastor,

527 2025 832 2082 sericordiaa
852 2037 906 2082 et
924 2028 1160 2098 pietatis,
1190 2030 1255 2084 ad
1274 2029 1388 2099 ejus
1406 2045 1503 2086 nos
1528 2046 1741 2101 semper
1768 2032 2095 2089 voluntatem

526 2132 888 2188 praeparemus
935 2119 1191 2186 ﬁdeliter,
1234 2130 1291 2176 ut
1331 2123 1505 2194 dignis
1545 2134 1597 2178 et
1624 2125 1826 2179 sanctis
1855 2124 2094 2182 moribus

524 2217 722 2266 aeterna
752 2228 874 2267 cum
897 2227 962 2269 eo
988 2214 1179 2285 gaudia
1204 2215 1481 2285 possidere
1506 2217 1814 2272 valeamus?

599 2321 619 2354 ι
650 2303 750 2371 Qui
785 2314 1007 2377 peccata
1038 2315 1221 2362 nostra
1268 2307 1382 2379 ipse
1423 2309 1641 2379 pertulit
1670 2309 1721 2364 in
1750 2322 1977 2381 corpore
1994 2325 2092 2368 suo

527 2416 542 2447 ι
588 2411 749 2466 super
795 2398 1015 2467 lignum.
1060 2418 1076 2450 ι
1110 2399 1189 2454 Ad
1218 2401 1320 2455 hoc
1350 2402 1492 2456 enim
1525 2402 1577 2456 in
1606 2402 1751 2474 ligno
1775 2406 1952 2460 crucis
1980 2406 2087 2474 pati

521 2487 703 2549 voluit,
741 2497 803 2542 ut
830 2488 957 2560 ligni
983 2490 1513 2558 prevaricationem,
1540 2506 1700 2561 quam
1728 2494 1896 2550 Adam
1936 2495 2087 2551 fece-

521 2584 623 2643 rat,
647 2576 870 2645 deleret,
897 2588 952 2635 et
980 2579 1083 2633 iter
1112 2581 1267 2636 nobis
1290 2582 1357 2635 ad
1386 2597 1606 2653 regnum
1634 2585 1913 2647 emlorum,
1946 2585 2088 2655 quod

519 2684 615 2740 per
638 2678 919 2740 peccatum
948 2670 1076 2724 Adae
1110 2672 1311 2726 mundo
1330 2673 1569 2728 clausum
1602 2672 1796 2737 fuerat,
1822 2677 2080 2744 aperiret.

526 2777 545 2809 ε
588 2757 658 2814 Ut
692 2760 927 2828 peccatis
953 2761 1173 2827 mortui,
1202 2762 1424 2832 justitia:
1455 2762 1714 2827 vivamus,
1744 2763 1895 2832 cujus
1920 2764 2087 2835 livore

525 2869 543 2902 ι
586 2851 761 2907 sanati
789 2867 990 2909 sumus.
1035 2872 1054 2905 ι
1091 2852 1162 2908 Ut
1190 2854 1328 2909 sicut
1356 2863 1509 2909 antea
1534 2868 1632 2922 per
1662 2865 1942 2923 peccatum
1976 2856 2085 2911 Deo

518 2942 713 2995 mortui
751 2956 984 3006 eramus,
1018 2944 1093 2997 ita
1119 2952 1173 2997 et
1203 2957 1343 2999 nunc
1367 2957 1463 3013 per
1488 2944 1793 3014 passionem
1822 2953 1877 3000 et
1905 2960 2085 3000 resur-

518 3031 808 3086 rectionem
837 3032 953 3100 ejus
974 3032 1039 3087 ad
1063 3033 1519 3089 immortalitatem
1546 3044 1803 3089 mternam
1829 3036 2083 3105 perduce-

518 3132 620 3188 ret,
655 3131 709 3178 et
748 3124 859 3180 Deo
908 3138 1005 3179 nos
1050 3123 1195 3178 Patri
1241 3138 1341 3179 suo
1388 3124 1777 3193 reconciliaret,
1817 3128 2081 3199 nobisque

512 3222 831 3287 potestatem
872 3217 1128 3272 tribueret
1153 3216 1350 3270 mundo
1378 3218 1514 3271 mori
1555 3232 1713 3288 posse
1754 3229 1810 3275 et
1843 3221 2081 3292 peccatis

2200 2044 2307 2084 non
2353 2030 2524 2084 solum
2555 2028 2696 2099 quod
2728 2028 2912 2084 ﬁdeles
2941 2044 3068 2084 suos
3098 2028 3457 2099 Spiritualiter
3494 2040 3678 2099 pascat
3712 2037 3759 2083 et

2198 2120 2423 2187 reﬁciat,
2454 2122 2548 2176 sed
2576 2121 2739 2177 etiam
2762 2123 2902 2191 quod
2928 2136 3023 2177 eos
3047 2137 3079 2176 a
3107 2121 3376 2176 morsibus
3398 2120 3648 2192 luporum
3675 2135 3758 2175 sua

2195 2214 2526 2284 protectione
2553 2211 2821 2268 defendat.
2848 2212 2953 2269 Iste
2980 2221 3064 2268 est
3085 2214 3229 2267 enim
3261 2228 3423 2268 verus
3446 2223 3654 2283 pastor.
3676 2211 3757 2281 qui

2194 2305 2349 2360 nobis
2400 2304 2770 2360 rationabilem
2816 2319 3032 2361 sensum
3078 2304 3292 2371 tribuit,
3337 2315 3393 2359 et
3432 2303 3757 2375 spiritualem

2193 2395 2523 2451 intellectum
2550 2396 2842 2451 ministrat.
2885 2395 3003 2466 lpse
3028 2410 3187 2449 verus
3218 2405 3300 2450 est
3324 2404 3534 2464 pastor,
3563 2396 3655 2466 qui
3680 2409 3757 2449 sa-

2192 2497 2466 2543 cramento
2494 2488 2577 2543 sui
2620 2477 2861 2557 corporis
2890 2503 2953 2543 ac
2992 2487 3267 2559 sanguinis
3289 2502 3386 2542 nos
3415 2488 3472 2542 in
3515 2485 3756 2556 praesenti

2192 2579 2387 2643 reﬁcit,
2421 2588 2475 2634 et
2505 2580 2556 2633 in
2589 2578 2770 2635 futuro
2798 2578 2865 2634 ad
2893 2579 3193 2635 satietatem
3221 2594 3332 2635 suas
3356 2578 3756 2649 contemplatio-

2191 2671 2272 2725 nis
2297 2672 2562 2741 perducit,
2595 2673 2686 2740 qui
2714 2672 2790 2725 ait
2822 2672 2873 2725 in
2897 2671 3186 2742 Evangelio
3213 2686 3227 2723 :
3265 2690 3283 2721 ι
3315 2671 3422 2742 Ego
3456 2686 3580 2728 sum
3615 2669 3755 2739 panis

2188 2762 2340 2816 vivus
2367 2762 2458 2831 qui
2487 2761 2554 2815 de
2578 2761 2716 2816 ccelo
2743 2762 2995 2816 descendi
3020 2761 3200 2832 (Joau.
3236 2762 3330 2829 vi).
3363 2782 3381 2815 ι
3420 2762 3486 2821 Ει
3526 2762 3709 2818 iterum
3736 2774 3751 2810 :

2194 2868 2212 2901 ι
2260 2851 2362 2905 Per
2385 2865 2471 2905 me
2493 2851 2537 2904 si
2564 2851 2688 2919 quis
2717 2851 3017 2916 introierit,
3045 2850 3371 2916 salvabitur,
3406 2861 3461 2906 et
3501 2848 3756 2921 ingredie-

2190 2950 2275 2996 tur
2312 2949 2367 2994 et
2394 2940 2726 3010 egredietur,
2751 2949 2803 2994 et
2832 2955 3029 3010 pascua
3057 2941 3291 2995 inveniet
3312 2940 3493 3012 (Joan.
3532 2941 3613 3011 χ).
3654 2958 3672 2989 ι
3701 2936 3759 2991 Ει

2187 3045 2372 3084 rursus
2399 3047 2412 3082 :
2448 3047 2467 3080 ι
2503 3029 2604 3095 Qui
2627 3029 2912 3084 manducat
2936 3044 3110 3083 meam
3140 3044 3359 3085 carnem
3392 3031 3583 3101 (Joan.
3614 3028 3710 3098 vi),
3738 3044 3753 3076 ι

2185 3130 2240 3176 et
2277 3120 2503 3189 reliqua.
2543 3120 2610 3174 Et
2639 3137 2653 3173 :
2692 3139 2711 3172 ι
2747 3119 2890 3175 Caro
2930 3134 3047 3175 mea
3073 3133 3201 3177 vere
3227 3128 3311 3175 est
3336 3120 3521 3183 cibus,
3556 3129 3615 3174 et
3641 3134 3759 3174 san-

2186 3212 2304 3284 guis
2329 3226 2480 3267 meus
2501 3226 2629 3266 vero
2655 3218 2739 3267 est
2773 3219 2952 3280 potus.
2986 3231 3004 3262 ι
3040 3210 3153 3269 Sub
3178 3210 3334 3280 cujus
3358 3207 3596 3279 pastoris
3625 3208 3761 3280 regi—

515 3310 765 3364 omnibus
821 3323 917 3380 per
959 3307 1373 3373 confessionem,
1424 3317 1482 3365 et
1526 3323 1623 3381 per
1676 3308 1937 3378 justitiam
2003 3314 2082 3368 vi-
2109 3294 2155 3359 Ο
2186 3303 2328 3358 mine
2363 3301 2689 3358 abundantia
2714 3315 2912 3372 pascua
2934 3317 2993 3356 se
3026 3300 3297 3361 invenisse
3325 3297 3601 3369 gaudebat
3630 3298 3759 3354 Pro-

510 3412 637 3454 vere
662 3398 791 3454 Deo.

588 3508 606 3540 ι
642 3486 820 3544 Eratis
843 3489 984 3544 enim
1016 3487 1157 3544 sicut
1183 3503 1310 3545 oves
1341 3500 1606 3550 errantes.
1650 3508 1668 3545 ι
1704 3492 1869 3550 Error
1900 3497 2077 3552 ovium

510 3580 663 3650 culpa
694 3588 964 3649 pastorum
999 3593 1118 3635 esse
1147 3581 1495 3655 intelligitur,
1519 3587 1609 3656 qui
1650 3588 1931 3655 negligant
1956 3605 2077 3644 cor-

509 3669 685 3742 ripere
721 3668 1108 3739 delinquentes,
1152 3691 1170 3725 ι
1212 3675 1308 3729 sed
1349 3678 1596 3732 conversi
1643 3677 1780 3735 estis
1830 3693 1969 3733 nunc
2011 3680 2078 3733 ad

514 3780 533 3815 ι
577 3774 846 3834 pastorem
892 3769 947 3816 et
989 3763 1297 3835 episcopum
1343 3768 1641 3821 animarum
1691 3776 2009 3824 vestrarum.
2052 3784 2072 3820 ι

510 3855 764 3913 Conversi
795 3872 825 3912 a
854 3856 1070 3915 diabolo
1100 3858 1167 3912 ad
1195 3856 1498 3923 Christum,
1533 3859 1600 3914 de
1628 3860 1862 3915 tenebris
1895 3861 1961 3914 ad
1991 3860 2075 3914 lu-

508 3963 648 4011 cem,
681 3947 747 4003 de
772 3957 945 4005 morte
967 3952 1032 4006 ad
1062 3953 1248 4016 vitam,
1281 3949 1346 4004 de
1369 3949 1685 4006 inﬁdelitate
1704 3951 1769 4005 ad
1800 3950 1981 4015 ﬁdem,
2009 3950 2076 4006 de

508 4034 822 4094 infirmitate
872 4041 936 4095 ad
988 4041 1251 4107 salutem,
1300 4041 1361 4099 in
1411 4055 1515 4108 qua
1571 4041 1615 4095 si
1668 4042 2074 4110 permanseritis

511 4141 680 4198 usque
704 4129 756 4183 in
788 4131 969 4198 ﬁnem,
998 4131 1154 4188 bonis
1180 4132 1439 4189 certando
1459 4132 1730 4201 operibus,
1758 4132 1891 4187 salvi
1920 4134 2072 4188 eritis

510 4220 561 4272 in
582 4228 860 4277 aeternum.
891 4222 1009 4279 Non
1045 4224 1187 4279 enim
1215 4224 1305 4294 qui
1329 4223 1554 4294 coeperit
1591 4223 1818 4288 bonum,
1850 4223 1943 4278 sed
1982 4224 2073 4292 qui

504 4314 929 4379 perseveraverit
971 4316 1023 4371 in
1063 4313 1234 4379 bono,
1276 4314 1365 4369 hic
1396 4313 1576 4369 salvus
1598 4313 1720 4368 erit.
1756 4312 1905 4368 Tunc
1931 4312 2073 4369 enim

505 4401 678 4473 placet
709 4405 818 4461 Deo
854 4415 1037 4462 nostra
1082 4408 1393 4472 conversio,
1442 4406 1658 4476 quando
1705 4407 1899 4461 bonum
1930 4405 2072 4475 quod

502 4494 851 4562 inchoanlus,
903 4499 1273 4567 perseveranti
1321 4498 1426 4552 ﬁne
1470 4496 1819 4566 complemus.
1863 4496 2070 4553 Bonum

500 4601 630 4660 ergo
652 4603 756 4643 non
786 4589 1035 4661 coepisse,
1065 4592 1156 4646 sed
1177 4590 1467 4662 perfecisse
1491 4591 1663 4646 virtus
1689 4598 1792 4645 est.
1827 4589 1960 4645 Nam
1988 4592 2070 4644 in.

2182 3395 2363 3463 pheta,
2394 3408 2516 3449 cum
2545 3392 2752 3448 diceret
2791 3411 2803 3446 :
2848 3411 2866 3444 ι
2916 3392 3174 3447 Dominus
3199 3384 3372 3462 pascit
3394 3404 3502 3455 me,
3541 3398 3603 3444 et
3632 3388 3757 3445 nihil

2182 3488 2312 3541 mihi
2360 3487 2529 3542 deerit
2570 3486 2742 3557 (Psat.
2771 3486 2927 3556 xxn).
2972 3506 2989 3537 ι
3037 3484 3101 3539 Et
3142 3486 3338 3540 iterum
3382 3502 3395 3538 :
3448 3502 3466 3535 ι
3504 3482 3756 3540 Satiabor

2181 3581 2305 3634 dum
2333 3580 2761 3635 manifestabitur
2780 3580 2948 3649 gloria
2969 3586 3058 3634 tua
3082 3574 3253 3649 (Psal.
3279 3579 3413 3650 im).
3444 3596 3461 3631 ›
3493 3577 3606 3634 lste
3632 3592 3749 3633 vero

2179 3682 2362 3741 pastor
2391 3672 2638 3728 ﬁdelibus
2662 3674 2851 3728 ovibus
2873 3673 3308 3743 promittebatur,
3335 3686 3458 3726 cum
3491 3670 3747 3726 Dominus

2178 3781 2274 3834 per
2308 3766 2623 3835 prophetam
2664 3767 2911 3821 dicebat:
2951 3788 2968 3818 ε
3014 3768 3151 3823 Ecce
3173 3782 3274 3836 ego
3303 3765 3582 3821 suscitabo
3605 3765 3745 3820 vobis

2176 3864 2446 3924 pastorem
2495 3871 2682 3922 unum,
2731 3872 2945 3913 servum
2994 3874 3172 3914 meum
3217 3857 3405 3923 David,
3446 3857 3542 3926 qui
3582 3855 3744 3927 pascit

2177 3964 2305 4003 oves
2352 3948 2405 4002 in
2445 3948 2650 4019 judicio
2682 3957 2736 4003 et
2772 3947 2982 4016 iustitia
3012 3948 3227 4018 (Each.
3273 3948 3483 4019 xxxrv).
3526 3968 3547 4001 ι
3583 3946 3744 4018 Hujus

2178 4039 2410 4108 pastoris
2445 4047 2573 4111 typo
2598 4039 2681 4095 vel
2712 4039 2879 4111 ﬁgura
2897 4080 2910 4103 ,
2956 4036 3123 4094 Jacob
3164 4040 3471 4109 patriarcha
3498 4053 3635 4094 oves
3658 4052 3742 4110 pa-

2178 4130 2318 4184 visse
2358 4129 2572 4201 legitur.
2607 4129 2758 4185 Sicut
2783 4129 2927 4185 enim
2951 4131 3021 4184 ad
3043 4129 3274 4199 pastoris
3313 4127 3555 4186 cilicium
3581 4128 3738 4201 perti-

2178 4230 2299 4288 net,
2326 4237 2431 4277 non
2455 4222 2627 4277 solum
2668 4223 2920 4278 fortiores
2961 4214 3091 4277 oves
3118 4221 3184 4277 ad
3213 4235 3415 4291 pascua
3456 4221 3738 4285 deducere,

2176 4313 2269 4368 sed
2296 4313 2456 4368 etiam
2492 4312 2725 4368 inﬁrmis
2762 4313 3084 4368 medicinam
3111 4312 3455 4382 impendere,
3477 4313 3565 4367 sic
3590 4313 3737 4367 etiam

2177 4404 2278 4458 iste
2299 4413 2485 4473 pastor
2512 4419 2618 4459 non
2649 4403 2822 4459 solum
2848 4402 3201 4473 perfectiores
3219 4416 3460 4473 quosque
3480 4402 3543 4456 in
3571 4399 3736 4456 Eccle-

2176 4494 2253 4548 sia
2293 4495 2463 4565 gerit,
2494 4495 2589 4549 sed
2615 4495 2779 4549 etiam
2821 4494 3049 4548 inﬁrmis
3093 4494 3377 4550 animabus
3401 4508 3498 4563 per
3544 4490 3735 4547 miscri-

2175 4586 2411 4640 cordiam
2441 4584 2843 4649 condescendit,
2863 4594 2917 4639 et
2938 4600 3033 4655 per
3061 4584 3429 4654 paenitentiam
3451 4598 3639 4639 curam
3660 4596 3735 4636 sa-

502 4655 825 4738 choantibus
849 4655 1127 4753 praemium
1150 4655 1483 4753 promittitur
1506 4724 1518 4747 ,
1546 4680 1640 4737 sed
1673 4683 2068 4752 perseveranti-
2104 4655 2152 4715 D
2175 4675 2301 4730 Iutis
2332 4675 2611 4745 impendit.
2636 4674 2785 4741 Quod
2812 4674 3116 4745 signiﬁcant
3135 4672 3371 4741 ejusdem
3391 4671 3563 4731 Jacob
3586 4670 3729 4727 verba

502 4773 601 4827 bus
628 4772 805 4839 datur,
828 4788 926 4846 per
945 4789 1066 4830 eum
1096 4775 1186 4845 qui
1219 4776 1486 4845 promisit,
1515 4776 1605 4845 qui
1646 4786 1728 4831 est
1752 4792 1914 4832 verus
1939 4792 2067 4847 pro-

504 4862 702 4916 missor
742 4873 797 4917 et
839 4864 1060 4933 largitor
1096 4864 1253 4921 Iesus
1294 4867 1543 4923 Christus
1572 4866 1831 4922 Dominus
1859 4878 2061 4922 noster.

500 4954 600 5021 Qui
630 4955 760 5009 vivit
787 4965 839 5009 et
866 4968 1053 5024 regnat
1071 4974 1192 5013 cum
1231 4955 1390 5014 Patre
1409 4969 1463 5014 et
1489 4959 1687 5029 Spiritu
1716 4968 1903 5014 saneto
1924 4959 2065 5012 Deus

498 5058 598 5115 per
616 5046 796 5101 omnia
825 5048 1016 5102 srecula
1044 5050 1379 5105 saeculorum.
1411 5052 1603 5106 Amen.

973 5179 1249 5236 HOMILIA
1286 5181 1568 5238 LXXXIII.

498 5308 748 5350 bellum
777 5280 1007 5351 saccum
1032 5313 1161 5353 ros'r
1186 5310 1379 5353 luscus
1397 5337 1412 5362 ,
1439 5297 1798 5352 Misericordia
1828 5296 2057 5352 Domini.

566 5401 738 5473 (Jour.
780 5406 858 5476 κ.)
895 5425 912 5456 ι
948 5407 1003 5461 In
1036 5408 1126 5461 illo
1158 5414 1397 5475 tempore
1424 5406 1559 5459 dixit
1590 5404 1749 5461 Jesus
1787 5406 2063 5477 discipulis

501 5514 523 5547 ι
565 5498 678 5553 suis
710 5517 722 5550 :
760 5500 870 5572 Ego
896 5516 1011 5556 sum
1057 5507 1242 5571 pastor
1271 5499 1462 5553 bonus.
1502 5518 1520 5550 ι
1546 5498 1611 5552 Ει
1639 5498 1864 5569 reliqua.
1892 5501 2062 5572 Supe-

496 5586 607 5641 rius
634 5596 810 5643 textns
840 5589 1109 5659 Evangelii
1151 5597 1339 5643 narrat
1376 5588 1603 5658 qualiter
1641 5589 1897 5645 Dominus
1920 5591 2060 5645 inter

497 5677 662 5731 bonos
683 5678 957 5746 malosque
980 5687 1221 5746 pastores
1243 5678 1621 5734 discretionem
1638 5678 1847 5743 fecerit,
1875 5681 2058 5736 dicens

493 5766 562 5820 de
579 5768 768 5823 malis:
793 5787 810 5818 α
842 5767 941 5836 Qui
967 5785 1072 5824 non
1101 5770 1378 5842 intratper
1397 5772 1592 5827 ostium
1623 5774 1673 5827 in
1696 5774 1835 5828 ovile
1854 5774 2054 5837 ovium,

496 5861 589 5913 Sed
618 5861 860 5913 ascrmlit
890 5860 1121 5930 aliunde,
1147 5863 1233 5920 Ille
1258 5864 1343 5919 l'ur
1365 5873 1450 5921 est
1471 5874 1524 5919 et
1552 5865 1711 5921 latro.
1746 5885 1763 5917 ι
1798 5865 1875 5920 De
1904 5865 2060 5921 bonis

2174 4767 2402 4822 dicentis
2432 4784 2443 4819 :
2480 4786 2495 4816 ι
2527 4764 2714 4831 Nosti,
2744 4766 2968 4821 Domine
2992 4765 3062 4819 mi
3088 4804 3102 4829 ,
3130 4765 3271 4835 quod
3304 4763 3477 4819 hach
3512 4779 3641 4820 oves
3664 4761 3729 4814 fe-

2175 4864 2259 4909 tas
2292 4866 2503 4910 teneras
2529 4871 2756 4921 mecum,
2785 4872 2920 4927 quas
2947 4856 2990 4911 si
3016 4856 3067 4913 in
3103 4854 3425 4937 ambulzyido
3452 4853 3574 4923 plus
3602 4854 3727 4906 Iaho-

2172 4960 2293 4999 rare
2332 4943 2527 5007 fecero,
2560 4947 2859 5002 morientur
2896 4948 3073 5002 cuncti
3113 4962 3302 5018 greges
3331 4962 3435 5003 una
3473 4946 3562 4999 dic
3588 4942 3747 5023 (Cena

2171 5037 2384 5108 χχχιιι).
2422 5058 2439 5090 ι
2481 5037 2631 5093 Unde
2655 5054 2749 5108 per
2782 5039 3115 5099 Ezechielem
3150 5039 3463 5110 prophetam
3492 5038 3721 5095 dicitur:

2178 5148 2194 5178 ε
2238 5128 2373 5184 Ecce
2393 5145 2493 5200 ego
2521 5131 2631 5201 ipse
2655 5131 2921 5199 requiram
2949 5147 3079 5187 oves
3104 5146 3271 5199 meas,
3293 5140 3347 5187 et
3367 5131 3595 5186 visitabo
3621 5144 3718 5184 eas.

2171 5219 2321 5274 Sicut
2364 5221 2546 5276 visitat
2591 5231 2775 5292 pastor
2810 5237 3027 5294 gregem
3084 5241 3239 5280 suum
3281 5225 3336 5279 in
3375 5225 3483 5290 die,
3522 5220 3719 5295 quando

2170 5310 2328 5367 fuerit
2355 5311 2408 5367 in
2431 5313 2607 5369 medio
2620 5314 2798 5368 ovium
2823 5330 3044 5371 suarum
3073 5316 3476 5387 dissipatarum,
3500 5319 3577 5372 sic
3605 5314 3718 5369 visi-

2171 5408 2294 5461 tabo
2337 5423 2463 5462 oves
2492 5421 2640 5463 meas
2668 5415 2722 5461 et
2750 5410 3087 5480 congregabo
3115 5424 3206 5466 eas
3232 5409 3297 5467 de
3325 5411 3536 5469 cunctis
3580 5407 3713 5469 locis)

2168 5497 2222 5551 in
2246 5497 2439 5566 quibus
2460 5497 2713 5566 dispersa:
2740 5496 2968 5553 fuerant.
3001 5499 3151 5567 Quod
3176 5501 3411 5571 perierat
3441 5503 3712 5571 requiram,

2168 5588 2308 5657 quod
2334 5587 2600 5657 abjectum
2629 5587 2800 5644 fuerat
2824 5591 3103 5656 reducam,
3137 5600 3193 5647 et
3231 5591 3372 5661 quod
3400 5591 3713 5649 confractum

2166 5680 2418 5750 alligabo,
2468 5690 2522 5736 et
2564 5682 2705 5750 quod
2754 5680 3028 5737 inﬁrmum
3073 5683 3446 5763 consolidabo,
3489 5694 3543 5738 et
3568 5678 3713 5752 ,quod

2164 5772 2361 5842 pingue
2394 5782 2447 5827 ct
2479 5772 2615 5829 forte
2638 5772 2937 5829 custodiam
2968 5770 3179 5843 (Επειδὴ.
3210 5776 3412 5847 xxxrv).
3459 5795 3476 5827 ι
3513 5775 3618 5844 ipse
3643 5776 3714 5823 est

2166 5867 2328 5920 etiam
2355 5866 2444 5936 qui
2473 5876 2627 5922 sanat
2652 5865 2914 5922 contritos
2938 5867 3100 5921 corde
3120 5908 3133 5931 ,
3161 5875 3213 5923 et
3239 5867 3423 5938 alligat
3456 5862 3714 5925 coittritio-
