4014 6354
215 381 312 438 501

1415 389 1715 445 HOMILUE
1762 391 1846 446 DE
1887 391 2230 447 TEMPORE.

3344 406 3448 458 Ξ)οἒ

216 510 313 552 nes
345 511 552 553 eorum.
585 499 651 554 Et
679 500 870 554 iterum
902 519 914 556 :
961 520 978 551 ι
1027 504 1280 557 Dominus
1316 505 1474 558 solvit
1507 505 1778 572 compcdi-
1806 511 1853 567 Α
1879 507 2251 576 essesjunior,
2282 509 2532 577 cingebas
2565 519 2614 562 te
2660 522 2712 565 et
2743 514 3058 570 ambulabas
3089 516 3179 571 ubi
3211 517 3448 582 volebas,

218 600 321 656 tos,
356 591 614 646 Dominus
639 592 905 648 illuminat
929 609 1103 650 caecos
1131 595 1300 665 (Ρσαι.
1336 598 1514 665 θην).
1546 616 1565 646 ›
1596 595 1778 663 Quan-

217 691 330 736 tum
357 691 537 737 autem
567 683 725 753 hujus
771 686 1001 754 pastoris
1039 687 1341 756 benignitas
1384 684 1783 740 inﬁrmantibus

214 772 406 828 ovibus
424 775 799 844 compatiatur,
827 777 915 832 illa
937 779 1190 848 parabola
1213 777 1487 849 Evangelii
1510 776 1661 848 (Luc.
1689 776 1780 847 xv)

215 865 447 930 indicat,
485 867 540 920 in
580 883 684 938 qua
722 867 936 940 legitur,
967 870 1091 940 quia
1117 878 1302 940 pastor
1341 869 1531 934 bonus,
1581 868 1784 923 relictis

214 957 506 1026 nonaginta
535 973 724 1013 novem
766 961 957 1016 ovibus
987 961 1040 1015 in
1073 962 1365 1027 montibus,
1389 961 1519 1015 abiit
1544 974 1785 1030 quaerere

216 1065 378 1104 unam
423 1066 543 1120 qua:
589 1053 641 1106 in
692 1054 918 1109 vallibus
961 1065 1268 1118 erraverat,
1301 1070 1461 1125 quam
1514 1055 1783 1109 inventam

217 1141 472 1212 imposuit
502 1145 732 1214 propriis
755 1143 994 1202 humeris
1013 1188 1026 1210 ,
1060 1157 1110 1202 et
1138 1149 1215 1202 sic
1245 1147 1537 1217 reportavit
1572 1146 1637 1200 ad
1666 1161 1787 1216 gre-

216 1248 360 1302 gem.
403 1233 481 1286 Ad
521 1236 764 1302 prtedicti
795 1245 971 1290 autem
1002 1239 1240 1307 pastoris
1271 1251 1508 1291 mensam
1551 1237 1594 1290 si
1641 1234 1786 1289 volu-

217 1339 338 1379 mus
361 1327 647 1391 accedere,
689 1343 912 1385 necesse
935 1340 1018 1384 est
1043 1339 1100 1384 ut
1127 1329 1179 1383 in
1216 1329 1373 1384 bonis
1412 1327 1660 1397 operibus
1687 1339 1786 1380 nos

215 1433 600 1487 praeparemus,
642 1419 931 1477 Salomone
960 1432 1191 1478 testante
1219 1441 1230 1475 :
1261 1443 1277 1474 ι
1315 1421 1395 1475 Ad
1422 1435 1658 1476 mensam
1693 1435 1787 1490 po-

218 1511 380 1566 tentis
399 1513 708 1568 accessisti‘.’
731 1515 1018 1586 diligenter
1043 1516 1260 1570 attende
1285 1531 1404 1586 quae
1444 1523 1788 1585 apponuntur

218 1603 332 1666 tibi,
365 1605 540 1658 sciens
559 1607 685 1674 quia
719 1607 913 1660 similia
947 1617 997 1661 te
1020 1614 1568 1679 prmpararemportet
1595 1605 1783 1675 (Eccli.

216 1698 388 1765 xui).
428 1715 446 1750 ι
487 1697 619 1765 Quia
659 1713 788 1769 ergo
821 1699 1077 1754 Dominus
1104 1715 1329 1770 pergens
1371 1700 1436 1753 ad
1477 1697 1783 1768 passionem

217 1788 530 1857 mysterium
568 1793 807 1858 corporis
843 1801 898 1844 ct
936 1790 1211 1860 sanguinis
1248 1789 1329 1844 sui
1364 1787 1518 1843 nobis
1545 1785 1781 1850 tradidit,

1884 613 2004 651 cum
2041 605 2216 650 autem
2247 601 2506 663 senueris,
2548 605 2804 656 extendes
2833 620 3025 660 manus
3053 616 3194 669 tuas,
3227 617 3282 663 et
3313 609 3450 664 alius

1885 695 1936 740 te
1960 686 2155 757 cinget,
2185 697 2240 742 et
2263 687 2421 743 ducet
2440 704 2546 757 quo
2577 697 2631 743 tu
2656 706 2758 744 non
2788 694 2867 747 vis
2891 693 2988 749 ire.
3018 696 3130 752 Hoc
3161 707 3340 753 autem
3366 699 3448 753 di-

1885 777 2060 840 cebat,
2085 777 2159 830 ait
2197 778 2548 848 evangelista,
2578 780 2886 850 signiﬁcans
2906 800 3011 853 qua
3055 797 3228 844 morte
3260 789 3454 844 clariﬁ-

1887 877 2105 924 caturus
2128 878 2273 923 esset
2297 885 2418 924 eum
2449 869 2632 940 (Joan.
2664 874 2800 944 xxi).
2849 895 2866 926 ι
2911 877 3151 946 Denique
3169 887 3224 934 et
3255 879 3452 937 Paulus

1887 962 2158 1031 apostolus
2202 977 2300 1032 pro
2331 963 2521 1019 ovibus
2546 965 2647 1042 sibi
2679 968 2982 1024 commissis
3041 973 3178 1026 mori
3233 983 3452 1042 paratus

1885 1061 2023 1116 erat,
2050 1067 2169 1106 cum
2195 1053 2425 1108 diceret:
2451 1076 2467 1105 ι
2502 1041 2610 1128 Ego
2631 1056 2744 1126 ipse
2771 1059 3160 1127 impendebant,
3189 1041 3247 1118 et
3263 1079 3452 1134 super-

1886 1144 2235 1213 impendebar
2261 1161 2358 1215 pro
2391 1147 2671 1202 animabus
2700 1150 2891 1204 vestris
2920 1150 3003 1219 (II
3043 1149 3163 1206 Cor.
3193 1154 3292 1225 XI).
3332 1173 3350 1205 ι
3390 1156 3457 1210 Ει

1887 1237 2082 1290 iterum
2115 1255 2126 1290 :
2159 1256 2176 1287 ‹
2216 1237 2324 1308 Ego
2352 1248 2530 1294 autem
2561 1256 2666 1295 non
2689 1241 2860 1296 solum
2886 1242 3123 1314 alligari,
3164 1247 3256 1300 sed
3289 1248 3451 1302 etiam

1887 1326 2023 1380 mori
2053 1336 2273 1396 paratus
2309 1343 2425 1382 sum
2456 1329 2506 1382 in
2535 1328 2829 1384 Jerusalem
2859 1340 3078 1402 propter
3115 1349 3308 1389 nomen
3355 1339 3456 1391 Do-

1888 1417 2017 1471 mini
2041 1416 2186 1471 Jesu.
2213 1415 2328 1471 Non
2358 1419 2500 1472 enim
2529 1419 2668 1474 l‘acio
2693 1421 2927 1474 animam
2956 1437 3131 1476 meam
3169 1425 3454 1492 pretiosio-

1847 1523 2002 1586 ’rem
2041 1523 2204 1577 quam
2244 1524 2329 1564 me
2369 1509 2506 1580 (Act.
2537 1511 2650 1574 xx).
2683 1531 2700 1561 ι
2732 1512 2798 1565 Ει
2827 1527 3018 1568 rursus
3055 1531 3066 1566 :
3108 1534 3124 1564 ι
3169 1513 3354 1571 Melius
3375 1526 3460 1572 est

1889 1600 2017 1654 mihi
2042 1601 2198 1664 mori,
2238 1615 2396 1670 quam
2439 1611 2497 1655 ut
2522 1603 2746 1672 gloriam
2794 1618 2967 1658 meam
2998 1607 3120 1674 quis
3158 1618 3379 1663 evacuet
3402 1607 3457 1680 (1

1888 1691 2010 1745 Cor.
2036 1696 2134 1762 ix).
2172 1712 2188 1743 ι
2220 1692 2326 1748 Sed
2350 1704 2632 1766 postquam
2651 1695 2910 1752 Dominus
2925 1699 3049 1754 boni
3074 1702 3305 1769 pastoris
3325 1717 3458 1772 opus

1887 1786 2143 1851 ostendit,
2170 1787 2330 1841 etiam
2355 1788 2483 1843 vitia
2515 1789 2641 1844 mali
2671 1791 2904 1860 pastoris
2923 1792 3198 1848 declarare
3226 1796 3458 1861 curavit,

216 1886 348 1930 tunc
375 1878 424 1931 ei
463 1877 660 1934 similia
698 1895 1102 1950 praeparamus,
1135 1881 1179 1935 si
1207 1891 1306 1950 pro
1333 1878 1449 1948 ejus
1473 1889 1657 1932 amore
1684 1876 1782 1930 tri-
1813 1863 1860 1923 Β
1888 1877 2070 1932 dicens
2099 1894 2114 1932 :

213 1969 515 2035 bulationes
551 1981 606 2026 et
642 1973 919 2044 angustias
959 1974 1284 2028 sustinemtis
1305 2013 1318 2037 ,
1359 1970 1482 2040 quia
1516 1970 1679 2039 (sicut
1711 1968 1785 2021 ait

213 2062 526 2134 Apostolus)
553 2075 652 2135 per
674 2065 871 2120 multas
903 2065 1278 2120 tribulationes
1315 2071 1526 2134 oportet
1573 2076 1672 2116 nos
1707 2062 1787 2115 in-

215 2161 366 2208 trare
387 2155 437 2208 in
455 2170 676 2225 regnum
697 2155 812 2210 Del.
839 2155 901 2209 Et
930 2151 1212 2210 Psalmista
1240 2169 1256 2207 :
1290 2171 1308 2203 t
1337 2152 1474 2220 Quid
1493 2152 1784 2206 retribuam

213 2243 445 2307 Domino
463 2261 560 2314 pro
580 2246 830 2301 omnibus
851 2261 971 2315 quae
995 2245 1244 2300 retribuit
1259 2244 1388 2298 mihi
1405 2240 1574 2313 (Psal.
1601 2243 1748 2311 cxv).
1763 2260 1780 2292 ι

208 2339 488 2404 Quaeritur
519 2349 694 2394 autem
722 2355 891 2409 quare
942 2339 1198 2394 Dominus
1223 2355 1282 2394 se
1319 2346 1590 2408 pastorem
1630 2350 1787 2390 voca-

208 2430 321 2491 vit,
361 2444 480 2481 cum
511 2429 668 2498 paulo
699 2430 948 2499 superius
975 2429 1175 2485 ostium
1205 2443 1263 2484 se
1293 2443 1413 2483 esse
1449 2427 1678 2490 dixerit,
1710 2427 1789 2480 di-

215 2536 397 2576 cens:
445 2539 462 2571 ι
513 2521 623 2592 Ego
664 2539 780 2577 sum
844 2523 1062 2578 ostium.
1119 2541 1138 2575 ι
1192 2521 1273 2576 Ad
1318 2522 1458 2591 quod
1509 2521 1790 2575 dicendum

214 2613 340 2683 quia
369 2613 513 2667 aliud
540 2623 624 2669 est
645 2616 864 2680 ostium,
898 2626 952 2670 et
978 2615 1123 2670 aliud
1144 2615 1400 2670 ostiarius
1418 2655 1431 2678 ,
1465 2622 1625 2682 atque
1646 2613 1789 2668 aliud

214 2713 418 2775 pastor.
454 2705 569 2774 lpsc
591 2715 672 2759 cst
706 2707 848 2760 enim
877 2707 1166 2772 ostiarius,
1195 2706 1286 2775 qui
1317 2721 1414 2760 nos
1436 2706 1502 2760 ad
1527 2704 1685 2759 ﬁdem
1711 2705 1791 2759 in-

218 2794 452 2850 troducit
474 2838 486 2860 ,
516 2797 655 2851 sicut
686 2799 799 2866 ipse
830 2798 904 2852 ait
943 2799 994 2852 in
1022 2797 1312 2868 Evangelio
1349 2815 1360 2849 :
1399 2816 1417 2848 ι
1451 2797 1617 2851 Nemo
1647 2797 1792 2850 venit

217 2887 282 2941 ad
309 2887 521 2943 Patrem
551 2891 652 2945 nisi
691 2905 787 2960 per
832 2907 916 2945 me
959 2889 1118 2961 (Joan
1149 2889 1280 2960 xiv).
1317 2910 1336 2942 ι
1380 2905 1398 2940 ε
1442 2889 1624 2960 Neque
1648 2891 1789 2944 enim

218 2983 466 3053 cognovit
500 2983 714 3039 Patrem
744 2985 884 3054 quis,
912 2984 1018 3039 nisi
1051 2983 1236 3048 Filius,
1271 2992 1326 3038 et
1354 2983 1439 3038 cui
1463 2983 1791 3038 volueritre-

219 3072 398 3128 velare
416 3074 583 3129 Filius
606 3073 754 3144 (Luc.
786 3075 863 3142 x).
897 3095 914 3127 ι
947 3075 1058 3146 Ipse
1075 3083 1156 3130 est
1178 3075 1372 3131 ostium
1400 3075 1522 3146 quia
1549 3090 1645 3145 per
1669 3089 1790 3130 eum

221 3163 288 3218 ad
314 3163 472 3218 fidem
507 3165 799 3231 intramus,
839 3167 978 3220 sicut
1009 3166 1124 3235 ipse
1163 3165 1275 3220 ait:
1311 3177 1329 3216 α
1362 3163 1467 3219 Per
1492 3180 1577 3219 me
1603 3165 1646 3219 si
1673 3164 1792 3234 quis

224 3254 527 3318 introierit,
559 3256 853 3310 salvabitur
897 3255 1077 3326 (Joan.
1108 3256 1184 3325 χ).
1237 3271 1254 3307 t
1290 3255 1356 3310 Et
1397 3256 1531 3310 bene
1573 3255 1788 3325 quidem

226 3356 509 3418 postquam
548 3347 716 3414 dixit,
757 3366 775 3399 ι
806 3349 917 3420 Ego
941 3363 1058 3403 sum
1099 3357 1288 3418 pastor
1316 3368 1334 3400 ι
1369 3347 1611 3418 adjunin
1645 3366 1663 3396 ι
1697 3348 1791 3401 bo-

230 3452 354 3504 nus,
388 3457 405 3490 ι
434 3439 497 3492 ad
542 3439 919 3495 discretionem
961 3440 1172 3494 illorum
1209 3439 1299 3510 qui
1334 3437 1552 3509 indigne
1595 3451 1790 3491 nomen

221 3531 456 3601 pastoris
493 3543 773 3603 usurpant,
804 3549 868 3588 eo
899 3532 1039 3605 quod
1080 3530 1162 3588 vel
1202 3533 1363 3597 boni,
1401 3530 1484 3587 vel
1513 3531 1658 3601 digni
1685 3545 1792 3585 non

221 3623 364 3687 sint,
413 3625 478 3679 de
524 3625 718 3693 quibus
760 3625 1015 3681 Dominus
1057 3625 1302 3695 superius
1357 3625 1432 3678 ait
1475 3641 1488 3677 :
1539 3643 1556 3675 ε
1595 3622 1794 3678 Omnes

220 3721 485 3784 quotquot
509 3723 632 3769 ante
661 3730 745 3770 me
773 3723 1062 3780 venerunt,
1103 3714 1248 3771 fures
1286 3715 1504 3771 fuerunt
1532 3723 1588 3768 et
1627 3713 1794 3768 latro-

222 3818 320 3857 nes
343 3802 521 3873 (Joan.
553 3801 628 3870 x).
662 3823 681 3856 ι
709 3803 948 3858 Fuerunt
972 3803 1114 3858 enim
1142 3803 1264 3858 boni
1297 3811 1541 3872 pastores
1567 3843 1580 3866 ,
1622 3802 1795 3871 qualis

221 3896 326 3949 fuit
358 3895 580 3960 Petrus,
615 3896 699 3950 cui
737 3911 766 3950 a
807 3895 1032 3950 Domino
1070 3896 1271 3951 dictum
1313 3905 1397 3949 est
1432 3894 1610 3964 (loan.
1650 3893 1742 3963 xx)
1775 3911 1787 3947 :

227 4002 246 4034 ι
295 3981 353 4036 Si
377 3981 552 4054 diligis
571 3999 675 4049 me,
701 3998 861 4054 pasce
883 3999 1010 4039 oves
1036 3999 1207 4040 meas.
1244 4003 1262 4036 ι
1293 3985 1360 4038 Et
1386 3984 1581 4038 iterum
1616 4000 1628 4035 :
1664 3997 1682 4032 α
1715 3982 1794 4037 Tu

222 4089 285 4130 es
311 4084 496 4145 pastor
522 4077 722 4129 ovium.
763 4095 782 4127 ι
815 4076 960 4131 Talis
989 4083 1105 4131 erat
1128 4075 1348 4139 Paulus,
1374 4075 1466 4145 qui
1495 4073 1714 4143 optabat
1740 4085 1799 4128 se

225 4183 345 4224 esse
384 4168 666 4223 anathema
710 4185 808 4239 pro
857 4169 1114 4224 fratribus
1154 4170 1298 4232 suis,
1349 4168 1579 4223 dicens:
1626 4185 1644 4217 ‹
1690 4166 1800 4236 Ego

226 4260 507 4330 cupiebam
556 4262 843 4314 anathema
893 4275 1011 4315 esse
1049 4276 1147 4330 pro
1185 4259 1443 4315 fratribus
1495 4259 1663 4321 meis,
1709 4257 1798 4326 qui

227 4358 355 4405 sunt
401 4351 610 4421 cognati
640 4349 778 4415 mei,
823 4351 913 4420 qui
953 4361 1081 4405 sunt
1126 4350 1397 4405 Israelitze.
1429 4348 1596 4420 (Rom.
1640 4350 1736 4416 ix).
1779 4366 1796 4398 ι

229 4439 339 4496 Sed
370 4439 512 4495 aliud
534 4448 616 4494 est
644 4443 843 4495 bonum
873 4441 1264 4504 essentialiter,
1299 4441 1438 4495 sicut
1469 4439 1725 4502 Domino;
1749 4446 1803 4493 ct

229 4531 376 4586 aliud
391 4533 770 4600 uuncupative,
787 4533 925 4588 sicut
941 4532 1242 4600 discipulis;
1262 4532 1404 4586 aliud
1421 4545 1516 4600 per
1531 4540 1797 4596 naturam,

229 4630 286 4677 et
313 4622 457 4675 aliud
485 4636 580 4692 per
606 4622 854 4693 gratiam.
889 4622 968 4675 Illi
1001 4637 1126 4677 vere
1168 4631 1228 4676 ut
1257 4623 1380 4677 boni
1415 4629 1595 4676 essent
1631 4637 1660 4674 a
1701 4623 1804 4676 Do-

233 4716 383 4770 mino
404 4724 746 4785 acceperunt,
764 4717 877 4786 ipse
902 4723 1078 4770 autem
1108 4732 1137 4770 a
1162 4717 1396 4781 nemine,
1424 4717 1526 4770 nisi
1552 4733 1580 4770 a
1606 4718 1805 4786 seipse,-

231 4816 293 4862 ut
322 4809 492 4863 bonus
517 4816 682 4873 esset,
705 4809 945 4878 accepit;
978 4818 1031 4863 et
1056 4809 1176 4863 ideo
1198 4809 1422 4863 bonitati
1447 4809 1562 4877 ejus
1593 4810 1636 4863 si
1661 4825 1806 4863 com-

231 4907 513 4970 parenttIr,
530 4899 706 4954 minus
719 4898 850 4954 boui
874 4901 1233 4955 inveniuntur.
1261 4900 1532 4967 Quantum
1553 4915 1683 4955 vero
1709 4901 1805 4957 bo-

233 5005 339 5046 nus
365 4999 551 5062 pastor
567 5007 698 5047 oves
722 4991 824 5046 sibi
853 4991 1171 5047 commissas
1197 4991 1418 5062 diligere
1449 4991 1664 5056 debeat,
1693 5005 1807 5045 ma-

237 5083 525 5138 nifestatur
550 5097 672 5138 cum
695 5083 942 5138 subditur
976 5099 989 5135 :

315 5193 334 5226 ‹
362 5175 541 5230 Bonus
564 5184 748 5245 pastor
771 5175 1003 5229 animam
1028 5188 1179 5228 suam
1199 5173 1292 5228 dat
1312 5187 1411 5243 pro
1433 5174 1622 5228 ovibus
1635 5175 1764 5228 Suis.
1793 5193 1811 5224 ι

237 5267 393 5322 Fecit
421 5267 562 5336 quod
599 5267 836 5331 monuit,
877 5271 931 5321 et
967 5267 1109 5336 quod
1151 5267 1334 5322 docuit
1371 5267 1548 5321 verbis
1583 5249 1818 5322 osiendit

237 5359 522 5430 exemplis.
547 5359 704 5415 Prius
717 5359 952 5414 animam
977 5375 1130 5415 suam
1152 5367 1251 5430 pro
1264 5361 1455 5415 ovibus
1482 5359 1594 5413 suis
1615 5360 1812 5430 posuit,

238 5454 534 5509 ostendens
558 5451 713 5508 bonis
740 5453 1070 5523 pastoribus,
1101 5453 1315 5509 etiamsi
1357 5453 1650 5507 necessitas
1690 5467 1812 5506 eve-

242 5548 409 5612 nerit,
432 5561 529 5618 pro
554 5545 745 5600 ovibus
767 5545 866 5598 sibi
895 5545 1200 5600 commissis
1226 5551 1454 5599 mortem
1485 5558 1590 5599 non
1621 5543 1816 5598 debere

242 5641 456 5709 timere.
491 5637 642 5694 Unde
672 5653 793 5693 cum
832 5637 991 5693 Petro
1027 5650 1155 5692 oves
1199 5652 1323 5692 suas
1359 5635 1622 5707 regendas
1658 5636 1818 5691 tertio

244 5730 697 5793 commendasset,
721 5730 846 5799 quid
875 5744 974 5799 pro
1004 5729 1207 5783 eisdem
1236 5730 1426 5783 ovibus
1457 5743 1717 5798 passurus
1738 5742 1820 5782 es-

247 5833 332 5880 set
357 5824 643 5888 intimavit,
674 5824 856 5880 dicens
885 5842 898 5879 :
936 5841 954 5875 i
986 5823 1178 5888 Amen,
1207 5837 1358 5876 amen
1383 5821 1507 5877 dico
1529 5822 1658 5886 tibi,
1694 5835 1816 5874 cum

1833 4579 1882 4638 D

1963 1989 1981 2022 ‹
2014 1970 2371 2026 Mercenarius
2392 1982 2590 2038 autem,
2617 1983 2672 2028 et
2692 1973 2784 2043 qui
2810 1988 2914 2029 non
2935 1983 3018 2030 est
3037 1984 3236 2046 pastor.
3269 1995 3288 2028 ι
3320 1976 3460 2033 Mer-

1887 2063 2134 2118 cenarius
2183 2063 2380 2117 dicitur
2420 2065 2668 2119 mercede
2709 2065 3022 2122 conductus.
3097 2066 3212 2134 Quo
3246 2070 3462 2127 nomine

1887 2168 2034 2213 recte
2064 2156 2188 2211 mali
2226 2165 2470 2226 pastores
2512 2158 2832 2228 ﬁgurantur,
2873 2161 2963 2230 qui
2993 2176 3097 2216 non
3129 2162 3198 2216 ob
3227 2176 3462 2218 amorem

1888 2248 2003 2311 Dei,
2036 2262 2134 2302 nec
2165 2257 2384 2317 propter
2409 2248 2749 2303 dilectionem
2785 2251 2990 2321 gregis,
3021 2251 3113 2306 sed
3142 2261 3362 2322 propter
3385 2253 3463 2307 lu-

1887 2352 1980 2392 cra
2012 2346 2222 2391 terrena
2252 2353 2434 2392 curam
2473 2339 2771 2393 animarum
2810 2340 3132 2410 suscipiunt,
3163 2351 3463 2412 quaarentes

1889 2446 2009 2501 qua:
2037 2445 2131 2485 sua
2167 2437 2310 2491 sunt,
2344 2445 2448 2482 non
2477 2444 2594 2498 quae
2622 2429 2745 2484 Jesn
2771 2429 2992 2496 Christi,
3025 2433 3464 2501 sicutApostolus

1890 2523 2054 2579 dicit:
2092 2543 2109 2573 ‹
2141 2523 2412 2590 Quaestum
2437 2522 2743 2576 existimant
2773 2523 3024 2592 pietatem
3067 2523 3117 2593 (Ι
3147 2523 3278 2578 Tim.
3309 2526 3408 2594 vt).
3439 2540 3461 2576 ι

1891 2615 2036 2684 Quos
2082 2631 2178 2685 per
2215 2616 2528 2686 prophetam
2581 2616 2850 2685 redarguit
2883 2617 3180 2680 Dominus,
3234 2617 3460 2671 dicens:

1896 2727 1914 2759 α
1943 2707 2044 2776 Ipsi
2080 2714 2454 2777 regnaverunt,
2485 2714 2540 2759 et
2574 2721 2678 2760 non
2707 2720 2804 2775 per
2833 2720 2917 2760 me
2949 2719 2963 2758 :
2994 2705 3263 2775 principes
3296 2705 3466 2760 exsti-

1893 2807 2091 2864 terunt,
2141 2808 2193 2853 et
2238 2813 2341 2852 non
2391 2799 2612 2867 cognovi
2668 2800 2812 2868 (Ose.
2845 2798 2983 2868 vm).
3017 2817 3033 2846 ι
3083 2797 3208 2851 Tria
3249 2798 3465 2866 quidem

1893 2898 2036 2954 sunt,
2084 2905 2202 2958 quas
2245 2889 2562 2943 mercenarii
2593 2889 2661 2943 ab
2689 2889 2877 2943 ovibus
2907 2889 3228 2958 exquirunt,
3258 2889 3360 2954 lac,
3393 2889 3467 2944 la-

1893 2997 2036 3044 nam,
2090 2991 2144 3036 et
2189 2996 2383 3035 carnes
2425 2995 2440 3032 :
2487 2981 2611 3049 quia
2665 2980 2787 3033 mali
2838 2988 3112 3050 pastores,
3161 2981 3251 3050 qui
3301 2981 3470 3050 magis

1893 3086 2121 3141 praeesse
2165 3086 2322 3139 quam
2373 3071 2630 3139 prodesse
2661 3070 2987 3134 desiderant,
3035 3071 3147 3124 haec
3180 3071 3278 3124 tria
3307 3087 3334 3123 a
3368 3070 3468 3126 sibi

1896 3162 2149 3232 subjectis
2195 3163 2444 3232 exigunt,
2494 3163 2577 3215 lac
2625 3162 2961 3224 adulationis,
3013 3163 3189 3216 lanam
3227 3161 3470 3232 obsequii

1896 3252 2156 3322 corporis,
2189 3267 2382 3306 carnes
2416 3251 2784 3306 delectationis
2814 3252 3066 3306 carnalis.
3111 3251 3256 3318 Quos
3287 3250 3470 3306 Domi-

1893 3356 1992 3396 nus
2020 3357 2115 3410 per
2161 3341 2493 3395 Ezechielem
2538 3343 2853 3410 prophetam
2893 3342 3196 3412 redarguit,
3246 3341 3469 3396 dicens:

1900 3454 1916 3483 ε
1946 3434 2036 3488 Va:
2075 3433 2378 3502 pastoribus
2425 3433 2620 3497 Israel,
2670 3434 2762 3503 qui
2801 3434 3091 3502 pascebant
3133 3433 3469 3502 semetipsos.

1894 3523 2082 3578 Nonne
2113 3539 2299 3594 greges
2325 3532 2617 3594 pascuntur
2655 3539 2683 3576 a
2715 3523 3057 3594 pastoribus?
3088 3524 3197 3578 Lac
3223 3526 3474 3579 comede-

1895 3615 2034 3669 batis
2081 3626 2135 3670 et
2174 3616 2310 3670 lanis
2354 3616 2739 3686 operiebamini
2768 3656 2781 3676 ,
2829 3623 2883 3670 et
2919 3616 3062 3685 quod
3091 3629 3332 3670 crassum
3360 3623 3476 3670 erat

1896 3705 2224 3761 occidebatis
2251 3748 2264 3772 ,
2315 3721 2530 3777 gregem
2579 3715 2757 3760 autem
2804 3721 2981 3761 meum
3011 3722 3114 3762 non
3151 3707 3471 3776 pascebatis.

1897 3797 2048 3864 Quod
2073 3797 2344 3852 inﬁrmum
2367 3798 2484 3861 fuit,
2502 3814 2605 3852 non
2630 3799 3006 3853 consolidascis
3031 3813 3045 3852 :
3072 3807 3126 3853 et
3152 3798 3292 3869 quod
3308 3813 3476 3870 aegro-

1902 3902 2033 3956 tum,
2069 3907 2174 3946 non
2207 3892 2440 3946 sanastis
2466 3910 2478 3945 τ
2509 3892 2650 3962 quod
2677 3892 3034 3957 confractum,
3059 3908 3166 3947 non
3197 3891 3474 3963 alligastis,

1897 3983 2120 4050 etquod
2162 3982 2430 4053 abiectum
2457 4025 2471 4049 ,
2520 3999 2624 4037 non
2675 3984 3003 4051 reduxistis;
3034 3986 3175 4055 quod
3217 3987 3477 4054 perierat,

1902 4090 2007 4128 non
2038 4075 2326 4144 quaesistis,
2355 4075 2448 4130 sed
2473 4091 2592 4129 cum
2618 4077 2934 4130 austeritate
2963 4077 3310 4147 imperabatis
3333 4078 3479 4132 eiset

1899 4182 2020 4220 cum
2052 4169 2291 4238 potentia
2328 4167 2542 4238 (Ezech.
2569 4167 2774 4239 xxxiv).
2803 4189 2820 4220 ι
2864 4169 3007 4237 Quos
3031 4171 3172 4224 enim
3205 4171 3273 4226 ab
3302 4182 3481 4225 extra-

1902 4260 2016 4313 neis
2041 4259 2326 4315 defendere
2356 4259 2670 4323 debuerant,
2701 4260 2798 4314 hos
2817 4262 2978 4315 etiam
3000 4276 3149 4315 more
3173 4262 3480 4330 praedonum

1902 4351 2214 4420 frequenter
2259 4353 2602 4422 opprimunt,
2663 4351 2730 4405 de
2771 4352 2965 4420 quibus
3013 4353 3269 4405 Dominus
3309 4352 3382 4403 ait
3427 4352 3478 4404 in

1903 4443 2230 4513 Evangelio:
2271 4461 2289 4493 ‹
2320 4443 2590 4497 Attendite
2637 4458 2665 4496 a
2717 4441 2864 4497 falsis
2915 4441 3210 4511 prophetis,
3256 4441 3345 4508 qui
3394 4455 3482 4495 ve-

1908 4536 2064 4589 niunt
2086 4535 2150 4589 ad
2172 4549 2266 4589 vos
2292 4534 2345 4588 in
2376 4533 2710 4588 vestimentis
2731 4533 2931 4597 ovium,
2958 4531 3281 4584 intrinsecus
3307 4536 3484 4583 autem

1913 4635 2037 4682 sunt
2079 4627 2187 4696 lnpi
2238 4641 2497 4696 rapaces;
2545 4641 2575 4678 a
2626 4623 2887 4678 fructibus
2926 4637 3112 4675 eorum
3150 4622 3486 4691 cognoscetis

1913 4735 2004 4772 eos
2037 4717 2250 4788 (Malm.
2284 4717 2400 4787 vn).
2434 4735 2452 4768 ι
2504 4715 2661 4770 Tales
2707 4715 2856 4768 fures
2901 4714 2951 4766 in
2995 4712 3230 4767 Ecclesia
3276 4722 3488 4780 aposto-

1913 4811 1997 4866 lus
2036 4809 2364 4881 prmvidebat
2389 4849 2402 4874 ,
2451 4809 2665 4879 quando
2707 4805 2984 4876 discipulis
3023 4804 3269 4860 dicebat:
3307 4823 3325 4854 ‹
3361 4803 3486 4860 Scio

1915 4903 2039 4972 quia
2085 4911 2207 4971 post
2251 4916 2424 4954 meum
2478 4900 2770 4954 discessum
2820 4897 3096 4952 intrabunt
3146 4897 3198 4950 in
3244 4909 3337 4950 vos
3379 4894 3486 4964 lupi

1917 5010 2128 5066 graves,
2155 4993 2261 5062 lupi
2293 5009 2534 5062 rapaces,
2570 5008 2672 5047 non
2705 4998 2990 5060 parcentes
3016 4990 3183 5060 gregi.
3224 4989 3288 5043 Et
3311 5004 3374 5042 ex
3402 5003 3489 5044 vo-

1917 5085 2132 5154 bisipsis
2157 5093 2480 5154 consurgent
2510 5083 2607 5136 viri
2627 5083 2906 5152 loquentes
2929 5081 3284 5145 mendacium,
3311 5089 3370 5134 ut
3392 5080 3489 5134 ad-

1919 5177 2114 5231 ducant
2156 5175 2445 5246 discipulos
2489 5183 2608 5245 post
2653 5190 2712 5229 se
2749 5174 2883 5245 (vict.
2918 5174 3030 5243 xx).
3066 5192 3084 5225 ι
3121 5173 3287 5227 Recte
3310 5181 3488 5225 autem

1919 5268 1983 5338 de
2028 5265 2221 5320 talibus
2265 5265 2510 5319 subditur
2553 5282 2563 5316 :
2620 5282 2638 5314 ι
2669 5262 2832 5331 Cujus
2874 5278 2978 5317 non
3019 5272 3140 5317 sunt
3195 5277 3324 5316 oves
3365 5273 3491 5330 pro-

1925 5377 1941 5410 i
1968 5360 2118 5428 prim.
2151 5375 2166 5407 ι
2213 5355 2325 5410 Non
2374 5359 2514 5410 enim
2539 5365 2593 5409 ut
2631 5356 2874 5425 proprias
2921 5370 3050 5409 oves
3079 5361 3490 5424 recognoscunt,

1921 5452 2011 5504 sed
2059 5461 2113 5503 ut
2163 5449 2367 5503 alienas
2409 5450 2672 5503 nesciunt.
2715 5445 2830 5501 Non
2863 5447 3018 5502 facile
3045 5456 3222 5499 autem
3257 5453 3495 5510 tempore

1919 5545 2068 5614 pacis
2105 5543 2445 5614 cognoscitur
2484 5543 2603 5611 quis
2644 5542 2713 5595 sit
2754 5549 2959 5610 pastor,
3005 5539 3192 5608 quisve
3217 5547 3492 5588 mercena-

1921 5642 2064 5694 rius:
2096 5639 2186 5694 sed
2218 5639 2373 5707 lupus
2398 5638 2616 5692 veniens
2651 5636 2847 5690 indicat
2869 5675 2882 5697 ,
2919 5648 3024 5702 quo
3056 5632 3282 5700 quisque
3319 5628 3497 5680 animo

1924 5746 2081 5800 super
2123 5745 2339 5801 gregem
2385 5744 2538 5782 suum
2587 5727 2843 5794 invigilet.
2914 5722 3065 5777 Unde
3116 5731 3169 5774 et
3215 5719 3494 5788 sequitur:

1929 5840 1947 5871 ‹
1976 5819 2117 5872 Vidit
2147 5820 2324 5888 lupum
2362 5819 2662 5870 venientem
2691 5857 2704 5878 ,
2737 5812 3037 5890 et_dimittit
3079 5825 3229 5872 oves,
3259 5819 3314 5863 et
3344 5807 3499 5882 fugit.
