4014 6354
591 382 694 436 505

1189 377 1538 435 HAYMONIS
1577 377 2050 437 HALBERSTAT.
2113 379 2323 436 EPISC.
2366 379 2515 454 OPP.
2556 379 2734 435 PARS
2771 378 2836 436 II.
2875 409 2947 420 —-
2979 379 3230 452 εΗΟΜιι..
3713 389 3796 444 504

597 524 617 555 ι
639 513 696 558 et
725 503 878 572 lupus
908 501 1047 570 rapit
1076 507 1132 554 et
1173 498 1433 568 dispergit
1452 511 1599 552 oves.
1631 515 1650 548 ι
1687 494 1823 566 Lupi
1855 496 2072 550 nomine
2101 495 2154 548 in
2183 497 2234 557 Α
2265 501 2361 548 «ει
2413 507 2520 547 non
2563 492 2797 562 pertinet
2833 494 2900 549 ad
2943 507 3069 549 eum
3114 493 3180 549 de
3220 494 3427 549 ovibus.
3464 512 3482 547 ι
3526 495 3582 551 Si
3611 511 3796 556 causam

592 594 697 650 hoc
741 595 856 650 loco
901 599 1148 662 potentes
1187 589 1415 660 quilibet
1459 588 1809 659 designantur
1842 594 1898 642 et
1935 584 2156 654 iniusti:
2197 633 2201 636 .

589 687 684 758 qui
715 686 840 740 dum
878 697 1174 752 pauperum
1221 680 1552 736 substantias
1588 678 1866 748 diripiunt;
1893 690 2044 732 more
2073 674 2159 729 lu-
2193 702 2196 704 -

587 791 781 849 porum
823 772 978 844 quasi
1019 786 1209 827 carnes
1253 771 1434 826 ovium
1467 769 1781 824 dilacerant.
1821 764 1930 822 Sed
1955 779 2161 820 merce-

588 867 773 922 narius
815 863 961 920 videt
997 862 1180 933 lupum
1233 861 1569 925 venientem,
1607 866 1664 914 et
1689 856 1911 913 dimittit
1934 870 2085 920 oves,
2105 863 2161 912 et

586 956 726 1029 fugit
748 956 904 1026 :quia
930 954 1165 1010 carnalis
1185 961 1390 1023 pastor,
1419 959 1632 1006 terrena
1657 947 1981 1019 patrimonia
2003 947 2160 1001 amit-

585 1055 701 1102 tere
726 1047 945 1112 timens,
977 1044 1077 1101 sub
1099 1043 1313 1100 silentio
1345 1057 1404 1098 se
1427 1037 1727 1099 abscondit.
1776 1037 1936 1110 Fugit
1955 1046 2157 1103 autem,

585 1155 693 1195 non
737 1138 993 1194 mutando
1039 1136 1253 1203 locum,
1312 1135 1406 1191 sed
1459 1129 1823 1189 subtrahendo
1862 1128 2155 1185 solatium:

583 1231 708 1302 quia
739 1245 860 1285 cum
887 1229 1157 1299 subjectos
1200 1243 1232 1282 a
1269 1219 1752 1298 potentibus'videt
1773 1220 2023 1292 opprimi,
2051 1233 2158 1275 non

583 1319 928 1386 contradicit,
957 1329 1019 1374 ut
1037 1319 1229 1376 liberet
1253 1331 1544 1388 pauperem
1578 1322 1633 1370 et
1657 1328 1888 1385 egenum
1908 1313 1974 1368 de
1997 1326 2158 1367 manu

584 1412 824 1481 ipsorum
851 1451 867 1476 ,
917 1409 1011 1466 sed
1061 1409 1235 1480 magis
1273 1406 1542 1464 adulando
1586 1405 1806 1474 decipit.
1863 1404 1938 1458 De
1965 1402 2161 1472 quibus

582 1503 1030 1574 perfoprophetam
1061 1501 1300 1557 dicitur:
1333 1519 1353 1552 ι
1379 1498 1577 1555 Omnes
1601 1498 1871 1569 principes
1893 1496 1969 1551 tui
2012 1495 2160 1566 fuge-

584 1602 710 1648 runt
743 1595 983 1662 dureque
1028 1591 1177 1663 ligati
1221 1599 1346 1646 sunt
1385 1589 1520 1660 (Isa.
1548 1590 1704 1659 ml).
1739 1609 1759 1641 ι
1806 1586 1874 1641 Et
1918 1587 2156 1642 iterum:

587 1704 606 1736 ι
644 1685 808 1751 Quasi
835 1683 1022 1754 vulpes
1050 1684 1103 1738 in
1118 1683 1351 1747 deserto,
1373 1681 1651 1751 prophetae
1680 1679 1777 1744 tui,
1792 1677 1979 1743 Israel,
2002 1685 2160 1732 erant

581 1775 798 1846 (Ezech.
831 1775 973 1847 xui).
1006 1795 1024 1828 ι
1069 1773 1307 1842 Quorum
1331 1771 1739 1843 vituperabilem
1771 1771 2018 1826 timorem
2049 1770 2156 1824 Do-

2262 585 2458 655 quaaris
2517 599 2685 654 quare
2721 584 3093 641 mercenarius
3127 583 3338 656 fugiat,
3370 584 3568 642 nullam
3591 587 3797 650 invenies

2259 675 2574 731 viciniorem
2603 674 2708 730 nisi
2753 675 2881 745 quia
2911 677 3276 732 mercenarius
3302 685 3404 731 est.
3443 676 3544 743 Qui
3562 681 3696 735 enim
3713 699 3795 739 non

2260 780 2446 821 amore
2476 765 2680 830 divino,
2723 765 2817 821 sed
2846 765 3134 822 dilectione
3169 767 3477 837 cupiditatis
3515 778 3570 825 et
3597 780 3798 842 potesta-

2260 857 2330 912 tis
2374 871 2590 928 gregem
2629 856 2967 913 Dominicum
3009 858 3214 927 pascit,
3262 873 3389 914 mox
3425 867 3487 914 ut
3529 861 3682 917 timor
3706 864 3797 920 btec

2259 946 2543 1002 amittendi
2566 947 2877 1012 accesserit,
2921 946 3009 1001 ille
3039 947 3267 1012 recedit,
3307 959 3363 1004 et
3386 949 3431 1004 si
3458 964 3562 1004 non
3585 965 3796 1023 corpore,

2257 1045 2438 1093 tamen
2454 1045 2650 1102 mente,
2669 1037 2816 1107 quia,
2835 1037 2990 1108 juxta
3014 1037 3311 1094 Psalmistre
3325 1053 3534 1106 vocem,
3555 1061 3574 1092 ι
3596 1041 3696 1097 illic
3715 1052 3798 1100 tre-

2257 1129 2405 1200 pidat
2426 1129 2636 1192 timore,
2676 1128 2766 1184 ubi
2795 1143 2906 1184 non
2929 1137 3049 1184 erat
3072 1129 3234 1185 timor
3261 1128 3436 1202 (Psal.
3459 1129 3578 1203 LII).
3605 1151 3622 1183 ι
3641 1131 3709 1188 De
3730 1143 3795 1188 ta-

2257 1220 2400 1276 libus
2425 1236 2523 1291 per
2547 1219 2835 1278 Jeremiam
2857 1222 3176 1293 prophetam
3205 1222 3401 1278 dicitur
3425 1241 3440 1277 :
3470 1241 3491 1275 ι
3519 1223 3796 1281 Mercenarii

2258 1328 2471 1383 quoque
2497 1313 2574 1368 tui
2602 1354 2618 1379 ,
2665 1314 2758 1384 qui
2789 1314 3143 1370 versabantur
3168 1315 3224 1369 in
3245 1315 3424 1371 medio
3449 1317 3548 1382 tui,
3573 1320 3713 1388 quasi
3738 1321 3799 1374 vi-

2259 1403 2358 1459 tuli
2384 1405 2616 1474 saginati
2644 1412 2822 1472 erant,
2851 1403 3107 1476 fugerunt
3133 1407 3326 1479 simul,
3344 1423 3446 1464 nec
3476 1417 3620 1464 stare
3640 1421 3796 1480 potue-

2259 1502 2386 1548 runt
2413 1493 2547 1563 (Jer.
2575 1494 2745 1566 XLVI).
2775 1514 2795 1548 ι
2845 1493 3088 1564 Diligunt
3121 1497 3266 1552 enim
3307 1498 3689 1569 principaliter,
3716 1517 3800 1572 quo

2257 1589 2484 1657 perdere
2509 1597 2800 1659 potuerunt
2839 1589 3208 1659 laudabiliter,
3245 1593 3298 1648 id
3335 1603 3420 1650 est
3449 1609 3544 1652 res
3575 1605 3798 1662 terrenas,

2257 1686 2315 1733 et
2328 1694 2434 1734 non
2458 1679 2650 1734 timent
2674 1680 2943 1746 amittere,
2974 1685 3118 1752 quod
3140 1683 3258 1740 sine
3287 1686 3435 1756 gravi
3465 1688 3698 1757 periculo
3715 1704 3799 1744 non

2260 1779 2487 1841 possunt
2515 1773 2851 1842 relinquere,
2887 1773 2939 1829 id
2964 1777 3291 1833 est.animas
3320 1777 3699 1849 subjectorum.
3745 1782 3802 1836 De

581 1871 762 1924 minus
789 1869 915 1924 alibi
945 1883 1044 1938 per
1068 1868 1385 1938 prophetam
1410 1867 1704 1937 redarguit,
1739 1865 1924 1920 dicens
1948 1881 1961 1919 :
1994 1882 2014 1917 ι
2037 1861 2154 1920 Non
2182 1852 2230 1912 Β
2255 1865 2451 1935 quibus
2487 1864 2806 1936 sub'specie
2846 1865 3171 1923 struthionis
3209 1883 3310 1938 per
3333 1869 3555 1926 beatum
3579 1869 3675 1927 Job
3699 1871 3801 1926 dici-

579 1961 898 2016 ascendistis
933 1976 1000 2016 ex
1041 1961 1272 2016 adverso
1296 2001 1311 2025 ,
1357 1973 1533 2029 neque
1565 1957 1891 2028 opposuistis
1937 1971 2151 2012 murum

577 2067 678 2123 pro
700 2039 860 2107 domo
887 2051 1084 2118 Israel,
1132 2059 1190 2106 ut
1239 2051 1455 2107 staretis
1482 2051 1536 2106 in
1559 2049 1744 2122 praelio
1771 2050 1826 2104 in
1855 2049 1942 2105 die
1968 2048 2152 2104 Domi-

577 2145 634 2200 ni
660 2143 869 2216 (Ibid.).
905 2164 925 2198 ι
960 2144 1056 2200 Est
1083 2153 1139 2200 et
1169 2144 1307 2200 alius
1331 2144 1486 2213 lupus
1513 2141 1831 2209 invisibilis,
1860 2142 1952 2213 qui
1979 2140 2155 2212 quoti-

577 2234 668 2289 die
707 2249 814 2290 non
857 2249 1121 2306 corpora,
1171 2235 1264 2291 sed
1294 2234 1504 2290 animas
1534 2233 1874 2304 peccantium
1916 2232 2150 2298 lacerat;

578 2325 670 2382 ille
690 2326 896 2382 scilicet
920 2327 989 2382 de
1019 2341 1126 2397 quo
1165 2326 1243 2382 ait
1279 2325 1473 2381 Petrus
1502 2323 1774 2396 apostolus
1799 2342 1813 2378 :
1846 2341 1865 2375 ι
1893 2323 2157 2379 Adversa-

577 2418 692 2474 rius
739 2427 921 2473 vester
964 2416 1209 2473 diabolus
1244 2425 1499 2487 tanquam
1547 2415 1632 2471 leo
1681 2415 1899 2486 rugiens
1940 2413 2153 2479 circuit,

579 2524 828 2580 quaerens
855 2524 1014 2581 quem
1035 2511 1253 2566 devoret
1282 2507 1334 2582 (Ι
1348 2507 1494 2562 Pctr.
1511 2508 1589 2580 v).
1613 2528 1634 2562 ι
1665 2508 1801 2563 Dum
1821 2506 1966 2563 enim
1991 2505 2156 2560 alium

579 2603 648 2658 ad
683 2602 1012 2672 superbiam,
1051 2601 1214 2656 alium
1239 2602 1305 2656 ad
1331 2600 1676 2666 adulterium,
1722 2599 1886 2654 alium
1912 2599 1980 2654 ad
2015 2598 2156 2668 rapi-

578 2706 728 2757 nam,
754 2691 918 2747 alium
947 2692 1014 2746 ad
1038 2691 1475 2757 fornicationem,
1507 2690 1671 2745 alium
1701 2689 1768 2743 ad
1805 2687 2156 2744 homicidium

579 2783 845 2854 pertrahit
866 2823 882 2849 ,
929 2795 1078 2838 more
1099 2783 1345 2854 luporum
1371 2781 1523 2852 quasi
1545 2793 1738 2836 carnes
1760 2777 1943 2832 ovium
1964 2775 2151 2829 laniat.

581 2875 689 2931 Sed
722 2876 1083 2931 mercenarius
1112 2876 1247 2931 vidit
1274 2877 1454 2945 lupum
1479 2873 1814 2936 venientem,
1855 2878 1910 2925 et
1935 2868 2160 2923 dimittit

579 2981 710 3022 oves
739 2975 792 3020 et
815 2966 979 3037 fugit,
1015 2982 1137 3022 cum
1166 2967 1211 3022 is
1239 2966 1330 3035 qui
1356 2980 1461 3020 nou
1489 2977 1588 3032 pro
1619 2961 1802 3017 divino
1831 2973 2014 3014 amore
2038 2971 2156 3028 gre-

581 3075 699 3130 gem
726 3060 820 3114 Dei
849 3060 1044 3130 pascit,
1071 3067 1258 3114 contra
1294 3059 1408 3112 haec
1443 3055 1574 3109 vitia
1602 3053 1746 3108 nullo
1768 3051 1882 3106 zelo
1912 3049 2156 3106 accendi-

581 3156 686 3211 tur,
721 3147 869 3203 nullo
896 3149 1082 3204 dolore
1111 3155 1376 3210 movetur,
1407 3143 1550 3199 nulla
1572 3140 1970 3213 praedicationis
2001 3154 2151 3194 arma

2259 1963 2348 2010 tur
2373 1972 2386 2008 :
2422 1972 2442 2006 ι
2463 1953 2688 2022 Quando
2706 1955 3042 2027 derelinquit
3062 1957 3117 2012 in
3142 1965 3286 2013 terra
3307 1973 3409 2015 ova
3429 1974 3554 2026 sua,
3569 1961 3802 2017 oblivisci-

2256 2053 2346 2100 tur
2381 2045 2524 2116 quod
2566 2061 2663 2117 pes
2705 2045 2941 2103 hominis
2985 2047 3264 2104 conculcet
3291 2062 3386 2115 ea,
3429 2057 3491 2105 et
3517 2050 3694 2106 bestia:
3713 2051 3800 2121 agri

2262 2146 2550 2197 conterant
2573 2137 2695 2209 (Job
2718 2138 2930 2211 xxxix).
2957 2158 2976 2192 ι
3019 2138 3154 2194 Sunt
3195 2147 3372 2195 autem
3394 2140 3636 2196 nonnulli
3658 2150 3802 2214 recto:

2257 2245 2371 2295 res,
2423 2231 2514 2300 qui
2556 2230 2803 2300 quamvis
2829 2230 2970 2285 bene
2995 2230 3256 2296 doceant,
3307 2239 3490 2287 tamen
3535 2232 3658 2303 quia
3693 2232 3803 2285 male

2255 2321 2466 2386 vivunt,
2495 2323 2666 2392 magis
2695 2322 2838 2377 inter
2878 2323 3241 2378 mercenarius
3278 2338 3438 2392 quam
3483 2324 3626 2380 inter
3651 2306 3801 2394 pasto-

2257 2427 2346 2468 res
2372 2421 2783 2492 computantur:
2816 2412 3072 2484 quoniam
3103 2427 3238 2482 quos
3269 2412 3406 2469 bene
3434 2415 3675 2472 docendo
3702 2429 3800 2469 eru-

2257 2503 2432 2570 diunt,
2455 2504 2554 2558 hos
2580 2503 2719 2559 male
2738 2504 2950 2560 vivendi
2977 2503 3228 2576 exemplo
3259 2504 3565 2562 destruunt.
3620 2507 3690 2562 De
3711 2506 3804 2577 qui-

2257 2594 2359 2648 bus
2403 2607 2500 2663 per
2532 2593 2850 2664 prophetam
2884 2593 3120 2650 dicitur:
3156 2614 3175 2648 ι
3209 2593 3344 2650 Cum
3381 2595 3485 2666 ipsi
3521 2595 3801 2668 limpidissi-

2257 2700 2402 2740 mam
2455 2699 2651 2755 aquam
2701 2685 2995 2752 biberetis,
3047 2687 3305 2758 reliquam
3360 2689 3588 2759 pedibus
3640 2686 3804 2743 vestris

2259 2775 2585 2830 turbabatis.
2639 2774 2707 2829 Et
2729 2790 2859 2831 oves
2891 2791 3044 2841 meas,
3089 2793 3209 2846 quae
3240 2778 3465 2848 pedibus
3489 2779 3677 2835 vestris
3697 2791 3808 2832 con-

2258 2865 2482 2920 calcata:
2520 2865 2768 2932 fuerant,
2814 2867 3218 2938 pascebantur;
3247 2879 3302 2924 et
3337 2886 3457 2940 quae
3483 2873 3646 2941 pedes
3665 2867 3806 2923 vestri

2258 2956 2758 3022 turbaverant,b:ec
2777 2957 3034 3012 bibebant
3059 2958 3274 3029 (Ezech.
3293 2962 3500 3034 xxxrv).
3526 2983 3545 3015 ι
3583 2962 3686 3018 Sed
3698 2975 3809 3016 mer-

2257 3051 2597 3106 cenariorum
2618 3051 2764 3107 vitiis
2789 3049 3098 3121 patefactis,
3124 3053 3383 3108 Dominus
3404 3056 3472 3109 ad
3497 3055 3630 3109 boni
3657 3061 3807 3123 pasto

2257 3141 2334 3196 ris
2369 3138 2601 3196 officium
2648 3155 2953 3197 sermonem
2997 3144 3283 3210 convertit,
3314 3143 3540 3200 dicens»:

579 3239 820 3308 opponit.
857 3239 1018 3310 Fugit
1037 3238 1204 3303 enim,
1239 3251 1364 3290 cum
1389 3250 1448 3289 se
1480 3235 1581 3290 sub
1607 3233 1819 3289 silentio
1846 3229 2149 3287 abscondit.
2179 3216 2224 3280 C
2332 3253 2351 3286 ι
2378 3233 2490 3306 Ego
2519 3248 2638 3290 sum
2678 3243 2860 3305 pastor
2883 3236 3090 3303 bonus,
3121 3246 3177 3292 et
3209 3251 3476 3309 cognosco
3502 3250 3640 3292 oves
3673 3250 3798 3292 meas

579 3327 739 3397 Fugit
785 3328 979 3392 etiam,
1028 3342 1151 3382 cum
1177 3323 1447 3394 subjectos
1476 3339 1575 3396 per
1608 3324 1820 3379 diversa
1856 3322 1987 3377 vitia
2008 3322 2153 3376 videt

581 3419 916 3489 coinquinari
945 3436 957 3471 :
989 3425 1043 3471 et
1091 3423 1233 3470 tacet
1279 3415 1406 3485 quia
1433 3429 1540 3470 non
1564 3414 1808 3485 corrigit,
1839 3428 1948 3469 non
1969 3412 2150 3469 consi-

582 3510 778 3565 derans
819 3508 945 3562 illud
986 3507 1130 3578 quod
1169 3505 1456 3577 Apostolus
1477 3505 2048 3576 Timotheoprtecepit
2069 3504 2151 3560 di-

579 3613 747 3654 cens:
779 3617 797 3650 ‹
820 3597 1010 3653 Testor
1029 3611 1212 3652 coram
1239 3597 1374 3664 Deo,
1410 3606 1466 3654 et
1490 3597 1706 3652 Christo
1730 3595 1879 3662 Jesu,
1907 3596 1998 3666 qui
2012 3594 2157 3664 judi-

581 3697 799 3744 caturus
820 3695 905 3742 est
924 3687 1076 3743 vivos
1098 3696 1155 3743 et
1173 3697 1445 3755 mortuos;
1477 3688 1710 3759 praedica
1739 3688 1980 3750 verbum,
2013 3686 2156 3740 insta

580 3785 880 3850 Opportune
898 3819 914 3846 ,
945 3779 1282 3850 importune,
1311 3793 1506 3849 argue,
1530 3780 1787 3844 obsecra,
1822 3778 2042 3847 increpa
2069 3773 2156 3848 (11

588 3871 724 3926 Tim.
755 3871 853 3940 ιν).
891 3891 911 3925 ι
951 3871 1112 3928 Tales
1148 3873 1292 3929 enim
1332 3887 1439 3927 non
1481 3871 1654 3926 solum
1688 3870 1756 3924 de
1781 3869 2038 3940 propriis,
2064 3869 2159 3925 sed

583 3963 750 4019 etiam
775 3962 842 4019 de
863 3962 1227 4032 subjectorum
1255 3962 1514 4018 reddituri
1539 3969 1664 4016 sunt
1685 3961 1948 4017 rationem
1965 4001 1982 4027 ,
2019 3961 2162 4016 sicut

583 4053 843 4110 Dominus
889 4070 987 4126 per
1033 4053 1370 4111 Ezechieletn
1418 4051 1732 4108 terribiliter
1777 4051 2158 4116 comminatur,

584 4145 769 4200 dicens
793 4160 806 4199 :
839 4163 858 4198 ι
883 4145 1287 4217 Speculatorem
1314 4143 1437 4200 dedi
1468 4153 1520 4199 te
1548 4143 1729 4199 domui
1750 4141 1933 4198 Israel.
1968 4141 2026 4197 Si
2055 4157 2163 4197 non

585 4237 994 4293 annuntiaveris
1041 4239 1225 4309 iniquo
1262 4237 1602 4307 iniquitatem
1651 4249 1824 4302 suam,
1846 4235 2162 4306 sanguinem

583 4327 702 4396 ejus
742 4329 810 4384 de
838 4343 1004 4384 manu
1030 4338 1120 4384 tua
1152 4329 1428 4400 requiram
1461 4325 1678 4400 (Ezech.
1709 4325 1816 4398 ιιι).
1847 4344 1868 4378 ι
1907 4324 2165 4381 Conside-

586 4422 814 4477 randum
860 4431 946 4478 est
990 4423 1155 4477 etiam
1213 4422 1446 4492 qualiter
1481 4419 1851 4477 mercenarius
1903 4432 2032 4474 urso
2067 4431 2162 4472 ve-

585 4513 768 4569 niente
815 4512 1005 4584 fugiat.
1037 4512 1141 4568 Per
1171 4528 1358 4568 ursum
1393 4528 1650 4583 namque,
1677 4511 1770 4580 qui
1802 4516 2083 4565 versutum
2107 4515 2164 4564 et

587 4606 840 4662 callidum
869 4615 954 4663 est
975 4607 1199 4672 animal,
1224 4615 1284 4660 ut
1309 4605 1533 4675 quidam
1559 4605 1773 4670 dicunt,
1806 4601 2048 4658 haeretici
2068 4600 2163 4656 de-

587 4699 892 4770 signantur,
942 4699 1034 4769 qui
1073 4714 1168 4769 per
1204 4713 1428 4770 pravam
1460 4696 1760 4754 doctrinam
1789 4695 1949 4751 mites
1979 4693 2034 4748 in
2060 4691 2162 4749 Ec-

585 4791 750 4848 clesia
779 4791 1028 4862 decipere
1054 4805 1160 4846 non
1189 4799 1422 4846 cessant.
1475 4788 1582 4846 Sed
1603 4787 1972 4845 mercenarius
1994 4793 2050 4842 et
2070 4785 2164 4855 qui

587 4895 698 4935 non
743 4888 828 4935 est
870 4889 1074 4950 pastor,
1137 4880 1282 4935 videt
1320 4894 1505 4934 ursum
1545 4879 1851 4934 venientem
1903 4884 1960 4932 et
2005 4874 2160 4946 fugit,

589 4972 804 5042 quando
829 4971 1098 5043 subjectos
1125 4971 1194 5026 ab
1224 4971 1490 5028 haereticis
1520 4969 1602 5026 vel
1625 4969 1807 5041 pravis
1830 4967 2162 5030 doctoribus,

591 5063 737 5119 intra
775 5072 1017 5120 sanctam
1063 5063 1361 5120 Ecclesiam
1399 5072 1456 5120 et
1495 5062 1768 5134 simplices
1800 5060 1974 5129 decipi
2000 5059 2160 5125 videt,

591 5161 648 5209 et
693 5168 798 5208 non
847 5168 946 5224 per
985 5156 1361 5211 auctoritatem
1415 5153 1717 5208 divinarum
1762 5149 2162 5220 Scripturarum

594 5243 932 5300 contradicit.
964 5245 1042 5300 De
1063 5245 1258 5300 talibus
1285 5244 1543 5298 Dominus
1567 5256 1665 5312 per
1702 5238 2018 5310 prophetam
2039 5239 2117 5293 ait
2145 5255 2159 5294 :

600 5353 622 5389 ι
651 5336 825 5394 Canes
863 5337 999 5394 muti
1041 5353 1150 5393 non
1189 5336 1428 5392 valentes
1474 5333 1706 5398 latrare,
1740 5330 1982 5386 videntes
2005 5345 2160 5396 vana,

596 5430 925 5487 dormientes
944 5439 1001 5487 et
1024 5437 1268 5485 amantes
1295 5426 1526 5492 somnia,
1557 5433 1614 5480 et
1631 5438 1797 5480 canes
1818 5423 2165 5493 impudentis—

597 5520 721 5577 simi
749 5521 1057 5578 nescierunt
1078 5518 1433 5575 saturitatem.
1472 5516 1574 5587 Ipsi
1589 5515 1735 5571 enim
1753 5522 1999 5586 pastores
2018 5514 2168 5586 igno-

598 5626 858 5672 raverunt
903 5617 1184 5672 scientiam
1235 5614 1369 5685 (lca.
1410 5614 1541 5686 va).
1565 5633 1585 5668 ι
1639 5613 1715 5670 De
1747 5614 1941 5686 quibus
1991 5614 2168 5670 adhuc

602 5709 846 5764 subditur
871 5727 882 5760 :

678 5820 697 5854 ι
717 5800 1078 5858 Merceuarius
1103 5810 1282 5858 autem
1305 5800 1475 5874 fugit,
1511 5803 1635 5882 quia
1673 5802 2038 5859 mercenarius
2064 5808 2168 5864 est,

2262 3347 2280 3380 ι
2311 3335 2368 3382 et
2396 3336 2726 3400 cognoscunt
2755 3343 2843 3384 me
2862 3342 3015 3385 meae.
3044 3349 3064 3383 ι
3091 3329 3244 3398 Quod
3270 3339 3356 3387 est
3383 3339 3572 3403 aperte
3595 3331 3768 3388 dicere
3791 3349 3799 3359 ’

2261 3436 2280 3470 ι
2307 3417 2582 3490 Cognosce
2623 3434 2773 3476 meas
2799 3438 2848 3486 ι,
2891 3418 2945 3475 id
2983 3429 3066 3476 est
3103 3421 3267 3491 diligo
3313 3436 3426 3478 eas.
3487 3439 3506 3474 ι
3535 3421 3608 3478 Et
3639 3438 3799 3492 cogno

2258 3518 2416 3565 scunt
2447 3524 2536 3566 me
2554 3525 2711 3582 meae,
2733 3530 2752 3563 ι
2788 3511 2844 3566 id
2868 3520 2954 3567 est
2978 3511 3260 3584 diligentes
3281 3527 3369 3568 me
3396 3513 3515 3568 voci
3547 3528 3680 3569 mea:
3707 3513 3804 3569 obe-

2257 3601 2429 3656 diunt.
2487 3601 2564 3656 De
2599 3603 2794 3672 quibus
2832 3601 2960 3657 alibi
3000 3601 3260 3659 Dominus
3298 3603 3416 3658 ait:
3459 3620 3478 3654 ι
3506 3601 3650 3659 Oves
3696 3617 3802 3657 mea:

2258 3706 2442 3749 vocem
2471 3707 2648 3748 meam
2672 3694 2914 3759 audiunt,
2935 3701 2990 3749 et
3007 3707 3109 3766 ego
3127 3693 3386 3752 Dominus
3422 3709 3688 3766 cognosco
3711 3707 3801 3753 eas.

2257 3793 2315 3841 et
2360 3797 2659 3856 sequuntur
2699 3801 2825 3854 me,
2847 3847 2849 3850 ι
2874 3795 2930 3841 et
2967 3786 3132 3842 vitam
3169 3795 3430 3843 mternam
3458 3786 3530 3842 do
3559 3787 3670 3851 eis,
3692 3793 3739 3839 et
3762 3784 3801 3836 in

2258 3884 2518 3932 aeternum
2548 3892 2654 3934 non
2684 3877 2968 3946 peribunt,
3015 3891 3118 3932 nec
3150 3878 3324 3948 rapiet
3345 3891 3438 3932 eas
3459 3876 3730 3948 quisquam
3753 3873 3801 3926 de

2259 3983 2426 4024 manu
2445 3983 2584 4025 mea.
2622 3988 2642 4020 ι
2685 3967 2839 4024 Hunc
2863 3984 2994 4039 ergo
3017 3970 3218 4026 bonum
3240 3980 3515 4042 pastorem
3544 3971 3632 4026 alii
3661 3977 3801 4040 pasto-

2260 4072 2350 4114 res
2383 4059 2584 4113 imitari
2605 4059 2822 4126 debent,
2845 4068 2907 4115 ut
2927 4075 3063 4131 quos
3083 4075 3181 4116 suo
3201 4061 3463 4132 regimine
3490 4063 3798 4134 cognoscent.

2261 4165 2396 4221 puro
2418 4159 2472 4204 et
2503 4150 2716 4206 sincero
2746 4151 2928 4207 animo
2959 4151 3200 4224 diligant.
3241 4152 3394 4208 Unde
3421 4153 3628 4224 primus
3649 4158 3799 4223 pastor
3897 4141 3904 4152 '

2262 4240 2517 4296 Ecclesia:
2559 4241 2796 4313 reliquos
2829 4250 3073 4313 pastores
3113 4233 3397 4308 admonet,
3444 4244 3657 4300 dicens:
3687 4239 3796 4292 «Se-

2263 4333 2446 4388 uiores
2473 4333 2564 4402 qui
2592 4333 2646 4389 in
2675 4334 2828 4389 vobis
2855 4342 3010 4400 sunt,
3038 4333 3265 4390 obsecro
3289 4337 3580 4391 conscnior
3604 4344 3656 4389 et
3677 4329 3796 4387 testis

2263 4426 2462 4482 Christi
2501 4427 2842 4496 passionum,
2886 4426 2976 4497 qui
3001 4435 3058 4481 et
3105 4425 3222 4496 ejus
3247 4442 3367 4497 quae
3404 4429 3458 4482 in
3484 4428 3659 4484 futuro
3678 4437 3788 4480 reve-

2267 4515 2427 4572 landa
2452 4525 2539 4574 est
2559 4517 2745 4588 gloriae
2770 4518 3218 4584 communicator,
3258 4519 3462 4590 pascite
3488 4521 3655 4590 quiin
3679 4513 3794 4570 vobis

2266 4617 2351 4666 est
2369 4622 2586 4680 gregem
2606 4609 2738 4674 Dei,
2786 4610 3128 4680 providentes
3147 4625 3256 4665 non
3275 4619 3482 4675 coacto,
3507 4611 3601 4666 sed
3623 4614 3794 4679 sponta-

2268 4714 2388 4766 nee,
2415 4699 2710 4754 secundum
2740 4700 2942 4754 Deum:
2970 4713 3143 4770 neque
3163 4701 3336 4772 turpis
3359 4701 3495 4758 lucri
3521 4701 3706 4774 gratia,
3723 4694 3792 4751 sed

2266 4789 2583 4854 voluntarie,
2614 4805 2788 4860 neque
2810 4800 2870 4845 ut
2901 4791 3236 4846 dominantes
3264 4792 3316 4847 in
3341 4792 3524 4860 cleris,
3546 4791 3635 4848 sed
3655 4788 3791 4843 forma

2266 4877 2394 4934 facti
2425 4879 2602 4949 gregis
2629 4888 2684 4933 et
2705 4895 2772 4934 ex
2795 4880 2973 4935 animo
2998 4895 3012 4934 :
3037 4889 3095 4936 ut
3119 4896 3242 4936 cum
3260 4883 3570 4952 apparuerit
3585 4880 3790 4952 princeps

2263 4971 3378 5042 pastorum,percipiatisimmarcescibilem
3389 4974 3572 5044 gloria:
3581 4979 3786 5028 coronam

2271 5061 2325 5132 (Ι
2347 5059 2465 5117 Pet.
2488 5061 2563 5134 v).
2601 5083 2620 5114 ›
2664 5063 2816 5119 Sicut
2849 5065 2994 5120 enim
3033 5067 3351 5122 mercenarii
3395 5081 3505 5122 non
3549 5064 3700 5122 solum
3739 5057 3786 5112 de

2270 5155 2384 5210 suis
2406 5155 2574 5222 vitiis,
2606 5156 2701 5212 sed
2727 5157 2890 5212 etiam
2917 5157 2985 5212 de
3010 5157 3373 5228 subjectorum
3399 5173 3612 5214 suorum
3638 5147 3783 5209 crimi-

2272 5248 2430 5304 nibus
2457 5248 2650 5305 durius
2676 5249 2965 5306 damnandi
2988 5260 3114 5307 sunt
3138 5269 3152 5307 :
3184 5253 3264 5308 sic
3301 5252 3426 5308 boni
3449 5261 3677 5324 pastores
3693 5256 3784 5302 cum

2273 5340 2440 5394 tantis
2463 5349 2518 5396 et
2541 5355 2640 5411 pro
2666 5341 2830 5397 tantis
2849 5343 3338 5400 remunerationem
3359 5345 3636 5416 accipient,
3660 5350 3785 5410 quan-

2272 5441 2356 5487 tos
2395 5447 2494 5488 suo
2543 5432 2788 5503 exemplo
2821 5433 2905 5489 vel
2962 5434 3339 5503 prmdicatione
3395 5435 3527 5492 lucri
3579 5428 3781 5489 fecerint.

2272 5533 2399 5580 tunc
2429 5524 2636 5580 scilicet
2677 5526 2891 5595 quando
2929 5525 3075 5582 illam
3095 5527 3502 5585 desiderabilem
3522 5538 3686 5583 vocem
3709 5532 3782 5573 au-

2272 5616 2388 5672 dire
2415 5616 2764 5671 merebuntur
2792 5633 2846 5670 ει
2877 5617 3046 5687 Euge,
3075 5633 3227 5674 serve
3258 5619 3396 5674 bone
3416 5629 3473 5674 et
3493 5617 3665 5680 lidelis,
3686 5608 3782 5680 quia

2273 5722 2436 5780 super
2455 5723 2626 5780 pauca
2647 5708 2791 5765 fuisti
2816 5710 3010 5776 ﬁdelis,
3034 5726 3197 5781 supra
3224 5712 3389 5767 multa
3413 5721 3464 5768 te
3489 5709 3783 5769 constituam.

2277 5801 2418 5857 intra
2465 5801 2518 5856 in
2557 5801 2811 5872 gaudium
2846 5802 3052 5858 nomini
3086 5802 3161 5858 tui
3191 5801 3405 5875 (Matth.
3437 5803 3577 5876 xxv).
3604 5821 3620 5853 ι
3668 5789 3785 5851 Unde
