4014 6354
265 394 371 450 505

1485 393 1788 451 HOMILlA-l
1831 393 1917 449 DE
1953 394 2296 453 TEMPOBE.

3395 406 3498 461 506

266 503 402 558 bene
430 511 555 558 nato
579 501 804 558 Domino
825 503 1042 574 angelus
1079 504 1384 573 pastoribus
1416 493 1683 575 apparuit,
1715 520 1834 561 eos-
1861 507 1912 568 Α
1938 517 2065 563 sunt
2085 507 2250 565 Judaei
2280 510 2347 564 ad
2377 512 2556 566 Iidem.
2597 532 2616 564 1
2646 513 2713 567 Et
2741 529 2881 569 unus
2909 523 3113 585 pastor.
3147 535 3165 569 1
3209 516 3326 586 Ipse
3350 519 3499 574 scili-

261 613 368 668 que
414 597 631 652 claritas
672 596 766 653 Dei
809 595 1197 663 circumfulsit,
1232 605 1286 652 ut
1322 597 1682 666 intelligamus
1707 599 1832 669 quia

1935 606 2022 653 cet
2050 598 2305 655 Dominus
2331 599 2487 658 Jesus
2510 601 2777 671 Christus,
2823 605 2890 660 de
2931 621 3038 676 quo
3074 622 3172 678 per
3198 608 3516 678 apostolum"

262 687 383 742 illos
419 687 589 758 gratia
619 687 713 744 Dei
754 687 811 742 in
839 688 1092 758 praesenti
1130 688 1428 757 perfectius
1464 687 1750 756 illuminat,
1780 698 1835 744 et
1933 692 2150 748 Petrum
2179 695 2522 750 credentibus
2545 697 2771 752 dicitur:
2797 719 2814 751 1
2837 699 3016 756 Eratis
3039 701 3184 756 enim
3215 702 3502 772 aliquando

259 777 546 832 sublimior
577 791 788 834 merces
833 778 889 833 in
926 777 1106 834 futuro
1129 781 1456 845 reinunerat,
1493 780 1586 849 qui
1613 794 1830 851 gregem

258 865 601 922 Dominicum
622 867 803 922 divino
828 883 1013 923 amore
1049 869 1187 924 bene
1215 871 1454 926 docendo
1477 886 1699 941 pascere
1726 888 1832 928 non

258 967 534 1024 recusant,
559 959 809 1028 quoniam
840 959 979 1014 sicut
1003 959 1080 1014 ait
1106 959 1292 1015 Daniel
1316 977 1331 1014 :
1365 980 1383 1013 1
1406 960 1662 1028 Qui'docti
1684 972 1831 1030 sunt,

256 1046 539 1116 fulgebunt
563 1048 716 1118 quasi
757 1048 922 1105 stella:
955 1049 1009 1104 in
1035 1049 1415 1106 ﬁrmamento:
1459 1062 1511 1107 et
1534 1054 1624 1123 qui
1655 1053 1720 1108 ad
1739 1054 1831 1124 ju-

254 1140 459 1195 stitiam
496 1140 750 1197 erudiunt
784 1142 1016 1210 multos,
1073 1143 1213 1199 sicut
1253 1143 1419 1200 stella:
1459 1144 1514 1200 in
1545 1155 1831 1216 perpetuas

251 1233 591 1288 aeternitates
625 1232 791 1304 (Dan.
822 1234 942 1306 ιιι).
967 1253 985 1286 1

331 1342 350 1373 1
386 1320 540 1378 Sicut
573 1323 724 1378 novit
745 1317 1042 1392 me'Pater,
1077 1333 1133 1381 et
1165 1340 1265 1396 ego
1285 1341 1516 1398 agnosco
1541 1327 1773 1383 Patrem.
1802 1347 1822 1380 1

250 1412 413 1469 Novit
453 1413 614 1468 Pater
649 1413 844 1469 Filium
869 1429 976 1469 non
1008 1417 1398 1487 temporaliter,
1440 1419 1532 1473 sed
1563 1418 1832 1473 mternali-

253 1512 356 1569 ter,
408 1513 734 1558 coaeternum
779 1512 836 1560 et
874 1507 1384 1561 consubstantialem
1426 1507 1528 1562 sibi
1565 1508 1828 1578 gignendo

246 1594 472 1661 Filium,
504 1593 555 1649 id
589 1601 673 1649 est
700 1595 936 1650 Verbum
979 1604 1034 1651 et
1082 1597 1422 1666 sapientiam.
1466 1595 1827 1653 Nihilominus

247 1687 421 1743 Filius
459 1687 674 1744 Patrem
716 1689 844 1757 quia
883 1690 1094 1760 genitus
1123 1697 1206 1747 est
1245 1705 1276 1744 a
1313 1690 1494 1756 Patre,
1521 1691 1661 1746 sicut
1711 1691 1826 1762 ipse

244 1780 324 1834 ait
373 1781 428 1835 in
466 1781 792 1854 Evangelio:
828 1803 845 1835 1
871 1783 1041 1840 Nemo
1084 1784 1232 1839 novit
1275 1783 1469 1839 Filium
1510 1785 1610 1839 nisi
1639 1784 1822 1850 Pater,

1934 785 2073 840 sicut
2119 800 2248 841 oves
2293 797 2567 853 errantes,
2619 790 2712 843 sed
2759 792 3008 846 conversi
3057 793 3190 848 estis
3239 808 3385 850 nunc
3430 796 3499 852 ad

1931 883 2201 945 pastorem
2250 889 2306 932 et
2352 877 2662 949 episcOpum
2715 881 3020 937 animarum
3065 893 3373 943 vestrarum
3423 885 3497 959 (I

1934 961 2079 1020 Petr.
2104 966 2186 1037 ιι).
2216 986 2235 1019 1

2407 1100 2684 1156 HOMILIA
2723 1102 3006 1161 LXXXIV.
3077 1154 3083 1159 .

2113 1228 2363 1269 DOllNlCA
2401 1229 2600 1270 11:11:11.1
2635 1230 2766 1272 ros'r
2802 1232 3032 1285 pascua,
3067 1217 3320 1276 Jubilate.

2001 1327 2045 1398 (l
2071 1325 2240 1381 Pera.
2275 1327 2360 1398 11.)
2406 1345 2424 1378 1
2455 1326 2807 1395 Cbarissimi,
2848 1329 3076 1386 obsecro
3103 1345 3198 1386 vos
3237 1341 3493 1403 tanquam

1935 1439 1955 1473 1
1983 1421 2218 1475 advenas
2246 1429 2300 1476 et
2325 1423 2660 1493 peregrinos,
2698 1422 2968 1478 abstinere
2995 1437 3093 1479 vos
3129 1439 3161 1478 a
3191 1425 3498 1482 carnalibus

1935 1531 1953 1564 1
1983 1511 2283 1578 desideriis,
2303 1528 2422 1582 quae
2456 1513 2693 1568 militant
2718 1513 2975 1569 adversus
3003 1515 3288 1569 animam.1
3317 1515 3386 1571 Et
3413 1531 3498 1572 re-

1927 1600 2091 1672 liqua.
2122 1601 2350 1658 Pulchre
2375 1603 2509 1659 satis
2540 1604 2792 1659 admonet
2823 1611 2878 1659 et
2898 1604 3215 1660 exhortatur
3243 1621 3342 1662 nos
3371 1622 3497 1677 apo-

1927 1690 2096 1746 stolus
2121 1690 2330 1757 Petrus,
2355 1691 2551 1748 fratres
2587 1694 2991 1759 charissimi,ut
3025 1694 3230 1749 audivit
3279 1695 3334 1749 in
3361 1711 3496 1765 pra:-

1926 1782 2064 1836 senti
2101 1781 2331 1837 lectione
2359 1782 2573 1837 dilectio
2604 1792 2800 1838 vestra.
2831 1803 2849 1835 1
2884 1783 3140 1849 Obsecro,
3172 1784 3365 1853 inquit,
3398 1799 3496 1840 vos

243 1885 351 1926 nec
389 1869 603 1928 Patrem
643 1874 794 1930 novit
825 1875 946 1945 quis
969 1874 1074 1930 nisi
1099 1875 1269 1931 Filius
1289 1917 1305 1942 ,
1331 1886 1387 1930 et
1413 1877 1496 1932 cui
1529 1875 1695 1931 Filius
1721 1891 1819 1930 vo-
1847 1867 1897 1928 Β
1925 1879 2178 1941 tanquam
2198 1873 2431 1928 advenas
2458 1882 2512 1928 et
2539 1874 2902 1944 peregrinos»
2922 1873 3155 1928 Advenae
3184 1889 3282 1929 nos
3309 1889 3496 1930 sumus

241 1961 413 2018 luerit
443 1966 683 2023 revelare
711 1965 862 2038 (Luc.
887 1967 966 2040 x).
997 1988 1016 2022 1
1073 1987 1091 2020 1
1115 1968 1184 2023 Et
1205 1969 1443 2024 animam
1481 1983 1656 2026 meam
1676 1983 1820 2039 pono

245 2075 264 2107 1
299 2071 407 2127 pro
428 2060 618 2115 ovibus
642 2061 796 2118 meis.
820 2081 838 2114 1
870 2062 949 2116 Ac
970 2062 1016 2118 si
1043 2061 1286 2118 diceret:
1310 2062 1368 2118 Si
1393 2063 1515 2119 inde
1539 2077 1624 2118 me
1652 2064 1821 2118 mani-

240 2147 389 2205 festo
428 2150 568 2206 scire
612 2149 828 2207 Patrem
865 2161 921 2208 et
963 2154 1239 2224 cognitum
1277 2169 1395 2209 esse
1427 2170 1457 2207 a
1485 2153 1665 2217 Patre,
1693 2154 1820 2223 quia

237 2241 483 2296 animam
505 2257 680 2298 meam
703 2258 845 2314 pono
869 2261 968 2315 pro
982 2247 1170 2301 ovibus
1185 2247 1342 2313 meis,
1368 2256 1517 2301 tanto
1529 2248 1818 2316 unusquis-

236 2347 353 2400 que
365 2341 548 2401 pastor
559 2336 740 2391 verius
753 2335 920 2391 Deum
942 2353 1264 2410 cognoscere
1281 2340 1599 2406 ostenditur,
1617 2350 1818 2410 quanto

235 2439 465 2494 gregem
524 2427 624 2482 sibi
677 2430 1026 2484 commissum
1070 2430 1348 2487 sollicitius
1397 2433 1673 2496 custodit,
1709 2448 1816 2488 non

237 2516 421 2571 solum
451 2519 790 2577 admonendo
833 2531 888 2577 et
930 2522 1286 2589 exhortando,
1316 2525 1412 2580 sed
1434 2526 1598 2579 etiam
1629 2526 1700 2593 (si
1726 2540 1816 2581 ne-

238 2609 473 2665 cessitas
517 2611 705 2685 exigit)
755 2629 855 2691 pro
906 2617 1228 2672 necessitate
1275 2615 1486 2672 illorum
1533 2617 1818 2673 utilitatem

240 2715 398 2755 suam
429 2705 812 2773 postponendo.
851 2704 1062 2762 «Nemo
1107 2708 1252 2761 enim
1290 2706 1548 2776 majorem
1600 2708 1701 2765 hac
1740 2711 1820 2765 di-

243 2793 531 2848 lectionem
557 2794 739 2862 habet,
764 2812 924 2867 quam
970 2805 1032 2852 ut
1070 2798 1306 2854 animam
1328 2809 1481 2856 suam
1511 2800 1630 2868 quis
1656 2809 1818 2870 ponat

244 2901 346 2956 pro
376 2886 563 2943 amicis
595 2888 706 2944 suis
734 2888 914 2960 (Joan.
933 2889 1046 2961 xv).
1079 2910 1098 2944 1
1126 2888 1280 2945 Unde
1305 2900 1361 2946 et
1381 2888 1618 2946 Joannes
1645 2891 1775 2946 dicit
1800 2910 1811 2945 :

248 2997 266 3030 1
289 2977 350 3034 Si
378 2979 626 3036 Christus
650 2981 882 3036 animam
914 2997 1064 3038 suam
1108 2997 1207 3052 pro
1236 2982 1390 3037 nobis
1409 2984 1612 3052 posuit,
1637 2992 1693 3039 et
1717 3000 1816 3041 nos

246 3070 499 3126 debemus
551 3073 759 3128 animas
800 3082 1012 3129 nostras
1058 3088 1157 3143 pro
1206 3073 1466 3128 fratribus
1514 3089 1713 3144 ponere
1763 3073 1817 3145 (I

245 3161 403 3215 Joan.
432 3165 582 3233 111).'1
613 3161 719 3217 Sed
735 3162 976 3232 nunquid
998 3177 1242 3217 summus
1268 3170 1454 3231 pastor
1480 3163 1814 3219 solummodo

1921 1971 1978 2017 et
2006 1963 2274 2034 peregrini
2312 1963 2550 2032 quandiu
2576 1978 2763 2018 sumus
2791 1965 2843 2018 in
2871 1963 2973 2019 hac
3002 1973 3166 2029 terra,
3192 1975 3252 2018 ut
3291 1963 3490 2020 Paulus

1921 2052 2193 2123 apostolus
2222 2053 2333 2109 ait:
2367 2072 2385 2104 1
2415 2052 2532 2108 Non
2574 2053 2720 2108 enim
2760 2054 3020 2110 habemus
3062 2054 3152 2109 hic
3190 2066 3495 2110 manentem

1920 2144 2226 2209 civitatem,
2273 2154 2460 2201 noster
2504 2155 2684 2199 autem
2733 2146 3096 2216 municipatus
3130 2155 3214 2201 est
3250 2147 3305 2201 in
3343 2147 3496 2203 ctelis

1920 2232 2106 2305 (Hebr.
2132 2235 2274 2304 χιιι).
2305 2253 2324 2288 1
2353 2237 2570 2291 Advena
2603 2236 2768 2303 enim,
2795 2247 2850 2292 et
2890 2238 3228 2310 peregrinus,
3268 2251 3362 2294 aut
3397 2240 3495 2294 ho-

1919 2340 2066 2396 spes,
2087 2342 2194 2382 non
2221 2327 2422 2397 cogitat
2441 2327 2583 2397 quod
2607 2328 2660 2382 in
2687 2329 2844 2384 domo
2871 2329 2941 2384 sit
2961 2329 3154 2385 aliena.
3172 2329 3265 2385 Sic
3287 2341 3344 2384 et
3367 2345 3488 2394 nos,

1920 2427 2180 2488 quantum
2209 2434 2516 2491 possumus,
2547 2420 2776 2476 Domino
2806 2420 3099 2490 largiente,
3137 2423 3240 2477 ista
3272 2424 3492 2480 omnino

1920 2510 2180 2568 debemus
2207 2513 2505 2582 despicere,
2535 2522 2591 2568 et
2618 2512 2684 2568 de
2715 2513 3026 2568 caelestibus
3055 2513 3327 2579 meditari,
3352 2515 3492 2578 unde

1921 2605 1977 2658 in
2003 2614 2264 2660 aeternum
2285 2605 2467 2661 vivere
2493 2605 2808 2662 debeamus.
2840 2627 2858 2658 1
2883 2607 3174 2664 Abstinere
3196 2622 3291 2663 vos
3317 2624 3347 2662 a
3372 2623 3492 2664 car-

1928 2714 1946 2746 1
1976 2695 2188 2751 nalibus
2215 2696 2523 2753 desideriis.
2552 2716 2571 2748 1
2621 2697 2748 2753 Ideo
2777 2713 2809 2752 a
2840 2699 3148 2755 carnalibus
3176 2700 3378 2756 bonum
3406 2709 3492 2756 est

1922 2784 2194 2841 abstinere
2221 2786 2513 2842 desideriis
2534 2828 2549 2853 ,
2592 2795 2649 2842 et
2695 2788 2940 2844 coelestia
2976 2804 3192 2860 semper
3226 2791 3493 2846 desideria

1916 2891 2038 2945 quae
2063 2877 2343 2933 nobiscum
2368 2879 2587 2934 valeant
2613 2879 2944 2936 :eternaliter
2967 2895 3309 2951 permanere.
3350 2881 3422 2938 Ca
3433 2897 3487 2936 r-

1919 2967 2060 3022 nalia
2085 2976 2266 3024 autem
2293 2969 2587 3040 decipiunt,
2618 2979 2673 3025 et
2703 2971 2769 3025 ad
2800 2971 3162 3040 perditionem
3189 2973 3493 3042 perducunt

1916 3071 2298 3132 permanentes
2345 3062 2398 3116 in
2447 3065 2544 3119 eis.
2601 3062 2850 3119 Carnalia
2893 3074 2949 3119 et
2995 3064 3280 3121 subditur:
3314 3085 3333 3118 1
3362 3065 3493 3133 Quae

1919 3154 2152 3209 militant
2197 3155 2455 3210 adversus
2504 3156 2758 3210 animam.
2791 3175 2812 3208 1
2853 3156 3078 3226 Semper
3104 3172 3203 3212 nos
3251 3157 3487 3212 carnalia

248 3266 345 3322 pro
380 3251 548 3308 salute
589 3253 892 3310 Judaeorum
933 3255 1166 3310 animam
1195 3269 1349 3308 suam
1387 3255 1630 3324 posuit?,
1656 3271 1760 3311 non
1795 3272 1810 3322 ;

1923 3249 2141 3302 trahere
2167 3255 2433 3302 conantur
2460 3249 2528 3301 ad
2559 3247 2790 3312 inferna,
2819 3249 3012 3317 quibus
3035 3250 3291 3305 resistere
3318 3250 3492 3304 omni-

254 3342 474 3397 decebat
499 3345 636 3399 enim
663 3353 722 3399 ut
750 3360 873 3400 cum
908 3343 1005 3400 Dei
1025 3343 1194 3400 Filius
1220 3353 1542 3410 moreretur,
1573 3362 1680 3402 non
1703 3356 1820 3400 tan-

256 3431 524 3487 tummodo
549 3448 648 3504 pro
672 3450 778 3488 una
804 3443 986 3505 gente,
1015 3435 1228 3513 sedpro
1250 3435 1397 3490 omni
1424 3435 1636 3506 populo.
1665 3435 1816 3493 Unde

247 3520 478 3592 Caiphas
499 3531 738 3595 tempore
758 3525 1025 3596 passionis
1055 3524 1173 3595 ejus
1198 3527 1553 3598 prophetavit,
1585 3527 1768 3584 dicens
1798 3546 1812 3582 :

251 3634 268 3662 ι
300 3614 527 3686 Expedit
553 3618 705 3673 vobis
735 3626 793 3673 ut
826 3634 966 3674 unus
1005 3620 1266 3674 moriatur
1291 3619 1450 3675 homo
1475 3634 1573 3690 pro
1600 3619 1814 3690 populo,

241 3715 296 3760 et
328 3722 435 3762 non
478 3717 592 3764 tota
628 3724 760 3780 gens
802 3720 990 3780 pereat
1020 3711 1198 3782 (Joan.
1230 3711 1406 3783 xvm).
1441 3731 1460 3764 1
1494 3711 1607 3768 Hoc
1636 3722 1816 3769 autem

241 3797 341 3868 (ait
359 3797 710 3871 evangelista)
744 3815 776 3854 a
804 3801 1096 3871 semetipso
1141 3816 1247 3856 non
1282 3802 1435 3869 dixit,
1464 3803 1557 3859 sed
1583 3819 1704 3859 cum
1730 3818 1814 3859 es-

240 3897 322 3944 set
349 3889 588 3958 pontifex
627 3892 756 3946 anni
782 3891 924 3947 illius
944 3933 958 3959 ,
1002 3893 1342 3964 prophetavit
1367 3894 1491 3964 quia
1519 3893 1674 3949 Jesus
1703 3909 1815 3949 mo-

239 3982 446 4036 riturus
473 3993 590 4036 erat
619 3997 717 4052 pro
741 3993 921 4056 gente,
947 3993 1002 4040 et
1019 3999 1122 4040 non
1147 3994 1354 4040 tantum
1385 4000 1482 4055 pro
1510 3983 1812 4040 Judaaorum

236 4084 418 4148 gente.
452 4074 545 4132 sed
577 4084 634 4131 ut
660 4074 797 4132 ﬁlios
827 4077 921 4133 Dei
947 4079 1220 4148 qui‘erant
1245 4077 1491 4150 dispersi,
1515 4092 1810 4148 congrega-

237 4182 318 4224 ret
343 4171 398 4224 iu
428 4185 612 4224 unum.
641 4169 717 4225 De
745 4171 939 4239 quibus
967 4171 1083 4224 ait:

309 4279 332 4312 1
363 4260 430 4314 Et
456 4259 587 4316 alias
608 4275 736 4317 oves
763 4260 953 4325 habeo,
976 4277 1094 4331 quae
1117 4276 1221 4316 non
1245 4268 1456 4316 suntex
1477 4261 1581 4317 hoc
1603 4259 1751 4316 ovili.
1786 4280 1805 4312 1

237 4354 311 4409 Ex
359 4369 427 4410 eo
469 4363 708 4424 tempore
750 4369 858 4424 quo
901 4353 1160 4410 Dominus
1201 4353 1476 4410 Abraham
1518 4370 1550 4409 a
1597 4353 1809 4411 caeteris

236 4446 487 4517 gentibus
511 4446 842 4516 segregavit,
872 4454 928 4500 et
951 4443 1066 4513 ejus
1092 4444 1399 4515 progeniem
1430 4443 1530 4499 sibi
1563 4444 1617 4498 in
1648 4459 1807 4514 pecu-

237 4537 428 4592 liarem
455 4534 667 4606 plebem
696 4534 884 4605 elegit,
927 4535 1032 4589 duo
1060 4532 1238 4603 populi
1267 4541 1323 4588 et
1349 4533 1466 4588 duae
1491 4540 1679 4604 gentes
1709 4549 1808 4588 nuo

1920 3337 2093 3391 modis
2111 3336 2388 3399 debemus,
2411 3343 2466 3388 et
2489 3336 2739 3392 insistere
2762 3337 2921 3393 bonis
2938 3346 2994 3394 et
3009 3337 3173 3407 iustis
3193 3339 3490 3405 laboribus,

1919 3429 1974 3484 in
1999 3427 2249 3485 castitate
2279 3435 2336 3484 et
2369 3428 2723 3496 continentia,
2751 3429 2950 3499 quibus
2975 3439 3030 3485 et
3055 3430 3316 3502 supplicia
3341 3431 3490 3487 devi-

1917 3531 2110 3582 temus,
2141 3529 2198 3576 et
2220 3520 2441 3590 praemia
2469 3535 2777 3576 mereamur
2798 3529 3021 3576 aeterna.

1994 3631 2012 3662 1
2045 3609 2522 3666 Conversationem
2551 3621 2789 3667 vestram
2831 3612 2974 3666 inter
3001 3618 3189 3683 gentes
3223 3613 3490 3669 habentes

1923 3719 1942 3752 1
1971 3701 2184 3755 bonam.
2215 3719 2232 3752 1
2293 3700 2364 3756 Ut
2395 3700 2640 3770 exempla
2678 3702 2820 3757 bona
2849 3701 2969 3758 aliis
2999 3692 3350 3758 ostendentes
3390 3717 3487 3772 per

1914 3809 2138 3864 operum
2177 3794 2438 3850 bonorum
2482 3795 2962 3862 consuetudinem,
3014 3795 3156 3851 sicut
3200 3794 3485 3850 luminaria

1914 3885 2035 3941 sitis
2065 3884 2305 3941 lucentes
2333 3885 2388 3940 in
2418 3886 2638 3942 mundo.
2677 3903 2696 3936 1
2732 3885 2802 3942 Ut
2829 3887 2884 3942 in
2913 3901 2978 3943 eo
3008 3886 3153 3958 quod
3181 3886 3485 3942 detrectant

1918 4000 1938 4032 1
1967 3981 2030 4036 de
2049 3981 2202 4036 vobis
2229 3990 2484 4052 tanquam
2504 3981 2571 4037 de
2592 3981 3050 4038 malefactoribus.
3073 4002 3093 4037 1
3129 3981 3251 4037 Mali
3275 3997 3488 4052 semper

1913 4087 1977 4128 ac
2004 4071 2251 4127 malevoli
2281 4072 2546 4128 bonorum
2575 4071 2852 4128 hominum
2881 4071 3024 4128 facta
3055 4071 3380 4136 detrahunt,
3431 4081 3486 4126 et

1913 4162 1980 4216 ad
2011 4161 2206 4217 malam
2239 4162 2438 4218 famam
2465 4173 2732 4219 conantur
2761 4173 3006 4219 evertere
3033 4180 3046 4217 :
3086 4171 3387 4218 metuentes
3417 4176 3487 4216 ne

1912 4253 2051 4308 mala
2075 4269 2260 4310 eorum
2290 4254 2599 4320 delectatio,
2619 4263 2681 4310 ut
2707 4270 2838 4312 usus
2862 4255 3130 4324 pessimus
3158 4254 3211 4308 in
3239 4269 3345 4323 quo
3368 4268 3484 4308 mo-

1912 4350 2100 4396 rantur
2127 4351 2188 4396 ut
2216 4351 2462 4413 pereant,
2493 4345 2758 4399 bonorum
2785 4343 3016 4399 aliorum
3047 4343 3208 4398 factis
3235 4342 3480 4396 destrua-

1913 4441 2000 4488 tur
2029 4441 2084 4488 ct
2111 4434 2436 4503 publicetur.
2491 4434 2599 4491 Sed
2637 4449 2738 4490 nos
2774 4435 2879 4490 hoc
2914 4435 3227 4498 audientes,
3272 4443 3487 4502 oportet

1913 4525 2079 4581 multo
2108 4527 2396 4581 instantius
2433 4541 2783 4596 perseverare
2819 4525 2875 4579 in
2910 4525 3068 4580 bonis
3091 4525 3376 4594 Operibus,
3424 4534 3484 4578 ut

239 4628 432 4684 minari
458 4605 792 4699 coeperunt,
838 4625 1141 4682 Judaeorum
1195 4624 1401 4680 scilicet
1445 4635 1502 4681 et
1544 4625 1802 4697 gentium.
1833 4605 1886 4664 Ῑ)
1910 4619 2074 4674 etiam
2115 4619 2207 4674 alii
2250 4619 2502 4674 meliores
2527 4617 2845 4682 salvantur,
2880 4624 2936 4670 et
2964 4615 3054 4670 isti
3091 4613 3483 4670 inexcusabiles

237 4718 341 4776 Sed
367 4728 651 4790 postquam
681 4733 748 4773 ex
778 4716 948 4787 ipsius
971 4715 1204 4770 Abraha:
1230 4715 1398 4785 stirpe
1427 4726 1585 4770 natus
1610 4725 1712 4782 est,
1738 4732 1801 4770 ex

237 4822 462 4882 utroque
487 4810 680 4880 populo
705 4823 867 4862 unam
892 4807 1188 4863 Ecclesiam
1219 4805 1505 4876 copulavit,
1530 4814 1588 4861 ut
1613 4807 1801 4877 imple-

237 4911 385 4957 retur
428 4901 569 4971 quod
615 4900 664 4954 ei
716 4898 974 4954 Dominus
1015 4897 1369 4969 promiserat,
1417 4897 1602 4953 dicens
1648 4915 1660 4951 :
1695 4897 1804 4952 1ln

235 4992 439 5047 semine
469 4999 558 5046 tuo
585 4989 972 5044 benedicentur
1000 5002 1187 5043 omnes
1215 4985 1434 5042 familiae
1464 4995 1622 5042 terra:
1647 4984 1801 5060 (Gen.

235 5082 392 5148 χχιι).
422 5100 441 5134 1
492 5080 645 5138 Unde
672 5096 793 5136 cum
825 5081 965 5134 inter
988 5077 1203 5134 Judmos
1231 5078 1588 5148 corporaliter
1613 5078 1804 5134 ambu-

237 5176 407 5242 laret,
448 5175 513 5230 de
544 5182 728 5230 nostra
757 5172 1039 5228 vocatione
1064 5170 1277 5226 dicebat
1305 5188 1317 5224 :
1349 5189 1367 5220 1
1400 5168 1468 5224 Et
1510 5168 1641 5224 alias
1678 5183 1808 5224 oves

237 5267 431 5332 habeo,
457 5280 577 5336 quae
610 5279 719 5319 non
758 5271 884 5318 sunt
921 5276 987 5317 ex
1027 5263 1132 5317 hoc
1157 5261 1303 5326 ovili,
1339 5279 1356 5312 1
1385 5259 1439 5316 id
1479 5267 1563 5314 est
1599 5273 1667 5313 ex
1705 5259 1807 5314 hac

236 5367 396 5430 gente
439 5367 494 5413 et
519 5372 586 5412 ex
622 5358 726 5412 hoc
753 5354 968 5425 populo.
1002 5372 1022 5405 1
1049 5353 1117 5408 Et
1145 5353 1264 5408 illas
1290 5359 1503 5422 oportet
1526 5364 1613 5405 me
1640 5349 1806 5404 addu-

245 5470 264 5503 1
293 5466 445 5516 cere;
468 5469 486 5502 1
523 5450 576 5504 id
604 5456 687 5505 est
704 5465 716 5501 :
736 5463 832 5519 per
855 5445 1293 5517 praedicationem
1324 5458 1564 5500 meorum
1592 5450 1807 5514 aposto-

238 5541 413 5597 lorum
458 5541 525 5596 ad
570 5539 731 5596 ﬁdem
775 5525 948 5593 meam
993 5551 1211 5592 vocare.
1248 5555 1266 5587 1
1299 5537 1364 5590 Et
1402 5549 1592 5590 vocem
1629 5547 1804 5589 meam

245 5655 263 5688 1
291 5633 540 5699 audient;
561 5652 580 5686 1
600 5631 652 5687 id
673 5639 792 5688 est:
828 5629 1110 5700 praeceptis
1140 5627 1274 5683 meis
1294 5627 1564 5683 obedient.
1588 5643 1609 5678 1
1628 5625 1694 5680 Et
1714 5624 1808 5682 ﬁet

245 5747 263 5781 1
291 5742 457 5782 unum
474 5724 634 5781 ovile.
656 5723 752 5780 1ld
778 5731 964 5787 est,~ex
977 5730 1207 5790 utroque
1229 5719 1424 5789 populo
1450 5734 1556 5774 una
1582 5716 1804 5773 collecta

243 5817 485 5873 Ecclesia
508 5817 561 5872 in
591 5815 862 5888 przesenti,
886 5814 998 5872 sive
1025 5813 1080 5868 in
1113 5812 1199 5869 die
1223 5809 1427 5881 iudicii,
1445 5811 1572 5881 quia
1592 5809 1804 5866 venturi

1910 4712 2063 4779 ﬁant,
2097 4712 2142 4767 si
2171 4711 2415 4767 converti
2441 4709 2712 4765 noluerint
2739 4723 2770 4763 a
2799 4706 3004 4762 malitia
3033 4722 3151 4762 sua.
3190 4705 3445 4776 Sequitur
3469 4724 3481 4760 :

1913 4821 1932 4853 1
1967 4803 2047 4856 Ex
2086 4803 2244 4858 bonis
2283 4801 2539 4871 operibus
2569 4815 2664 4856 vos
2699 4799 3140 4865 considerantes,
3184 4796 3486 4868 gloriﬁcent

1913 4914 1934 4946 1
1966 4894 2136 4949 Deum
2176 4895 2232 4949 in
2271 4893 2359 4949 die
2385 4893 2729 4949 visitationis.
2763 4911 2783 4946 1
2844 4891 2916 4950 Ut
2962 4893 3080 4963 ipse
3123 4891 3384 4948 Dominus
3429 4892 3485 4947 in

1910 4984 2201 5056 Evangelia
2229 4985 2388 5042 docet
2413 5003 2426 5040 :
2473 5004 2490 5037 1
2522 4984 2618 5056 Sic
2639 4985 2818 5041 luceat
2847 4985 2938 5040 lux
2970 4984 3233 5040 bonorum
3261 4997 3486 5053 operum

1906 5054 2209 5132 vestrorum
2238 5091 2423 5132 coram
2454 5054 2786 5139 ho'minibus.
2811 5085 2873 5131 ut
2894 5095 2914 5128 1
2944 5091 3043 5131 vos
3068 5074 3281 5132 laudem
3307 5089 3375 5129 ex
3403 5074 3486 5129 eis
3566 5112 3568 5115 τ

1908 5181 2247 5238 nequaquam
2274 5167 2614 5231 desideretis,
2645 5175 2698 5222 et
2721 5165 2813 5222 alii
2841 5185 2860 5220 1
2881 5166 3126 5222 videntes
3149 5166 3286 5222 bona
3316 5179 3480 5234 opera

1910 5269 2109 5326 vestra,
2139 5259 2460 5332 glorificent,
2483 5280 2500 5310 1
2531 5274 2638 5314 non
2667 5274 2787 5326 vos,
2815 5258 2909 5314 sed
2955 5277 2974 5310 1
3002 5257 3218 5314 Patrem
3243 5265 3482 5312 vestrum

1907 5350 1997 5419 qui
2026 5349 2079 5404 in
2109 5349 2264 5405 ctelis
2291 5357 2376 5405 est
2401 5347 2615 5420 (Matt/1.
2635 5348 2712 5420 v),
2731 5367 2751 5402 1
2787 5349 2880 5418 qui
2907 5349 2964 5404 in
2993 5348 3165 5404 servis
3193 5347 3306 5403 suis
3332 5355 3481 5400 tanta

1909 5442 2048 5499 bona
2076 5442 2145 5496 ad
2173 5457 2391 5497 suorum
2420 5441 2585 5496 etiam
2612 5449 2667 5497 et
2693 5441 2924 5496 aliorum
2948 5440 3142 5510 quaerit
3169 5437 3415 5494 salutem.

1983 5553 2003 5586 1
2035 5531 2273 5603 Subiecti
2299 5541 2472 5588 estote
2495 5533 2642 5588 omni
2669 5533 2920 5588 humanae
2946 5539 3229 5593 creaturae,
3259 5534 3482 5596 propter

1912 5643 1932 5676 1
1959 5625 2148 5680 Deum.
2180 5643 2199 5675 1
2251 5622 2510 5679 Omnibus
2547 5625 2853 5680 hominibus
2893 5624 3156 5678 honorem
3185 5619 3332 5684 date,
3360 5616 3483 5670 uni-

1905 5717 2098 5784 cuique
2122 5712 2416 5770 secundum
2447 5716 2761 5786 dignitatem
2789 5729 2962 5778 suam,
2989 5728 3094 5768 non
3123 5721 3343 5781 propter
3372 5719 3488 5764 ter-

1905 5821 2036 5864 rena
2069 5806 2340 5863 desideria
2361 5849 2375 5872 ,
2421 5822 2521 5864 nec
2548 5817 2768 5880 propter
2795 5805 3045 5862 humanae
3073 5801 3246 5860 laudis
3271 5797 3482 5870 appeti-
