4014 6354
579 412 676 466 507

1137 394 1485 454 HAYMONIS
1524 388 1995 447 liALBERSTAT.
2039 383 2251 442 EPISC.
2286 383 2435 439 OPP.
2477 380 2657 439 PARS
2696 381 2757 437 11.
2800 410 2867 423 -
2904 379 3126 442 ιιοιιιι,
3682 386 3769 441 508

570 538 706 590 tum,
738 535 838 579 nec
866 524 1083 588 pr0pter
1112 512 1282 582 turpis
1309 509 1442 565 lucri
1473 515 1769 578 quantum,
1800 503 1893 560 sed
1923 511 2129 557 tantum
2158 499 2205 561 Α
2233 507 2419 569 genter
2466 514 2523 553 se
2570 513 2598 552 a
2636 498 2873 569 peccatis
2908 497 3160 553 custodit.
3215 494 3305 555 Sic
3343 511 3472 569 ergo
3515 499 3773 583 timeamus

565 626 780 685 propter
819 610 1017 671 Deum,
1057 604 1148 674 qui
1183 618 1283 658 nos
1317 602 1509 665 docet,
1554 599 1776 655 dicens:
1809 615 1827 644 ι
1858 592 2060 685 Discite
2086 607 2128 685 a

565 682 651 761 me
679 704 803 773 quia
832 700 980 756 mitis
1021 711 1139 752 sum
1176 702 1233 750 et
1260 692 1480 749 humilis
1508 689 1700 753 corde,
1738 696 1796 743 et
1844 682 2130 741 invenietis

566 779 803 864 requiem
832 789 1113 845 animabus
1142 785 1334 841 vestris
1360 782 1573 854 (Matth.
1600 780 1709 850 xi);
1744 799 1762 831 ι
1812 786 1866 833 et
1894 777 2087 832 iterum
2113 793 2126 828 :

570 905 589 939 ι
616 884 803 941 Omnis
835 881 926 951 qui
964 894 1023 936 se
1058 877 1306 933 humiliat
1328 883 1553 945 propter
1582 871 1889 933 Dominum,
1921 867 2128 924 exalta—

563 976 708 1032 bilur
735 988 765 1026 a
795 971 1022 1026 Domino
1049 967 1198 1041 (Luc.
1228 968 1406 1036 xvm).
1440 986 1457 1017 ι
1501 994 1568 1004 -
1611 984 1629 1014 ‹
1656 963 1781 1018 Sive
1822 960 1934 1030 regi
1976 959 2129 1030 quasi

569 1087 589 1119 ι
619 1063 967 1137 praecellenti.
1001 1082 1019 1115 ι
1053 1061 1190 1130 Quia
1218 1059 1475 1131 princeps
1505 1065 1586 1112 est
1616 1054 1818 1127 pepuli.
1857 1053 1987 1109 Cum
2018 1054 2132 1123 ipse

562 1158 819 1214 Dominus
868 1155 923 1209 in
972 1151 1265 1222 Evangelio
1313 1149 1572 1203 honorem
1620 1145 1857 1200 debitum
1903 1143 2131 1198 reddere

558 1249 729 1321 jubet,
756 1247 939 1303 dicens
961 1243 1174 1317 (Matth.
1201 1240 1337 1307 χιιι)
1366 1259 1377 1293 :
1414 1258 1432 1291 t
1465 1238 1693 1293 Reddite
1720 1252 1839 1306 quin
1868 1244 1993 1290 sunt
2019 1235 2133 1290 Cse—

562 1341 699 1395 saris
725 1336 946 1400 Cmri,
969 1354 986 1387 ι
1012 1334 1067 1388 id
1092 1340 1177 1388 est
1202 1331 1441 1386 debitum
1472 1330 1737 1383 tributum
1762 1335 1818 1382 et
1845 1325 2133 1393 subjeaio-

561 1445 680 1484 nem
713 1425 1032 1483 obedientite
1069 1438 1189 1479 cum
1226 1421 1522 1477 fidelitate:
1558 1439 1576 1471 ι
1609 1428 1665 1475 et
1708 1435 1826 1490 qua:
1869 1428 1993 1473 sunt
2037 1418 2132 1473 Dei

563 1520 689 1584 Deo,
714 1538 730 1571 ι
759 1518 914 1574 fidem
930 1528 1152 1582 rectam,
1180 1532 1329 1588 spem
1357 1515 1587 1582 firmam,
1606 1514 1990 1570 etcharitatem
2011 1528 2135 1584 per-

560 1612 776 1667 fectam.
832 1629 853 1662 t
887 1609 1015 1666 Sive
1059 1608 1285 1665 ducibus
1329 1617 1584 1677 tanquam
1634 1606 1702 1660 ab
1744 1604 2027 1660 cev-missis
2067 1604 2132 1659 ad

566 1723 583 1754 ι
614 1703 904 1757 vindictam
937 1700 1363 1756 malefactorum.
1394 1718 1412 1751 ι
1474 1699 1550 1753 De
1598 1698 1794 1768 quibus
1840 1706 1893 1753 et
1936 1696 2134 1751 Paulus

562 1796 673 1849 ait:
704 1814 721 1845 ι
751 1793 942 1849 Omnis
970 1792 1151 1848 anima
1185 1790 1540 1862 potestatibus
1579 1788 1982 1843 sublimioribus
2009 1789 2135 1843 sub-

2233 592 2422 657 Deum,
2457 601 2516 647 ut
2543 592 2828 662 diligamus
2852 607 2974 647 eum
3004 592 3128 662 quia
3157 586 3396 661 perfecta
3424 600 3509 648 est
3534 577 3771 660 cbaritas,

2231 701 2351 757 qua:
2377 684 2507 741 foris
2531 686 2695 741 mittit
2720 687 2970 743 timorem
2998 683 3268 741 servilem.

2307 798 2324 829 ι
2348 776 2526 843 Servi,
2545 777 2746 833 subditi
2767 786 2940 834 estote
2964 776 3015 831 in
3036 776 3183 831 omni
3208 775 3401 831 timore
3435 774 3663 832 dominis
3684 793 3773 835 non

2237 892 2255 923 ι
2290 879 2497 927 tantum
2527 873 2681 928 bonis
2707 880 2764 927 et
2786 870 3060 933 modestis,
3086 869 3182 925 sed
3201 869 3366 925 etiam
3391 868 3644 940 dyscolis.
3670 868 3777 927 Hoc

2239 980 2258 1015 ι
2289 969 2373 1016 est
2399 961 2541 1016 enim
2573 961 2745 1031 gratia
2782 961 2838 1014 in
2870 959 3084 1015 Christo
3111 956 3238 1014 Iesu
3275 957 3507 1015 Domino
3536 966 3726 1014 nostro.
3756 979 3771 1012 ι

2231 1056 2461 1125 Propter
2488 1055 2585 1110 Dei
2616 1055 2862 1109 timorem
2892 1054 3098 1124 pariter
3124 1059 3179 1106 et
3207 1066 3469 1114 amorem,
3503 1051 3708 1120 dignum
3733 1059 3778 1107 et

2226 1149 2430 1219 justum
2472 1156 2555 1202 est
2597 1148 2883 1216 unicuique
2928 1145 3131 1200 homini
3173 1159 3273 1199 suo
3310 1143 3534 1199 domino
3576 1142 3779 1199 ﬁdeliter

2233 1238 2470 1301 servire,
2520 1237 2632 1293 sive
2678 1235 3062 1306 prtesentibus,
3112 1233 3226 1289 sive
3274 1231 3629 1287 absentibus:
3673 1232 3777 1301 quia

2232 1328 2492 1399 quidquid
2539 1328 2700 1383 homo
2742 1325 2868 1380 boni
2915 1324 3107 1380 fecerit
3148 1331 3369 1394 propter
3414 1324 3622 1387 Deum,
3666 1320 3778 1376 nihil

2232 1419 2444 1489 perdit,
2482 1417 2604 1487 quia
2635 1418 2747 1486 ipse
2777 1415 2960 1471 reddet
2997 1413 3288 1483 unicuique
3312 1412 3610 1469 secundum
3641 1425 3781 1481 opera

2235 1526 2349 1566 sua.
2403 1508 2627 1579 Semper
2655 1508 2799 1563 enim
2844 1506 2898 1561 in
2940 1506 3047 1560 vita
3090 1504 3323 1559 hominis
3364 1504 3493 1559 linis
3528 1503 3780 1573 quaeritur,

2234 1601 2408 1671 qualis
2451 1601 2523 1654 sit
2564 1608 2810 1654 extremo
2846 1607 3087 1667 tempore
3112 1596 3238 1650 vita:
3260 1606 3374 1650 suae
3400 1611 3413 1624 ·
3453 1593 3581 1663 quia
3610 1593 3673 1647 de
3698 1592 3783 1645 line

2236 1710 2333 1750 suo
2362 1692 2728 1763 unusquisque
2766 1698 2857 1744 aut
2886 1689 3234 1757 jttstificatur,
3269 1694 3363 1741 aut
3389 1685 3782 1741 condemnatur.

2236 1786 2360 1840 Ideo
2404 1782 2794 1838 instantissime
2825 1780 2962 1835 bona
2991 1794 3109 1848 quae
3136 1777 3364 1847 coeperit
3406 1776 3781 1845 unusquisque,

562 1888 672 1942 dita
702 1886 803 1951 sit,
849 1900 954 1940 non
998 1891 1081 1940 est
1121 1858 1264 1938 enim
1304 1891 1544 1955 potestas
1583 1882 1685 1937 nisi
1742 1898 1772 1935 a
1823 1882 1931 1936 Deo
1959 1879 2127 1951 (Rom.
2161 1858 2210 1925 Β
2236 1874 2496 1946 perficere
2523 1872 2835 1936 contendat,
2867 1879 2925 1924 ut
2948 1876 3261 1940 perpetuam
3289 1883 3320 1921 a
3348 1867 3584 1922 Domino
3608 1878 3787 1920 merce-

560 1979 701 2050 xm).
734 1997 752 2029 ι
807 1977 900 2031 Dei
928 1975 1073 2031 enim
1104 1975 1339 2030 ministri
1379 1983 1501 2029 sunt
1544 1974 1611 2028 ad
1652 1973 2005 2029 coercendam
2034 1973 2135 2026 ho-

564 2070 767 2125 minum
799 2068 1063 2124 malitiam
1092 2066 1276 2130 missi,
1313 2072 1373 2119 ut
1401 2066 1491 2136 qui
1522 2073 1711 2135 sponte
1738 2064 1874 2118 mala
1904 2062 2137 2118 noluerit

563 2163 766 2228 vitare,
813 2173 1000 2217 eorum
1046 2160 1239 2214 timore
1281 2157 1367 2212 vel
1406 2157 1607 2212 invitus
1637 2157 1788 2211 vitet.
1843 2174 1863 2207 ι
1896 2154 2134 2210 Laudem

569 2273 589 2308 ι
616 2268 746 2311 vero
772 2256 1055 2311 bonorum.
1086 2272 1105 2303 ι
1146 2251 1407 2308 Similiter
1433 2249 1633 2304 Paulus
1660 2248 1828 2303 dicit:
1865 2266 1884 2300 ι
1916 2248 2011 2304 Vis
2040 2261 2137 2317 po-

564 2354 816 2402 testatem
850 2361 955 2401 non
985 2345 1211 2400 timere?
1240 2346 1436 2399 bonum
1466 2341 1568 2407 fac,
1594 2348 1650 2395 et
1677 2339 1902 2396 habebis
1923 2338 2134 2393 laudem

562 2453 630 2494 ex
658 2438 745 2493 illa
769 2438 942 2509 (Rom.
968 2437 1113 2510 χιιι).
1145 2456 1164 2489 ι

642 2549 662 2581 ι
693 2530 826 2598 Quia
857 2529 937 2584 sic
962 2538 1047 2584 est
1073 2529 1321 2584 voluntas
1352 2527 1479 2594 Dei,
1522 2535 1583 2582 ut
1614 2525 2013 2582 benefacientes
2040 2524 2139 2579 ob—

570 2639 591 2673 ι
621 2628 919 2676 muteseere
947 2618 1158 2675 faciatis
1204 2619 1626 2691 imprudentium
1669 2620 1948 2674 hominum
1978 2617 2135 2689 igno-

568 2728 590 2765 ι
618 2712 872 2768 rantiam.
905 2731 923 2761 ι
979 2711 1051 2767 Ut
1098 2722 1207 2767 tam
1251 2712 1393 2766 cauti
1430 2719 1485 2765 et
1523 2719 1632 2764 tam
1668 2709 1896 2781 perfecti
1945 2709 1998 2762 in
2041 2706 2137 2761 Dei

562 2815 725 2872 opere
757 2801 894 2867 sitis,
922 2810 983 2857 ut
1019 2803 1154 2858 nihil
1184 2803 1420 2858 habeant
1452 2798 1594 2871 quod
1625 2802 1909 2855 detrahere
1941 2799 2009 2854 de
2038 2813 2134 2852 vo-

562 2891 646 2947 bis
688 2893 984 2948 secundum
1028 2907 1213 2948 eorum
1257 2891 1454 2946 malam
1491 2889 1825 2944 voluntatem
1865 2888 2133 2951 habeant,

568 3003 586 3035 ι
615 2985 769 3055 quasi
810 2984 964 3040 liberi
996 3003 1015 3038 ι
1066 2984 1133 3039 ab
1161 2982 1307 3039 omni
1334 2991 1577 3052 peccato,
1622 2994 1717 3051 per
1742 2994 1921 3035 veram
1954 2979 2133 3049 poeni-

564 3074 788 3129 tentiam
822 3083 877 3129 et
910 3074 1300 3130 confessionem
1329 3055 1517 3141 puram
1536 3110 1551 3136 ,
1588 3088 1607 3119 ι
1635 3076 1690 3123 et
1722 3084 1826 3123 non
1858 3068 2012 3137 quasi
2043 3081 2132 3121 ve-

570 3182 588 3216 ι
618 3164 792 3221 lamen
821 3166 1078 3221 habentes
1107 3163 1326 3219 malitiae
1354 3163 1676 3216 libertatem.
1712 3179 1731 3212 ι
1773 3158 1927 3215 Nulla
1956 3159 2128 3225 fraus,

563 3256 708 3311 nulla
745 3256 947 3311 malitia
990 3256 1062 3311 sit
1103 3256 1157 3309 in
1188 3254 1373 3318 vobis,
1414 3252 1510 3308 sed
1553 3252 1666 3307 Deo
1705 3251 1859 3322 quasi
1907 3250 2134 3306 Domino

564 3352 723 3423 digne
754 3351 915 3419 iustis
951 3357 1009 3404 et
1046 3345 1247 3402 sanctis
1283 3342 1557 3416 operibus,
1601 3358 1724 3399 cum
1757 3343 1903 3400 omni
1935 3341 2041 3397 fide
2081 3350 2137 3397 et

564 3442 843 3499 voluntate
871 3436 1147 3494 deservire
1178 3434 1514 3501 contendite,
1554 3453 1572 3486 ι
1605 3434 1747 3490 sicut
1774 3433 1916 3488 servi
1945 3432 2074 3495 Dei,
2110 3450 2133 3487 ι

564 3550 684 3589 cum
734 3530 993 3586 charitate
1043 3527 1270 3583 invicem
1320 3528 1574 3584 omnibus
1606 3534 1830 3599 propter
1848 3524 2016 3581 Deum
2043 3523 2140 3580 de.

568 3626 737 3682 hilum
767 3620 1060 3691 impendite
1086 3618 1388 3675 servitium.
1688 3604 1689 3607 “

642 3731 661 3765 ι
691 3713 892 3769 Omnes
917 3712 1178 3767 honorate
1204 3731 1223 3763 ι
1260 3710 1555 3781 secundum
1595 3708 2017 3777 uniuscujusque
2051 3707 2135 3762 di-

563 3805 859 3877 gnitatem,
907 3810 1084 3857 tamen
1127 3800 1452 3872 pauperibus
1491 3807 1547 3854 et
1584 3799 1805 3852 minime
1832 3798 2137 3853 valentibus

564 3893 800 3950 studium
849 3891 1145 3946 maximum
1196 3889 1489 3960 impendite
1534 3887 1852 3944 serviendi:
1908 3888 2034 3957 quia
2082 3888 2137 3942 in

563 3984 692 4055 ipsis
719 3981 968 4037 Christus
999 3981 1234 4037 maxime
1263 3981 1578 4044 honoratur,
1616 3986 1676 4033 ut
1704 3978 1818 4055 ipse
1853 3978 1917 4032 in‘
1935 3976 2139 4045 judicio

534 4074 805 4132 'dicturus
829 4074 969 4128 erit:
1001 4093 1018 4123 ι
1048 4073 1201 4140 Quod
1240 4072 1330 4126 uni
1370 4086 1437 4125 ex
1475 4070 1716 4125 minimis
1744 4070 1880 4125 meis
1907 4068 2135 4134 fecistis,

563 4166 695 4222 mihi
724 4164 931 4220 fecistis
950 4163 1165 4236 (Matth.
1190 4164 1340 4232 xxv).
1371 4181 1390 4213 ι
1411 4161 1545 4217 Nam
1559 4162 1840 4231 sequitur:
1872 4179 1890 4212 ι
1922 4158 2140 4214 Frater-

568 4278 585 4309 ι
618 4258 838 4311 nitatem
874 4256 1110 4327 diligite;
1142 4275 1160 4308 ι
1214 4264 1275 4311 ιιι
1310 4255 1424 4324 ipse
1462 4254 1723 4308 Dominus
1759 4253 1812 4306 in
1849 4251 2140 4322 Evangelio

561 4362 750 4404 omnes
776 4346 973 4403 fratres
1016 4356 1072 4402 et
1111 4347 1387 4416 proximos
1426 4361 1547 4401 esse
1585 4345 1854 4409 ostendit,
1901 4344 2135 4399 dicens:

568 4456 586 4492 ι
612 4438 813 4496 Omnes
838 4440 981 4495 enim
1004 4454 1102 4494 vos
1131 4438 1326 4494 fratres
1352 4437 1488 4493 estis
1508 4436 1723 4509 (Matth.
1741 4436 1922 4505 xxtn),
1948 4456 1965 4487 ι
1999 4436 2139 4493 unde

561 4538 618 4585 et
646 4529 867 4600 diligere
897 4544 995 4584 nos
1021 4530 1247 4583 invicem
1272 4526 1444 4595 jubet,
1465 4543 1588 4583 cum
1618 4529 1725 4582 ait:
1751 4545 1769 4578 ι
1795 4527 1917 4582 llaec
1939 4528 2137 4583 mando

561 4626 736 4690 vobis,
768 4634 829 4679 ut
854 4624 1091 4704 diligatis
1120 4623 1350 4677 invicem
1374 4619 1693 4692 (Joan.xv);
1722 4641 1740 4673 ι
1775 4628 1829 4676 et
1855 4620 2126 4677 Joannes:

566 4736 586 4771 ι
618 4717 720 4786 Qui
750 4718 973 4772 fratrem
1004 4730 1161 4770 suum
1192 4729 1352 4784 quem
1381 4714 1556 4778 videt,
1589 4728 1692 4766 non
1722 4712 1925 4782 diligit,
1962 4712 2129 4766 Deum

562 4822 722 4879 quem
753 4822 859 4862 non
883 4806 1030 4862 videt
1072 4804 1342 4875 quomodo
1369 4812 1545 4874 potest
1595 4803 1863 4874 diligere?
1892 4802 1943 4874 (1
1970 4802 2128 4856 Joan.

562 4900 662 4969 tv.)
691 4917 711 4950 ι
756 4897 890 4965 Quia
920 4906 1023 4953 nec
1047 4896 1189 4953 Deus
1217 4912 1343 4951 vere
1373 4897 1489 4952 sine
1522 4895 1792 4964 proximo,
1824 4904 1920 4947 nec
1952 4892 2134 4961 proxi-

562 5005 684 5045 mus
709 5005 836 5044 vere
877 4989 1117 5060 diligitur
1144 4990 1266 5044 sine
1303 4988 1443 5053 Deo;
1493 4996 1548 5040 et
1586 4986 1822 5040 Paulus:
1856 5005 1874 5036 ι
1908 4986 2133 5039 Dilectio

560 5080 791 5151 proximi
816 5078 1014 5134 malum
1038 5094 1142 5133 non
1164 5086 1422 5148 operatur
1443 5078 1461 5147 (
1472 5076 1618 5130 Rom.
1639 5075 1779 5145 xm).
1804 5094 1822 5127 ι
1850 5075 2135 5130 Plenitudo

561 5181 691 5241 ergo
715 5169 849 5238 legis
876 5177 961 5223 est
1003 5167 1241 5223 dilectio.
1277 5184 1295 5217 ι
1325 5166 1491 5223 Deum
1521 5169 1726 5229 timete,
1757 5182 1937 5236 regem
1968 5166 2136 5221 hono-

569 5277 587 5311 ι
615 5258 840 5313 rificate.
865 5275 886 5309 ι
919 5255 1100 5312 Monet
1125 5271 1254 5327 ergo
1276 5271 1569 5327 congruum
1592 5255 1800 5310 cunctis
1825 5255 2134 5326 impendere

564 5351 860 5411 hOnorem,
904 5354 960 5401 et
991 5347 1145 5417 juxta
1184 5348 1471 5417 imperiam
1502 5348 1740 5410 Domini,
1783 5347 1980 5402 Ctesari
2011 5361 2131 5416 qua:

563 5437 794 5495 Caesaris
819 5446 963 5501 sunt,
998 5447 1052 5493 et
1080 5439 1190 5493 Deo
1218 5437 1442 5494 reddere
1469 5454 1589 5509 quae
1620 5438 1712 5493 Dei
1742 5448 1885 5495 sunt.
1925 5439 2026 5506 Qui
2060 5439 2127 5495 ti-

566 5538 679 5587 met
721 5531 919 5596 Deum,
966 5528 1094 5586 facit
1134 5531 1311 5585 bona:
1349 5531 1473 5600 quia
1512 5549 1531 5581 ι
1562 5531 1774 5585 initium
1814 5532 2092 5602 sapientia:
2116 5573 2131 5597 ,

566 5626 728 5682 timor
751 5623 961 5679 Domini
981 5623 1173 5696 (Eccli.
1202 5623 1336 5694 xvi).
1359 5642 1377 5672 ι
1414 5622 1489 5677 De
1515 5622 1707 5676 timore
1735 5621 1945 5677 Domini
1971 5637 2135 5677 omne

563 5716 764 5774 bonum
797 5718 1056 5783 nascitur,
1089 5726 1144 5771 et
1175 5730 1269 5786 per
1301 5715 1549 5769 timorem
1570 5713 1781 5768 Domini
1811 5712 1988 5768 omnis
2020 5728 2133 5767 nia-

564 5812 678 5869 litla
706 5811 940 5871 beluinis
963 5819 1276 5870 evacuatur.
1317 5808 1451 5877 Quia
1482 5809 1575 5881 qui
1606 5809 1758 5877 timet
1783 5807 1972 5873 Deum,
2004 5806 2127 5862 dili-

2161 4570 2213 4632 D

2234 1968 2355 2023 tlem
2382 1965 2644 2036 accipiat,
2685 1964 2801 2032 ipso
2838 1962 3126 2030 largiente,
3159 1959 3252 2030 qui
3287 1958 3419 2015 vivit
3451 1967 3511 2014 et
3538 1965 3718 2028 regnat
3743 1955 3786 2010 in

2234 2059 2429 2116 saecula
2455 2050 2795 2114 sazculorum.
2829 2054 3020 2108 Amen.

2723 2190 3004 2249 HOMILlA
3054 2184 3319 2244 LXXXV.

2412 2320 2664 2363 DOMINICA
2701 2319 2897 2360 TERTIA
2935 2316 3065 2357 rosr
3102 2315 3297 2355 PASCIIA
3321 2339 3335 2366 ,
3374 2295 3635 2352 Jubilate.

2306 2422 2482 2491 (Joan.
2506 2422 2642 2491 xvr.)
2671 2438 2688 2470 ι
2717 2417 2773 2473 In
2796 2417 2887 2473 illo
2908 2424 3171 2484 tempore,
3197 2413 3324 2468 dixit
3351 2410 3514 2467 Jesns
3533 2406 3787 2479 discipulis

2244 2534 2262 2569 ι
2292 2514 2405 2571 suis
2430 2532 2444 2568 :
2477 2511 2742 2567 Modicum
2774 2516 2828 2564 et
2848 2506 2961 2577 jam
2990 2520 3097 2561 non
3124 2503 3372 2561 videbitis
3399 2518 3512 2568 me,
3536 2511 3592 2557 et
3619 2500 3788 2556 iterum

2244 2628 2261 2662 ι
2291 2607 2563 2664 modicum
2594 2612 2648 2659 et
2675 2600 2926 2659 videbitis
2952 2615 3058 2663 me,
3088 2600 3215 2670 quia
3246 2598 3381 2653 vado
3410 2598 3479 2653 ad
3516 2594 3742 2651 Patrem.
3771 2608 3784 2641 ι

2236 2698 2306 2754 Et
2332 2696 2558 2766 reliqua.
3580 2693 3585 2699 ”

2313 2804 2333 2837 ι
2365 2785 2631 2840 Modicum
2676 2790 2730 2837 et
2768 2780 2880 2849 jam
2920 2795 3027 2835 non
3057 2779 3310 2833 videbitis
3346 2793 3434 2833 me
3461 2798 3480 2830 ι
3530 2773 3789 2832 mortalem

2236 2886 2291 2935 et
2320 2874 2757 2947 corruptibilem,
2787 2871 3326 2941 comprehensibilem
3348 2910 3363 2934 ,
3395 2871 3541 2925 sicut
3567 2881 3704 2924 nunc
3724 2864 3795 2917 vi-

2236 2969 2404 3033 detis,
2462 2986 2480 3018 ι
2509 2974 2564 3022 et
2614 2965 2806 3020 iterum
2858 2962 3124 3017 modicum
3168 2970 3221 3016 et
3263 2961 3631 3023 videbitisime
3659 2977 3682 3009 ι
3710 2956 3795 3010 im-

2235 3057 2519 3114 mortalem
2548 3096 2562 3118 ,
2618 3049 3220 3124 incomprehensibilem
3250 3089 3266 3115 ,
3323 3045 3797 3117 incorruptibilem.

2235 3148 2456 3216 Quoties
2485 3144 2851 3217 evangelicam
2883 3140 3168 3198 lectionem
3199 3139 3521 3199 recitamus,
3564 3133 3798 3193 conside-

2162 3219 2208 3282 C
2239 3242 2465 3298 randum
2495 3248 2578 3296 est
2616 3239 2743 3309 quia
2770 3236 2908 3293 solet
2959 3233 3281 3309 contingere»
3306 3239 3364 3284 ut
3412 3226 3669 3300 quaedam
3698 3240 3799 3297 pars

2237 3336 2353 3407 ejus
2398 3306 2705 3405 specialiter
2748 3330 2817 3385 ad
2862 3326 3175 3396 discipulos,
3220 3306 3416 3393 quibus
3456 3318 3800 3407 corporaliter

2236 3404 2575 3496 loquebatur,
2618 3419 2887 3491 pertineat
2905 3456 2921 3481 ,
2963 3416 3208 3486 quadam
3238 3426 3366 3467 vero
3392 3408 3722 3482 generaliter
3745 3404 3798 3461 ad

2236 3512 2595 3575 universalem
2626 3507 2947 3565 Ecclesiam.
2993 3503 3148 3571 Quod
3174 3502 3230 3557 in
3259 3502 3363 3556 hac
3397 3497 3632 3554 lcetione
3660 3496 3797 3552 facile

2237 3606 2642 3678 comprobatur,
2677 3601 2722 3657 si
2750 3607 2931 3655 textus
2960 3595 3199 3667 ejusdem
3232 3590 3542 3663 diligentius
3573 3588 3794 3646 conside-

2240 3677 2410 3755 retur.
2436 3695 2590 3765 Quod
2611 3708 2740 3749 vero
2762 3692 2868 3746 ait:
2891 3707 2910 3741 ι
2937 3688 3204 3743 Modicum
3226 3692 3277 3740 el
3301 3682 3416 3754 jam
3439 3682 3545 3738 neu
3568 3677 3793 3736 videbitis

2238 3807 2345 3857 me,
2377 3798 2433 3845 et
2450 3790 2648 3845 iterum
2675 3784 2944 3840 modicum
2971 3788 3025 3836 et
3050 3777 3299 3834 videbitis
3320 3788 3422 3838 me,
3459 3793 3476 3825 ι
3510 3770 3793 3843 specialiter

2239 3883 2304 3938 ad
2332 3878 2624 3949 discipulos
2651 3875 2917 3947 pertinet,
2956 3869 3153 3942 quibus
3180 3883 3277 3939 per
3302 3858 3642 3936 corporalein
3670 3874 3786 3931 pra:-

2239 3972 2470 4029 sentiam
2517 3968 2853 4038 loquebatur.
2911 3961 3066 4030 Quod
3096 3968 3277 4014 autem
3314 3956 3418 4011 illis
3460 3971 3571 4011 non
3618 3949 3789 4008 intelli-

2240 4061 2490 4134 gentibus
2542 4057 2769 4112 inferius
2795 4052 3063 4124 exposuit,
3094 4048 3320 4104 dicens:
3357 4065 3375 4098 t
3425 4046 3622 4111 Amen,
3653 4055 3783 4097 amen

2240 4156 2359 4209 dico
2398 4151 2581 4212 vobis,
2630 4148 2755 4217 quia
2799 4142 3081 4216 plorabitis
3125 4148 3179 4193 et
3226 4136 3421 4192 flebitis
3460 4150 3583 4200 vos,
3613 4153 3632 4188 ι
3677 4140 3786 4191 etc...

2239 4260 2436 4316 usque,
2469 4264 2486 4296 ι
2514 4248 2756 4297 vertetur
2783 4238 2837 4292 in
2867 4233 3142 4307 gaudium,
3167 4251 3184 4284 ι
3222 4231 3301 4285 sic
3328 4228 3587 4300 apostolis
3613 4221 3787 4297 specia-

2239 4340 2362 4395 liter
2387 4333 2670 4397 convenit,
2701 4340 2759 4387 ut
2786 4329 2952 4385 etiam
2982 4322 3271 4381 universali
3299 4320 3557 4377 Ecclesiae
3586 4330 3783 4391 genera-

2242 4432 2375 4501 liter,
2399 4434 2662 4498 congruat
2689 4464 2706 4488 ,
2754 4421 2881 4492 quia
2928 4433 3058 4489 ergo
3100 4432 3165 4471 ea
3211 4432 3315 4485 qua
3365 4404 3655 4468 tradendus
3691 4412 3786 4462 erat

2248 4531 2419 4583 nocte,
2452 4521 2569 4575 haec
2597 4514 2874 4587 discipulis
2903 4508 3244 4583 loquebatur,
3270 4506 3544 4563 modicum
3569 4512 3677 4561 erat
3700 4511 3784 4571 quo

2238 4632 2361 4673 eum
2384 4612 2552 4668 visuri
2600 4625 2705 4664 non
2748 4616 2925 4670 erant,
2954 4605 3209 4676 quoniam
3238 4602 3352 4672 ipsa
3383 4609 3545 4656 nocte
3566 4607 3781 4667 compre-

2238 4710 2457 4769 hensus,
2483 4710 2539 4757 et
2570 4703 2623 4756 in
2644 4700 2883 4756 crastino
2909 4696 3213 4757 crucifixus,
3245 4695 3297 4751 in
3324 4693 3576 4764 sepulcro
3599 4698 3676 4746 est
3696 4680 3781 4741 col-

2238 4799 2554 4859 collocatus,
2582 4801 2639 4847 et
2667 4800 2793 4848 tunc
2818 4800 3105 4860 cmperuut
3140 4804 3261 4844 eum
3291 4801 3395 4842 non
3419 4785 3621 4842 videre.
3646 4779 3781 4835 Nocte

2237 4908 2368 4948 vero
2391 4905 2456 4944 ac
2475 4889 2561 4943 die
2589 4885 2835 4956 sequenti
2858 4882 3103 4954 sepulcro
3133 4881 3439 4951 quiescens,
3463 4889 3619 4932 mane
3638 4870 3779 4943 prima

2240 4983 2448 5040 sabbati
2498 4978 2812 5036 resurrexit.
2865 4983 2921 5032 et
2948 4974 3222 5045 discipulis
3241 4972 3422 5041 ianuis
3457 4986 3566 5026 non
3613 4958 3780 5036 apertis

2239 5074 2501 5146 apparuit.
2530 5072 2656 5128 Sive
2676 5079 2824 5126 certe
2848 5068 3088 5124 futurum
3108 5075 3225 5120 erat
3247 5064 3537 5130 modicum,
3564 5074 3663 5131 quo
3679 5065 3776 5109 eum

2235 5166 2403 5222 visuri
2433 5172 2609 5228 erant,
2638 5161 2853 5230 quando
2885 5167 3006 5228 post
3056 5156 3509 5211 resurrectionem
3555 5165 3644 5224 per
3667 5158 3775 5214 qua-

2235 5257 2478 5326 draginta
2508 5250 2877 5308 tantummodo
2921 5249 3036 5303 dies
3080 5248 3133 5302 in
3163 5245 3344 5301 multis
3372 5238 3688 5314 argumentis
3715 5231 3776 5286 cis

2235 5364 2522 5420 apparens,
2566 5343 2975 5416 quadragesimo
3004 5341 3089 5395 die
3128 5339 3233 5395 illis
3269 5335 3576 5430 videntibus
3613 5333 3660 5386 in
3686 5340 3772 5381 cm-

2234 5440 2345 5494 lum
2367 5438 2629 5494 ascendit.
2658 5434 2808 5491 Unde
2835 5442 2889 5488 et
2916 5431 3163 5487 subditur
3191 5448 3203 5482 :

2314 5551 2333 5583 t
2369 5530 2503 5597 Quia
2526 5528 2659 5582 vado
2688 5527 2754 5580 ad
2786 5523 3021 5578 Patrem.
3060 5542 3087 5574 ι·
3105 5519 3256 5588 Quod
3282 5534 3387 5572 non
3415 5517 3481 5571 de
3505 5509 3770 5597 divinitate,

2236 5622 2332 5679 sed
2362 5589 2427 5675 de
2465 5616 2799 5673 humanitate
2842 5613 3096 5684 loquitur.
3134 5611 3331 5665 lterum
3378 5624 3436 5663 se
3467 5605 3591 5660 dicit
3616 5601 3684 5654 ire
3719 5589 3770 5645 ad

2234 5711 2448 5768 Patrem
2478 5725 2575 5782 per
2622 5706 3032 5769 humanitatem,
3084 5719 3116 5756 a
3145 5716 3251 5771 quo
3289 5713 3393 5754 non
3445 5688 3771 5754 discessilper

2237 5804 2570 5861 divinitatem
2592 5841 2607 5868 ,
2642 5801 2782 5859 sicut
2829 5799 2943 5870 ipse
2990 5798 3109 5851 ait:
3143 5813 3161 5845 ι
3202 5793 3313 5864 Ego
3345 5798 3399 5847 et
3446 5788 3601 5844 Pater
3636 5786 3769 5834 unum
