4014 6354
168 444 279 502 509

1375 445 1679 503 HOMILIJE
1718 443 1809 501 DE
1843 442 2189 503 TEMPORE.

3321 456 3426 512 5l0

170 571 362 612 sumus
391 553 571 627 (Joan.
604 554 679 625 x).
716 574 733 606 ι
771 552 920 609 Sicut
945 554 1087 610 enim
1124 555 1332 610 Patrem
1358 572 1461 611 non
1486 556 1740 622 deseruit,
1770 557 1823 617 Α
1847 556 2194 628 cogitationes
2238 571 2387 612 meas
2443 559 2507 614 de
2563 559 2716 633 longe
2768 560 2941 632 (l’tal.
2973 563 3278 636 cxxxvm);
3321 584 3338 617 ι
3372 573 3426 622 et

170 662 299 703 cum
322 648 576 718 apostolis
600 649 866 719 apparuit,
898 649 975 704 sic
1005 650 1272 720 apostolos
1296 667 1399 706 non
1435 652 1743 723 dereliquit,

171 753 300 794 cum
346 739 414 794 ad
440 738 652 794 Patrem
681 740 867 804 rediit,
896 740 1035 796 sicut
1062 741 1176 812 ipse
1204 743 1332 797 dicit
1359 759 1373 796 :
1408 760 1427 795 ι
1472 742 1612 799 Ecce
1647 758 1747 816 ego

168 831 451 887 vobiscum
479 846 596 886 sum
618 832 868 886 omnibus
893 831 1079 888 diebus
1114 848 1283 903 usque
1311 833 1378 888 ad
1406 849 1751 889 consumma-

172 922 380 978 tionem
408 922 591 978 saeculi
634 921 847 993 (Hatth.
886 924 1098 995 xxvnt).
1150 944 1168 976 ι
1213 925 1433 980 Maueus
1462 940 1592 996 ergo
1622 941 1746 981 cum

170 1013 336 1070 Patre
380 1026 478 1085 per
511 1015 875 1081 divinitatem,
911 1017 1181 1088 discipulis
1229 1019 1475 1089 apparuit
1517 1034 1616 1088 per
1650 1019 1751 1073 hu-

170 1107 492 1162 manitatem
521 1124 535 1159 :
564 1115 618 1160 et
643 1116 920 1162 revertens
951 1108 1018 1161 ad
1050 1107 1264 1163 Patrem
1304 1123 1400 1179 per
1445 1109 1749 1163 humanita-

171 1204 306 1263 tem,
336 1196 536 1253 mansit
568 1213 691 1253 cum
729 1198 1004 1268 discipulis
1057 1215 1154 1269 per
1206 1200 1563 1265 divinitatem,
1611 1200 1753 1255 sicut

168 1289 301 1345 alibi
355 1289 487 1343 dicit
539 1308 553 1342 :
620 1308 638 1341 σ
691 1288 845 1344 Exivi
885 1304 917 1343 a
950 1289 1130 1355 Patre,
1170 1299 1227 1346 et
1255 1291 1376 1345 veni
1407 1292 1459 1344 in
1494 1290 1750 1346 mundum

169 1379 355 1453 (Joan.
391 1380 523 1452 xvr).
565 1401 585 1433 ›
618 1381 816 1436 Venire
850 1382 1044 1451 quippe
1071 1392 1125 1436 et
1169 1384 1348 1437 redire
1398 1383 1751 1439 humanitatis

165 1481 295 1526 est:
329 1487 551 1526 manere
591 1480 647 1527 et
673 1486 793 1527 esse
821 1473 1135 1529 divinitatis.
1163 1473 1315 1541 Quod
1361 1473 1517 1528 facile
1538 1474 1751 1528 illorum

169 1564 472 1621 intellectui
499 1573 671 1635 patet,
702 1565 791 1635 qui
823 1567 875 1619 iu
901 1582 1006 1620 uno
1036 1566 1326 1621 Mediatore
1355 1566 1448 1622 Dei
1486 1576 1541 1623 et
1579 1568 1753 1623 homi-

166 1673 301 1712 num
333 1666 616 1727 utramque
657 1667 926 1723 naturam,
962 1658 1196 1713 divinam
1236 1658 1439 1714 scilicet
1476 1667 1531 1713 et
1558 1660 1751 1713 huma-

165 1763 318 1814 nam,
361 1749 704 1804 conﬁtentur.
754 1749 819 1803 Et
858 1751 995 1805 bene
1043 1751 1110 1805 ad
1138 1750 1353 1805 Patrem
1404 1750 1497 1804 ire.
1533 1751 1746 1817 dicitur,

1848 647 2043 702 iterum
2073 663 2087 702 :
2122 666 2144 699 ι
2183 645 2450 720 Cogitatio
2477 648 2711 706 hominis
2747 651 3090 709 conﬁtebitur
3122 654 3216 710 tibi
3248 652 3422 728 (Paul.

1848 739 2046 805 uxr);
2083 758 2103 793 ι
2140 747 2197 796 et
2224 737 2484 796 Salomon
2516 758 2530 795 :
2567 759 2585 793 ι
2624 741 2706 796 Tu
2730 742 2873 800 Deus
2911 745 3057 801 solus
3085 748 3226 802 nosti
3255 748 3423 804 corda

1849 831 2079 888 ﬁliorum
2100 833 2377 889 hominum
2399 832 2487 907 (II
2512 831 2644 889 Par.
2684 833 2796 907 vi);
2837 855 2857 889 ι
2886 845 2941 892 et
2966 837 3162 893 lterum
3190 852 3205 892 :
3243 857 3264 891 ι
3296 839 3427 908 Qua:

1849 932 1977 980 sunt
2007 924 2064 980 in
2092 925 2257 981 corde
2281 924 2738 992 hominum,oculi
2770 927 2845 982 tui
2879 928 3085 993 vident,
3113 929 3369 997 Domine;
3400 946 3419 983 ι

1848 1024 1903 1071 et
1928 1031 2156 1071 rursus:
2213 1031 2233 1067 ι
2270 1013 2443 1071 Homo
2486 1016 2632 1072 videt
2684 1016 2737 1071 in
2784 1016 2942 1083 facie,
2995 1019 3136 1074 Deus
3167 1027 3345 1074 autem
3372 1020 3425 1076 in

1849 1107 2032 1162 corde.
2083 1124 2102 1158 ι
2155 1105 2278 1162 Sive
2321 1107 2671 1178 cogitationes
2699 1121 2885 1163 eorum
2913 1111 3211 1179 prmvenire
3236 1111 3424 1178 voluit,

1849 1207 1911 1254 ut
1932 1200 2242 1255 ostenderet
2277 1215 2373 1256 eos
2416 1216 2521 1259 non
2552 1202 2751 1256 debere
2796 1201 3048 1257 dubitare
3072 1216 3139 1258 ex
3158 1201 3274 1272 ejus
3300 1218 3427 1276 pro-5

1850 1290 2217 1358 missionibus,
2262 1306 2423 1361 quem
2460 1300 2571 1346 tam
2597 1291 2757 1348 facile
2780 1292 2995 1348 occulta
3031 1308 3251 1350 suarum
3281 1296 3428 1368 cogi-

1853 1384 2111 1439 tationum
2135 1384 2386 1439 videbant
2414 1386 2747 1455 dignoscere.
2786 1386 2937 1442 Unde
2977 1394 3031 1441 et
3059 1389 3306 1444 subditur
3334 1404 3350 1443 :

1922 1492 1945 1527 ι
1972 1473 2232 1545 Cognovit
2256 1483 2437 1529 autem
2470 1474 2627 1531 Jesus
2652 1474 2781 1546 quia
2811 1475 3066 1530 volebant
3108 1490 3231 1531 eum
3259 1477 3428 1532 interd

1858 1585 1876 1617 ι
1912 1581 2124 1638 rogare,
2172 1575 2228 1621 et
2257 1567 2395 1621 dixit
2437 1568 2517 1622 eis
2549 1586 2560 1620 :
2590 1568 2666 1623 De
2690 1568 2795 1623 hoc
2837 1568 3105 1639 queritis.
3133 1568 3277 1624 inter
3326 1584 3426 1626 vos

1857 1675 1876 1710 ι
1904 1659 2032 1727 quia
2054 1658 2163 1713 dixi
2201 1676 2214 1712 :
2236 1658 2505 1714 Modicum
2530 1667 2584 1714 et
2607 1675 2713 1714 non
2743 1659 2992 1715 videbitis
3014 1675 3121 1724 me,
3143 1670 3199 1716 et
3226 1661 3425 1717 iterum

1857 1769 1875 1803 ι
1915 1750 2181 1806 modicum
2209 1759 2265 1805 et
2304 1749 2552 1806 videbitis
2572 1765 2679 1806 me.
2720 1770 2740 1803 ι
2778 1752 2857 1807 Ac
2892 1753 2938 1807 si
2959 1753 3162 1808 diceret
3192 1767 3209 1807 :
3238 1752 3298 1809 Si
3323 1753 3427 1810 hoc

159 1839 291 1907 quia
324 1840 556 1908 quandiu
585 1856 707 1895 cum
737 1840 1015 1912 discipulis
1057 1851 1406 1910 conversatus
1453 1851 1558 1907 est,
1588 1842 1750 1898 simili
1853 1855 1950 1894 vos
1976 1841 2286 1904 conturbat,
2320 1849 2375 1896 et
2394 1850 2603 1897 vestras
2627 1851 2834 1897 mentes
2859 1841 3115 1898 sollicitat
3142 1844 3422 1913 quiadixi:

156 1946 331 1988 carne
380 1933 615 1998 indutus,
672 1951 777 2004 qua
820 1918 887 1990 et
929 1934 1027 2000 illi,
1081 1935 1251 2005 potuit
1292 1935 1453 1990 simul
1484 1949 1607 1991 cum
1634 1935 1739 1991 illis
1766 1926 1817 1990 Β
1845 1932 2112 1988 Modicum
2129 1940 2304 1990 etnon
2318 1933 2571 1990 videbitis
2596 1948 2702 2000 me,
2730 1934 2906 1989 adhuc
2931 1935 3114 1990 audite
3146 1952 3200 1988 τι
3231 1935 3423 2004 Amen,

152 2025 586 2095 comprehendi,
617 2026 789 2098 ligari,
827 2025 1104 2098 ﬂagellari,
1136 2041 1325 2082 somno
1350 2027 1588 2097 gravari,
1619 2025 1741 2081 fati-
1849 2045 1868 2079 ι
1905 2041 2060 2082 amen
2107 2027 2228 2082 dico
2278 2027 2450 2093 vobis,
2493 2028 2617 2098 quia
2660 2028 2942 2098 plorabitis
2967 2037 3022 2084 et
3065 2028 3263 2085 ﬂebitis
3305 2045 3425 2098 vos,

152 2116 307 2186 gari,
351 2117 594 2187 cruciﬂgi
624 2129 680 2173 et
704 2118 863 2182 mori,
894 2127 949 2172 et
977 2120 1061 2173 his
1099 2118 1296 2172 similia
1331 2118 1399 2171 ad
1441 2118 1745 2173 bumanita—
1848 2135 1867 2170 ι
1909 2118 2143 2173 mundus
2195 2127 2376 2173 autem
2407 2118 2683 2189 gaudebit.
2714 2117 2824 2175 Vos
2867 2130 3047 2176 autem
3092 2120 3429 2178 contristabi‘

153 2216 273 2260 tem
306 2207 631 2277 pertinentia
661 2207 770 2276 pati
798 2223 813 2273 ;
843 2208 936 2263 sed
968 2217 1090 2277 post
1142 2209 1611 2273 resurrectionem,
1649 2210 1745 2264 ah-

141 2296 307 2366 jecta
334 2299 515 2351 carnis
540 2298 896 2362 mortalitate,
932 2299 1008 2353 ita
1031 2314 1060 2352 a
1089 2299 1249 2353 Patre
1279 2294 1609 2355 cla'rillcatus
1634 2310 1740 2367 est,

142 2396 209 2443 et
243 2388 593 2456 impassibilis
641 2397 804 2459 atque
851 2389 1172 2445 immortalis
1209 2389 1404 2454 factus,
1450 2398 1509 2445 ut
1538 2390 1743 2445 nullum

138 2477 266 2548 jam
320 2475 512 2530 horum
560 2478 814 2546 patiatur.
868 2477 1075 2548 Dequo
1116 2494 1212 2549 per
1239 2479 1461 2533 Paulum
1505 2480 1738 2534 dicitur:

152 2586 176 2619 ς
220 2567 291 2622 Ει
315 2566 360 2621 si
403 2583 726 2623 noveramus
750 2568 1025 2624 Christum
1048 2571 1341 2626 secundum
1375 2586 1613 2636 carnem,
1649 2570 1743 2627 sed

142 2661 268 2731 jam
322 2675 464 2715 nunc
511 2675 615 2714 non
669 2662 917 2716 novimus
974 2661 1028 2734 (1
1073 2662 1197 2716 Cor.
1226 2662 1301 2734 v).
1341 2682 1359 2714 ι
1390 2663 1455 2717 Et
1499 2666 1737 2718 iterum:

159 2770 179 2801 ι
215 2750 468 2805 Christus
504 2766 790 2821 resurgens
835 2767 903 2807 ex
947 2753 1194 2817 mortuis,
1233 2752 1347 2822 jam
1379 2768 1483 2806 non
1510 2754 1744 2807 moritur

154 2841 334 2912 (liam.
368 2842 466 2914 γι),
504 2863 523 2895 ι
553 2852 661 2898 etc.
691 2843 760 2898 Et
784 2845 908 2913 quia
956 2844 1060 2915 piae
1084 2852 1290 2901 mentes
1332 2844 1739 2915 discipulorum,

151 2937 230 3006 pii
271 2938 515 3008 magistri
544 2939 843 2993 absentiam
870 2939 1205 3008 corporalem
1251 2938 1368 2994 sine
1401 2939 1551 3009 gravi
1584 2939 1741 2993 tzcdio

153 3039 213 3083 et
278 3029 462 3085 dolore
513 3029 657 3086 ferre
712 3047 819 3087 non
864 3039 1137 3103 poterant,
1184 3031 1562 3087 manifestatur
1615 3046 1739 3085 cum

156 3119 503 3190 sulijungitur
534 3138 545 3172 :

238 3232 255 3261 σ
295 3212 554 3268 Dixerunt
591 3228 723 3286 ergo
769 3230 836 3271 ex
879 3214 1158 3285 discipulis
1198 3212 1316 3283 ejus
1342 3214 1410 3269 ad
1460 3214 1734 3270 invicem:

1849 2232 1866 2263 ι
1909 2212 2064 2276 mini,
2084 2212 2177 2266 sed
2203 2210 2423 2266 tristitia
2440 2219 2619 2267 vestra
2632 2220 2873 2267 vertetur
2888 2212 2942 2267 in
2969 2213 3240 2284 gaudium.
3268 2232 3288 2267 ι
3306 2213 3421 2270 Fle~

1842 2303 1975 2358 bant
2021 2303 2167 2358 enim
2229 2311 2505 2358 amatores
2544 2302 2767 2367 Christi,
2795 2316 2916 2358 cum
2944 2318 3068 2359 eum
3120 2319 3279 2375 quem
3309 2306 3424 2360 sine

1842 2391 1997 2460 culpa
2028 2392 2082 2445 in
2110 2391 2312 2445 mundo
2327 2392 2638 2447 conversari
2657 2402 3076 2463 conspexerant,
3100 2393 3254 2462 quasi
3270 2408 3421 2450 reum

1843 2484 2246 2553 comprehendi,
2280 2480 2452 2556 ligari,
2485 2483 2758 2554 ﬂagellari,
2804 2494 2966 2556 atque
2997 2484 3238 2557 cruciﬂgi
3278 2486 3431 2541 νίίιε-

1843 2582 1988 2628 runt.
2029 2572 2215 2644 Neque
2262 2574 2409 2629 enim
2441 2573 2558 2629 sine
2602 2575 2750 2645 gravi
2805 2575 2991 2630 dolore
3035 2574 3121 2630 vel
3146 2574 3271 2631 ﬂetu
3310 2574 3428 2645 ejm

1843 2674 2070 2721 mortem
2110 2666 2293 2721 videre
2342 2674 2614 2736 poterant,
2649 2665 2802 2736 cujus
2827 2666 2990 2721 vitam
3023 2667 3190 2723 nimio
3241 2682 3427 2725 amore

1843 2755 2178 2810 dilexerant:
2202 2769 2472 2826 quemque
2517 2756 2667 2826 prius
2697 2765 2937 2811 mortuos
2972 2757 3241 2813 suscitare
3270 2758 3419 2811 vide-

1843 2859 1982 2916 rant,
2025 2859 2297 2907 mortuum
2318 2849 2587 2903 videbant.
2615 2848 2685 2903 At
2708 2856 2930 2904 econtra
2962 2850 3194 2905 mundus
3222 2850 3431 2919 gaude-
3501 2856 3504 2859 ‘

1841 2940 1954 3004 bat,
2002 2940 2055 2994 id
2102 2947 2187 2994 est
2219 2937 2525 2994 Judaaorum
2554 2938 2804 3009 populus,
2852 2939 2943 3010 qui
2987 2948 3208 3010 prepter
3234 2941 3421 2995 mundi

1842 3044 2082 3085 amorem
2125 3038 2274 3085 recte
2310 3030 2545 3084 mundus
2572 3039 2816 3095 vocatur,
2862 3042 2985 3086 cum
3008 3038 3258 3087 cernet-ct
3299 3048 3423 3088 eun;

1842 3119 2107 3191 cruciﬁgi,
2149 3121 2242 3190 qui
2283 3120 2464 3192 gravis
2489 3127 2609 3174 erat
2659 3120 2819 3175 etiam
2874 3121 2955 3175 eis
2997 3121 3062 3175 ad
3112 3123 3422 3189 videndum,

1843 3211 2216 3265 existimantes
2249 3225 2444 3265 nomen
2471 3210 2591 3280 ejus
2621 3224 2745 3265 esse
2768 3210 3023 3266 deletum.
3057 3211 3163 3268 Sed
3184 3214 3424 3283 nunquid

162 3320 182 3351 ι
223 3300 365 3367 Quid
386 3311 469 3357 est
488 3304 591 3359 hoc
615 3306 759 3375 quod
781 3305 911 3360 dicit
937 3305 1129 3360 nobis:
1160 3304 1426 3359 Modicum
1451 3312 1506 3358 et
1533 3319 1641 3358 non
1666 3304 1741 3358 vi-
1767 3288 1812 3350 Ο
1844 3316 2059 3371 semper
2092 3301 2306 3371 reprobi
2335 3300 2680 3366 laetabuntur,
2724 3308 2778 3355 et
2825 3300 2983 3357 electi
3025 3303 3425 3358 contristabitu-

168 3408 189 3439 ο
230 3390 427 3447 debitis
451 3409 551 3460 me,
573 3404 628 3450 et
666 3396 860 3451 iterum
896 3395 1166 3450 modicum
1195 3404 1251 3450 et
1276 3394 1526 3450 videbitis
1551 3408 1656 3459 me,
1688 3401 1742 3448 et
1844 3392 1965 3447 tur?
1991 3405 2119 3447 non.
2153 3391 2337 3446 Dicam
2368 3390 2496 3460 quid
2512 3390 2694 3445 dicat:
2730 3408 2748 3441 ι
2771 3390 3010 3446 Tristitia
3039 3400 3217 3446 vestra
3241 3401 3422 3448 verte-

165 3499 186 3529 ‹
226 3482 355 3551 quia
398 3484 530 3540 vado
571 3487 637 3541 ad
664 3485 915 3541 Patrem?
942 3486 1200 3541 Dicebant
1252 3499 1380 3555 ergo
1418 3502 1434 3539 :
1467 3483 1607 3552 Quid
1657 3493 1742 3541 est
1841 3490 1930 3537 tur
1953 3482 2008 3537 in
2034 3481 2308 3553 gaudium.
2342 3500 2362 3533 ι
2391 3480 2496 3537 Sed
2522 3481 2745 3536 tristitia
2763 3481 3132 3551 apostolorum
3158 3497 3311 3558 versa
3340 3492 3425 3540 est

159 3592 178 3622 ι
215 3572 321 3628 hoc
349 3576 488 3644 quod
509 3576 640 3632 dicit
671 3576 828 3633 nobis
845 3594 858 3630 :
876 3576 1178 3633 Modicum?
1199 3577 1471 3632 nescimus
1497 3574 1641 3646 quod
1662 3574 1742 3631 lo-
1841 3572 1895 3627 in
1924 3571 2186 3635 iustitiam,
2213 3572 2451 3641 quando,
2479 3572 2621 3627 sicut
2651 3573 2726 3626 ait
2753 3571 3085 3643 evangelista
3108 3572 3301 3641 Lucas,
3324 3589 3421 3647 ga-

158 3681 176 3713 (
218 3664 422 3750 quitur.
479 3686 497 3717 ι
538 3665 711 3722 Habet
760 3677 940 3722 autem
991 3669 1223 3722 humana
1275 3682 1428 3722 meus
1474 3665 1577 3719 hoc
1612 3680 1739 3735 pro-

153 3756 357 3825 prium,
390 3765 449 3812 ut
487 3760 631 3828 quod
661 3760 885 3814 omnino
926 3773 1032 3814 non
1062 3759 1197 3824 vult,
1242 3765 1336 3813 aut
1373 3759 1525 3814 tarde
1547 3758 1741 3815 intelli-

152 3858 268 3919 gat,
297 3858 389 3905 aut
415 3852 619 3907 tardius
658 3853 862 3909 credat.
888 3852 955 3907 Et
984 3852 1107 3908 ideo
1146 3851 1415 3923 discipuli,
1441 3853 1567 3923 quia
1597 3851 1741 3907 nole«

151 3940 302 4006 bant,
337 3958 435 3997 nec
473 3943 765 3999 credebant
790 3942 929 4013 quod
962 3944 1085 4014 pius
1111 3944 1372 4014 magister
1396 3930 1473 3999 ab
1492 3944 1574 4000 eis
1620 3959 1740 3999 cor-

150 4032 416 4102 poraliter
459 4043 825 4104 separaretur,
876 4037 1123 4125 quamvis
1162 4034 1461 4090 manifeste-
1482 4035 1685 4091 diceret
1719 4052 1735 4090 :

156 4143 174 4174 ι
208 4123 477 4179 Modicum
519 4137 575 4181 et
598 4124 711 4194 jam
740 4142 847 4181 non
872 4123 1124 4181 videbitis
1168 4141 1278 4192 me,
1326 4145 1345 4178 ι
1386 4142 1492 4181 non
1527 4127 1629 4182 hoc
1656 4128 1743 4182 in-

153 4214 484 4286 telligel'ant.
519 4216 670 4272 Unde
698 4225 754 4271 et
777 4218 919 4272 inter
939 4232 998 4271 se
1034 4226 1427 4288 conquerentes
1448 4217 1736 4273 dicebant:

154 4324 173 4357 ι
209 4304 350 4372 Quid
378 4315 463 4361 est
491 4307 593 4362 hoc
634 4308 774 4376 quod
797 4307 926 4363 dicit
950 4324 962 4361 :
997 4308 1296 4363 Modicum?
1318 4309 1591 4365 nescimus
1611 4309 1740 4379 quid

152 4395 410 4464 loquitur.
453 4416 472 4449 ι
502 4394 660 4453 Juxta
696 4398 836 4452 hunc
883 4410 1121 4464 sensum,
1168 4413 1293 4453 cum
1319 4398 1447 4453 alibi
1474 4398 1553 4453 eis
1586 4412 1739 4453 suam

150 4490 460 4559 passionem
496 4490 830 4560 praediceret,
877 4490 1063 4545 dicens
1107 4489 1320 4561 (Matth.
1354 4488 1450 4560 xx)
1484 4507 1497 4543 :
1536 4508 1554 4541 ι
1599 4489 1740 4545 Ecce

149 4582 497 4636 ascendimus
527 4580 969 4652 Hierosolymam,
999 4588 1053 4635 et
1076 4582 1596 4635 consummabuutur
1619 4594 1735 4635 out-

149 4674 242 4728 nia
274 4689 393 4742 qua:
440 4674 640 4743 scripta
684 4681 807 4729 sunt
834 4688 932 4742 per
972 4673 1261 4743 prophetas
1290 4672 1357 4727 de
1384 4671 1520 4728 Filio
1562 4672 1736 4727 homi-

1840 3665 1938 3720 visi
1966 3673 2094 3720 sunt
2113 3665 2359 3735 discipuli
2390 3665 2508 3720 viso
2531 3665 2778 3720 Domino.
2825 3665 3057 3721 Econtra
3105 3666 3284 3722 laetitia
3330 3667 3423 3724 Ju-

1841 3755 2077 3811 deorum
2125 3763 2454 3812 commutata
2484 3766 2567 3812 est
2599 3757 2653 3811 in
2679 3758 3014 3823 mmstitiam,
3046 3757 3099 3812 in
3127 3766 3335 3813 tantum
3362 3765 3423 3814 ut

1839 3845 1956 3916 ejus
1993 3846 2393 3901 resurrectione
2440 3846 2648 3913 audita,
2680 3847 2941 3902 militibus
2967 3847 3252 3919 pecuniam
3296 3863 3420 3918 pro-

1841 3936 2136 4002 mitterent,
2160 3936 2403 4005 dicentes
2434 3956 2447 3991 :
2483 3958 2501 3989 ί
2554 3938 2727 3993 Dicite
2760 3939 2884 4008 quia
2914 3940 3072 3995 nobis
3102 3938 3421 3999 dormienti-

1839 4029 1941 4085 bus
1957 4036 2224 4085 veneruut
2253 4029 2497 4100 discipuli
2528 4029 2647 4099 ejus
2671 4039 2853 4095 nocte,
2881 4039 2938 4086 et
2962 4029 3127 4086 furati
3149 4041 3273 4088 sunt
3299 4047 3420 4088 cor-

1838 4133 1939 4189 pus
1986 4118 2125 4187 ejus,
2179 4128 2231 4175 et
2282 4120 2327 4174 si
2379 4122 2480 4176 hoc
2510 4120 2751 4175 auditum
2791 4119 2955 4176 fuerit
2981 4137 3011 4176 a
3042 4123 3288 4193 prteside,
3321 4138 3420 4179 nos

1839 4208 2183 4266 suadebimus
2235 4211 2306 4275 ei,
2362 4218 2418 4265 et
2453 4225 2673 4266 securos
2721 4225 2816 4266 vos
2870 4210 3134 4267 faciemus
3184 4212 3414 4283 (Matth.

1840 4298 2056 4369 xxvni).
2100 4319 2118 4351 ι
2142 4299 2272 4355 .Sed
2300 4300 2428 4369 quia
2457 4309 2671 4369 partem
2715 4300 2875 4370 hujus
2898 4302 3145 4358 lectionis
3170 4305 3419 4375 superius

1840 4391 2164 4462 generaliter
2182 4391 2251 4447 ad
2277 4392 2635 4449 universalem
2664 4393 2960 4449 Ecclesiam
2981 4395 3253 4463 pertinere
3275 4396 3418 4449 dixi-

1840 4498 1980 4547 mus,
2000 4485 2112 4539 suis
2142 4484 2324 4540 verbis
2349 4485 2610 4540 Dominus
2637 4483 2884 4539 ﬁdelibus
2921 4484 3123 4539 luctum
3148 4494 3203 4540 et
3231 4485 3414 4540 ﬂetum

1840 4576 2061 4643 indicat,
2113 4576 2310 4647 quibus
2360 4576 2533 4631 dicit:
2576 4594 2596 4627 ι
2636 4573 2832 4639 Amen,
2874 4587 3031 4629 amen
3071 4574 3194 4629 dico
3237 4576 3412 4641 vobis,

1839 4669 1963 4737 quia
1979 4668 2284 4738 plorabitis,
2315 4685 2334 4718 ι
2354 4676 2487 4731 etc.,
2512 4680 2706 4734 usque,
2735 4670 2973 4719 vertetur
3000 4664 3054 4718 in
3079 4662 3352 4734 gaudium.
3388 4683 3408 4717 ι

148 4768 259 4830 nis,
289 4786 308 4814 ι
338 4775 471 4833 etc.,
497 4767 840 4837 subjunctum
861 4774 945 4820 est
977 4783 990 4819 :
1018 4784 1036 4816 ι
1066 4765 1134 4820 Et
1157 4765 1257 4834 ipsi
1287 4764 1418 4819 nihil
1441 4766 1633 4819 horum
1655 4765 1735 4817 in-
1838 4761 1894 4814 In
1920 4759 2163 4815 convalle
2190 4773 2424 4828 namque
2450 4758 2808 4827 lacrymarum
2832 4756 3014 4825 positi,
3045 4756 3256 4811 sarcina
3285 4771 3415 4827 pec-

148 4857 496 4923 tellexerunt;
523 4859 802 4914 eratenim
826 4859 1051 4913 verbum
1085 4857 1228 4912 istud
1258 4857 1633 4911 absconditum
1665 4856 1733 4911 ab
1838 4861 2081 4908 calorum
2111 4852 2339 4921 gravati,
2363 4864 2469 4903 non
2495 4847 2667 4903 solum
2696 4860 2795 4919 pro
2821 4848 3158 4903 remitteadis
3176 4848 3414 4917 peccatis

149 4950 260 5015 eis,
288 4958 343 5004 et
370 4965 478 5005 non
522 4950 891 5020 intelligebant
936 4966 1056 5019 quae
1081 4950 1416 5004 dicebantur.
1457 4967 1476 5000 ι
1515 4947 1733 5016 Quare?
1836 4943 2049 5007 deﬂent,
2100 4943 2194 4999 sed
2238 4943 2400 4998 etiam
2436 4957 2535 5011 pro
2580 4941 2983 5012 exspectatione
3020 4949 3235 4996 aeternas
3286 4942 3411 4998 vita:

150 5042 281 5111 quia
307 5057 468 5111 quem
506 5042 616 5112 pati
655 5015 761 5097 non
787 5015 1040 5111 optabant
1068 5047 1129 5094 ut
1155 5040 1263 5110 pati
1293 5048 1474 5109 posset
1513 5015 1619 5093 non
1650 5038 1730 5092 in-
1833 5037 2071 5107 quotidie
2098 5042 2337 5106 gemunt,
2360 5034 2599 5088 dicentes
2624 5049 2745 5090 cum
2776 5032 3058 5088 Psalmista
3093 5050 3105 5086 :
3137 5052 3153 5083 ιι
3192 5031 3409 5087 Lavabo
3446 5015 3467 5037 ’

152 5132 490 5201 telligebant.
522 5131 630 5187 Sed
658 5132 783 5201 quia
809 5131 1056 5200 querelas
1083 5146 1210 5186 suas
1249 5131 1315 5185 ad
1345 5129 1536 5185 callida
1565 5146 1730 5202 argu-
1834 5142 1928 5199 per
1975 5127 2211 5198 singulas
2261 5134 2448 5181 noctes
2492 5122 2665 5197 (Paul.
2723 5125 2824 5196 vi),
2858 5143 2879 5176 ι
2924 5132 3029 5179 etc.
3051 5139 3065 5187 ;
3090 5132 3149 5179 et
3170 5124 3405 5178 iterum:

151 5232 340 5281 menta
364 5238 471 5279 non
498 5230 900 5288 converterunt,
923 5223 1015 5276 sed
1034 5222 1182 5292 pium
1208 5221 1528 5291 magistrum
1554 5220 1731 5274 humi-
1839 5241 1857 5273 ι
1891 5221 2106 5276 Cibabis
2143 5234 2243 5274 nos
2278 5234 2418 5289 pane
2446 5217 2808 5288 lacrymarum
2840 5214 3014 5288 (Prol.
3057 5217 3261 5288 Lxxtx).
3298 5235 3317 5269 ι
3346 5214 3411 5272 Et

150 5315 283 5370 liter
323 5315 658 5385 interrogare
704 5313 1100 5382 disposuerunt,
1146 5310 1253 5377 ille,
1278 5311 1369 5381 qui
1414 5311 1594 5365 cordis
1650 5318 1734 5366 est
1834 5329 2022 5369 rursus
2065 5328 2079 5366 :
2121 5331 2140 5363 ι
2173 5311 2286 5366 Heu
2327 5310 2500 5365 mihi!
2535 5310 2661 5379 quia
2716 5309 2976 5365 incolatus
3027 5324 3182 5363 meus
3233 5308 3404 5380 (Psal.

149 5414 448 5471 scrutator,
471 5421 656 5462 eorum
687 5405 1040 5476 cogitationes
1061 5404 1410 5474 prtevcniens,
1442 5410 1730 5473 antequam
1831 5408 1999 5477 cxtx),
2030 5422 2049 5457 ι
2084 5412 2188 5458 etc.
2216 5410 2309 5467 ;et
2333 5402 2456 5458 alibi
2482 5418 2496 5455 :
2533 5421 2551 5453 ι
2583 5398 2822 5458 Fuerunt
2849 5401 2977 5457 mihi
3007 5402 3256 5472 lacryma:
3277 5414 3409 5455 meae

150 5505 603 5573 interrogaretur,
645 5499 919 5569 respondit
944 5536 959 5561 ,
998 5507 1056 5552 ut
1081 5497 1171 5567 qui
1192 5496 1246 5550 in
1273 5495 1454 5550 multis
1479 5510 1537 5550 se
1562 5496 1727 5549 Deum
1831 5513 1999 5569 panes
2018 5496 2103 5552 die
2126 5513 2188 5551 ac
2205 5502 2363 5550 nocte
2382 5490 2556 5565 (Psal.
2586 5492 2716 5565 xu).
2756 5512 2774 5545 ι
2801 5492 3065 5547 Recolunt
3091 5492 3236 5548 enim
3266 5492 3408 5545 unde

150 5607 278 5650 esse
302 5591 555 5665 ostendit,
595 5591 755 5646 etiam
800 5592 855 5645 in
885 5588 1127 5671 sordium
1155 5588 1484 5655 inspectione
1511 5600 1570 5640 se
1605 5601 1727 5641 eum

148 5701 279 5742 esse
306 5684 625 5747 declararet,
654 5684 799 5739 illum
841 5680 1069 5745 scilicet,
1101 5682 1167 5733 de
1188 5694 1296 5749 quo
1321 5678 1579 5747 scriptum
1600 5689 1687 5734 est
1712 5696 1725 5733 :

155 5799 177 5833 ι
216 5779 475 5834 Dominus
499 5778 643 5834 novit
663 5776 1016 5848 cogitationes
1039 5774 1337 5837 hominum,
1358 5772 1611 5842 quoniam
1632 5790 1697 5829 va

150 5885 242 5926 na:
269 5878 396 5947 sunt
422 5865 595 5937 (Paul.
621 5868 806 5937 xuii);
847 5886 865 5919 ι
903 5875 956 5922 et
996 5864 1319 5921 Psalmista:
1357 5881 1375 5916 ι
1413 5861 1729 5951 intellexisti

1833 5590 2164 5653 ceciderunt,
2188 5598 2241 5642 et
2266 5587 2612 5642 censidcrant
2642 5587 2732 5641 ubi
2781 5584 3139 5656 pervenerint.
3169 5583 3410 5651 Dunique

1830 5681 2182 5752 reproborum
2212 5693 2401 5749 prunas
2424 5687 2479 5733 et
2505 5678 2727 5749 gloriam
2749 5674 3017 5745 justorum
3061 5683 3186 5729 ante
3212 5673 3408 5727 mentis

1828 5774 2018 5831 oculos
2045 5774 2327 5835 reducunt,
2353 5772 2407 5827 in
2432 5780 2721 5841 conspectu
2750 5767 2975 5840 piissimi
2992 5764 3200 5839 judiols
3222 5776 3409 5819 ηιατυ-

1831 5865 1912 5920 las
1948 5872 2292 5930 peccatorum
2317 5860 2461 5917 fonte
2494 5860 2721 5916 abluunt
2747 5860 3133 5928 lacrymarum,
3166 5855 3409 5915 discum
