4014 6354
635 429 730 488 5H
800 428 815 442 '

1257 419 1606 476 HAYMONIS
1642 418 2118 476 HALBERSTA'I‘.
2160 415 2371 474 EPISC.
2414 416 2561 473 OPP.
2601 417 2779 474 PARS
2814 417 2877 474 ll.
2918 449 2987 459 —
3028 419 3257 476 HOMIL.

3757 430 3839 484 fili

637 555 759 598 cum
787 537 1073 595 Psalmista
1099 551 1111 589 :
1146 553 1164 586 ι
1200 534 1445 600 Domine,
1470 542 1593 588 ante
1620 542 1672 588 te
1689 548 1849 588 omne
1877 531 2200 586 desiderium
2226 530 2280 590 Α
2301 540 2434 598 quot
2457 545 2552 599 per
2583 529 2766 584 ﬁdeles
2813 545 2910 598 per
2947 531 3144 586 undam
3185 531 3526 602 baptismatis
3569 545 3623 590 et
3648 542 3837 610 gratiam

637 645 837 695 meum,
872 639 927 684 et
968 627 1198 699 gemitus
1222 640 1374 681 meus
1403 641 1434 680 a
1482 633 1535 680 te
1583 640 1691 681 non
1739 635 1824 680 est
1859 622 2202 679 absconditus

637 722 810 797 (Paul.
844 719 1084 789 xxxvu);
1123 737 1141 770 ι
1172 725 1228 773 et
1268 718 1461 773 iterum
1503 735 1518 772 :
1563 736 1582 768 ι
1630 717 1790 782 Deus,
1828 716 1994 770 vitam
2026 729 2200 770 meam

636 812 877 871 nuntiavi
909 811 1005 866 tibi
1049 806 1220 881 (Psal.
1253 809 1363 881 ιν).
1412 828 1430 861 ο
1462 807 1573 864 Nec
1599 809 1768 864 solum
1798 823 1896 878 pro
1938 805 2068 873 suis,
2109 808 2202 863 sed

634 904 795 960 etiam
827 900 1112 970 aliquoties
1136 914 1236 970 pro
1266 899 1454 954 alienis
1480 899 1652 954 sancti
1699 897 1895 953 deﬂent
1943 897 2201 968 peccatis,

634 1008 756 1050 cum
786 1007 880 1048 eos
908 989 1338 1056 irrevocabiliter
1382 990 1438 1045 in
1481 990 1560 1045 eis
1586 989 1875 1059 persistere
1902 989 2106 1054 vident,
2133 989 2205 1045 si-

634 1092 726 1140 cut
748 1082 980 1138 faciebat
1006 1081 1204 1137 Paulus
1225 1080 1514 1151 apostolus,
1550 1081 1642 1150 qui
1680 1079 1890 1135 dicebat
1919 1098 1932 1134 :
1967 1100 1984 1131 ι
2027 1080 2204 1151 Lugeo

633 1173 832 1230 multos
860 1188 928 1228 ex
953 1173 1038 1228 his
1060 1173 1152 1244 qui
1185 1180 1340 1226 antea
1365 1182 1740 1242 peccaverunt,
1768 1181 1824 1226 et
1855 1186 1961 1226 non
1981 1182 2206 1244 egerunt

634 1265 1005 1338 paenitentiam
1070 1279 1234 1335 super
1304 1263 1649 1334 impudicitiis
1722 1279 1856 1334 quas
1925 1273 2208 1336 gesserunt

636 1357 688 1430 (1
718 1356 840 1412 Cor.
871 1356 993 1426 xu).
1033 1375 1051 1409 ι
1090 1355 1564 1416 Αινθιιοίηιιιιιάιιε
1593 1356 1808 1427 gaudet,
1841 1357 1895 1411 id
1925 1365 2006 1412 est
2051 1373 2204 1412 mun-

636 1449 689 1504 di
719 1457 1010 1511 amatores.
1035 1463 1156 1504 cum
1180 1447 1512 1503 extolluntur
1531 1448 1584 1501 in
1614 1448 1930 1514 honoribus,
1952 1448 2207 1504 iri-salute

634 1555 938 1611 corporum,
984 1540 1039 1596 in
1068 1540 1396 1595 abundantia
1426 1553 1633 1604 rerum,
1662 1539 1716 1594 in
1743 1540 2121 1609 procreatione
2145 1540 2208 1594 ﬁ-

635 1631 850 1687 liorum.
884 1631 1051 1686 Recte
1079 1641 1259 1686 autem
1289 1631 1520 1686 mundus
1553 1639 1833 1697 vocantur,
1865 1632 1993 1702 quia
2037 1641 2206 1688 totum

637 1723 959 1780 desiderium
981 1740 1136 1779 suum
1153 1725 1207 1779 in
1227 1725 1410 1779 mundi
1441 1739 1678 1780 amorem
1704 1733 1909 1796 ponunt
1934 1733 1987 1780 et
2009 1725 2206 1780 nullam

635 1814 795 1869 aliam
844 1816 1010 1870 vitam
1057 1815 1300 1885 diligunt,
1359 1814 1426 1872 de
1477 1815 1672 1886 quibus
1725 1815 1981 1871 Dominus
2037 1816 2113 1870 ait
2145 1818 2201 1872 in

635 1906 922 1978 Evangelio
951 1925 964 1961 :
1011 1925 1030 1959 ι
1061 1907 1224 1963 Pater
1259 1907 1424 1976 justc,
1454 1907 1688 1964 mundus
1731 1917 1784 1964 te
1828 1923 1937 1966 non
1963 1909 2212 1980 cognovit
2237 1897 2287 1957 Β

635 1997 819 2070 (Joan.
841 1998 1011 2070 xvn);
1047 2018 1065 2050 ι
1093 2006 1149 2053 et
1168 1997 1401 2054 Joannes
1428 1997 1701 2069 apostolus
1727 2017 1740 2051 :
1773 2017 1790 2048 ι
1820 1997 2044 2053 Mundus
2071 2007 2213 2054 totus

637 2091 691 2146 in
720 2090 953 2163 maligno
978 2091 1187 2163 positus
1228 2099 1311 2147 est
1335 2090 1388 2162 (Ι
1410 2089 1572 2145 Joan.
1610 2090 1686 2162 v).
1727 2110 1744 2142 ι
1781 2088 1886 2146 Sed
1912 2090 2211 2146 umbratica

637 2189 798 2251 atque
833 2179 1087 2237 fumatica
1131 2196 1317 2236 eorum
1347 2180 1531 2236 laetitia
1572 2181 1624 2235 in
1656 2180 1930 2235 tristitiam
1961 2181 2208 2244 vertitur,

637 2273 762 2343 quia
793 2272 933 2328 sicut
961 2273 1038 2327 ait
1083 2272 1277 2328 beatus
1304 2270 1404 2328 Job
1441 2289 1454 2326 :
1494 2292 1512 2324 ι
1556 2272 1771 2329 Ducunt
1818 2263 1873 2326 iri
1910 2273 2067 2328 bonis
2098 2272 2214 2327 dies

639 2378 785 2430 suos,
809 2372 863 2419 et
889 2365 944 2419 in
973 2372 1171 2434 puncto
1195 2365 1263 2419 ad
1283 2363 1494 2418 inferna
1523 2363 1852 2419 descendunt
1883 2362 2002 2436 (Job
2030 2364 2152 2436 xu),
2192 2386 2209 2414 ο

638 2457 834 2527 quibus
861 2455 1118 2511 Dominus
1145 2457 1221 2510 ait
1248 2455 1303 2510 in
1333 2453 1621 2526 Evangelio
1650 2472 1662 2508 :
1698 2473 1716 2505 ι
1753 2453 1844 2509 Vae
1873 2455 1965 2524 qui
1992 2455 2212 2521 ridetis,

638 2549 762 2619 quia
792 2548 1072 2618 plorabitis
1118 2547 1268 2618 (Luc.
1321 2547 1446 2620 xu),
1486 2567 1505 2600 ι
1540 2547 1736 2618 quibus
1765 2549 1940 2619 etiam.
1973 2563 2072 2617 per
2091 2564 2216 2619 pro-

640 2639 858 2710 phetam
882 2638 1234 2709 improperat,
1263 2638 1449 2692 dicens
1496 2656 1509 2692 :
1545 2657 1563 2689 ‹
1600 2638 1738 2694 Ecce
1767 2638 1909 2693 servi
1942 2638 2049 2692 mei
2069 2639 2218 2693 laeta-

640 2729 856 2796 buntur,
917 2744 1010 2784 vos
1056 2738 1234 2785 autem
1286 2728 1708 2784 confundemini.
1761 2728 1900 2783 Ecce
1942 2729 2083 2784 servi
2112 2728 2218 2785 mei

641 2819 989 2875 exsultabunt
1038 2820 1094 2874 in
1141 2819 1349 2885 laetitia,
1397 2835 1492 2875 vos
1522 2819 1826 2874 clamabitis
1880 2834 1989 2889 prae
2035 2820 2219 2874 dolore

642 2909 841 2977 cor‘dis,
872 2917 928 2965 et
954 2925 1064 2980 prae
1094 2911 1418 2988 contritione
1460 2911 1683 2981 spiritus
1727 2912 1897 2967 vestri
1945 2912 2218 2968 ululabitis

643 3000 778 3073 (Isa.
807 3000 952 3072 uv).
991 3021 1010 3056 ι
1037 2999 1312 3058 Justorum
1340 3014 1520 3060 autem
1541 3003 1718 3058 brevis
1740 3003 1960 3059 tristitia
1983 3004 2037 3059 in
2063 3013 2220 3060 aeter-

643 3107 768 3147 nam
814 3092 1054 3148 laetitiam
1078 3104 1444 3162 convertetur,
1486 3095 1700 3167 quando
1734 3096 1961 3152 mortale
2005 3097 2106 3152 hoc
2139 3096 2220 3150 in-

645 3183 839 3239 duetur
884 3178 1405 3252 immortalitate,,et
1451 3186 1798 3259 corruptibile
1828 3188 1931 3243 hoc
1970 3187 2220 3242 induetur

644 3277 1065 3350 incorruptione.
1120 3279 1189 3336 Et
1235 3250 1328 3351 qui
1352 3282 1512 3338 modo
1545 3250 1816 3339 seininant
1859 3281 1915 3336 in
1942 3281 2217 3352 lacrymis,
2247 3250 2292 3314 α

645 3380 774 3427 tunc
803 3371 855 3426 in
884 3370 1081 3443 gaudio
1122 3381 1340 3428 metent.
1387 3373 1455 3429 Et
1483 3377 1697 3445 quando
1740 3377 2053 3448 implebitur
2091 3380 2223 3438 illud

645 3463 787 3534 quod
815 3462 1076 3520 Dominus
1102 3464 1176 3519 ait
1207 3482 1221 3517 :
1252 3486 1270 3518 ι
1297 3464 1447 3521 Beati
1474 3467 1564 3537 qui
1588 3467 1794 3540 lugent,
1836 3470 2092 3540 quoniam
2121 3472 2224 3541 ipsi

645 3556 1065 3613 consolabuntur
1091 3556 1306 3629 (Matth.
1337 3560 1417 3630 v),
1465 3583 1484 3611 ι
1522 3569 1577 3615 et
1614 3559 1714 3616 Job
1743 3580 1756 3615 :
1789 3580 1807 3612 ‹
1850 3561 1924 3618 0s
1949 3564 2225 3618 veracium

653 3649 961 3720 implebitur
988 3651 1100 3705 risu
1133 3651 1253 3721 (Job
1291 3650 1433 3720 VIII),
1485 3670 1504 3702 ι
1536 3659 1663 3706 tunc
1697 3653 1839 3706 enim
1868 3654 2224 3723 reproborum

648 3738 832 3793 laetitia
871 3739 926 3793 in
957 3739 1232 3794 tristitiam
1261 3739 1504 3803 vertitur,
1552 3741 1767 3809 quando
1790 3755 1915 3795 cum
1951 3749 2075 3809 post
2098 3743 2226 3796 uni-

647 3830 854 3883 versale
882 3831 1146 3899 judicium
1175 3829 1408 3885 viderint
1435 3837 1648 3886 sanctos
1675 3831 1728 3885 in
1751 3832 1920 3902 gloria
1949 3833 2222 3900 coronari,

649 3925 700 3972 et
731 3931 790 3972 se
831 3918 884 3971 in
918 3917 1206 3973 Tartarum
1250 3919 1596 3990 praecipitari.
1644 3920 1712 3975 Et
1735 3922 1994 3993 incipient
2023 3923 2223 3994 lugere,

651 4007 891 4063 dicentes
942 4027 955 4062 :
1005 4028 1023 4061 ι
1059 4009 1152 4064 Isti
1189 4018 1313 4064 sunt
1344 4025 1480 4080 quos
1528 4010 1816 4081 aliquando
1857 4014 2143 4071 habuimus
2174 4017 2226 4072 in

657 4099 894 4154 derisum
919 4109 974 4154 et
1000 4101 1054 4156 in
1081 4100 1485 4157 similitudinem
1515 4103 1826 4174 improperii
1870 4123 1883 4160 :
1925 4121 2026 4162 nos
2050 4107 2232 4162 insen-

655 4189 781 4254 sati,
811 4189 976 4244 vitam
1014 4189 1227 4245 illorum
1257 4192 1657 4249 :estimabamus
1683 4193 1968 4262 insaniam,
1994 4206 2048 4250 ct
2070 4195 2230 4252 ﬁnem

655 4279 870 4336 illorum
897 4281 1015 4337 sine
1048 4283 1273 4338 honore.
1312 4281 1590 4348 Quomodo
1619 4301 1762 4341 nunc
1805 4286 1946 4342 inter
1976 4287 2114 4344 filios
2136 4289 2233 4345 Dei

656 4380 783 4427 sunt
811 4373 1128 4441 computati,
1159 4382 1214 4428 et
1253 4373 1396 4430 inter
1427 4383 1644 4432 sanctos
1674 4373 1786 4431 fors
1810 4375 2024 4432 illorum
2049 4379 2172 4434 est?
2207 4399 2226 4432 ›

658 4461 811 4533 (Sap.
862 4462 944 4532 v.)
987 4463 1094 4517 Sed
1122 4463 1249 4532 quia
1277 4463 1522 4534 discipuli
1546 4465 1784 4521 nondum
1815 4474 1972 4520 erant
2007 4481 2233 4536 capaces

657 4553 724 4608 ad
760 4551 1067 4622 supradicta
1096 4552 1462 4625 intelligenda,
1487 4553 1674 4609 volens
1692 4555 1950 4610 Dominus
1971 4571 2036 4610 ex
2072 4557 2234 4612 rebus

657 4644 884 4700 terrenis
913 4644 1046 4700 dare
1083 4645 1509 4712 similitudinem,
1547 4657 1602 4702 et
1638 4649 1706 4702 ad
1733 4662 1920 4703 eorum
1961 4649 2231 4704 tristitiam

657 4735 1044 4791 consolandum
1071 4737 1481 4793 similitudinem
1512 4739 1714 4805 intulit,
1748 4741 1934 4796 dicens
1965 4757 1978 4796 :

737 4847 754 4876 ι
793 4826 984 4883 Mulier
1013 4843 1137 4884 cum
1178 4830 1342 4898 parit,
1391 4830 1668 4887 tristitiam
1703 4831 1886 4899 habet,
1927 4835 2054 4904 quia
2091 4837 2241 4890 venit

665 4934 686 4968 ι
717 4917 849 4972 hora
883 4919 1019 4989 ejus.
1058 4939 1077 4971 ι
1121 4917 1282 4975 Juxta
1312 4920 1549 4977 litteram
1576 4924 1648 4977 ita
1677 4931 1798 4979 est:
1831 4926 2087 4994 quoniam
2121 4942 2234 4980 mue

662 5007 762 5063 lier
787 5023 908 5062 cum
935 5011 1096 5078 parit,
1125 5025 1247 5065 cum
1293 5026 1526 5068 mterore
1553 5022 1608 5068 et
1638 5015 1856 5070 tristitia
1884 5017 2029 5086 parit
2065 5035 2082 5074 :
2111 5018 2238 5087 quia

665 5112 728 5154 ex
756 5113 822 5152 eo
853 5108 1110 5170 tempore,
1138 5115 1247 5171 quo
1271 5103 1460 5174 prima:
1488 5105 1648 5159 matri
1671 5114 1868 5160 nostrae
1893 5106 2095 5162 dictum
2118 5117 2236 5163 est:

670 5207 688 5241 ι
724 5188 780 5244 In
804 5190 986 5246 dolore
1017 5193 1194 5262 paries
1214 5193 1352 5249 ﬁlios
1372 5193 1524 5265 (Gen.
1554 5197 1661 5265 ιιι),
1701 5215 1720 5248 ι
1758 5195 1998 5253 mulieris
2047 5207 2239 5252 natura

665 5289 749 5336 est
767 5295 890 5336 cum
920 5297 1152 5338 maerore
1180 5292 1235 5338 et
1263 5283 1448 5338 dolore
1485 5298 1700 5353 parere.
1730 5283 2101 5353 Spiritualiter
2129 5289 2244 5343 haec

668 5371 861 5428 mulier
888 5384 1131 5430 sanctam
1155 5374 1426 5445 signiﬁcat
1450 5373 1771 5440 Ecclesiam,
1797 5390 1917 5444 qua:
1951 5391 2057 5431 non
2083 5393 2244 5448 prop-

669 5476 752 5523 ter
781 5468 1058 5525 mollitiem
1084 5469 1280 5524 mulier
1310 5469 1524 5531 dicitur,
1549 5470 1644 5524 sed
1670 5477 1890 5540 propter
1910 5471 2241 5541 conjunctio-

670 5575 792 5614 nem
827 5561 953 5627 viri,
999 5561 1066 5616 de
1113 5575 1222 5630 quo
1253 5559 1377 5631 jure
1401 5560 1637 5616 canitur.
1675 5580 1694 5614 ι
1745 5560 1950 5618 Nobilis
1987 5564 2043 5619 in
2079 5567 2250 5635 portis

669 5651 755 5707 vir
802 5651 938 5721 ejus,
986 5652 1203 5721 quando
1255 5651 1454 5706 sederit
1517 5666 1639 5707 cum
1693 5654 2032 5711 senatoribus
2095 5665 2253 5712 terrae

673 5741 856 5813 (Prov.
912 5741 1082 5810 χχιιι).
1139 5761 1159 5794 ι
1196 5742 1273 5796 Ex
1304 5741 1634 5800 fecunditate
1669 5744 1837 5816 prolis
1867 5746 2080 5802 mulieri
2108 5761 2256 5802 com-

674 5846 915 5907 paratur,
954 5837 1078 5906 quia
1125 5837 1239 5892 haec
1287 5835 1480 5893 mulier
1518 5846 1596 5896 tot
1635 5839 1877 5911 quotidie
1919 5838 2058 5896 ﬁlios
2095 5841 2256 5910 parit,

2306 618 2538 690 Spiritus
2558 621 2727 676 sancti
2756 629 3056 689 regenerat.
3089 623 3164 678 De
3197 638 3302 692 qua
3329 626 3728 695 regeneratione
3759 635 3820 688 Do

2304 711 2481 767 minus
2528 711 2654 766 alibi
2680 711 2754 765 ait
2791 730 2803 765 :
2834 730 2854 762 ‹
2907 710 3018 766 Nisi
3055 713 3177 782 quis
3205 705 3615 772 renatus'fuerit
3635 734 3697 774 ex
3730 738 3836 793 aqua

2304 811 2361 858 et
2389 801 2592 872 Spiritu
2617 811 2801 858 sancto
2831 802 3010 874 (Joan.
3038 803 3146 871 ru),
3180 825 3198 856 ι
3218 814 3321 861 etc.
3350 807 3502 863 :haec
3515 819 3597 864 est
3621 813 3750 867 enim
3773 817 3838 873 illa

2305 893 2518 957 mulier,
2543 892 2609 948 de
2642 908 2746 962 qua
2773 893 3030 950 Dominus
3053 895 3110 950 in
3139 897 3428 969 Evangelia
3460 899 3682 970 ﬁgurate
3703 903 3839 977 loqui-

2306 995 2410 1052 tur,
2441 988 2659 1062 dicens:
2691 1005 2710 1038 ‹
2744 985 2928 1042 Simile
2953 997 3034 1042 est
3057 1004 3277 1060 regnum
3305 992 3568 1048 caelorum
3595 994 3837 1066 fermento,

2308 1079 2448 1150 quod
2473 1088 2750 1148 acceptum
2777 1079 2969 1136 mulier
3009 1083 3289 1138 abscondit
3311 1084 3365 1138 in
3403 1083 3594 1141 farinae
3616 1089 3735 1145 satis
3766 1093 3838 1146 tri-

2307 1173 2430 1237 bus,
2453 1171 2621 1228 donec
2636 1171 3049 1228 fermentaretur
3081 1183 3250 1229 totum
3268 1175 3489 1247 (Matth.
3529 1179 3648 1252 xui)
3666 1221 3679 1245 ,
3707 1201 3722 1232 ι
3745 1184 3839 1251 quia

2308 1261 2550 1317 Ecclesia
2595 1261 2890 1318 doctrinam
2923 1265 3098 1320 sancti
3128 1265 3402 1338 Evangelii
3434 1269 3490 1322 in
3523 1270 3690 1325 tribus
3713 1276 3840 1341 parti-

2310 1353 2410 1408 bus
2451 1353 2634 1408 mundi
2684 1355 2988 1419 seminavit,
3019 1355 3167 1421 Asia,
3210 1357 3412 1422 Africa,
3459 1358 3686 1431 Europa,
3711 1364 3841 1418 donec

2311 1441 2730 1498 fermentaretur
2750 1454 2944 1507 totum,
2991 1447 3044 1501 id
3073 1456 3154 1501 est
3180 1448 3348 1503 donec
3393 1458 3571 1504 totum
3595 1467 3748 1522 genus
3771 1456 3841 1508 bu-

2312 1549 2527 1589 manum
2553 1537 2987 1604 praedicationem
3011 1537 3211 1594 Christi
3241 1542 3476 1596 audiret.
3503 1542 3581 1598 De
3600 1559 3698 1614 qua
3719 1546 3841 1600 etiam

2313 1637 2409 1692 per
2439 1622 2779 1681 Salornonem
2801 1627 2998 1683 dicitur
3028 1648 3040 1683 :
3075 1649 3093 1680 (
3130 1628 3406 1686 Mulierem
3435 1631 3633 1689 fortem
3659 1636 3842 1705 quislib-

2315 1717 2525 1772 veniet?
2568 1719 2751 1787 procul
2791 1728 2847 1776 et
2878 1721 2944 1776 de
2969 1721 3172 1777 ultimis
3212 1722 3411 1779 ﬁnibus
3456 1727 3684 1796 pretium
3722 1727 3840 1794 ejus:

2315 1805 2536 1862 conﬁdit
2566 1807 2621 1862 in
2667 1824 2729 1864 ea
2767 1824 2862 1864 cor
2889 1810 2988 1864 viri
3037 1812 3140 1877 sui,
3177 1822 3231 1866 et
3258 1812 3446 1882 spoliis
3481 1829 3588 1868 non
3640 1815 3843 1884 indigebit

2314 1895 2493 1970 (Prov.
2523 1899 2696 1970 χχιιι).
2735 1919 2752 1951 ι
2790 1900 2844 1953 In
2876 1900 3028 1970 cujus
3059 1910 3186 1972 typo
3219 1903 3301 1957 vel
3341 1903 3515 1973 ﬁgura
3549 1906 3719 1975 regina
3742 1903 3843 1958 Saba

2312 2006 2344 2046 a
2375 1992 2571 2046 ﬁnibus
2620 2000 2780 2047 terrae
2829 1993 2975 2048 venit
3022 1995 3075 2047 in
3124 1993 3428 2050 Jerusalem
3463 1995 3652 2051 audire
3678 1997 3843 2065 sapien-

2312 2084 2441 2139 tiam
2475 2083 2794 2140 Salomonis.
2847 2084 2951 2139 Sed
2983 2086 3098 2140 haec
3137 2085 3328 2140 mulier
3371 2102 3498 2141 cum
3536 2087 3695 2158 parit,
3724 2087 3846 2140 tristi-

2313 2176 2444 2230 tiam
2475 2177 2654 2240 habet,
2684 2174 2811 2245 quia
2839 2176 2989 2231 venit
3018 2177 3149 2231 hora
3190 2176 3307 2246 ejus
3338 2196 3352 2230 :
3403 2179 3536 2247 quia
3565 2187 3737 2233 sancta
3778 2177 3848 2233 Ec-

2314 2269 2498 2332 clesia,
2545 2284 2667 2324 cum
2699 2269 2753 2322 in
2787 2269 3168 2339 praedicatione
3201 2271 3446 2342 invigilat
3494 2271 3766 2340 aliquando
3799 2270 3847 2322 ab

2314 2365 2673 2421 exterioribus
2711 2365 2991 2431 hostibus,
3047 2379 3266 2434 semper
3301 2372 3486 2420 autem
3532 2366 3600 2420 ab
3628 2363 3847 2418 interiori.

2315 2459 2413 2514 bus
2434 2457 2718 2527 premitur.
2742 2455 2946 2511 Bellum
2976 2456 3120 2510 enim
3152 2455 3392 2526 quotidie
3412 2456 3549 2524 agit,
3579 2470 3681 2509 non
3708 2453 3849 2506 adver-

2317 2563 2408 2603 sus
2434 2562 2650 2601 carnem
2677 2554 2733 2601 et
2759 2546 3101 2616 sanguinem,
3130 2545 3225 2600 sed
3254 2545 3520 2600 adversus
3551 2543 3797 2615 principes
3816 2548 3849 2592 et

2316 2647 2628 2708 potestates,
2659 2636 2919 2692 adversus
2949 2636 3132 2690 mundi
3169 2643 3407 2690 rectores
3436 2634 3768 2689 tenebrarum
3788 2629 3851 2682 ha-

2319 2748 2457 2796 rum,
2481 2737 2666 2785 contra
2698 2728 2964 2798 spiritalia
2997 2728 3252 2798 nequitiae
3283 2728 3338 2782 in
3366 2727 3692 2788 coelestibus,
3718 2723 3855 2778 sciens

2317 2827 2576 2895 scriptum
2632 2841 2644 2877 :
2705 2841 2724 2873 ι
2780 2823 2956 2876 Multae
3006 2822 3382 2879 tribulationes
3416 2823 3686 2892 justorum
3719 2814 3856 2887 (Ρεαι.

2318 2917 2549 2988 xxxm);
2589 2937 2607 2969 ι
2640 2923 2696 2972 et
2747 2917 2944 2970 iterum
2995 2934 3007 2968 :
3053 2936 3070 2967 ι
3122 2915 3226 2970 Per
3283 2917 3484 2971 multas
3535 2911 3858 2970 tribulatione:

2318 3017 2530 3079 oportet
2559 3022 2657 3062 nos
2684 3007 2891 3062 intrare
2929 3008 2985 3061 in
3015 3021 3240 3075 regnum
3279 3007 3376 3062 Dei
3405 3007 3554 3078 (Act.
3606 3005 3736 3074 11v).
3774 3000 3856 3055 »ια

2319 3097 2472 3167 cujus
2516 3098 2759 3155 mulieris
2801 3099 3043 3153 membra
3071 3105 3295 3151 noverat
3335 3113 3393 3151 se
3418 3097 3720 3165 Apostolus
3743 3091 3855 3164 perti-

2322 3208 2472 3256 nere,
2501 3205 2623 3246 cum
2656 3190 3014 3260 spirltualium
3065 3188 3297 3243 ﬁliorum
3333 3188 3544 3258 lapsum
3575 3183 3854 3258 gemebunda

2323 3297 2455 3338 voce
2474 3279 2724 3346 deﬂebat,
2753 3279 2938 3336 dicens
2967 3298 2978 3334 :
3012 3300 3030 3330 ‹
3059 3277 3232 3334 Filioli
3259 3280 3385 3344 mei,
3407 3293 3547 3348 quos
3571 3279 3762 3332 iterum
3780 3289 3855 3345 par-

2325 3376 2488 3441 turio,
2523 3375 2695 3431 donec
2718 3371 2980 3429 formetur
3006 3369 3258 3427 Christus
3281 3371 3336 3424 in
3371 3369 3530 3424 vobis
3560 3368 3705 3441 (Gal.
3731 3377 3852 3438 1v);i

2326 3478 2383 3525 et
2406 3469 2686 3538 prepheta,
2720 3481 2841 3521 cum
2868 3465 3080 3520 dicebat
3104 3484 3119 3517 :
3156 3481 3174 3512 ι
3202 3461 3248 3517 Α
3271 3463 3467 3517 timore
3524 3470 3640 3526 tuo,
3666 3458 3852 3516 Domine.

2326 3559 2690 3628 concepimus,
2733 3564 2791 3611 et
2832 3553 3217 3624 parturivimus
3246 3553 3500 3623 spiritum
3552 3552 3737 3609 salutis
3760 3549 3851 3618 (Ita.

2327 3647 2500 3716 xm).
2537 3665 2555 3697 ι

2404 3756 2422 3786 ε
2455 3735 2588 3791 Cum
2627 3741 2806 3789 autem
2851 3734 3122 3805 pepererit
3166 3748 3414 3804 puerum.
3445 3754 3465 3786 ι
3521 3735 3672 3791 Sicut
3714 3730 3854 3787 mulier

2329 3836 2456 3882 nato
2483 3840 2656 3896 puero
2686 3825 2900 3896 gaudet,
2931 3825 3010 3880 sic
3039 3824 3281 3880 Ecclesia
3301 3867 3316 3891 ,
3359 3841 3483 3881 cum
3523 3825 3745 3881 ﬁdelium
3778 3819 3853 3873 ani-

2329 3933 2446 3972 mas
2471 3917 2539 3972 ad
2564 3925 2825 3973 aeternam
2849 3917 3015 3971 vitam
3044 3918 3381 3983 transmittit,
3408 3918 3717 3987 gratulatur.
3743 3913 3851 3968 Sem-

2330 4023 2426 4079 per
2463 4007 2608 4064 enim
2652 4008 2793 4063 inter
2833 4022 3118 4090 pressuras
3157 4007 3566 4064 tribulationum
3606 4007 3855 4063 sublevatur

2332 4116 2429 4170 spe
2453 4100 2818 4171 praemiorum,
2854 4099 2984 4154 illud
3023 4100 3264 4170 Apostoli
3307 4101 3361 4155 in
3402 4102 3712 4158 memoriam
3738 4096 3852 4152 I‘Ctill-

2332 4209 2462 4249 cens
2494 4211 2508 4247 :
2550 4212 2569 4244 ‹
2599 4191 2715 4247 Non
2759 4191 2902 4246 enim
2951 4192 3227 4262 condignae
3265 4193 3548 4263 passiones
3591 4199 3705 4247 sunt
3745 4184 3855 4252 hujus

2334 4288 2596 4356 temporis
2637 4287 2705 4341 ad
2747 4286 2984 4340 futuram
3024 4286 3270 4357 gloriam,
3320 4302 3440 4357 quae
3497 4282 3787 4344 revelabitur
3818 4280 3852 4331 in

2335 4378 2492 4433 “Obiﬁ
2524 4375 2696 4441 (Rom.
2720 4375 2865 4446 vm).
2898 4395 2916 4428 ι
2957 4375 3126 4443 Quale
3160 4385 3339 4432 autem
3379 4386 3703 4448 quantumve
3728 4371 3784 4426 ibi
3808 4367 3854 4422 sil

2337 4467 2611 4539 gaudium,
2655 4467 2740 4521 his
2778 4466 2962 4522 verbis
3002 4465 3398 4534 manifestatur,
3442 4467 3639 4538 quibus
3676 4461 3850 4519 dicitur:

2344 4580 2362 4612 ‹
2391 4558 2510 4614 Jam
2534 4574 2642 4614 non
2672 4559 2920 4614 meminit
2955 4574 3220 4629 pressura:
3247 4580 3265 4612 ι
3309 4562 3688 4630 praecedentis,
3727 4575 3741 4607 ι
3768 4567 3851 4623 ΡΓυ·

2348 4669 2366 4702 ‹
2398 4657 2518 4718 pter
2544 4647 2796 4717 gaudium
2825 4668 2840 4700 ι
2878 4649 3246 4718 subsequens:
3283 4669 3301 4701 α
3330 4651 3456 4721 quia
3477 4662 3634 4707 natus
3651 4656 3723 4703 est
3740 4646 3848 4699 homo

2351 4759 2368 4793 ‹
2400 4740 2697 4795 inmundo.
2728 4760 2746 4792 ι
2786 4740 2959 4795 Tanta
3000 4741 3145 4796 enim
3183 4741 3354 4812 gloria
3399 4747 3562 4799 datur
3603 4738 3785 4798 sanctis,
3813 4739 3850 4782 ιιι

2345 4848 2451 4888 non
2482 4831 2652 4888 solum
2680 4833 2747 4888 de
2775 4833 2954 4889 futuro
2977 4849 3083 4889 non
3111 4835 3366 4901 timeant,
3407 4839 3507 4893 sed
3532 4838 3680 4893 etiam
3706 4834 3845 4902 prmi?

2346 4922 2572 4975 ritarum
2606 4935 2983 4990 pressurarum
3012 4923 3423 4990 obliviscantur,
3463 4927 3603 4981 sicut
3626 4935 3711 4993 per
3730 4914 3846 4970 Joan-

2346 5029 2470 5068 nem
2497 5013 2552 5066 in
2573 5013 2893 5086 Apocalypsi
2914 5014 3111 5069 dicitur
3137 5033 3149 5069 :
3187 5034 3206 5066 ‹
3233 5008 3522 5088 Absterget
3542 5018 3670 5071 Deus
3689 5013 3844 5064 omne!n

2341 5103 2635 5174 lacrymam
2667 5105 2734 5159 ab
2762 5105 2933 5159 oculis
2962 5114 3300 5172 sanctorum,
3330 5115 3386 5162 et
3404 5107 3645 5177 jam'non
3668 5099 3754 5156 erit
3772 5105 3846 5146 am-

2342 5194 2483 5264 plius
2511 5210 2688 5266 neque
2713 5197 2909 5260 luctus,
2935 5211 3106 5266 neque
3131 5197 3355 5264 clamor,
3383 5215 3560 5270 neque
3580 5195 3715 5253 dolor
3731 5185 3843 5242 ullus,

2344 5288 2600 5356 quoniam
2626 5288 2804 5357 priora
2845 5288 3177 5343 transierunt
3216 5289 3398 5362 (Apoc.
3438 5292 3572 5362 χχι).
3602 5309 3620 5342 ι
3664 5284 3726 5338 De
3752 5287 3846 5346 (1³³0·

2347 5396 2464 5435 rum
2497 5380 2728 5450 spiritali
2768 5379 2950 5434 laetitia
2978 5381 3141 5436 etiam
3177 5398 3274 5452 per
3314 5383 3644 5438 Psalmistam
3671 5371 3843 5430 dicitur:

2354 5490 2372 5523 ι
2401 5471 2758 5526 Exsultabunt
2785 5473 2955 5527 sancti
2987 5473 3040 5527 in
3068 5473 3259 5544 gloria,
3291 5475 3608 5531 hetabuntur
3638 5471 3683 5524 in
3709 5455 3845 5554 ουδηξ·

2350 5565 2450 5618 bus
2473 5562 2586 5616 suis
2609 5559 2780 5632 (Psal.
2809 5563 3010 5634 cxux).
3043 5584 3061 5616 ι
3105 5561 3276 5618 Tanta
3307 5566 3448 5620 enim
3480 5567 3548 5622 ibi
3577 5560 3671 5618 erit
3692 5559 3845 5610 securl'

2355 5665 2456 5719 tas,
2481 5662 2542 5708 ut
2561 5654 2725 5708 etiam
2748 5657 2907 5709 morti
2936 5656 3212 5722 insultent,
3237 5658 3474 5714 dicentes
3498 5675 3512 5713 :
3547 5655 3636 5712 Ubi
3654 5657 3722 5704 est
3741 5648 3845 5696 mors

2358 5746 2575 5802 aculeus
2602 5747 2757 5800 tuus?
2787 5746 2885 5803 Ubi
2907 5758 2989 5803 est
3010 5751 3284 5805 contentio
3315 5753 3437 5807 tua?
3471 5751 3565 5807 Ubi
3593 5755 3666 5801 est
3691 5741 3848 5795 summa

2359 5841 2493 5908 vita,
2518 5842 2694 5911 imago
2712 5842 2903 5898 mortis
2922 5842 3027 5898 erit
3053 5843 3196 5899 nulla
3219 5862 3231 5901 :
3260 5846 3384 5917 quia
3408 5848 3498 5917 qui
3521 5854 3647 5900 nunc
3665 5829 3846 5907 ρυ8¹¹³¹¹ι
