4014 6354
203 420 314 477 διδ
1395 413 1697 471 nonnum
1737 412 1828 468 DE
1859 409 2203 468 TEMPORE.
2494 400 2496 402 '
2671 434 2677 440 -
3335 383 3442 466 su

205 532 266 585 in
292 526 605 591 certamine,
637 534 764 580 tunc
800 525 1198 581 coronabuntur
1230 525 1282 579 in
1315 525 1768 580 remuneratione.
1797 534 1850 593 Α
1875 519 2099 576 immissi
2125 519 2390 590 legantur.
2415 519 2522 575 Sed
2541 519 2817 576 sciendum
2843 518 2969 590 quia
2994 518 3248 591 gaudium
3291 521 3440 590 quod

205 619 381 675 Recte
420 593 599 672 auiem
643 616 804 670 homo
851 624 1008 669 natus
1052 615 1106 668 in
1151 614 1352 670 mundo
1393 615 1609 680 dicitur,
1647 629 1774 670 cum
1876 610 1944 664 de
1987 607 2107 680 ejus
2151 608 2547 665 resurrectione
2590 617 2645 664 et
2691 609 3006 664 ascensione
3050 618 3441 680 perceperunt,

204 711 392 766 anima
422 709 593 764 ﬁdelis
627 708 694 764 ad
723 708 957 763 futuram
989 708 1157 763 vitam
1195 707 1389 763 transit
1424 727 1438 763 :
1477 707 1601 778 quia
1638 707 1776 764 sicut
1871 702 2016 758 nulla
2044 702 2284 767 tristitia,
2316 701 2460 758 nulla
2489 703 2816 773 persecutio,
2844 702 2988 758 nulla
3013 703 3257 774 angustia
3277 703 3344 760 ab
3364 702 3446 758 eis

205 808 472 856 consueta
500 797 810 854 narratione
844 799 990 855 nasci
1028 799 1290 865 dicimur,
1337 815 1459 855 cum
1505 800 1573 856 de
1620 809 1777 856 utero
1877 794 2090 852 auferre
2111 795 2304 867 potuit,
2330 795 2460 866 quin
2480 795 2659 866 potius
2686 795 2767 866 (ut
2790 794 3068 866 Scriptura
3091 794 3278 865 refert)
3298 793 3450 850 ibant

205 891 405 945 matris
437 890 494 944 in
545 890 802 946 mundum
837 891 1227 962 progredimur,
1272 891 1350 947 sic
1388 891 1559 948 ﬁdelis
1598 893 1777 947 anima
1875 889 2168 958 gaudentes
2196 904 2228 943 a
2264 895 2552 958 conspectu
2590 885 2822 952 concilii,
2853 886 3093 942 dicentes
3125 906 3144 938 ι
3173 886 3363 956 dignos
3390 898 3449 940 se

209 980 530 1050 spiritaliter
557 981 706 1036 nasci
738 981 995 1048 creditur,
1021 981 1236 1052 quando
1274 982 1342 1036 de
1379 997 1618 1036 aerumna
1641 997 1778 1052 prae-
1874 995 1996 1036 esse
2039 995 2139 1052 pro
2183 980 2403 1035 nomine
2447 977 2574 1035 Jesu
2606 976 2962 1034 contumelias
2988 977 3099 1048 pati
3132 978 3269 1050 (Act.
3314 978 3390 1049 v).
3423 995 3443 1030 ι

1877 1071 2032 1129 Unde
2059 1081 2115 1127 et
2139 1087 2279 1127 unus
2307 1086 2495 1128 eorum
2530 1069 2953 1141 gratulabundus
2979 1069 3194 1126 aiebat:
3229 1088 3248 1121 ι
3278 1068 3450 1126 Omne

1877 1163 2130 1234 gaudium
2157 1163 2488 1226 existimate,
2521 1159 2738 1224 fratres,
2767 1175 2891 1216 cum
2924 1160 2979 1215 in
3005 1159 3184 1215 varias
3223 1159 3450 1216 tribula-

1878 1254 2053 1310 tiones
2077 1253 2393 1319 incideritis,
2428 1253 2662 1309 scientes
2685 1252 2810 1324 quia
2835 1250 3108 1308 tribulatio
3135 1251 3450 1322 patientiam

1877 1352 2166 1414 operatur,
2219 1343 2481 1415 patientia
2531 1353 2711 1399 autem
2758 1341 3162 1414 probationem,
3208 1342 3454 1413 probatio

1879 1452 2009 1493 vero
2037 1451 2210 1507 spem,
2241 1451 2364 1507 spes
2389 1445 2570 1493 autem
2593 1450 2694 1491 nos
2723 1435 3022 1500 confundit,
3052 1433 3178 1504 quia
3214 1433 3455 1488 cbaritas

1880 1529 1975 1586 Dei
2006 1528 2198 1585 diffusa
2221 1537 2305 1584 est
2330 1529 2386 1584 in
2416 1528 2666 1584 cordibus
2696 1527 2894 1582 nostris
2917 1542 3013 1598 per
3040 1526 3300 1596 Spiritum
3330 1541 3452 1581 san-

210 1615 474 1692 Dominus
502 1617 750 1673 ﬁdelibus
776 1619 1064 1688 promittit,
1093 1619 1312 1675 dicens:
1348 1639 1366 1670 ‹
1399 1618 1500 1685 Qui
1529 1618 1700 1674 credit
1725 1617 1779 1672 in
1879 1629 2047 1685 ctum,
2079 1620 2170 1690 qui
2214 1620 2370 1675 datus
2407 1628 2492 1676 est
2532 1619 2687 1675 nobis
2727 1617 2867 1689 (Jac.
2896 1635 2948 1685 ι;
2983 1617 3135 1672 Rom.
3161 1617 3236 1689 v).
3271 1637 3289 1669 ›
3341 1616 3453 1672 Hoc

208 1697 324 1772 me,
375 1707 587 1763 etiamsi
617 1717 860 1764 mortuus
884 1709 1068 1774 fuerit,
1107 1711 1251 1768 vivet
1287 1710 1469 1782 (Joan.
1497 1712 1597 1780 ιιι).
1628 1731 1646 1762 ι
1691 1709 1782 1764 Illa
1882 1709 2149 1766 invisibile
2180 1719 2234 1766 et
2263 1711 2626 1770 inenarrabile
2654 1711 2909 1782 gaudium
2932 1710 3193 1766 Dominus
3222 1710 3454 1782 promit-

207 1807 394 1852 autem
440 1798 695 1854 nativitas
735 1799 903 1855 multo
938 1799 1145 1856 felicior
1170 1811 1253 1856 est
1279 1801 1412 1867 ista,
1457 1796 1581 1870 quia
1609 1802 1781 1872 prima
1884 1803 2029 1856 tebat
2065 1802 2341 1872 apostolis,
2381 1818 2503 1858 cum
2537 1803 2786 1858 dicebat:
2825 1822 2843 1855 ι
2869 1802 3042 1858 Petite
3095 1802 3460 1872 et‘accipietis

207 1889 494 1945 nativitate
514 1891 672 1946 terris
692 1893 1630 1958 nascimurmorituri,secundavero
1649 1894 1786 1950 coelo
1815 1897 1860 1958 Β
1887 1900 1946 1948 ut
1971 1893 2223 1963 gaudium
2252 1908 2429 1949 meum
2459 1894 2515 1948 in
2541 1893 2696 1950 vobis
2726 1893 2818 1959 sit,
2853 1901 2909 1949 et
2937 1893 3190 1965 gaudium
3218 1900 3457 1948 vestrum

209 1978 491 2035 nascimur
515 1981 632 2037 sine
658 1982 764 2038 ﬁne
791 1983 1008 2052 victuri,
1029 1993 1280 2042 canentes
1308 2002 1428 2042 cum
1457 1987 1740 2042 Psalmista
1766 2005 1779 2042 :
1885 1983 2173 2055 impleatur
2193 1985 2372 2056 (Joan.
2397 1986 2508 2056 xv).
2534 2005 2554 2037 ›
2590 1985 2759 2056 Hujus
2785 1984 3069 2040 ineffabilis
3092 1986 3290 2057 gaudii,
3315 1986 3458 2055 quod

214 2087 235 2118 ι
272 2068 460 2126 Melior
479 2081 561 2127 est
581 2074 694 2129 dies
721 2091 828 2130 una
851 2076 905 2132 in
931 2077 1086 2132 atriis
1115 2078 1218 2132 tuis
1242 2093 1405 2148 super
1424 2079 1587 2133 millia
1609 2076 1782 2149 (Psal.
1885 2093 2045 2134 nemo
2073 2080 2142 2134 ab
2167 2079 2422 2149 apostolis
2448 2078 2662 2135 auferre
2694 2078 2888 2148 potuit,
2925 2078 3241 2148 participem
3278 2093 3337 2134 se
3361 2093 3461 2134 nov

207 2159 425 2232 xxxix).
458 2181 477 2214 ι
517 2163 804 2233 Exponens
833 2176 1012 2223 autem
1050 2169 1310 2224 Dominus
1337 2171 1464 2240 quid
1505 2171 1560 2224 in
1594 2172 1784 2228 simili-
1885 2177 2040 2224 verat
2079 2183 2201 2225 esse
2240 2169 2516 2240 apostolus
2567 2167 2782 2234 Paulus,
2830 2183 2954 2222 cum
2996 2167 3244 2223 dicebat:
3282 2187 3300 2219 ι
3329 2166 3462 2236 Quis

209 2251 404 2305 tudine
467 2268 627 2322 quam
674 2256 742 2310 de
789 2256 1013 2314 muliere
1057 2270 1440 2330 proposuerat,
1485 2262 1787 2335 intelligere
1887 2275 1986 2316 nos
2031 2261 2303 2330 separabit
2347 2277 2378 2316 a
2423 2259 2690 2316 charitate
2737 2259 2975 2316 Christi?
3021 2258 3352 2316 Tribulatio?
3391 2272 3460 2314 an

204 2341 398 2406 vellet,
431 2344 711 2412 adiunxit:
1888 2353 2170 2423 angustia?
2196 2369 2266 2406 an
2293 2354 2498 2409 fames?
2530 2369 2598 2408 an
2631 2352 2976 2423 persecutio?
3005 2367 3075 2407 an
3111 2353 3361 2408 nuditas?
3393 2339 3462 2408 an

289 2451 310 2483 ‹
345 2433 414 2487 Et
457 2450 554 2490 vos
595 2437 761 2508 igitur
797 2456 939 2496 nunc
987 2443 1201 2513 quidem
1244 2445 1516 2502 tristitiam
1555 2448 1786 2521 habetis.
1889 2445 2134 2516 gladius?
2166 2445 2358 2501 Certus
2386 2461 2505 2500 sum
2547 2446 2674 2515 quia
2718 2459 2895 2516 neque
2931 2459 3097 2511 mors,
3128 2459 3301 2514 neque
3328 2448 3459 2509 vita,

213 2543 235 2573 ι
267 2523 474 2579 lterum
495 2535 672 2582 autem
695 2531 886 2586 videbo
911 2549 1028 2599 vos,
1062 2544 1116 2590 et
1139 2527 1391 2606 gaudebit
1418 2553 1512 2594 cor
1530 2548 1788 2608 vestrum,
1890 2549 2064 2604 neque
2089 2536 2398 2604 Ρτὶεεθηῑίεν
2427 2548 2601 2604 neque
2629 2533 2833 2600 Ῑυῑυνθν
2873 2549 3048 2603 neque
3082 2534 3326 2601 θηίιιιάον
3368 2550 3465 2589 ηε-

216 2633 240 2666 (
273 2623 333 2670 et
373 2616 626 2686 gaudium
664 2631 905 2678 vestrum
935 2639 1096 2680 nemo
1140 2628 1289 2682 tollet
1318 2645 1347 2682 a
1378 2631 1547 2686 vobis.
1579 2650 1597 2680 ι
1634 2632 1716 2688 Ac
1745 2633 1791 2688 si
1891 2640 1995 2696 que
2019 2626 2364 2696 profundum,
2402 2641 2577 2699 neque
2605 2626 2710 2681 alia
2745 2635 2993 2682 creatura
3021 2628 3218 2697 poterit
3247 2642 3346 2683 nos
3374 2643 3464 2683 se-

214 2703 1178 2785 diceret:Sicutmulier,cumparit,
1200 2717 1474 2774 tristitiam
1502 2721 1683 2787 habet,
1711 2722 1792 2777 sic
1889 2734 2084 2790 parare
2130 2734 2162 2772 a
2209 2720 2473 2775 charitate
2518 2719 2636 2784 Dei,
2686 2734 2805 2790 quae
2848 2727 2932 2775 est
2976 2719 3032 2773 in
3075 2717 3294 2775 Christo
3337 2717 3466 2775 Jcsu

215 2803 277 2849 et
319 2810 414 2851 vos
453 2796 518 2852 de
559 2813 678 2854 mea
720 2803 969 2870 passione
1014 2807 1464 2864 contristabimini
1504 2827 1516 2862 :
1556 2821 1611 2865 et
1653 2812 1794 2867 sicut
1893 2809 2066 2882 (Rom.
2097 2811 2240 2881 νιιι).
2275 2831 2292 2862 ι
2328 2811 2395 2865 Et
2424 2825 2520 2866 nos
2562 2811 2726 2881 igitur
2773 2810 2820 2866 si
2863 2826 2965 2882 pro
3007 2809 3222 2865 modulo
3268 2819 3466 2866 nostra:

219 2887 418 2942 mulier
445 2897 572 2946 nato
595 2907 764 2961 puero
791 2897 1019 2965 gaudet,
1067 2897 1147 2954 sic
1189 2913 1284 2954 vos
1315 2915 1432 2955 mea
1467 2903 1792 2959 resurrectio
1891 2899 2198 2970 fragilitatis
2221 2901 2276 2954 in
2305 2900 2556 2970 praesenti
2588 2900 2698 2954 vita
2723 2915 2846 2955 cum
2877 2900 3136 2970 apostolis
3159 2901 3466 2957 contristari

219 2977 534 3035 laetiﬁcabit.
577 2981 684 3038 Sed
719 2986 846 3054 quid
883 2996 966 3042 est
999 2988 1139 3058 quod
1176 2991 1290 3045 ait:
1326 3010 1347 3042 ‹
1374 2992 1571 3048 lterum
1611 3003 1793 3050 autem
1893 3005 2002 3047 non
2030 2991 2397 3058 renuerimus,
2435 2991 2504 3046 ad
2553 2991 2681 3047 illud
2709 2990 2982 3048 ineffabile
3017 2991 3269 3064 gaudium
3323 2991 3467 3062 quod

219 3072 414 3130 videbo
439 3077 572 3131 vos?
599 3098 617 3129 ι
649 3077 899 3150 Nunquid
923 3081 1104 3154 aiiquo
1135 3083 1417 3142 intervallo
1446 3088 1700 3158 temporis
1725 3089 1793 3143 ab
1896 3085 1983 3142 ille
2019 3087 2386 3157 promittebat,
2434 3086 2717 3157 pervenire
2751 3086 3100 3152 merebimur,
3140 3087 3357 3156 quando
3387 3086 3467 3140 in-

222 3163 342 3232 ejus
359 3167 564 3222 visione
583 3170 982 3238 abscondimur,
1008 3174 1159 3244 cujus
1177 3177 1347 3234 oculis
1369 3179 1511 3234 nuda
1530 3189 1586 3234 et
1605 3189 1790 3252 aperta
1895 3180 2179 3236 troibimus
2200 3179 2256 3235 in
2278 3188 2567 3250 conspectu
2588 3179 2801 3234 Domini
2827 3180 2880 3233 in
2901 3180 3259 3234 exsultatione
3288 3177 3467 3249 :quia,

222 3265 352 3312 sum
375 3260 586 3315 omnia?
613 3277 750 3328 n0";
777 3265 872 3320 sed
903 3267 1046 3336 quod
1072 3268 1176 3322 ait:
1215 3287 1234 3319 ‹
1256 3270 1459 3326 Videbo
1485 3286 1602 3338 vos,
1631 3293 1649 3324 ι
1687 3274 1792 3330 tale
1820 3257 1864 3318 Ο
1895 3282 1955 3326 ιιι
1974 3272 2050 3326 ait
2069 3271 2355 3340 Apostolus
2381 3289 2397 3326 :
2422 3287 2442 3320 ι
2471 3270 2529 3324 Si
2558 3269 2818 3325 fuerimus
2842 3270 2974 3325 socii
3003 3271 3335 3340 passionum,
3366 3269 3473 3323 eri-

227 3357 317 3403 est
340 3365 403 3404 ac
420 3352 465 3405 si
491 3353 746 3410 dixisset:
778 3356 979 3412 Eruam
1005 3375 1101 3416 vos
1121 3361 1185 3416 de
1210 3362 1573 3430 tribulatione,
1595 3373 1649 3419 et
1663 3364 1798 3420 libe—
1897 3380 2019 3419 mus
2048 3373 2104 3419 et
2129 3363 2514 3419 consolationis
2551 3381 2566 3417 :
2611 3371 2666 3418 et
2710 3363 2757 3417 si
2799 3363 3177 3433 compatimur,
3204 3371 3258 3416 et
3285 3377 3472 3417 conre-

231 3439 366 3494 rabo
391 3456 485 3498 vos
513 3444 577 3500 de
606 3449 871 3519 angustia.
913 3449 1108 3506 Videre
1133 3452 1277 3507 enim
1303 3469 1403 3509 nos
1431 3455 1628 3510 dicitur
1654 3456 1797 3514 Deus
1897 3459 2182 3530 gnabimus
2230 3456 2293 3528 (1
2335 3455 2456 3511 Cor.
2508 3473 2559 3522 ι;
2590 3455 2740 3510 Rom.
2769 3455 2920 3527 vm).
2952 3476 2971 3506 ι
3021 3454 3172 3522 Quod
3219 3454 3471 3525 gaudium

227 3541 359 3589 tunc
386 3538 622 3607 proprie,
646 3542 863 3611 quando
891 3543 1177 3600 miseratus
1217 3561 1247 3600 a
1282 3561 1534 3616 pressura
1571 3550 1797 3605 tribula-
1899 3565 2060 3605 nemo
2085 3548 2237 3604 tollet
2261 3564 2292 3603 a
2317 3549 2489 3613 vobis,
2519 3549 2644 3619 quia
2668 3547 2812 3602 nulla
2840 3547 3097 3611 varietas,
3130 3545 3275 3600 nulla
3303 3546 3478 3600 tristi;

226 3623 390 3680 tionis
419 3629 677 3696 absolvit,
720 3633 860 3689 sicut
901 3635 1015 3706 ipse
1048 3638 1124 3693 ait
1160 3638 1367 3710 Moysi:
1412 3660 1430 3692 ι
1467 3640 1662 3698 Videns
1689 3645 1798 3700 vidi
1901 3643 1997 3707 tia,
2026 3642 2202 3696 nullus
2231 3650 2406 3697 metus
2442 3641 2630 3696 mortis
2665 3641 2719 3694 in
2765 3648 2964 3696 aeterna
3014 3637 3198 3694 laetitia
3245 3635 3470 3691 inveniri

223 3715 569 3806 afflictionem
605 3725 784 3794 p0puli
824 3727 929 3781 mei
977 3727 1173 3799 (Exod.
1210 3731 1315 3803 ιιι),
1349 3752 1367 3784 ι
1403 3742 1541 3800 etc.;
1595 3743 1650 3792 et
1669 3736 1801 3792 illud
1900 3735 2128 3807 poterit;
2153 3734 2424 3801 sed,sicut
2450 3734 2526 3787 ait
2552 3732 2851 3803 Scriptura,
2877 3731 3126 3803 gaudium
3149 3739 3206 3786 ct
3229 3729 3470 3785 laetitiam

222 3808 368 3876 quod
409 3807 694 3868 Psalmista
735 3818 1076 3886 precabatur,
1119 3821 1303 3878 dicens
1345 3843 1356 3876 :
1407 3843 1424 3874 ‹
1458 3823 1590 3881 Vide
1627 3828 1804 3882 bumi-
1903 3825 2224 3883 obtinebunt
2248 3825 2338 3894 qui
2380 3824 2642 3895 redempti
2685 3822 2888 3878 fuerint
2917 3839 2949 3877 a
2979 3822 3226 3887 Domino,
3259 3827 3314 3874 et
3342 3834 3474 3875 con-

225 3899 433 3956 litatem
463 3920 660 3973 meam,
692 3917 746 3962 et
773 3910 920 3980 eripe
945 3928 1031 3968 me
1059 3911 1229 3984 (Psal.
1255 3917 1430 3990 CXIII).
1461 3937 1480 3970 ›
1501 3917 1646 3975 Vidit
1676 3936 1804 3992 ergo
1903 3918 2122 3973 venient
2149 3917 2204 3970 in
2233 3916 2364 3971 Sion
2391 3915 2656 3983 laetantes,
2682 3924 2739 3971 et
2762 3914 2947 3970 laetitia
2969 3913 3293 3984 sempiterna
3320 3926 3481 3982 Super

225 3992 500 4087 apostolos
527 3995 818 4062 Dominus,
852 4002 1067 4070 quando
1105 4020 1198 4060 eos
1237 4006 1303 4061 de
1358 4010 1624 4080 angustiis
1670 4026 1806 4081 quas
1905 4015 2078 4087 capita
2102 4028 2308 4070 eorum.

227 4081 293 4135 dc
323 4083 441 4152 ejus
469 4087 720 4155 passione
746 4090 1131 4160 sustinuerant,
1181 4095 1450 4152 liberavit.
1498 4097 1624 4154 Sive
1659 4108 1806 4154 certe

227 4173 374 4240 quod
399 4175 505 4228 ait:
537 4196 554 4226 ί
581 4175 783 4233 Videbo
805 4196 899 4235 vos
923 4201 942 4232 ›
971 4183 1075 4238 tale
1097 4165 1178 4239 est
1199 4200 1263 4239 ac
1283 4187 1329 4241 si
1351 4187 1554 4243 diceret
1571 4204 1670 4258 per
1695 4198 1807 4246 tro-

228 4265 406 4334 picam
429 4267 754 4324 locutionem
781 4286 796 4324 :
828 4270 1021 4329 Videre
1050 4287 1147 4331 vos
1182 4276 1398 4334 faciam.
1433 4281 1627 4336 Videre
1656 4283 1803 4336 enim

229 4355 375 4412 Deus
397 4358 611 4428 dicitur,
635 4362 851 4431 quando
882 4373 941 4419 ut
965 4367 1358 4424 nos-videamus
1388 4370 1674 4438 illuminat,
1699 4373 1806 4427 sic-

229 4457 294 4502 ut
328 4457 384 4504 et
411 4465 735 4520 cognoscere
775 4455 1003 4525 dicitur,
1051 4459 1264 4527 quando
1316 4469 1374 4515 ut
1423 4476 1810 4532 cognoscamus
1917 4484 1934 4516 ι
1965 4480 2124 4520 omne
2167 4465 2366 4520 donum
2407 4464 2703 4535 perfectum
2751 4463 3030 4516 desursum
3066 4468 3166 4514 est.
3197 4478 3216 4510 ι
3262 4458 3329 4512 Et
3357 4457 3484 4511 reli—

230 4539 388 4607 facit,
423 4542 570 4596 velut
610 4544 721 4613 ipse
765 4545 840 4598 ait
881 4547 1129 4604 Abrahae.
1174 4567 1193 4600 ι
1221 4549 1373 4606 Nunc
1409 4554 1633 4623 cognovi
1667 4556 1809 4624 quod
1839 4616 1882 4628 ﬁ
1913 4573 2038 4628 qua.
2085 4558 2153 4611 Et
2190 4556 2511 4628 generaliter
2557 4556 2624 4610 de
2661 4554 2931 4617 omnibus,
2980 4560 3035 4607 et
3079 4550 3382 4621 specialiter
3423 4550 3488 4605 de

233 4633 427 4689 timeas
446 4636 613 4690 Deum
638 4636 790 4706 (Gen.
819 4640 974 4712 χχιι),
1008 4660 1027 4693 ι
1058 4641 1234 4710 idest,
1259 4616 1584 4716 cognoscere
1609 4657 1660 4704 te
1679 4616 1801 4705 feci.
1839 4616 1888 4675 D
1917 4616 2240 4718 unaquaque
2284 4664 2314 4702 a
2359 4648 2472 4703 Deo
2515 4647 2638 4702 data
2683 4645 2881 4698 virtute
2924 4616 3266 4712 intelligitur;
3311 4650 3490 4711 potest

209 1072 384 1128 sentis
405 1073 528 1128 vitae
558 1072 624 1127 ad
655 1073 869 1127 beatam
889 1073 1056 1126 vitam
1082 1073 1315 1128 transire
1343 1082 1601 1128 meretur.
1627 1072 1778 1128 Unde

207 1178 334 1219 mos
360 1163 755 1218 ecclesiasticus
784 1163 1012 1219 obtinuit
1055 1172 1115 1218 ut
1140 1165 1253 1220 dies
1273 1163 1554 1219 beatorum
1581 1171 1780 1234 marty-

207 1270 336 1310 rum
362 1255 475 1310 sive
503 1254 891 1320 confessorum,
927 1256 1122 1326 quibus
1145 1255 1213 1312 de
1243 1257 1346 1311 hac
1376 1255 1487 1310 vita
1519 1255 1782 1326 migrave-

206 1353 358 1409 runt,
385 1361 493 1401 non
514 1346 778 1412 funebria,
803 1346 898 1402 sed
920 1346 1160 1401 natalitia
1182 1360 1435 1402 vocemus
1459 1360 1474 1399 :
1505 1347 1628 1415 quia
1655 1353 1780 1399 tunc

207 1433 424 1490 felicius
451 1435 635 1490 vivere
661 1444 974 1506 cmperunt,
1016 1451 1138 1491 cum
1172 1451 1269 1506 per
1309 1435 1498 1491 mortis
1536 1435 1780 1489 umbram

208 1527 280 1580 ad
305 1526 470 1580 vitam
493 1536 750 1581 aeternam
772 1527 1054 1598 pervenire
1074 1536 1404 1583 meruerunt.
1424 1526 1593 1594 Quam
1614 1527 1779 1581 vitam

2391 4146 2672 4205 HOMILIA
2706 4146 2989 4203 LXXXVI.

2083 4277 2337 4320 DOIINICA
2374 4277 2588 4325 quas“
2623 4275 2751 4331 nos'r
2788 4275 3008 4326 pascua,
3049 4257 3291 4314 Cantale.

1981 4375 2116 4446 (Jac.
2149 4375 2213 4445 ι.)
2256 4393 2274 4426 ι
2303 4373 2656 4438 Charissimi,
2686 4385 2846 4427 omne
2879 4371 3062 4426 datum
3096 4369 3392 4440 optimum,
3432 4377 3486 4422 et

230 4723 390 4790 Quod
416 4735 592 4781 autem
622 4728 768 4781 aitu
797 4728 865 4783 Et
902 4731 1152 4801 gaudebit
1190 4748 1284 4789 cor
1321 4745 1556 4792 vestrum
1587 4759 1605 4789 ι
1647 4739 1807 4794 datur

234 4817 482 4887 intelligi,
534 4819 659 4888 quia
705 4821 944 4892 gavisum
988 4833 1070 4879 est
1104 4840 1197 4879 cor
1224 4824 1625 4897 discipulorum,
1666 4833 1808 4900 quod

161 4965 177 4971 _
233 4907 446 4980 dc'ejus
472 4912 719 4980 passione
756 4911 932 4967 fuerat
959 4916 1358 4984 eontristatum,
1388 4922 1601 4990 quando
1628 4939 1750 4978 eum
1778 4939 1808 4977 a

235 5004 469 5058 mortuis
484 5006 850 5062 resurrexissc
875 5008 1142 5064 viderunt.
1159 5011 1228 5065 Et
1243 5013 1418 5068 adhuc
1438 5015 1672 5070 uberiori
1686 5031 1813 5087 gau-

235 5093 330 5148 dio
358 5103 482 5149 sunt
505 5095 816 5165 jucundati,
859 5101 1072 5168 quando
1111 5102 1380 5159 hominem
1423 5107 1534 5160 Deo
1585 5105 1815 5176 conjun—

235 5195 426 5252 etum,
466 5187 894 5245 collaudantibus
928 5192 1162 5262 angelis,
1209 5195 1262 5248 in
1305 5196 1470 5252 caelos
1514 5199 1819 5254 ascendisse

237 5279 674 5350 conspexerunt,
703 5282 843 5339 sicut
872 5284 1044 5342 Lucas
1069 5288 1398 5359 evangelista
1425 5290 1501 5346 ait
1529 5309 1542 5344 :
1579 5309 1598 5342 ι
1623 5291 1690 5345 Et
1718 5292 1818 5362 ipsi

241 5370 538 5426 adorantes
585 5373 816 5442 regressi
862 5383 989 5431 sunt
1032 5377 1086 5431 in
1121 5375 1421 5435 Jerusalem
1473 5395 1596 5434 cum
1627 5381 1819 5451 gaudio

241 5479 463 5536 magno,
503 5473 559 5520 et
585 5475 741 5522 erant
773 5482 988 5540 semper
1022 5469 1076 5524 in
1110 5471 1308 5541 templo
1349 5471 1626 5528 laudantes
1649 5474 1821 5544 etgbe-

243 5557 560 5612 nedicentes
606 5558 774 5614 Deum
826 5559 996 5631 (Luc.
1043 5563 1224 5633 XXIV).
1258 5583 1276 5614 ι
1327 5565 1598 5630 Quaeritur
1641 5573 1820 5621 autem

243 5661 421 5719 quare
446 5647 627 5702 dicat:
672 5666 690 5699 ‹
722 5649 788 5704 Ει
827 5649 1080 5721 gaudium
1129 5662 1364 5708 vestrum
1410 5670 1567 5710 nemo
1609 5656 1756 5712 tollet
1790 5671 1823 5711 a

243 5741 425 5806 vobis,
459 5759 478 5791 ι
517 5755 637 5795 cum
663 5751 785 5811 post
812 5743 928 5812 ejus
966 5745 1334 5800 ascensionem
1365 5761 1475 5802 non
1511 5746 1681 5802 solum
1711 5747 1820 5804 fre-

247 5843 482 5903 quenter
508 5836 654 5902 caesi,
681 5835 772 5892 sed
795 5836 957 5893 etiam
978 5837 1206 5893 vinculis
1234 5838 1405 5894 stricti
1435 5847 1491 5895 et
1513 5841 1824 5896 carceribus

1919 4753 2095 4798 autem
2121 4751 2178 4798 et
2205 4741 2510 4813 specialiter
2545 4741 2726 4795 datum
2763 4738 3024 4809 optimum
3055 4738 3121 4794 de
3159 4738 3486 4792 continentia

1919 4833 2268 4897 matrimonii,
2312 4840 2368 4887 et
2405 4832 2602 4886 donum
2639 4828 2936 4901 perfectum
2966 4827 3032 4883 de
3060 4827 3362 4898 virginitate
3399 4828 3484 4882 in-

1921 4923 2106 4996 telligi.
2145 4944 2162 4976 ι
2190 4924 2531 4980 Descendens
2551 4938 2582 4978 a
2607 4922 2768 4977 Patre
2796 4921 3077 4975 luminum.
3106 4940 3125 4974 ι
3147 4919 3316 4976 Pater
3340 4920 3471 4976 lumi

1921 5032 2048 5073 num
2076 5016 2272 5071 dicitur
2299 5015 2461 5081 Deus,
2489 5015 2614 5084 quia
2639 5013 2708 5068 ab
2734 5013 2850 5082 ipso
2881 5011 2995 5067 sive
3033 5011 3380 5067 invisibilium
3407 5011 3491 5065 lu-

1921 5108 2146 5173 minum,
2179 5114 2239 5161 ut
2265 5114 2391 5163 sunt
2419 5105 2614 5176 angeli,
2659 5107 2726 5161 de
2765 5104 2963 5174 quibus
2987 5104 3042 5159 in
3066 5104 3329 5174 principio
3357 5104 3496 5159 dixit

1923 5199 2064 5253 Deus
2091 5215 2103 5249 :
2142 5216 2161 5250 ι
2192 5197 2316 5253 Fiat
2342 5198 2433 5252 lux
2462 5195 2616 5268 (Gen.
2645 5198 2712 5267 ι),
2741 5215 2760 5250 ι
2791 5197 2906 5252 sive
2931 5197 3233 5265 animarum
3259 5196 3492 5262 illarum,

1919 5292 2116 5362 quibus
2138 5292 2216 5346 ait
2242 5290 2397 5346 Iesus
2419 5307 2432 5344 :
2457 5309 2476 5342 ι
2504 5289 2612 5346 Vos
2639 5290 2773 5346 estis
2797 5289 2887 5344 lux
2915 5290 3096 5344 mundi
3122 5289 3337 5361 (Matth.
3360 5291 3436 5354 vl,
3471 5310 3488 5343 ι

1922 5401 2014 5440 seu
2037 5385 2350 5450 visibilium,
2377 5384 2506 5440 solis
2529 5392 2584 5440 et
2610 5385 2749 5440 lunae
2775 5393 2830 5440 et
2853 5383 3148 5449 stellarum,
3173 5382 3498 5455 generaliter

1922 5475 2101 5530 omnia
2131 5475 2270 5531 facta
2302 5483 2447 5531 sunt.
2495 5492 2514 5526 ι
2541 5474 2696 5546 Apud
2729 5491 2892 5546 quem
2920 5491 3028 5532 non
3056 5488 3140 5532 est
3174 5483 3498 5529 transmuta-

1930 5586 1946 5618 ι
1977 5568 2068 5622 tio.
2099 5587 2119 5620 ›
2160 5566 2275 5623 Νοιι
2307 5568 2449 5623 enim
2490 5567 2805 5634 mutabitur,
2847 5569 2941 5639 qui
2977 5567 3149 5624 dixit:
3186 5586 3205 5619 ι
3234 5567 3346 5637 Ego
3379 5559 3514 5621 sum

1923 5660 2016 5730 qui
2046 5675 2164 5715 sum
2194 5659 2393 5732 (Exod.
2422 5661 2528 5730 ιιι).
2563 5680 2583 5713 ι
2621 5660 2794 5718 Motus
2831 5670 2887 5716 et
2929 5671 3162 5730 tempus,
3195 5660 3497 5714 incremen-

1926 5759 2038 5805 tum
2067 5759 2124 5805 et
2152 5749 2413 5816 defectus,
2443 5751 2664 5807 omnino
2693 5751 2874 5808 divina
2909 5766 3015 5806 non
3051 5749 3258 5818 accepit
3284 5757 3494 5804 natura.

1931 5858 1949 5892 ι
1979 5839 2088 5897 Nec
2121 5841 2509 5899 vicissitudinis
2548 5843 2906 5901 obumbratio.
2942 5860 2961 5895 ι
3015 5839 3128 5897 Non
3178 5842 3320 5898 enim
3359 5841 3500 5898 Deus
