4014 6354
456 320 457 323 γ
568 340 675 401 sis

1191 336 1542 401 [IAYMONIS
1580 341 2058 402 HALBERS'I’AT.
2098 340 2313 400 EPISC.
2354 342 2505 401 OPP.
2546 342 2723 400 PARS
2762 345 2823 399 li.
2864 374 2933 386 —
2970 342 3197 402 HOMIL.

3708 346 3832 403 516

548 457 725 529 sicut
740 456 857 517 dies
883 462 1005 527 post
1029 454 1204 513 lucem
1223 456 1578 515 obumbratur
1601 459 1857 523 tenebris,
1880 458 1975 530 qui
1993 473 2136 515 sem-
2163 461 2214 524 Α
2238 468 2547 529 susceptum
2575 475 2591 513 :
2620 469 2680 514 ut
2704 460 2791 515 ubi
2820 459 3109 515 abundavit
3139 467 3442 530 peccatum,
3476 462 3833 532 superabun-

568 564 667 622 per
686 547 775 607 lux
797 545 954 612 lucis,
978 556 1191 607 creatur
1213 551 1397 607 omnis
1417 560 1473 606 et
1496 551 1653 622 origo
1678 561 1763 605 est
1789 549 2026 609 luminis.
2096 570 2103 575 -

538 682 543 687 -
646 661 667 697 t
694 639 1009 697 Voluntaria
1037 640 1187 711 enim
1218 645 1406 714 genuit
1444 661 1567 711 nos,
1593 664 1613 698 ι
1652 660 1751 715 per
1776 643 2007 715 gratiam
2033 642 2138 697 uti»

566 748 692 807 que,
733 748 837 789 non
876 744 1148 799 naturam.
1195 737 1379 793 Solum
1427 738 1577 794 enim
1601 738 1835 793 Verbum
1861 745 1960 801 est,
1996 735 2138 805 quod

567 822 994 887 substantiaiiter
1022 843 1087 885 ae
1114 828 1333 900 proprie
1359 829 1556 885 dicitur
1590 827 1760 883 Filius
1786 827 1883 884 Dei
1912 846 1926 881 :
1956 825 2138 882 uteri

566 928 748 974 autem
765 928 1034 990 potestate
1051 922 1120 977 ab
1142 920 1234 977 ille
1251 930 1493 992 accepta,
1515 930 1776 977 vocantur
1794 919 1911 975 ﬁlii.
1940 936 1958 972 ι
1980 919 2141 986 Quot-

567 1018 700 1081 quot
725 1019 906 1067 autem
924 1021 1246 1083 receperunt
1269 1026 1416 1075 etim,
1437 1030 1456 1065 ς
1478 1011 1553 1065 ait
1575 1009 1919 1081 evangelista,
1947 1028 1969 1061 ι
1993 1008 2140 1064 dedit

565 1098 647 1155 eis
679 1110 999 1171 potestatem
1048 1102 1184 1159 ﬁlios
1222 1101 1317 1157 Dei
1358 1102 1477 1158 ﬁeri
1520 1100 1711 1172 (Joan.
1739 1102 1810 1173 ι).
1844 1120 1862 1153 ι
1917 1119 1939 1152 ι
1966 1099 2138 1158 Verbo

571 1208 590 1242 ι
620 1191 880 1246 veritatis.
914 1211 935 1245 ι
961 1190 1175 1249 Veritas
1196 1192 1337 1251 Deus
1377 1193 1557 1260 Pater,
1585 1192 1820 1248 Verbum
1845 1191 2012 1248 Filius
2054 1198 2140 1247 est

566 1278 713 1348 ejus;
739 1281 852 1349 sive
875 1282 1076 1338 veritas
1113 1281 1395 1339 Christus:
1414 1283 1649 1339 Verbum
1671 1283 1941 1350 veritatis,
1963 1282 2139 1337 Evam-

565 1371 763 1440 gelium
792 1380 877 1426 est
904 1370 1037 1441 ejus.
1083 1393 1101 1426 ι
1128 1372 1233 1429 Per
1267 1373 1631 1445 Evangeiium,
1664 1394 1684 1427 ι
1707 1374 1882 1444 inquit
1918 1373 2136 1439 Paulus,

572 1481 591 1513 ‹
619 1478 720 1535 ego
741 1478 836 1518 vos
870 1464 1029 1535 genui
1061 1464 1110 1536 (1
1134 1464 1256 1520 Cor.
1282 1465 1378 1537 1v).
1409 1485 1429 1519 ι
1468 1485 1487 1519 t
1517 1465 1589 1523 Ut
1611 1466 1782 1522 simus
1809 1465 2018 1520 initium
2042 1465 2140 1520 ali-

570 1571 589 1609 t
622 1553 763 1623 quod
793 1562 1055 1611 creatura:
1080 1555 1217 1626 ejus.
1252 1575 1272 1608 ι
1301 1556 1516 1612 Initium
1546 1565 1809 1612 creatura:
1838 1555 2136 1623 rationalis,

565 1646 742 1718 angeli
779 1646 833 1705 in
869 1647 1026 1714 ccelo,
1070 1649 1126 1704 in
1168 1656 1314 1707 terra
1336 1650 1534 1715 Adam,
1571 1650 1627 1705 in
1662 1648 1903 1704 Ecclesia
1928 1647 2140 1704 Veteris

567 1734 896 1807 Tcstaqtenti
926 1738 1270 1809 patriarchm,
1301 1739 1355 1795 in
1385 1739 1628 1796 Ecclesia
1654 1739 1855 1797 Christi
1881 1740 2138 1811 sanguine

566 1828 827 1901 redempti
849 1831 1074 1902 apostoli
1096 1840 1238 1891 sunt.
1265 1831 1401 1888 Nam
1424 1832 1515 1886 uni
1535 1845 1722 1888 eorum
1746 1831 1943 1887 dicitur
1968 1849 1983 1885 :
2017 1850 2036 1883 ι
2059 1831 2140 1885 'I‘u

564 1934 624 1974 es
646 1917 856 1988 Petrus,
887 1930 941 1976 et
968 1938 1130 1993 super
1152 1924 1294 1981 hanc
1312 1932 1522 1995 petram
1545 1922 1823 1980 aedificabo
1843 1924 2139 1981 Ecclesiam

564 2026 739 2071 meant
794 2012 1022 2085 (Matth.
1054 2015 1200 2086 xu).
1234 2035 1251 2068 ι
1304 2015 1478 2084 Quam
1523 2016 1823 2074 Ecclesiam
1868 2018 2140 2089 apostolus

563 2099 761 2169 Paulus
790 2119 983 2169 novam
1009 2115 1317 2171 creaturam
1346 2110 1599 2181 appellat.
1876 2124 1881 2131 ‘

640 2211 657 2244 ι
680 2193 764 2249 Sit
790 2202 969 2253 autem
996 2199 1176 2255 omnis
1194 2200 1358 2263 homo
1379 2202 1623 2259 velox-ad
1650 2206 1997 2271 audiendum,
2028 2213 2137 2259 tar—

570 2301 588 2333 «
617 2282 715 2340 dus
744 2294 921 2341 autem
954 2288 1022 2343 ad
1050 2287 1397 2360 loquendum.
1431 2312 1451 2345 ι
1496 2293 1714 2351 Sciebat
1749 2298 1890 2352 enim
1927 2304 2140 2367 aposto-

564 2372 647 2432 lus
671 2390 765 2439 eos
789 2378 856 2437 ad
887 2395 1023 2451 quos
1060 2383 1315 2452 epistolas
1339 2386 1606 2454 mittebat,
1650 2391 1944 2461 primatum
1987 2389 2139 2445 verbi

563 2465 799 2525 voluisse
841 2477 1055 2538 tenere,
1099 2482 1154 2530 et
1197 2475 1393 2532 docere
1430 2478 1712 2549 plusquam
1757 2480 1978 2535 doceri:
2021 2480 2140 2534 ideo

565 2556 816 2614 admonet
855 2575 949 2617 eos
987 2552 1344 2623 humilitatem
1393 2582 1631 2623 servare.
1686 2569 1954 2624 Velocitas
1994 2569 2137 2623 enim

564 2647 819 2705 audiendi
855 2649 985 2706 facit
1035 2653 1305 2710 hominem
1339 2654 1665 2715 docibilem:
1698 2658 1922 2713 tarditas
1958 2667 2138 2713 autem

561 2734 814 2808 loquendi
865 2751 1223 2799 mansuetum.
1262 2763 1279 2794 ι
1310 2744 1519 2801 Tardus
1541 2748 1609 2803 ad
1635 2748 1792 2802 iram.
1825 2767 1846 2800 ›
1871 2747 2022 2815 Quod
2044 2764 2139 2803 na-

563 2835 810 2893 turaliter
834 2837 1052 2904 accidit,
1081 2840 1297 2909 penitus
1326 2850 1509 2898 vetare
1535 2860 1641 2899 non
1669 2847 1862 2915 potuit.
1891 2846 2139 2903 Tardita«
2184 2893 2191 2899 .

565 2934 671 2985 tem
692 2928 908 2996 indixit,
942 2930 1069 2999 quia
1093 2931 1174 2986 ira
1191 2932 1356 2988 dilata
1376 2933 1659 2991 decrescit.
1683 2937 1854 2992 Aliter
1882 2956 1895 2992 :
1924 2939 2137 2995 Tardus

446 3041 461 3052 ο
563 3018 629 3073 ad
647 3019 804 3086 iram,
833 3020 887 3075 id
906 3028 991 3077 est
1008 3024 1301 3080 secundum
1318 3025 1489 3097 legem
1504 3026 1717 3085 Veteris
1727 3029 2054 3087 Testamenti
2070 3030 2138 3087 ad

562 3109 875 3166 vindictam.
912 3130 932 3164 ι
964 3111 1075 3168 Lex
1103 3114 1276 3180 enim,
1311 3115 1487 3186 inquit
1508 3118 1818 3189 Apostolus,
1850 3121 1987 3177 iram
2008 3136 2137 3190 ope-

2236 548 2329 605 det
2352 549 2546 621 gratia.
2584 548 2835 613 Verbum,
2866 550 3058 619 inquit,
3085 550 3188 606 hoc
3218 561 3301 605 est
3328 549 3549 606 verbum
3579 553 3829 609 creduli-

2238 641 2385 707 tatis,
2411 642 2633 697 verbum
2661 641 2959 713 Evangelii;
2994 654 3295 714 postremo,
3329 645 3550 699 verbum
3584 644 3722 701 illud
3754 648 3827 703 de

2236 748 2345 804 quo
2371 733 2604 791 Joannes
2648 736 2726 789 ait
2762 754 2774 788 :
2817 754 2836 787 α
2868 735 2925 789 In
2969 736 3230 806 principio
3278 749 3396 791 erat
3435 736 3667 793 Verbum
3697 780 3715 803 ,
3765 749 3827 794 et

2240 824 2474 880 Verbum
2520 836 2639 883 erat
2686 825 2828 895 apud
2877 826 3074 893 Deum,
3125 838 3178 881 et
3230 826 3369 882 Deus
3419 839 3538 883 erat
3577 827 3821 883 Verbum

2239 912 2419 986 (locu.
2450 915 2510 987 ι).
2545 934 2564 968 ι
2595 915 2697 983 Qui
2730 924 2784 972 et
2808 915 3059 973 Salvator
3085 918 3304 984 dicitur,
3338 919 3463 989 quia
3498 926 3676 989 potest
3708 918 3824 975 sal—

2238 1019 2367 1061 vare
2401 994 2611 1063 animas
2644 1016 2874 1064 vestras.

2711 1135 2990 1195 HOMILIA
3026 1138 3332 1197 LXXXVII.

2414 1262 2667 1305 nounucs
2699 1264 2913 1314 quaen
2948 1265 3080 1311 rosr
3113 1266 3339 1318 pascua,
3376 1251 3620 1307 Cantate.

2309 1356 2484 1430 (loss.
2520 1362 2657 1433 xvi).
2695 1381 2713 1413 ε
2745 1362 2803 1416 In
2838 1361 2931 1418 illo
2957 1372 3197 1433 tempore
3233 1378 3250 1418 :
3282 1363 3429 1421 Dixit
3452 1363 3610 1422 Jesus
3646 1368 3819 1423 disci-

2213 1464 2218 1468 ί
2244 1469 2263 1504 t
2286 1451 2423 1520 polis
2435 1454 2548 1509 suis
2577 1472 2589 1507 :
2624 1455 2775 1511 Vado
2800 1456 2867 1511 ad
2895 1470 3019 1511 eum
3051 1457 3143 1526 qui
3170 1458 3320 1513 misit
3343 1474 3449 1525 me,
3477 1468 3535 1514 et
3560 1474 3725 1514 nemo
3753 1474 3819 1515 ex

2243 1561 2262 1592 ι
2308 1542 2459 1598 vobis
2488 1544 2787 1618 interrogat
2808 1561 2923 1603 me:
2950 1547 3305 1616 Quovadis?»
3339 1550 3407 1605 Et
3432 1550 3658 1622 reliqua.
3683 1551 3821 1606 Fre-

2239 1642 2468 1701 quenter
2494 1636 2563 1691 ab
2594 1637 2748 1693 initio
2787 1652 2900 1693 suae
2933 1640 3334 1711 praedicationis
3361 1641 3623 1699 Dominus
3655 1644 3820 1700 disci-

2237 1725 2394 1795 pulos
2419 1725 2487 1781 se'
2506 1727 2729 1800 diligere
2755 1733 3019 1799 ostendit,
3061 1734 3295 1790 maxime
3325 1743 3506 1792 tamen
3532 1745 3665 1793 tunc
3688 1736 3820 1793 ade-

2240 1824 2391 1871 ctum
2437 1817 2741 1877 dilectionis
2787 1822 2842 1876 in
2889 1824 2973 1879 eis
3018 1826 3290 1892 exhibuit,
3332 1842 3454 1882 cum
3501 1829 3822 1885 imminente

2238 1908 2506 1978 passionis
2551 1912 2799 1980 articulo,
2837 1930 2934 1985 per
2977 1917 3314 1987 corporalem
3361 1921 3704 1991 praesentiam
3753 1922 3821 1978 ab

2238 1999 2344 2057 illis
2385 2017 2699 2063 recessurus
2743 2016 2902 2075 erat,
2953 2012 3095 2066 sicut
3144 2015 3287 2069 idem
3334 2015 3448 2085 ipse
3484 2017 3817 2089 evangelista

2238 2089 2367 2147 alibi
2409 2094 2759 2165 manifestat,
2804 2113 2927 2155 cum
2976 2102 3106 2158 dicit
3142 2120 3154 2157 :
3195 2124 3213 2155 ι
3247 2105 3436 2160 Sciens
3482 2105 3644 2163 Iesus
3690 2109 3815 2179 quia

2240 2186 2391 2240 venit
2435 2186 2565 2242 hora
2604 2188 2721 2257 ejus
2750 2201 2808 2245 ut
2848 2201 3089 2250 transeat
3130 2212 3198 2251 ex
3244 2198 3345 2253 hoc
3388 2200 3591 2255 mundo
3622 2201 3688 2256 ad
3716 2201 3815 2256 Pa-

2243 2286 2412 2345 trem,
2446 2295 2569 2334 cum
2606 2282 2882 2340 dilexisset
2924 2302 3050 2343 suos
3078 2289 3170 2358 qui
3207 2300 3364 2345 erant
3393 2291 3448 2346 in
3492 2293 3727 2359 mundo,
3762 2293 3813 2347 iu

2242 2370 2405 2428 tinem
2429 2374 2639 2458 [dilexit
2677 2391 2773 2432 eos
2812 2379 2994 2450 (Joan.
3026 2384 3166 2454 xm).
3200 2402 3218 2434 ι
3257 2383 3409 2439 Sicut
3455 2385 3596 2441 enim
3630 2388 3815 2443 doctus

2239 2470 2667 2561 paterfamilias,
2708 2489 2830 2530 cum
2879 2476 2934 2530 in
2982 2477 3324 2549 longinquam
3365 2481 3637 2552 regionem
3691 2497 3812 2553 pro-

2240 2560 2416 2619 fectus
2433 2560 2527 2620 'est
2548 2606 2564 2632 ,
2607 2560 2731 2622 tunc
2762 2580 2995 2625 maxime
3037 2569 3141 2626 sibi
3175 2572 3466 2644 subjectos,
3499 2572 3735 2646 qualiter
3764 2590 3817 2631 se

2188 2722 2192 2727 ,
2240 2656 2525 2723 providere
2564 2657 2829 2724 debeant,
2869 2671 3215 2717 commonet:
3256 2664 3327 2718 ita
3374 2664 3624 2719 Dominus
3659 2664 3819 2721 Jesus

2242 2746 2488 2802 Christus
2531 2748 2601 2801 ab
2643 2748 2899 2817 apostolis
2926 2752 3283 2821 corporaliter
3324 2769 3653 2821 recessurus,
3690 2768 3818 2823 spec

2240 2837 2452 2892 cialiter
2473 2840 2742 2906 quomodo
2770 2840 2827 2892 in
2852 2842 3053 2894 mundo
3088 2844 3400 2898 conversari
3430 2843 3712 2909 deberent,
3743 2843 3817 2899 eis

2241 2930 2526 2983 ostendere
2550 2928 2798 2999 dignatus
2824 2936 2929 2994 est,
2958 2930 3144 2985 dicens
3168 2949 3181 2983 :
3221 2949 3239 2983 ε
3268 2933 3325 2987 In
3355 2934 3458 2990 hoc
3492 2944 3815 3011 cognoscent
3849 2928 3857 2933 ⁷

2240 3031 2428 3072 omnes
2451 3017 2575 3086 quia
2609 3019 2711 3072 mei
2737 3018 2986 3088 discipuli
3010 3020 3165 3086 estis,
3198 3022 3242 3076 si
3271 3022 3618 3079 dilectionem
3651 3024 3715 3078 ad
3740 3025 3812 3078 in-

2221 3108 2414 3163 vicem
2444 3108 2744 3163 habueritis
2774 3109 2994 3181 (ilict);
3030 3131 3049 3163 ι
3087 3120 3142 3165 et
3180 3114 3374 3167 iterum
3404 3130 3417 3166 :
3455 3132 3473 3163 ε
3507 3108 3807 3170 Mandatum

561 3212 715 3259 ratur
741 3203 912 3278 (Rom.
939 3206 1036 3280 ιγ),
1064 3226 1083 3259 ι
1126 3208 1179 3265 ω
1216 3216 1301 3266 est
1335 3209 1550 3269 οωιυω
1581 3227 1680 3283 pm
1702 3212 1882 3280 mulo,
1919 3212 2136 3268 dentem
2162 3225 2208 3289 ο
2242 3214 2443 3254 novum
2462 3200 2533 3254 do
2556 3198 2710 3255 vobis
2735 3208 2793 3253 ut
2820 3200 3057 3270 diligatis
3086 3201 3315 3256 invicem
3343 3200 3559 3273 (Ibid.),
3589 3222 3609 3256 ι
3644 3215 3699 3259 et
3721 3220 3810 3259 ca:-

561 3314 661 3371 pro
694 3300 870 3357 dente.

639 3412 658 3449 t
690 3391 772 3451 Ira
797 3393 941 3450 enim
967 3394 1070 3449 viri
1110 3392 1383 3463 justitiam
1407 3394 1503 3451 Dei
1526 3411 1632 3453 non
1651 3405 1926 3467 operatur.
1952 3415 1973 3449 ι
1998 3396 2141 3451 Iram

561 3487 706 3545 enim
730 3487 829 3543 viri
845 3488 979 3544 dicit
1009 3489 1148 3545 iram
1173 3490 1427 3556 hominis,
1454 3506 1597 3561 quae,
1624 3491 1917 3547 secundum
1946 3489 2141 3546 Testa-

516 3602 523 3609 -
563 3581 730 3635 menti
770 3582 985 3638 Veteris
1023 3598 1205 3650 usum,
1259 3598 1473 3654 semper
1504 3585 1652 3654 cupit
1675 3597 1933 3640 exercere
1960 3583 2141 3638 vindi-

562 3680 741 3737 ctam,
784 3679 838 3725 et
883 3672 937 3731 in
982 3672 1130 3729 Novo
1176 3675 1522 3735 Testamento
1563 3675 1656 3731 ubi
1703 3676 1966 3745 scriptum
2012 3685 2138 3730 est:

568 3780 589 3815 ι
616 3761 792 3829 Nolite
827 3764 1080 3821 resistere
1118 3766 1260 3821 malo
1305 3767 1520 3840 (Matth.
1559 3768 1637 3839 v),
1672 3787 1692 3820 ι
1732 3783 1839 3824 non
1882 3776 2142 3837 operatur

556 3851 843 3923 justitiam.
870 3855 1041 3911 Aliter
1067 3874 1080 3911 :
1112 3856 1196 3912 ira
1226 3858 1327 3913 viri
1350 3859 1616 3930 justitiam
1640 3867 1915 3929 operatur,
1953 3859 2138 3914 subin-

563 3944 822 4015 telligitur
845 3940 929 4000 ira
958 3948 1073 4013 Dei,
1103 3964 1222 4018 qua}
1258 3949 1494 4005 humano
1523 3950 1719 4006 dicitur
1755 3949 1947 4006 aii‘ectn
1972 3949 2135 4019 justi-

562 4036 694 4091 tiam
724 4038 957 4108 operari,
988 4048 1047 4094 ut
1078 4041 1131 4095 in
1159 4039 1428 4109 Sodomis,
1467 4042 1517 4096 in
1558 4042 1859 4107 Pharaone,
1890 4042 1941 4096 in
1971 4040 2137 4112 Egy-

560 4139 676 4202 pto,
712 4132 763 4185 in
799 4133 933 4187 mari
961 4134 1162 4200 Rubro,
1205 4145 1261 4189 et
1297 4137 1350 4189 in
1392 4136 1507 4205 ipso
1538 4132 1828 4190 Israelitico
1853 4135 2050 4205 popqu
2079 4135 2135 4190 in

562 4222 794 4278 deserto.
821 4224 974 4281 Unde
994 4225 1449 4296 Psaimographus
1475 4227 1621 4281 canit
1647 4245 1659 4280 :
1696 4245 1714 4277 ι
1744 4225 1918 4279 iratus
1943 4233 2027 4280 est
2052 4224 2136 4279 fu-

562 4328 685 4369 rore
726 4314 985 4373 Dominus
1034 4317 1088 4370 in
1132 4316 1385 4385 populum
1429 4330 1584 4372 suum
1631 4316 1816 4385 (Pani.
1862 4318 1981 4388 cv),
2014 4337 2033 4369 ι
2081 4327 2139 4374 et

562 4404 749 4461 multis
780 4405 831 4459 in
883 4405 1014 4461 locis
1062 4405 1319 4477 legimus,
1359 4405 1451 4461 ubi
1495 4405 1575 4460 ira
1616 4407 1741 4473 Dei,
1769 4423 1891 4479 quae
1920 4423 2136 4479 semper

554 4490 858 4562 justissimo
888 4496 948 4561 tit
982 4495 1262 4560 examine,
1299 4496 1661 4553 rectissimam
1689 4508 1948 4570 operatur
1968 4499 2134 4571 justi-

564 4586 714 4643 tiam.
1488 4640 1491 4641 ν

639 4696 657 4728 ι
689 4675 917 4747 Propter
935 4677 1075 4747 quod
1095 4677 1412 4749 abjicientes
1431 4696 1647 4739 omnem
1672 4683 2088 4741 inmunditiam.
2113 4707 2137 4740 ι

558 4768 665 4824 Alii
730 4770 783 4825 in
824 4772 926 4833 hoc
970 4769 1088 4827 loco
1135 4771 1531 4831 immunditiam
1577 4777 1881 4845 specialiter
1919 4776 2139 4834 idolola-

562 4861 725 4915 triam
764 4861 1063 4933 intelligere
1103 4862 1420 4934 voluerunt;
1459 4866 1551 4922 alii
1584 4866 1999 4923 fornicationem
2036 4869 2139 4922 im-

561 4950 904 5019 munditiam,
932 4968 1049 5023 qua:
1092 4953 1155 5010 Iit
1186 4970 1309 5013 cum
1341 4956 1679 5022 midieribus,
1707 4975 1830 5014 eum
1856 4959 2136 5023 masculis,

561 5055 686 5097 cum
715 5044 1030 5111 pecudibus,
1062 5056 1118 5101 ct
1145 5048 1231 5105 his
1254 5048 1469 5104 similia.
1503 5048 1806 5113 Postremo,
1831 5060 1893 5105 ut
1910 5065 2139 5121 genera-

563 5129 689 5187 liter
716 5133 782 5188 de
810 5137 957 5189 omni
987 5133 1315 5209 intelligeres
1338 5137 1565 5204 malitia,
1590 5140 1794 5195 addidit
1818 5159 1832 5195 :

640 5241 660 5272 ι
696 5223 762 5278 Ει
789 5223 1169 5283 abundantiam
1200 5229 1441 5286 malitia.
1470 5250 1493 5284 ι
1520 5229 1674 5287 Sicut
1700 5233 1843 5287 enim
1870 5234 2022 5290 radix
2052 5236 2138 5290 vi-

562 5329 690 5379 rens
717 5315 770 5383 in
808 5325 950 5371 terra
976 5319 1203 5391 virgulta
1232 5323 1520 5394 germinat,
1548 5325 1633 5381 sic
1654 5325 1855 5381 malitia
1882 5326 2053 5383 latens
2079 5329 2136 5383 in

561 5409 726 5466 corde
752 5408 884 5464 vitia
913 5421 1155 5481 generat.
1195 5434 1211 5469 ε
1248 5416 1304 5471 In
1330 5418 1740 5474 mansuetudine
1769 5420 2027 5491 suscipite
2054 5422 2139 5477 in-

567 5518 587 5553 c
621 5502 787 5563 situm
830 5501 1094 5573 Verbum,
1142 5511 1281 5577 quod
1329 5518 1504 5579 potest
1548 5511 1758 5568 salvare
1796 5514 2004 5569 animas
2046 5529 2140 5570 ve-

569 5610 588 5644 (
618 5602 778 5659 stt-as.
810 5614 828 5648 ι
862 5595 917 5650 In
946 5600 1379 5666 mansuetudine,
1403 5602 1505 5659 hoc
1530 5611 1616 5658 est
1636 5603 1751 5659 sine
1777 5604 1855 5658 ira
1884 5614 1939 5659 et
1964 5605 2141 5660 disce-

562 5691 801 5759 ptatione
827 5692 1083 5763 suscipite
1116 5709 1211 5765 per
1240 5696 1397 5755 iidem
1437 5706 1641 5754 rectam
1685 5699 1739 5754 in
1766 5709 1945 5755 mente
1979 5715 2133 5769 pura.

563 5781 783 5838 Iusitum
812 5822 826 5849 ,
872 5799 900 5839 a
951 5783 1059 5841 Deo
1105 5787 1324 5844 missum
1353 5829 1369 5855 ,
1414 5798 1468 5845 et
1517 5790 1570 5844 in
1623 5790 1890 5846 mentibus
1936 5788 2140 5846 nostris

1883 5940 1888 5945 -
1908 5935 1944 5952 η

2243 3298 2357 3346 tera
2388 3292 2477 3349 his
2518 3290 2736 3346 similia.
2771 3290 3083 3361 Eademque
3130 3299 3286 3347 nocte
3329 3306 3435 3363 qua
3482 3307 3514 3346 a
3558 3293 3811 3365 discipulo

2242 3384 2531 3440 tradendus
2561 3393 2698 3449 erat,
2728 3399 2835 3439 non
2863 3384 3035 3440 solum
3063 3386 3228 3455 pedes
3257 3384 3644 3456 discipulorum
3673 3386 3809 3451 lavit,

2242 3475 2340 3532 sed
2368 3477 2537 3532 etiam
2577 3477 2893 3547 mysterium
2930 3477 3174 3547 corporis
3208 3485 3263 3532 et
3307 3478 3585 3549 sanguinis
3618 3480 3706 3535 sui
3740 3480 3813 3533 eis

2244 3568 2485 3625 tradidit.
2514 3568 2583 3622 Et
2607 3583 2729 3622 cum
2754 3565 3034 3637 multiplici
3059 3582 3313 3623 sermone
3334 3569 3401 3624 de
3429 3584 3524 3623 sua
3556 3582 3619 3624 ac
3646 3567 3814 3622 Patris

2244 3660 2528 3716 divinitate
2550 3658 2631 3714 eis
2654 3658 2986 3729 loqueretur,
3014 3674 3123 3714 non
3147 3659 3318 3715 solum
3349 3662 3811 3740 resurrectionem,

2242 3755 2340 3809 sed
2374 3754 2541 3808 etiam
2569 3768 2723 3808 suam
2766 3754 3140 3809 ascensionem
3180 3757 3474 3825 praedicere
3490 3753 3703 3822 ‘voluit,
3742 3756 3814 3811 di-

2241 3859 2374 3902 cens
2401 3865 2415 3900 :
2451 3863 2469 3896 ι
2500 3843 2650 3900 Vado
2688 3847 2757 3900 ad
2787 3861 2911 3901 eum
2955 3847 3046 3916 qui
3076 3847 3223 3902 misit
3260 3862 3365 3903 me.
3396 3866 3414 3900 ι
3449 3848 3547 3904 Ubi
3578 3863 3815 3918 quaeren-

2242 3941 2370 3997 dum
2398 3947 2479 3994 est
2507 3952 2677 4008 quare
2702 3939 2863 3993 dicat:
2898 3960 2915 3989 ε
2959 3938 3107 3994 Vado
3133 3940 3201 3994 ad
3229 3955 3352 3995 eum
3381 3942 3471 4011 qui
3504 3941 3654 3996 misit
3680 3958 3809 4005 me.)

2242 4051 2363 4092 cum
2388 4034 2515 4088 alibi
2552 4033 2829 4104 discipulis
2866 4034 3065 4089 dixisse
3095 4034 3341 4106 legatur:
3372 4056 3390 4088 ι
3421 4036 3562 4092 Ecce
3602 4054 3704 4110 ego
3732 4055 3817 4095 vo-

2238 4128 2452 4184 biscum
2476 4143 2594 4183 sum
2621 4127 2872 4182 omnibus
2900 4126 3090 4183 diebus
3114 4144 3283 4199 usque
3312 4128 3379 4184 ad
3400 4132 3817 4187 consummatio-

2241 4237 2367 4278 nem
2405 4222 2624 4279 saeculi?
2645 4242 2662 4273 ι
2699 4220 2915 4291 (Matth.
2947 4222 3167 4296 xxvm.)
3198 4220 3303 4278 Sed
3329 4225 3441 4280 haec
3472 4228 3706 4296 quaestio
3742 4226 3816 4281 fa-

2241 4314 2346 4372 cile
2388 4329 2574 4370 eorum
2623 4312 2892 4367 mentibus
2939 4321 3123 4383 patet,
3163 4313 3252 4382 qui
3295 4314 3347 4367 in
3389 4331 3495 4384 uno
3535 4315 3820 4374 Mediatore

2239 4407 2337 4462 Dei
2362 4405 2707 4463 ethominum
2733 4414 3024 4473 utramque
3052 4413 3324 4468 naturam,
3351 4405 3556 4460 scilicet
3587 4408 3820 4463 divinata

2247 4509 2304 4553 et
2333 4499 2650 4562 humanam,
2670 4497 3018 4552 comitentur.
3044 4496 3221 4571 Manet
3243 4513 3371 4568 ergo
3398 4514 3521 4553 cum
3547 4499 3821 4570 discipulis

2168 4575 2224 4636 D
2247 4604 2347 4661 per
2387 4590 2746 4654 divinitatem,
2781 4597 2837 4643 et
2862 4588 3010 4642 vadit
3037 4588 3106 4642 ad
3150 4585 3362 4643 Patrem
3394 4605 3490 4659 per
3523 4591 3822 4648 humanitas

2246 4690 2381 4747 tem,
2407 4698 2433 4734 ει
2462 4696 2570 4751 quo
2597 4695 2870 4752 nunquam
2900 4679 3147 4735 discessit
3180 4696 3276 4750 per
3301 4681 3662 4751 divinitatem,
3691 4686 3821 4740 sicut

2246 4773 2364 4843 ipse
2393 4772 2525 4826 dicit
2552 4789 2565 4825 :
2601 4787 2621 4821 ι
2651 4770 2763 4841 Ego
2796 4780 2850 4827 et
2884 4768 3046 4825 Pater
3074 4785 3239 4824 unum
3268 4785 3453 4826 smnus
3483 4771 3666 4841 (Joau.
3698 4776 3772 4846 x).
3799 4798 3816 4826 ο

2246 4861 2527 4917 Ϋθηίιιθςθι
2579 4862 2730 4916 abire
2776 4861 3131 4917 humanitatis
3189 4870 3301 4924 est;
3358 4878 3577 4918 ntanere
3616 4874 3670 4919 et
3708 4880 3819 4923 esse

2246 4953 2582 5010 divinitatis:
2619 4961 2673 5008 et
2719 4954 2837 5007 ideo
2871 4969 2992 5008 cum
3034 4954 3309 5023 discipulis
3346 4955 3541 5009 inansit
3594 4974 3694 5029 per
3729 4960 3819 5015 hoc

2245 5047 2391 5119 quod
2412 5065 2430 5100 ι
2453 5049 2506 5102 in
2525 5048 2789 5118 principio
2804 5056 2921 5102 erat
2935 5045 3192 5114 Verbum,
3207 5057 3262 5103 et
3287 5046 3519 5105 Verbum
3548 5061 3668 5105 erat
3689 5053 3818 5123 apud

2246 5139 2415 5195 Deum
2440 5179 2456 5205 ,
2494 5147 2549 5194 et
2579 5140 2720 5193 Deus
2746 5147 2863 5193 erat
2886 5137 3142 5193 Verbum.
3175 5160 3193 5192 ι
3219 5137 3377 5196 Vadit
3400 5141 3468 5197 ad
3487 5138 3703 5197 Patrem
3733 5157 3819 5213 per

2246 5235 2352 5290 hoe
2380 5234 2521 5303 quod
2555 5252 2573 5285 ‹
2597 5232 2830 5288 Verbum
2858 5246 2986 5287 caro
3016 5232 3215 5288 factum
3243 5242 3346 5301 est,
3373 5243 3427 5289 et
3470 5226 3735 5291 habitavit
3770 5237 3817 5292 iu

2245 5325 2423 5387 nobis,
2444 5344 2463 5379 ι
2483 5326 2623 5382 sicut
2643 5327 2758 5395 ipse
2784 5324 2909 5382 alibi
2935 5327 3011 5381 ait
3035 5345 3047 5381 :
3077 5348 3094 5379 ι
3115 5326 3265 5383 Exivi
3293 5346 3323 5383 a
3348 5326 3506 5385 Patre
3534 5339 3591 5386 et
3617 5331 3738 5386 veni
3766 5331 3813 5387 in

2248 5422 2541 5487 mundum,
2580 5429 2636 5477 et
2663 5421 2859 5477 iterum
2891 5422 3135 5494 relinquo
3178 5425 3432 5480 mundum
3453 5467 3471 5489 ,
3503 5435 3557 5481 et
3583 5428 3720 5483 vado
3752 5426 3814 5481 ad

2248 5514 2466 5569 Patrem
2512 5512 2701 5582 (Joan.
2732 5516 2883 5585 xvr);
2916 5532 2934 5566 ι
2965 5525 3020 5569 et
3047 5515 3240 5571 iterum
3272 5534 3285 5568 :
3320 5536 3336 5568 ι
3370 5515 3538 5572 Nemo
3582 5521 3810 5576 ascendit

2249 5606 2304 5659 in
2322 5605 2537 5669 emittm,
2571 5606 2671 5661 nisi
2698 5607 2789 5676 qui
2817 5606 3093 5663 descendit
3120 5608 3184 5663 de
3214 5607 3374 5669 coelo.
3393 5610 3560 5667 Filius
3590 5612 3810 5667 hominis

2247 5696 2340 5765 qui
2366 5705 2451 5750 est
2480 5697 2532 5750 in
2555 5696 2692 5751 cosio
2716 5696 2915 5769 ((Joan.
2945 5700 3047 5772 ιιι).
3071 5719 3090 5753 ι
3118 5700 3267 5769 Quod
3297 5713 3475 5757 autem
3503 5705 3771 5775 subjungit

2255 5807 2274 5840 ι
2303 5787 2372 5844 Et
2408 5805 2565 5845 nemo
2594 5807 2656 5845 ex
2688 5791 3141 5864 vobisintcrroget
3172 5812 3254 5850 me
3275 5813 3285 5847 :
3305 5796 3420 5863 Quo
3459 5797 3629 5852 vadis?
3660 5818 3673 5849 ι
3710 5798 3804 5853 tale
