4014 6354
298 358 411 416 517

1506 356 1810 417 HOMILUE
1846 357 1935 416 DE
1974 356 2320 415 TEMPORE.

3441 358 3546 417 518

298 481 392 528 est
447 485 511 525 ac
556 468 602 525 si
649 467 852 523 diceret
899 485 909 518 :
953 466 1089 526 Tam
1140 471 1310 527 lucida
1360 479 1417 527 et
1464 469 1723 541 praeclara
1776 470 1881 525 erit
1906 467 2214 547 Adicitur:
2244 466 2387 523 «Ubi
2415 476 2497 523 est
2523 467 2804 523 thesaurus
2832 476 2970 535 tuus,
2998 468 3070 525 ibi
3096 478 3182 526 est
3206 478 3261 526 et
3282 484 3375 526 cor
3401 478 3549 529 tuum

298 561 553 618 ascensio
596 573 738 623 mea,
769 566 827 613 ut
869 560 1048 620 nullus
1073 573 1307 619 vestrum
1338 563 1576 635 indigeat
1604 578 1688 619 me
1713 562 1878 619 inter-

300 666 502 724 rogare
546 663 651 719 quo
680 653 874 709 vatiam
900 694 914 720 ,
951 653 1253 709 videntibus
1280 653 1487 709 cunctis
1516 653 1655 725 quod
1684 652 1879 708 coelum

299 740 618 796 ascendam.
663 747 815 798 Nan!
840 758 960 797 cum
995 743 1239 813 superius
1266 743 1467 799 iturum
1494 757 1552 798 se
1583 744 1649 796 ad
1678 743 1881 812 passio-

304 854 434 897 nem
460 836 812 907 pradiceret,
844 840 1029 896 dicens
1058 857 1071 893 :
1108 858 1126 891 ι
1157 838 1368 905 Filioli,
1398 840 1572 895 adhuc
1613 837 1882 893 modicum

304 930 597 992 vobiscum
616 950 734 990 sum
750 931 961 1005 (Μαι),
993 950 1013 985 ι
1045 940 1100 988 et
1127 930 1481 989 sicutJudaeis
1510 932 1681 987 dixit:
1712 950 1731 983 ι
1766 930 1884 999 Quo

314 1045 421 1101 ego
448 1030 607 1095 vado,
638 1042 733 1083 vos
765 1042 871 1085 non
907 1026 1128 1099 potestis
1152 1026 1338 1083 venire
1372 1024 1551 1097 (Joan.
1581 1024 1721 1096 vni),
1753 1043 1771 1075 ι
1803 1024 1886 1087 in-

316 1120 615 1193 terrogavit
641 1134 763 1175 eum
795 1118 1006 1185 Petrus,
1037 1118 1223 1177 dicens
1250 1136 1264 1171 :
1294 1137 1313 1181 ς
1342 1116 1567 1172 Domine
1586 1157 1602 1182 ,
1641 1130 1747 1185 quo
1787 1131 1885 1179 va-

317 1210 439 1266 dis?
470 1231 489 1263 l
539 1210 720 1281 (Joan.
756 1207 1064 1280 x1n.)§Visa
1107 1216 1286 1267 autem
1325 1206 1654 1265 ascensionis
1693 1206 1882 1279 gloria,

318 1316 430 1359 non
476 1314 697 1359 necesse
744 1300 1047 1356 habuerunt
1098 1301 1428 1371 interrogare
1471 1314 1576 1369 quo
1617 1306 1883 1370 pergeret,

318 1392 467 1461 quia,
509 1392 651 1448 sicut
691 1390 866 1449 Lucas
910 1400 1096 1449 narrat
1136 1390 1193 1461 in
1236 1390 1459 1449 Aetibus
1502 1388 1885 1461 apostolorum,

317 1484 623 1541 videntibus
667 1484 877 1543 cunctis
918 1483 1156 1539 elevatus
1197 1494 1309 1549 est,
1351 1490 1406 1538 et
1443 1482 1613 1538 nubes
1655 1482 1890 1552 suscepit

318 1590 444 1631 eum
475 1576 542 1635 ab
571 1574 741 1632 oculis
769 1589 974 1641 eorum.
1006 1575 1074 1630 Et
1100 1590 1221 1631 cum
1252 1575 1590 1630 intuerentur
1614 1575 1666 1630 in
1694 1574 1889 1631 coelum

318 1676 538 1723 euntem
562 1667 734 1733 illum,
756 1668 1011 1725 continuo
1035 1668 1140 1725 duo
1166 1667 1262 1723 viri
1286 1667 1571 1724 astiterunt
1589 1665 1743 1736 juxta
1770 1666 1891 1722 illos

321 1760 375 1814 in
416 1759 654 1817 vestibus
700 1759 869 1825 albis,
911 1758 1002 1829 qui
1046 1768 1102 1814 et
1139 1758 1433 1817 dixerunt:
1474 1756 1627 1812 «Viri
1662 1756 1886 1824 Galiltri,

1978 559 2194 631 (Matth.
2219 560 2328 633 vr);
2360 580 2379 613 ι
2411 570 2466 616 et
2496 561 2690 616 iterum
2722 580 2734 615 :
2771 580 2788 613 ι
2816 559 2918 617 Ubi
2963 560 3124 617 fuerit
3161 578 3357 636 corpus
3378 605 3393 630 ,
3424 563 3552 621 illuc

1930 676 1931 681 η
1977 653 2449 724 congregabuntur
2471 660 2526 707 et
2558 652 2748 723 aquilae
2778 651 2927 723 (Luc.
2959 653 3075 726 vu).
3110 673 3128 706 ι
3166 654 3233 710 Et
3260 655 3380 713 ideo
3407 664 3553 721 tanto

1977 742 2270 814 perfectius
2301 742 2560 813 Spiritum
2599 752 2845 800 sanctum
2872 754 2994 814 post
3019 746 3394 803 ascensionem
3421 749 3557 805 acci-

1980 852 2110 907 pere
2153 833 2439 891 visibiliter
2472 842 2826 900 meruerunt,
2867 842 3068 906 quanto
3108 834 3163 890 in
3206 834 3321 905 ejus
3371 850 3557 895 amore

1983 927 2210 999 amplius
2247 935 2566 983 exarserunt
2601 945 2615 981 :
2646 936 2701 983 et
2739 928 2841 983 hoc
2882 936 2965 984 est
3002 927 3147 1003 quod
3175 930 3271 984 ait.
3308 948 3329 982 ι
3361 928 3417 985 Si
3461 945 3561 1004 ego

1983 1033 2089 1072 non
2116 1017 2317 1085 abiero,
2347 1016 2658 1075 Paracletus
2688 1034 2791 1074 non
2819 1020 2994 1076 veniet
3023 1019 3089 1076 ad
3112 1036 3225 1076 vos.
3249 1040 3268 1074 ι
3300 1020 3444 1078 Bene
3467 1038 3560 1078 au-

1986 1118 2092 1166 tem
2123 1111 2356 1181 Spiritus
2380 1110 2685 1180 paracletus
2709 1111 3036 1178 nominatur,
3064 1113 3386 1189 παράκλητος
3419 1113 3560 1169 enim

1985 1202 2193 1269 Grzece,
2214 1203 2404 1258 Latine
2424 1202 2723 1263 consolator
2747 1204 3163 1271 siveadvocatus
3186 1206 3399 1261 dicitur.
3420 1205 3564 1263 Bene

1986 1293 2292 1350 consolator
2313 1293 2533 1369 dicitur,
2556 1293 2784 1365 qui'non
2811 1292 2982 1350 solum
3008 1303 3135 1350 tunc
3165 1296 3328 1361 corda
3350 1305 3563 1367 aposto-

1988 1385 2161 1441 lorum
2194 1386 2260 1441 de
2300 1384 2513 1440 Domini
2558 1385 2803 1441 absentia
2845 1386 3131 1441 manentia
3167 1387 3436 1443 consolari
3481 1388 3567 1443 di-

1989 1484 2183 1548 gnatus
2208 1482 2310 1542 est,
2348 1474 2442 1531 sed
2467 1475 2631 1530 etiam
2656 1475 2897 1547 quotidie
2928 1491 3027 1548 pro
3054 1478 3257 1548 peccati
3292 1486 3569 1550 perpetu;

1989 1566 2136 1624 tione
2206 1567 2555 1639 lugentibus,
2620 1568 2748 1622 dum
2824 1581 2975 1639 spem
3035 1570 3301 1640 promittit
3358 1571 3566 1636 veniae,

1990 1660 2278 1713 maximam
2311 1656 2731 1713 consolationem
2762 1658 2966 1714 tribuit.
2998 1658 3165 1729 Cujus
3186 1659 3572 1715 consolationis

1990 1766 2091 1823 ope
2121 1765 2179 1806 se
2203 1750 2538 1805 sublevatum
2566 1756 2819 1815 noverat,
2848 1749 2940 1820 qui
2968 1748 3181 1805 dicebat
3210 1767 3222 1803 :
3261 1767 3282 1801 ι
3313 1749 3572 1806 Consola-

318 1849 449 1918 quid
496 1849 651 1905 statis
698 1848 1017 1919 aspicientes
1070 1847 1122 1903 in
1176 1847 1406 1904 omium?
1452 1846 1550 1902 Hic
1591 1847 1748 1909 Jesus
1794 1848 1883 1919 qui
1917 1851 1965 1912 B
1992 1845 2167 1901 tiones
2192 1853 2329 1911 tuae,
2373 1844 2627 1911 Domine,
2660 1842 3065 1899 laetiﬁcaverunt
3109 1843 3345 1897 animam
3394 1858 3569 1898 meam

318 1951 629 2010 assumptus
664 1949 748 1996 est
769 1957 799 1996 a
835 1940 987 2013 vobis
1018 1941 1071 1996 in
1112 1940 1306 1996 caelum
1329 1980 1344 2007 ,
1373 1940 1451 1996 sic
1493 1940 1672 1996 veniet
1696 1955 1888 2011 quem-

320 2028 610 2087 admodum
638 2029 850 2085 vidistis
902 2045 1024 2085 eum
1052 2038 1268 2087 euntem
1314 2030 1367 2084 in
1395 2028 1591 2085 coelum
1622 2029 1756 2102 (Act.
1794 2030 1887 2101 1).»

319 2118 389 2172 Et
422 2119 548 2188 quia
584 2128 807 2174 noverat
834 2119 1092 2175 Dominus
1114 2120 1255 2190 quod
1285 2120 1399 2175 haec
1431 2135 1526 2175 sua
1553 2120 1715 2175 verba
1745 2127 1894 2176 tanto

321 2206 585 2276 majorem
610 2206 883 2263 tristitiam
921 2209 974 2263 in
1003 2209 1253 2265 cordibus
1282 2209 1639 2281 apostolorum
1673 2225 1897 2284 genera-

323 2305 465 2362 rent,
494 2307 696 2367 quanto
736 2314 793 2355 se
820 2298 1051 2355 vicinius
1077 2298 1145 2355 ab
1170 2302 1250 2357 eis
1278 2317 1615 2359 recessurum
1642 2303 1896 2375 praedice-

320 2386 440 2452 bat,
469 2389 730 2460 adjunxit,
761 2388 965 2447 dicens.

400 2496 419 2526 ι
467 2479 575 2533 Sed
619 2481 744 2549 quia
785 2480 899 2536 haec
931 2482 1141 2539 locutus
1170 2499 1289 2539 sum
1318 2484 1499 2552 vobis,
1528 2480 1743 2540 tristitia
1792 2485 1895 2540 im-

330 2586 348 2618 ι
370 2567 537 2638 plevit
557 2584 652 2623 cor
663 2580 919 2626 vestrum.
948 2592 966 2623 ι
985 2571 1094 2627 Nec
1109 2573 1251 2627 enim
1265 2574 1467 2646 absque
1490 2576 1638 2647 gravi
1666 2589 1900 2631 maerore

325 2659 441 2732 ejus
468 2660 770 2717 absentiam
815 2665 1147 2734 corporalem
1195 2668 1382 2723 audire
1421 2678 1702 2737 poterant,
1747 2668 1899 2743 cujus

326 2751 492 2820 gratia
520 2751 585 2805 de
614 2751 813 2807 mundo
841 2752 998 2808 electi
1024 2763 1197 2831 erant,
1228 2754 1378 2825 cujus
1403 2758 1642 2813 doctrina
1667 2760 1899 2817 instrue:

328 2842 542 2907 bantur,
579 2842 733 2913 cujus
770 2844 1107 2901 sermonibus
1137 2844 1769 2920 informabantur,‘cujus
1798 2851 1898 2906 mi-

328 2933 523 2997 raculis
549 2928 1006 3002 jucundabantur.
1044 2934 1109 2992 Et
1138 2954 1299 3011 quem
1324 2940 1533 2996 obicem
1564 2949 1619 2997 et
1652 2940 1898 2999 defenso-

329 3044 439 3083 rem
472 3028 522 3085 in
545 3027 794 3085 omnibus
822 3030 1142 3098 sentiebant,
1166 3031 1282 3088 sine
1306 3049 1501 3105 magno
1527 3033 1710 3091 dolore
1737 3037 1806 3092 ab
1831 3052 1899 3092 eo

328 3120 567 3188 separari
610 3137 718 3176 non
756 3128 1027 3193 poterant.
1060 3122 1211 3178 Unde
1253 3140 1373 3180 cum
1404 3141 1554 3181 suam
1589 3128 1895 3197 passionem

1993 1935 2164 2008 (Psal.
2197 1935 2371 2009 xcm).
2403 1956 2421 1989 ι
2452 1936 2558 1991 Pro
2583 1951 2691 2007 quo
2741 1936 2795 1991 in
2833 1936 3021 1991 Graeco
3057 1933 3293 2006 legitur:
3321 1937 3379 1995 Δί
3401 1957 3573 2012 παροι-

1990 2024 2188 2091 κλήσιις
2239 2050 2335 2086 σου
2381 2027 2599 2103 εὔφρααν
2644 2032 2732 2088 τὴν
2785 2027 2967 2110 ψυχήν(
3019 2047 3139 2098 μου.
3187 2026 3257 2083 Et
3314 2028 3507 2083 iterum
3554 2044 3568 2082 :

1998 2138 2016 2171 ι
2046 2118 2251 2173 Memor
2279 2118 2355 2173 fui
2384 2117 2710 2189 judiciorum
2741 2128 2983 2182 tuorum,
3013 2116 3262 2184 Domine,
3293 2133 3322 2171 a
3354 2118 3571 2182 saeculo,

1994 2218 2049 2265 et
2073 2209 2379 2265 consolatus
2407 2224 2525 2264 sum
2552 2207 2723 2280 (Psal.
2750 2207 2959 2278 cxvm).
2995 2226 3014 2259 ι
3047 2206 3214 2263 Recte
3238 2207 3402 2263 etiam
3431 2209 3572 2263 idem

1998 2301 2235 2373 Spiritus
2263 2302 2555 2356 advocatus
2578 2300 2795 2363 dicitur,
2819 2300 2944 2369 quia
2975 2313 3077 2371 pro
3101 2298 3299 2354 nostris
3334 2299 3571 2355 excessi-

1997 2395 2097 2449 bus
2120 2393 2359 2471 quotidie
2386 2390 2601 2446 Patrem
2628 2388 2952 2460 interpellat,
2981 2390 3123 2445 sicut
3151 2389 3228 2443 ait
3252 2388 3567 2460 Apostolus:

2004 2502 2022 2535 ι
2053 2483 2188 2539 Nam
2214 2484 2355 2554 quod
2377 2497 2614 2547 oremus,
2635 2481 2774 2538 sicut
2793 2488 3005 2552 Oportet
3029 2480 3320 2545 nescimus,
3340 2482 3437 2537 sed
3459 2481 3581 2550 ipso

2000 2571 2234 2644 Spiritus
2255 2572 2490 2644 postulat
2515 2587 2615 2643 pro
2636 2572 2791 2627 nobis
2812 2573 3101 2643 gemitibus
3120 2570 3578 2627 inenarrabiliqu

2000 2663 2178 2737 (Rom.
2204 2665 2343 2736 VIII).
2376 2682 2397 2716 ι
2441 2665 2708 2731 Quantum
2747 2671 2926 2717 autem
2964 2662 3031 2718 de
3066 2660 3305 2731 ejusdem
3341 2662 3579 2732 Spiritus

1999 2751 2145 2808 dono
2182 2753 2408 2824 apostoli
2452 2752 2748 2823 profecturi
2792 2759 3002 2820 essent,
3040 2752 3417 2810 manifestatur
3451 2769 3575 2810 cura

1999 2845 2247 2901 subditur
2280 2862 2295 2898 :

2075 2955 2094 2989 ι
2127 2935 2343 2992 Etcum
2371 2937 2579 2993 venerit
2606 2937 2725 3003 ille,
2763 2943 2950 3008 arguet
2975 2935 3235 2993 mundum
3263 2937 3330 2992 de
3356 2946 3576 3008 peccato

2006 3045 2025 3080 ι
2065 3036 2120 3083 et
2147 3028 2215 3084 de
2237 3026 2446 3096 justitia
2493 3035 2550 3082 et
2577 3027 2885 3096 dejudicio.
2933 3047 2952 3081 ι
2986 3026 3327 3084 Manifest
3354 3039 3441 3084 est
3485 3044 3576 3083 ata-

2004 3130 2111 3174 tem
2141 3119 2285 3189 quod
2330 3118 2591 3173 Dominus
2622 3116 2779 3173 Jesus
2806 3117 3053 3174 Christus
3093 3133 3192 3189 per
3225 3120 3575 3190 scatetipsum

333 3210 455 3264 alibi
478 3213 823 3285 praediceret,
853 3214 1141 3285 prohibere
1166 3216 1349 3272 volens
1376 3233 1498 3272 eum
1528 3217 1754 3286 Petrus,
1785 3219 1889 3276 aie-

1999 3211 2277 3274 mundum,
2310 3209 2366 3264 id
2392 3217 2477 3264 est
2502 3218 2776 3264 amatores
2802 3209 3018 3275 mundi,
3045 3208 3113 3265 de
3132 3219 3377 3280 peccato,
3413 3218 3467 3265 et
3509 3211 3583 3265 de

330 3301 452 3356 bat:
474 3321 492 3353 ι
520 3302 1043 3375 Propitiusestotibi,
1073 3306 1316 3373 Domine,
1348 3323 1452 3363 non
1486 3308 1578 3364 ﬁat
1604 3308 1895 3376 istud;non

328 3394 471 3449 enim
496 3396 719 3453 decetut
738 3397 906 3453 Filius
923 3397 1015 3451 Dei
1046 3406 1460 3469 gustetmortem
1488 3397 1703 3473 (Matth.
1722 3401 1889 3471 χνι).ι

325 3482 392 3539 Et
420 3500 542 3541 cum
578 3489 631 3542 in
660 3488 844 3543 ultima
874 3503 1029 3543 coma
1059 3489 1379 3567 recumbens
1408 3490 1610 3546 diceret
1641 3506 1656 3546 :
1693 3509 1712 3543 ι
1745 3491 1895 3548 Unus

320 3583 560 3632 vestrum
588 3593 674 3633 me
709 3579 1003 3633 traditurus
1036 3585 1151 3645 est,
1175 3580 1475 3635 contristati
1505 3580 1687 3649 valde,
1717 3596 1896 3653 cmpe-

320 3678 448 3723 runt
478 3669 655 3725 dicere
702 3670 895 3741 singuli
941 3689 952 3724 :
1016 3670 1273 3744 Nunquid
1327 3689 1426 3745 ego
1477 3692 1624 3742 sum,
1672 3675 1895 3733 Domine

321 3758 539 3831 (Matth.
565 3765 735 3831 χχιιι).
768 3783 786 3813 ι
823 3762 927 3818 Sed
954 3779 1138 3819 eorum
1166 3766 1304 3822 hanc
1333 3767 1607 3824 tristitiam
1632 3771 1752 3841 pius
1782 3770 1893 3826 Ma-

318 3851 489 3921 gister
514 3851 740 3923 benigna
767 3854 1130 3911 consolatione
1158 3854 1328 3913 lenire
1358 3861 1586 3928 curavit,
1618 3861 1820 3917 dicens.

394 3961 413 3992 ι
455 3942 566 4013 Ego
598 3942 878 4017 veritatem
905 3943 1026 3999 dico
1057 3946 1241 4012 vobis,
1280 3950 1495 4019 expedit
1524 3950 1675 4006 vobis
1705 3961 1763 4006 ut
1792 3968 1893 4023 ego

322 4048 343 4082 ι
377 4032 588 4085 vadam.
624 4049 643 4084 ›
667 4031 744 4086 Ac
765 4032 809 4086 si
838 4032 1040 4088 diceret
1070 4049 1084 4088 :
1114 4035 1225 4105 Ego
1250 4038 1340 4107 qui
1362 4039 1559 4094 veritas
1585 4055 1725 4107 sum,
1754 4043 1896 4097 veri-

318 4127 484 4175 tatem
514 4120 666 4176 vobis
694 4120 834 4176 dico.
866 4121 1098 4179 Necesse
1134 4133 1213 4181 est
1260 4135 1318 4180 ut
1352 4127 1465 4183 haec
1506 4127 1682 4184 forma
1726 4132 1890 4196 servi,

315 4226 481 4282 quam
508 4213 561 4267 in
598 4228 683 4269 me
715 4215 936 4270 cernitis
957 4256 972 4281 ,
1005 4233 1166 4287 quam
1197 4219 1411 4274 sincero
1439 4235 1624 4277 amore
1651 4222 1891 4295 diligitis,

318 4319 348 4359 a
375 4306 570 4361 vestris
608 4309 984 4377 conspectibus
1022 4312 1404 4379 temporalibus
1432 4315 1798 4382 subtrahatur,
1835 4327 1895 4370 ut

316 4396 545 4452 formam
572 4396 865 4454 divinitatis
895 4400 946 4453 in
990 4399 1077 4455 me
1110 4401 1401 4469 perfectius
1426 4404 1619 4459 intueri
1651 4405 1892 4474 valeatis,

1993 3299 2224 3370 justitia,
2246 3300 2379 3355 etde
2399 3299 2605 3369 judicio
2627 3297 2927 3371 redarguit.
2954 3298 3029 3351 De
3051 3306 3274 3367 peccato
3302 3299 3579 3370 redarguit
3604 3348 3609 3353 .

1998 3405 2112 3457 eos,
2138 3390 2266 3461 quia
2301 3390 2358 3444 in
2384 3403 2507 3445 eum
2537 3389 2760 3445 credere
2785 3388 3101 3455 noluerunt,
3124 3389 3190 3444 de
3217 3388 3413 3459 quibus
3447 3390 3575 3445 alibi

1999 3482 2075 3537 ait
2101 3499 2116 3536 :
2153 3500 2172 3534 ι
2203 3480 2261 3536 Si
2295 3496 2403 3536 non
2434 3480 2698 3535 venissem
2731 3487 2787 3535 et
2823 3478 3033 3536 locutus
3055 3478 3279 3535 fuissem
3305 3480 3423 3547 eis,
3450 3495 3576 3551 pec-

1996 3584 2176 3631 catum
2204 3590 2313 3631 non
2350 3575 2630 3631 haberent.
2670 3573 2822 3631 Nunc
2858 3584 3036 3631 autem
3072 3576 3472 3633 excusationem
3509 3579 3581 3633 de

1996 3677 2219 3735 peccato
2248 3682 2347 3721 suo
2390 3682 2497 3722 non
2528 3666 2754 3738 habent,
2783 3667 2908 3737 quia
2948 3667 3197 3723 viderunt
3217 3682 3333 3734 me,
3364 3678 3420 3724 et
3447 3669 3575 3724 odio

1998 3760 2304 3816 habuerunt
2331 3760 2600 3832 megratis
2628 3758 2819 3831 (Joau.
2846 3759 2958 3832 xv).
2995 3779 3015 3813 ι
3053 3760 3128 3815 De
3154 3760 3363 3832 justitia
3392 3761 3574 3816 redar-

1995 3853 2112 3924 guit
2135 3867 2251 3917 eos,
2273 3853 2399 3922 quia
2417 3852 2682 3922 justitiam
2707 3860 2763 3907 et
2788 3852 3183 3924 simplicitatem
3208 3851 3571 3923 apostolorum

1995 3946 2193 4001 imitari
2223 3945 2528 4001 noluerunt.
2558 3944 2640 4000 Ad
2676 3961 2906 4016 quorum
2932 3930 3389 4017 comparationem
3427 3953 3575 4001 recte

1986 4034 2266 4105 judicandi
2295 4045 2453 4101 sunt,
2484 4036 2681 4106 quibus
2710 4036 2823 4106 ipse
2851 4038 2929 4091 ait
2964 4052 2978 4090 :
3013 4054 3030 4086 ι
3068 4036 3124 4091 Si
3149 4037 3339 4108 egoia
3358 4035 3570 4091 Becheo

1930 4194 1935 4197 κ
1994 4124 2103 4180 bub
2130 4126 2288 4196 ejieio
2315 4125 2599 4192 damonis,
2629 4126 2727 4205 filii
2749 4129 2915 4184 vestri
2940 4128 2993 4183 in
3028 4142 3137 4198 quo
3159 4125 3416 4195 ejiciunt?
3449 4126 3570 4183 Ideo

1995 4217 2097 4286 ipsi
2131 4216 2345 4286 judices
2366 4219 2541 4273 ‘vestri
2577 4227 2740 4273 erunt
2781 4217 2932 4290 (Luc.
2961 4221 3059 4290 XI).
3091 4238 3110 4271 ι
3148 4217 3455 4288 Dejudicio
3486 4232 3570 4273 re-

1996 4311 2211 4382 darguit
2247 4326 2371 4376 eos,
2416 4311 2614 4380 quibus
2642 4326 2763 4365 cum
2812 4311 3087 4366 diabolum
3119 4310 3232 4379 jam
3268 4309 3567 4378 judicatum

1994 4402 2338 4468 ostendisset,
2362 4404 2584 4460 dicens:
2615 4420 2633 4454 ι
2657 4401 2914 4459 Videbam
2942 4403 3200 4458 Satanam
3229 4403 3367 4457 sicut
3392 4402 3572 4474 fulgur

316 4491 456 4546 sicut
487 4492 600 4561 ipse
626 4491 753 4546 alibi
780 4492 909 4546 dicit
939 4507 955 4546 :
991 4511 1008 4543 ι
1044 4492 1100 4548 Si
1128 4493 1421 4566 diligeretis
1446 4511 1550 4561 me,
1579 4498 1703 4568 quia
1731 4498 1895 4555 Pater
1927 4566 1947 4568 Α
1997 4494 2062 4549 de
2083 4493 2223 4549 coelo
2238 4494 2517 4550 cadentem
2533 4493 2681 4565 (Luc.
2701 4496 2778 4565 ι),
2801 4494 3010 4563 imagis
3034 4492 3262 4561 suhejus
3281 4493 3571 4548 durissima

316 4582 491 4651 major
533 4597 619 4638 me
664 4592 747 4639 est
787 4581 967 4655 (Joan.
1012 4586 1144 4656 xrv).
1173 4606 1190 4638 ι
1240 4586 1389 4644 Unde
1414 4596 1560 4643 recte
1600 4566 1849 4646 subditur
1874 4610 1886 4646 :
1917 4566 1970 4627 D
1994 4587 2254 4642 servitute
2278 4602 2498 4642 manere
2517 4587 2821 4652 voluerunt,
2846 4601 3007 4656 quam
3027 4587 3094 4642 ad
3118 4586 3424 4643 liberatoris
3451 4587 3575 4643 leve

321 4694 341 4727 ι
388 4675 447 4731 Si
481 4687 657 4743 autem
687 4694 803 4751 .non
852 4678 1062 4744 abiero,
1102 4678 1411 4736 Paracletus
1458 4698 1565 4737 non
1601 4685 1778 4740 veniet
1822 4684 1889 4741 ad

321 4785 341 4818 ι
386 4782 516 4823 vos:
548 4770 592 4823 si
621 4778 801 4823 autem
832 4770 1033 4833 abiero,
1065 4770 1272 4825 mittam
1300 4787 1421 4827 eum
1454 4775 1519 4828 ad
1550 4788 1661 4831 vos.
1693 4795 1711 4826 ι
1744 4775 1889 4830 Nun-

316 4860 443 4930 quid
482 4866 693 4929 poterat
726 4858 854 4915 dare
898 4860 1158 4931 Spiritum
1194 4872 1439 4919 sanetum
1479 4865 1533 4920 in
1561 4867 1739 4934 terris,
1765 4882 1887 4922 cum

317 4953 602 5008 manifeste
651 4953 860 5025 legatur
905 4966 1028 5024 post
1081 4957 1532 5012 resurrectionem
1558 5000 1573 5023 ,
1631 4960 1885 5030 quoniam

319 5043 609 5097 insufllavit
661 5053 715 5098 et
766 5042 947 5097 dixit:
993 5062 1011 5094 ι
1045 5043 1287 5116 Accipite
1324 5042 1581 5117 Spiritum
1638 5057 1886 5102 sanctum

319 5133 495 5205 (Joau.
524 5136 637 5205 xx).
674 5152 691 5185 ι
727 5132 943 5188 Poterat
985 5136 1186 5204 utique.
1231 5133 1337 5189 Sed
1385 5136 1617 5208 quandiu
1661 5136 1886 5207 apostoli

319 5224 485 5278 Deum
536 5223 802 5277 hominem
848 5238 1029 5278 secum
1077 5233 1519 5292 conversantem,
1562 5236 1887 5281 convescen-

318 5324 422 5369 tem
448 5356 462 5379 ,
500 5315 887 5386 colloquentem
926 5316 1229 5383 habebant,
1269 5318 1385 5388 ejus
1423 5318 1707 5389 praesentia
1738 5319 1885 5376 dele-

316 5405 467 5469 ctati,
499 5406 678 5472 minus
710 5407 774 5460 ad
802 5406 1073 5461 scicndam
1119 5408 1453 5465 divinitatem
1478 5410 1663 5467 oculos
1691 5413 1885 5469 mentis

315 5494 606 5565 erigebant.
650 5496 939 5566 Postquam
986 5508 1165 5551 autem
1204 5501 1538 5556 Dominicum
1581 5516 1777 5574 corpus
1819 5504 1889 5559 ad

314 5585 489 5643 Patris
531 5588 805 5644 dexteram
861 5589 1178 5647 collocatum
1228 5596 1523 5661 noverunt,
1572 5594 1669 5651 iiio
1716 5604 1887 5653 totum

314 5695 468 5733 suum
498 5680 821 5736 desiderium
854 5682 1271 5750 transtulerunt,
1315 5698 1422 5754 quo
1464 5695 1624 5757 caput
1662 5702 1888 5758 praeces-

314 5771 448 5826 sissc
473 5781 852 5844 cognoverunt,
882 5774 1034 5846 juxta
1072 5772 1203 5829 illud
1240 5774 1387 5846 quod
1422 5776 1545 5834 alibi
1592 5796 1623 5834 ιι
1664 5778 1887 5837 Domino

1986 4678 2173 4748 jugum
2204 4679 2455 4733 transire.
2489 4676 2593 4732 Sed
2624 4679 2767 4749 quod
2806 4678 3064 4735 Dominus
3097 4694 3197 4751 per
3221 4680 3570 4750 semetipsum

1991 4770 2047 4825 in
2075 4786 2179 4826 una
2208 4778 2367 4843 gente
2391 4770 2695 4827 Judaeorum
2725 4771 2872 4839 fecit,
2902 4773 3004 4827 hoc
3029 4772 3295 4844 Spiritum
3320 4781 3571 4830 sanch

1988 4860 2256 4929 promittit
2278 4858 2547 4914 facturum
2574 4860 2629 4915 in
2656 4861 2940 4918 universas
2965 4871 3154 4933 gentes
3181 4877 3278 4934 per
3303 4864 3567 4935 pradica-

1991 4949 2191 5004 tionem
2218 4950 2602 5020 apostolorum.
2638 4951 2938 5025 Redarguit
2981 4956 3128 5010 enim
3172 4953 3567 5025 Spiritus'saa-

1990 5049 2112 5096 ctus
2141 5043 2420 5109 mundum,
2452 5045 2504 5100 id
2529 5055 2614 5101 est
2641 5045 2827 5101 mundi
2861 5056 3157 5114 amatorias,
3176 5062 3273 5118 per
3299 5049 3571 5119 apostolos

1990 5134 2057 5190 de
2079 5145 2320 5206 peccato,
2336 5137 2551 5206 quando
2564 5138 2991 5195 incredulitatem
3007 5139 3566 5196 inﬂdeiiumoondem-

1989 5226 2168 5288 navit,
2222 5226 2364 5281 sicut
2416 5242 2513 5297 per
2566 5231 2836 5298 apostolos
2906 5229 3147 5302 Spiritus
3188 5242 3408 5287 sanctus
3454 5246 3565 5288 non

1989 5319 2336 5374 credentibus
2378 5319 2505 5375 dicit
2537 5338 2549 5374 :
2588 5340 2606 5371 ‹
2630 5320 2794 5377 Vobis
2834 5323 3049 5391 quidem
3090 5332 3406 5393 oportuerat
3447 5323 3563 5395 prio

1987 5425 2135 5465 mum
2164 5410 2306 5481 loqui
2339 5412 2573 5468 Verbum
2599 5413 2722 5478 Dei,
2755 5415 2852 5469 sed
2879 5414 3005 5484 quia
3035 5414 3293 5485 repellitis
3324 5414 3471 5480 illud,
3508 5422 3575 5470 et.

1982 5499 2231 5571 indignos
2250 5516 2353 5557 vos
2365 5501 2623 5573 judicatis
2639 5512 2858 5559 aeternae
2877 5504 3022 5570 vitm,
3048 5518 3174 5560 ecce
3194 5503 3563 5562 convertimur

1982 5593 2053 5648 ad
2097 5601 2285 5663 gentes
2342 5592 2479 5666 (Λα.
2504 5595 2647 5668 χιιι).
2705 5615 2726 5649 ι
2777 5596 2848 5653 Et
2889 5595 3110 5666 pulchre
3155 5595 3217 5653 in
3264 5595 3562 5666 primordio

1982 5685 2242 5743 Dominus
2270 5697 2547 5757 peccatum
2573 5688 2986 5755 incredulitatis,
3015 5688 3167 5759 quasi
3195 5688 3432 5759 speciale
3458 5703 3556 5759 po-
3656 5680 3664 5689 ’

1983 5780 2092 5837 suit
2129 5800 2161 5836 :-
2182 5781 2308 5852 quia
2341 5782 2481 5839 sicut
2518 5781 2650 5839 fidos
2686 5783 2841 5853 origo
2879 5792 2963 5839 est
2992 5783 3233 5838 omnium
3279 5783 3557 5850 virtutum,
