  <div class='ocr_page' id='page_1' title='image "/cluster/home/n/w/nwhite01/storage/ocr_20150623/118/hvd.32044015466907/265.png"; bbox 0 0 4014 6354; ppageno 0'>
   <div class='ocr_carea' id='block_1_1' title="bbox 545 349 649 405">
    <p class='ocr_par' dir='ltr' id='par_1_1' title="bbox 545 349 649 405">
     <span class='ocr_line' id='line_1_1' title="bbox 545 349 649 405; baseline 0.019 -2"><span class='ocrx_word' id='word_1_1' title='bbox 545 349 649 405; x_wconf 78' lang='grc'><strong>519</strong></span> 
     </span>
    </p>
   </div>
   <div class='ocr_carea' id='block_1_2' title="bbox 1163 347 3269 422">
    <p class='ocr_par' dir='ltr' id='par_1_2' title="bbox 1163 347 3269 422">
     <span class='ocr_line' id='line_1_2' title="bbox 1163 347 3269 422; baseline 0.008 -17"><span class='ocrx_word' id='word_1_2' title='bbox 1163 347 1517 406; x_wconf 80' lang='lat' dir='ltr'><strong>HAYMONIS</strong></span> <span class='ocrx_word' id='word_1_3' title='bbox 1555 348 2034 409; x_wconf 81' lang='lat' dir='ltr'><strong>HALBERSTAT.</strong></span> <span class='ocrx_word' id='word_1_4' title='bbox 2078 354 2291 414; x_wconf 86' lang='lat' dir='ltr'><strong>EPISC.</strong></span> <span class='ocrx_word' id='word_1_5' title='bbox 2333 357 2484 415; x_wconf 90' lang='lat' dir='ltr'><strong>OPP.</strong></span> <span class='ocrx_word' id='word_1_6' title='bbox 2524 359 2704 416; x_wconf 82' lang='lat' dir='ltr'><strong>PARS</strong></span> <span class='ocrx_word' id='word_1_7' title='bbox 2743 361 2804 416; x_wconf 94' lang='lat' dir='ltr'><strong>ll.</strong></span> <span class='ocrx_word' id='word_1_8' title='bbox 2842 394 2912 404; x_wconf 88' lang='lat'><strong><em>—</em></strong></span> <span class='ocrx_word' id='word_1_9' title='bbox 2950 363 3181 420; x_wconf 84' lang='lat' dir='ltr'><strong>HOMIL.</strong></span> <span class='ocrx_word' id='word_1_10' title='bbox 3263 415 3269 422; x_wconf 92' lang='lat'><strong>.</strong></span> 
     </span>
    </p>
   </div>
   <div class='ocr_carea' id='block_1_3' title="bbox 3691 377 3779 433">
    <p class='ocr_par' dir='ltr' id='par_1_3' title="bbox 3691 377 3779 433">
     <span class='ocr_line' id='line_1_3' title="bbox 3691 377 3779 433; baseline 0.034 -3"><span class='ocrx_word' id='word_1_11' title='bbox 3691 377 3779 433; x_wconf 71' lang='grc'><strong>520</strong></span> 
     </span>
    </p>
   </div>
   <div class='ocr_carea' id='block_1_4' title="bbox 541 463 3780 548">
    <p class='ocr_par' dir='ltr' id='par_1_4' title="bbox 541 463 3780 548">
     <span class='ocr_line' id='line_1_4' title="bbox 541 463 3780 548; baseline 0.007 -24"><span class='ocrx_word' id='word_1_12' title='bbox 541 467 622 524; x_wconf 89' lang='lat' dir='ltr'><strong>sic</strong></span> <span class='ocrx_word' id='word_1_13' title='bbox 652 464 998 523; x_wconf 77' lang='lat' dir='ltr'><strong>incredulitas</strong></span> <span class='ocrx_word' id='word_1_14' title='bbox 1026 463 1432 521; x_wconf 77' lang='lat' dir='ltr'><strong>fundamentum</strong></span> <span class='ocrx_word' id='word_1_15' title='bbox 1467 467 1710 522; x_wconf 89' lang='lat' dir='ltr'><strong>omnium</strong></span> <span class='ocrx_word' id='word_1_16' title='bbox 1738 468 1994 525; x_wconf 90' lang='lat' dir='ltr'><strong>vitiorum</strong></span> <span class='ocrx_word' id='word_1_17' title='bbox 2025 489 2036 524; x_wconf 92' lang='lat'><strong>:</strong></span> <span class='ocrx_word' id='word_1_18' title='bbox 2071 480 2128 526; x_wconf 87' lang='lat' dir='ltr'><strong>et</strong></span> <span class='ocrx_word' id='word_1_19' title='bbox 2153 477 2204 536; x_wconf 82' lang='grc' dir='ltr'><strong>Α</strong></span> <span class='ocrx_word' id='word_1_20' title='bbox 2229 473 2307 528; x_wconf 89' lang='lat' dir='ltr'><strong>bit</strong></span> <span class='ocrx_word' id='word_1_21' title='bbox 2332 490 2427 530; x_wconf 92' lang='lat' dir='ltr'><strong>vos</strong></span> <span class='ocrx_word' id='word_1_22' title='bbox 2452 490 2664 531; x_wconf 90' lang='lat' dir='ltr'><strong>omnem</strong></span> <span class='ocrx_word' id='word_1_23' title='bbox 2697 479 2999 545; x_wconf 91' lang='lat' dir='ltr'><strong>veritatem,</strong></span> <span class='ocrx_word' id='word_1_24' title='bbox 3038 499 3058 532; x_wconf 77' lang='grc' dir='ltr'><strong>ι</strong></span> <span class='ocrx_word' id='word_1_25' title='bbox 3089 481 3141 536; x_wconf 89' lang='lat' dir='ltr'><strong>id</strong></span> <span class='ocrx_word' id='word_1_26' title='bbox 3169 489 3270 548; x_wconf 89' lang='lat' dir='ltr'><strong>est,</strong></span> <span class='ocrx_word' id='word_1_27' title='bbox 3297 483 3553 541; x_wconf 81' lang='lat' dir='ltr'><strong>diﬁ‘undet</strong></span> <span class='ocrx_word' id='word_1_28' title='bbox 3595 488 3646 542; x_wconf 90' lang='lat' dir='ltr'><strong>in</strong></span> <span class='ocrx_word' id='word_1_29' title='bbox 3682 507 3780 546; x_wconf 85' lang='lat' dir='ltr'><strong>cor-</strong></span> 
     </span>
    </p>
   </div>
   <div class='ocr_carea' id='block_1_5' title="bbox 539 557 2123 631">
    <p class='ocr_par' dir='ltr' id='par_1_5' title="bbox 539 557 2123 631">
     <span class='ocr_line' id='line_1_5' title="bbox 539 557 2123 631; baseline 0 -15"><span class='ocrx_word' id='word_1_30' title='bbox 539 561 680 617; x_wconf 92' lang='lat' dir='ltr'><strong>sicut</strong></span> <span class='ocrx_word' id='word_1_31' title='bbox 711 558 891 629; x_wconf 87' lang='lat' dir='ltr'><strong>justus</strong></span> <span class='ocrx_word' id='word_1_32' title='bbox 919 574 983 614; x_wconf 79' lang='lat' dir='ltr'><strong>ex</strong></span> <span class='ocrx_word' id='word_1_33' title='bbox 1040 557 1146 614; x_wconf 89' lang='lat' dir='ltr'><strong>ﬁde</strong></span> <span class='ocrx_word' id='word_1_34' title='bbox 1179 557 1346 624; x_wconf 80' lang='lat' dir='ltr'><strong>vivit,</strong></span> <span class='ocrx_word' id='word_1_35' title='bbox 1384 558 1464 615; x_wconf 92' lang='lat' dir='ltr'><strong>sic</strong></span> <span class='ocrx_word' id='word_1_36' title='bbox 1511 560 1604 631; x_wconf 87' lang='lat' dir='ltr'><strong>qui</strong></span> <span class='ocrx_word' id='word_1_37' title='bbox 1649 575 1756 616; x_wconf 93' lang='lat' dir='ltr'><strong>non</strong></span> <span class='ocrx_word' id='word_1_38' title='bbox 1801 562 1974 616; x_wconf 83' lang='lat' dir='ltr'><strong>credit</strong></span> <span class='ocrx_word' id='word_1_39' title='bbox 2009 560 2123 631; x_wconf 91' lang='lat' dir='ltr'><strong>jam</strong></span> 
     </span>
    </p>
   </div>
   <div class='ocr_carea' id='block_1_6' title="bbox 533 655 940 724">
    <p class='ocr_par' dir='ltr' id='par_1_6' title="bbox 533 655 940 724">
     <span class='ocr_line' id='line_1_6' title="bbox 533 655 940 724; baseline -0.005 -16"><span class='ocrx_word' id='word_1_40' title='bbox 533 655 807 724; x_wconf 83' lang='lat' dir='ltr'><strong>judicatus</strong></span> <span class='ocrx_word' id='word_1_41' title='bbox 837 663 940 710; x_wconf 90' lang='lat' dir='ltr'><strong>est.</strong></span> 
     </span>
    </p>
   </div>
   <div class='ocr_carea' id='block_1_7' title="bbox 613 745 2122 818">
    <p class='ocr_par' dir='ltr' id='par_1_7' title="bbox 613 745 2122 818">
     <span class='ocr_line' id='line_1_7' title="bbox 613 745 2122 818; baseline 0.002 -19"><span class='ocrx_word' id='word_1_42' title='bbox 613 768 631 799; x_wconf 85' lang='grc'><strong><em>‹</em></strong></span> <span class='ocrx_word' id='word_1_43' title='bbox 677 748 752 803; x_wconf 91' lang='lat' dir='ltr'><strong>De</strong></span> <span class='ocrx_word' id='word_1_44' title='bbox 783 745 993 818; x_wconf 88' lang='lat' dir='ltr'><strong>jnstitia</strong></span> <span class='ocrx_word' id='word_1_45' title='bbox 1022 759 1154 802; x_wconf 87' lang='lat' dir='ltr'><strong>vero</strong></span> <span class='ocrx_word' id='word_1_46' title='bbox 1177 786 1191 812; x_wconf 97' lang='lat'><strong>,</strong></span> <span class='ocrx_word' id='word_1_47' title='bbox 1222 747 1348 817; x_wconf 87' lang='lat' dir='ltr'><strong>quia</strong></span> <span class='ocrx_word' id='word_1_48' title='bbox 1378 747 1445 803; x_wconf 90' lang='lat' dir='ltr'><strong>ad</strong></span> <span class='ocrx_word' id='word_1_49' title='bbox 1477 747 1693 803; x_wconf 88' lang='lat' dir='ltr'><strong>Patrem</strong></span> <span class='ocrx_word' id='word_1_50' title='bbox 1721 747 1858 803; x_wconf 89' lang='lat' dir='ltr'><strong>vado</strong></span> <span class='ocrx_word' id='word_1_51' title='bbox 1879 789 1894 814; x_wconf 92' lang='lat'><strong>,</strong></span> <span class='ocrx_word' id='word_1_52' title='bbox 1926 756 1981 803; x_wconf 92' lang='lat' dir='ltr'><strong>et</strong></span> <span class='ocrx_word' id='word_1_53' title='bbox 2009 746 2122 816; x_wconf 91' lang='lat' dir='ltr'><strong>jam</strong></span> 
     </span>
    </p>
   </div>
   <div class='ocr_carea' id='block_1_8' title="bbox 541 840 2123 912">
    <p class='ocr_par' dir='ltr' id='par_1_8' title="bbox 541 840 2123 912">
     <span class='ocr_line' id='line_1_8' title="bbox 541 840 2123 912; baseline -0.001 -17"><span class='ocrx_word' id='word_1_54' title='bbox 541 863 560 895; x_wconf 83' lang='grc'><em>‹</em></span> <span class='ocrx_word' id='word_1_55' title='bbox 601 858 706 899; x_wconf 90' lang='lat' dir='ltr'><strong>non</strong></span> <span class='ocrx_word' id='word_1_56' title='bbox 735 841 989 898; x_wconf 79' lang='lat' dir='ltr'><strong>videbitis</strong></span> <span class='ocrx_word' id='word_1_57' title='bbox 1017 856 1124 898; x_wconf 93' lang='lat' dir='ltr'><strong>me.</strong></span> <span class='ocrx_word' id='word_1_58' title='bbox 1160 860 1179 895; x_wconf 74' lang='grc' dir='ltr'><strong>ι</strong></span> <span class='ocrx_word' id='word_1_59' title='bbox 1221 841 1371 897; x_wconf 88' lang='lat' dir='ltr'><strong>Sicut</strong></span> <span class='ocrx_word' id='word_1_60' title='bbox 1411 840 1624 911; x_wconf 91' lang='lat' dir='ltr'><strong>justitia</strong></span> <span class='ocrx_word' id='word_1_61' title='bbox 1664 840 2029 912; x_wconf 85' lang='lat' dir='ltr'><strong>apostolorum</strong></span> <span class='ocrx_word' id='word_1_62' title='bbox 2069 840 2123 894; x_wconf 91' lang='lat' dir='ltr'><strong>in</strong></span> 
     </span>
    </p>
   </div>
   <div class='ocr_carea' id='block_1_9' title="bbox 534 930 2123 1005">
    <p class='ocr_par' dir='ltr' id='par_1_9' title="bbox 534 930 2123 1005">
     <span class='ocr_line' id='line_1_9' title="bbox 534 930 2123 1005; baseline -0.003 -15"><span class='ocrx_word' id='word_1_63' title='bbox 534 951 598 990; x_wconf 90' lang='lat' dir='ltr'><strong>eo</strong></span> <span class='ocrx_word' id='word_1_64' title='bbox 631 933 866 989; x_wconf 76' lang='lat' dir='ltr'><strong>maxime</strong></span> <span class='ocrx_word' id='word_1_65' title='bbox 896 933 1242 1005; x_wconf 89' lang='lat' dir='ltr'><strong>comprobata</strong></span> <span class='ocrx_word' id='word_1_66' title='bbox 1279 942 1390 998; x_wconf 90' lang='lat' dir='ltr'><strong>est,</strong></span> <span class='ocrx_word' id='word_1_67' title='bbox 1424 934 1568 1004; x_wconf 88' lang='lat' dir='ltr'><strong>quod</strong></span> <span class='ocrx_word' id='word_1_68' title='bbox 1599 949 1722 990; x_wconf 92' lang='lat' dir='ltr'><strong>eum</strong></span> <span class='ocrx_word' id='word_1_69' title='bbox 1751 949 1911 1003; x_wconf 84' lang='lat' dir='ltr'><strong>quem</strong></span> <span class='ocrx_word' id='word_1_70' title='bbox 1950 930 2123 987; x_wconf 90' lang='lat' dir='ltr'><strong>humi-</strong></span> 
     </span>
    </p>
   </div>
   <div class='ocr_carea' id='block_1_10' title="bbox 533 1023 2124 1091">
    <p class='ocr_par' dir='ltr' id='par_1_10' title="bbox 533 1023 2124 1091">
     <span class='ocr_line' id='line_1_10' title="bbox 533 1023 2124 1091; baseline -0.001 -11"><span class='ocrx_word' id='word_1_71' title='bbox 533 1027 636 1081; x_wconf 90' lang='lat' dir='ltr'><strong>lem</strong></span> <span class='ocrx_word' id='word_1_72' title='bbox 683 1025 957 1082; x_wconf 90' lang='lat' dir='ltr'><strong>hominem</strong></span> <span class='ocrx_word' id='word_1_73' title='bbox 993 1025 1286 1091; x_wconf 90' lang='lat' dir='ltr'><strong>viderunt,</strong></span> <span class='ocrx_word' id='word_1_74' title='bbox 1327 1025 1614 1081; x_wconf 86' lang='lat' dir='ltr'><strong>sublimem</strong></span> <span class='ocrx_word' id='word_1_75' title='bbox 1661 1025 1830 1080; x_wconf 91' lang='lat' dir='ltr'><strong>Deum</strong></span> <span class='ocrx_word' id='word_1_76' title='bbox 1878 1023 2124 1080; x_wconf 77' lang='lat' dir='ltr'><strong>credide-</strong></span> 
     </span>
    </p>
   </div>
   <div class='ocr_carea' id='block_1_11' title="bbox 530 1117 2121 1188">
    <p class='ocr_par' dir='ltr' id='par_1_11' title="bbox 530 1117 2121 1188">
     <span class='ocr_line' id='line_1_11' title="bbox 530 1117 2121 1188; baseline -0.001 -14"><span class='ocrx_word' id='word_1_77' title='bbox 530 1125 657 1174; x_wconf 91' lang='lat' dir='ltr'><strong>runt</strong></span> <span class='ocrx_word' id='word_1_78' title='bbox 688 1135 702 1174; x_wconf 90' lang='lat'><strong>:</strong></span> <span class='ocrx_word' id='word_1_79' title='bbox 741 1118 820 1175; x_wconf 92' lang='lat' dir='ltr'><strong>sic</strong></span> <span class='ocrx_word' id='word_1_80' title='bbox 847 1127 904 1176; x_wconf 88' lang='lat' dir='ltr'><strong>et</strong></span> <span class='ocrx_word' id='word_1_81' title='bbox 926 1117 1137 1188; x_wconf 89' lang='lat' dir='ltr'><strong>justitia</strong></span> <span class='ocrx_word' id='word_1_82' title='bbox 1167 1129 1489 1174; x_wconf 75' lang='lat' dir='ltr'><strong>czeterorum</strong></span> <span class='ocrx_word' id='word_1_83' title='bbox 1518 1117 1760 1174; x_wconf 87' lang='lat' dir='ltr'><strong>ﬁdelium</strong></span> <span class='ocrx_word' id='word_1_84' title='bbox 1802 1118 1857 1172; x_wconf 91' lang='lat' dir='ltr'><strong>in</strong></span> <span class='ocrx_word' id='word_1_85' title='bbox 1885 1118 1987 1172; x_wconf 90' lang='lat' dir='ltr'><strong>hoc</strong></span> <span class='ocrx_word' id='word_1_86' title='bbox 2010 1117 2121 1172; x_wconf 91' lang='lat' dir='ltr'><strong>lau-</strong></span> 
     </span>
    </p>
   </div>
   <div class='ocr_carea' id='block_1_12' title="bbox 528 1207 2118 1282">
    <p class='ocr_par' dir='ltr' id='par_1_12' title="bbox 528 1207 2118 1282">
     <span class='ocr_line' id='line_1_12' title="bbox 528 1207 2118 1282; baseline -0.003 -16"><span class='ocrx_word' id='word_1_87' title='bbox 528 1211 721 1266; x_wconf 89' lang='lat' dir='ltr'><strong>dabilis</strong></span> <span class='ocrx_word' id='word_1_88' title='bbox 763 1219 1021 1282; x_wconf 85' lang='lat' dir='ltr'><strong>apparet,</strong></span> <span class='ocrx_word' id='word_1_89' title='bbox 1052 1210 1198 1281; x_wconf 91' lang='lat' dir='ltr'><strong>quod</strong></span> <span class='ocrx_word' id='word_1_90' title='bbox 1237 1226 1361 1266; x_wconf 89' lang='lat' dir='ltr'><strong>eum</strong></span> <span class='ocrx_word' id='word_1_91' title='bbox 1403 1225 1564 1280; x_wconf 91' lang='lat' dir='ltr'><strong>quem</strong></span> <span class='ocrx_word' id='word_1_92' title='bbox 1609 1207 1964 1280; x_wconf 88' lang='lat' dir='ltr'><strong>corporaliter</strong></span> <span class='ocrx_word' id='word_1_93' title='bbox 2010 1224 2118 1264; x_wconf 91' lang='lat' dir='ltr'><strong>non</strong></span> 
     </span>
    </p>
   </div>
   <div class='ocr_carea' id='block_1_13' title="bbox 526 1301 2114 1375">
    <p class='ocr_par' dir='ltr' id='par_1_13' title="bbox 526 1301 2114 1375">
     <span class='ocr_line' id='line_1_13' title="bbox 526 1301 2114 1375; baseline -0.001 -17"><span class='ocrx_word' id='word_1_94' title='bbox 526 1304 729 1370; x_wconf 89' lang='lat' dir='ltr'><strong>vident,</strong></span> <span class='ocrx_word' id='word_1_95' title='bbox 754 1312 935 1360; x_wconf 91' lang='lat' dir='ltr'><strong>mente</strong></span> <span class='ocrx_word' id='word_1_96' title='bbox 961 1303 1190 1375; x_wconf 91' lang='lat' dir='ltr'><strong>diligunt</strong></span> <span class='ocrx_word' id='word_1_97' title='bbox 1211 1312 1267 1358; x_wconf 89' lang='lat' dir='ltr'><strong>et</strong></span> <span class='ocrx_word' id='word_1_98' title='bbox 1293 1303 1538 1359; x_wconf 90' lang='lat' dir='ltr'><strong>credunt.</strong></span> <span class='ocrx_word' id='word_1_99' title='bbox 1560 1301 1714 1358; x_wconf 86' lang='lat' dir='ltr'><strong>Unde</strong></span> <span class='ocrx_word' id='word_1_100' title='bbox 1740 1303 1875 1358; x_wconf 89' lang='lat' dir='ltr'><strong>bene</strong></span> <span class='ocrx_word' id='word_1_101' title='bbox 1897 1302 2114 1358; x_wconf 91' lang='lat' dir='ltr'><strong>dicitur.</strong></span> 
     </span>
    </p>
   </div>
   <div class='ocr_carea' id='block_1_14' title="bbox 531 1391 2115 1465">
    <p class='ocr_par' dir='ltr' id='par_1_14' title="bbox 531 1391 2115 1465">
     <span class='ocr_line' id='line_1_14' title="bbox 531 1391 2115 1465; baseline 0.002 -21"><span class='ocrx_word' id='word_1_102' title='bbox 531 1413 550 1444; x_wconf 85' lang='grc'><em>‹</em></span> <span class='ocrx_word' id='word_1_103' title='bbox 579 1393 655 1449; x_wconf 90' lang='lat' dir='ltr'><strong>De</strong></span> <span class='ocrx_word' id='word_1_104' title='bbox 677 1393 887 1465; x_wconf 90' lang='lat' dir='ltr'><strong>justitia</strong></span> <span class='ocrx_word' id='word_1_105' title='bbox 912 1409 1062 1460; x_wconf 90' lang='lat' dir='ltr'><strong>vero,</strong></span> <span class='ocrx_word' id='word_1_106' title='bbox 1090 1394 1215 1464; x_wconf 89' lang='lat' dir='ltr'><strong>quia</strong></span> <span class='ocrx_word' id='word_1_107' title='bbox 1242 1394 1308 1448; x_wconf 87' lang='lat' dir='ltr'><strong>ad</strong></span> <span class='ocrx_word' id='word_1_108' title='bbox 1347 1392 1560 1448; x_wconf 87' lang='lat' dir='ltr'><strong>Patrem</strong></span> <span class='ocrx_word' id='word_1_109' title='bbox 1587 1391 1748 1458; x_wconf 89' lang='lat' dir='ltr'><strong>vado,</strong></span> <span class='ocrx_word' id='word_1_110' title='bbox 1775 1401 1829 1448; x_wconf 89' lang='lat' dir='ltr'><strong>et</strong></span> <span class='ocrx_word' id='word_1_111' title='bbox 1855 1391 1969 1462; x_wconf 91' lang='lat' dir='ltr'><strong>jam</strong></span> <span class='ocrx_word' id='word_1_112' title='bbox 2008 1407 2115 1447; x_wconf 92' lang='lat' dir='ltr'><strong>non</strong></span> 
     </span>
    </p>
   </div>
   <div class='ocr_carea' id='block_1_15' title="bbox 523 1480 2115 1551">
    <p class='ocr_par' dir='ltr' id='par_1_15' title="bbox 523 1480 2115 1551">
     <span class='ocr_line' id='line_1_15' title="bbox 523 1480 2115 1551; baseline -0.001 -13"><span class='ocrx_word' id='word_1_113' title='bbox 523 1485 774 1541; x_wconf 80' lang='lat' dir='ltr'><strong>videbitis</strong></span> <span class='ocrx_word' id='word_1_114' title='bbox 819 1499 924 1540; x_wconf 92' lang='lat' dir='ltr'><strong>me.</strong></span> <span class='ocrx_word' id='word_1_115' title='bbox 958 1502 979 1538; x_wconf 74' lang='grc' dir='ltr'><strong>ι</strong></span> <span class='ocrx_word' id='word_1_116' title='bbox 1013 1482 1166 1551; x_wconf 85' lang='lat' dir='ltr'><strong>Quod</strong></span> <span class='ocrx_word' id='word_1_117' title='bbox 1213 1490 1297 1537; x_wconf 85' lang='lat' dir='ltr'><strong>est</strong></span> <span class='ocrx_word' id='word_1_118' title='bbox 1323 1481 1506 1537; x_wconf 90' lang='lat' dir='ltr'><strong>dicere</strong></span> <span class='ocrx_word' id='word_1_119' title='bbox 1535 1499 1548 1536; x_wconf 93' lang='lat'><strong>:</strong></span> <span class='ocrx_word' id='word_1_120' title='bbox 1581 1480 1698 1537; x_wconf 84' lang='lat' dir='ltr'><strong>Non</strong></span> <span class='ocrx_word' id='word_1_121' title='bbox 1742 1498 1827 1537; x_wconf 90' lang='lat' dir='ltr'><strong>me</strong></span> <span class='ocrx_word' id='word_1_122' title='bbox 1865 1481 2115 1537; x_wconf 87' lang='lat' dir='ltr'><strong>videbitis</strong></span> 
     </span>
    </p>
   </div>
   <div class='ocr_carea' id='block_1_16' title="bbox 523 1572 2112 1645">
    <p class='ocr_par' dir='ltr' id='par_1_16' title="bbox 523 1572 2112 1645">
     <span class='ocr_line' id='line_1_16' title="bbox 523 1572 2112 1645; baseline -0.003 -13"><span class='ocrx_word' id='word_1_123' title='bbox 523 1577 810 1633; x_wconf 86' lang='lat' dir='ltr'><strong>mortalem</strong></span> <span class='ocrx_word' id='word_1_124' title='bbox 833 1616 849 1642; x_wconf 95' lang='lat'><strong>,</strong></span> <span class='ocrx_word' id='word_1_125' title='bbox 893 1574 1302 1645; x_wconf 90' lang='lat' dir='ltr'><strong>corruptibilem</strong></span> <span class='ocrx_word' id='word_1_126' title='bbox 1331 1614 1346 1640; x_wconf 90' lang='lat'><strong>,</strong></span> <span class='ocrx_word' id='word_1_127' title='bbox 1386 1572 1754 1639; x_wconf 87' lang='lat' dir='ltr'><strong>esurientem,</strong></span> <span class='ocrx_word' id='word_1_128' title='bbox 1800 1573 2069 1629; x_wconf 83' lang='lat' dir='ltr'><strong>sitientem</strong></span> <span class='ocrx_word' id='word_1_129' title='bbox 2098 1615 2112 1639; x_wconf 92' lang='lat'><strong>,</strong></span> 
     </span>
    </p>
   </div>
   <div class='ocr_carea' id='block_1_17' title="bbox 521 1669 2114 1744">
    <p class='ocr_par' dir='ltr' id='par_1_17' title="bbox 521 1669 2114 1744">
     <span class='ocr_line' id='line_1_17' title="bbox 521 1669 2114 1744; baseline -0.002 -16"><span class='ocrx_word' id='word_1_130' title='bbox 521 1674 736 1744; x_wconf 91' lang='lat' dir='ltr'><strong>qualem</strong></span> <span class='ocrx_word' id='word_1_131' title='bbox 763 1687 850 1727; x_wconf 91' lang='lat' dir='ltr'><strong>me</strong></span> <span class='ocrx_word' id='word_1_132' title='bbox 875 1671 1061 1727; x_wconf 90' lang='lat' dir='ltr'><strong>videre</strong></span> <span class='ocrx_word' id='word_1_133' title='bbox 1097 1672 1271 1726; x_wconf 92' lang='lat' dir='ltr'><strong>adhuc</strong></span> <span class='ocrx_word' id='word_1_134' title='bbox 1309 1680 1535 1740; x_wconf 88' lang='lat' dir='ltr'><strong>possunt</strong></span> <span class='ocrx_word' id='word_1_135' title='bbox 1576 1669 1820 1740; x_wconf 84' lang='lat' dir='ltr'><strong>reprobi;</strong></span> <span class='ocrx_word' id='word_1_136' title='bbox 1849 1669 1942 1725; x_wconf 90' lang='lat' dir='ltr'><strong>sed</strong></span> <span class='ocrx_word' id='word_1_137' title='bbox 1970 1669 2114 1725; x_wconf 80' lang='lat' dir='ltr'><strong>vide-</strong></span> 
     </span>
    </p>
   </div>
   <div class='ocr_carea' id='block_1_18' title="bbox 520 1765 2112 1838">
    <p class='ocr_par' dir='ltr' id='par_1_18' title="bbox 520 1765 2112 1838">
     <span class='ocr_line' id='line_1_18' title="bbox 520 1765 2112 1838; baseline -0.003 -12"><span class='ocrx_word' id='word_1_138' title='bbox 520 1771 648 1826; x_wconf 88' lang='lat' dir='ltr'><strong>bilis</strong></span> <span class='ocrx_word' id='word_1_139' title='bbox 679 1786 766 1826; x_wconf 91' lang='lat' dir='ltr'><strong>me</strong></span> <span class='ocrx_word' id='word_1_140' title='bbox 802 1767 1188 1832; x_wconf 87' lang='lat' dir='ltr'><strong>immortalem,</strong></span> <span class='ocrx_word' id='word_1_141' title='bbox 1237 1766 1726 1838; x_wconf 90' lang='lat' dir='ltr'><strong>incorruptibilem,</strong></span> <span class='ocrx_word' id='word_1_142' title='bbox 1766 1765 1979 1836; x_wconf 90' lang='lat' dir='ltr'><strong>qualem</strong></span> <span class='ocrx_word' id='word_1_143' title='bbox 2025 1781 2112 1821; x_wconf 90' lang='lat' dir='ltr'><strong>me</strong></span> 
     </span>
    </p>
   </div>
   <div class='ocr_carea' id='block_1_19' title="bbox 2227 565 3775 651">
    <p class='ocr_par' dir='ltr' id='par_1_19' title="bbox 2227 565 3775 651">
     <span class='ocr_line' id='line_1_19' title="bbox 2227 565 3775 651; baseline 0.011 -31"><span class='ocrx_word' id='word_1_144' title='bbox 2227 565 2384 621; x_wconf 88' lang='lat' dir='ltr'><strong>dibus</strong></span> <span class='ocrx_word' id='word_1_145' title='bbox 2416 566 2652 622; x_wconf 90' lang='lat' dir='ltr'><strong>ﬁdelium</strong></span> <span class='ocrx_word' id='word_1_146' title='bbox 2697 571 3001 638; x_wconf 83' lang='lat' dir='ltr'><strong>veritatem,</strong></span> <span class='ocrx_word' id='word_1_147' title='bbox 3033 572 3116 627; x_wconf 87' lang='lat' dir='ltr'><strong>vel</strong></span> <span class='ocrx_word' id='word_1_148' title='bbox 3160 573 3474 632; x_wconf 87' lang='lat' dir='ltr'><strong>charitatem</strong></span> <span class='ocrx_word' id='word_1_149' title='bbox 3509 593 3602 648; x_wconf 91' lang='lat' dir='ltr'><strong>per</strong></span> <span class='ocrx_word' id='word_1_150' title='bbox 3637 595 3775 651; x_wconf 90' lang='lat' dir='ltr'><strong>quam</strong></span> 
     </span>
    </p>
   </div>
   <div class='ocr_carea' id='block_1_20' title="bbox 2225 655 3778 736">
    <p class='ocr_par' dir='ltr' id='par_1_20' title="bbox 2225 655 3778 736">
     <span class='ocr_line' id='line_1_20' title="bbox 2225 655 3778 736; baseline 0.012 -27"><span class='ocrx_word' id='word_1_151' title='bbox 2225 655 2416 710; x_wconf 85' lang='lat' dir='ltr'><strong>doceat</strong></span> <span class='ocrx_word' id='word_1_152' title='bbox 2446 672 2630 713; x_wconf 90' lang='lat' dir='ltr'><strong>amare</strong></span> <span class='ocrx_word' id='word_1_153' title='bbox 2671 674 2888 714; x_wconf 91' lang='lat' dir='ltr'><strong>omnem</strong></span> <span class='ocrx_word' id='word_1_154' title='bbox 2915 661 3226 730; x_wconf 89' lang='lat' dir='ltr'><strong>veritatem,</strong></span> <span class='ocrx_word' id='word_1_155' title='bbox 3258 673 3312 720; x_wconf 91' lang='lat' dir='ltr'><strong>et</strong></span> <span class='ocrx_word' id='word_1_156' title='bbox 3354 667 3477 736; x_wconf 90' lang='lat' dir='ltr'><strong>quia</strong></span> <span class='ocrx_word' id='word_1_157' title='bbox 3513 669 3708 736; x_wconf 87' lang='lat' dir='ltr'><strong>Patris,</strong></span> <span class='ocrx_word' id='word_1_158' title='bbox 3733 679 3778 727; x_wconf 89' lang='lat' dir='ltr'><strong>et</strong></span> 
     </span>
    </p>
   </div>
   <div class='ocr_carea' id='block_1_21' title="bbox 2224 743 3776 822">
    <p class='ocr_par' dir='ltr' id='par_1_21' title="bbox 2224 743 3776 822">
     <span class='ocr_line' id='line_1_21' title="bbox 2224 743 3776 822; baseline 0.016 -24"><span class='ocrx_word' id='word_1_159' title='bbox 2224 743 2368 814; x_wconf 86' lang='lat' dir='ltr'><strong>Filii,</strong></span> <span class='ocrx_word' id='word_1_160' title='bbox 2401 745 2747 820; x_wconf 84' lang='lat' dir='ltr'><strong>ejusdemque</strong></span> <span class='ocrx_word' id='word_1_161' title='bbox 2777 750 3010 821; x_wconf 89' lang='lat' dir='ltr'><strong>Spiritus</strong></span> <span class='ocrx_word' id='word_1_162' title='bbox 3054 754 3229 810; x_wconf 87' lang='lat' dir='ltr'><strong>sancti</strong></span> <span class='ocrx_word' id='word_1_163' title='bbox 3256 771 3361 810; x_wconf 86' lang='lat' dir='ltr'><strong>una</strong></span> <span class='ocrx_word' id='word_1_164' title='bbox 3385 767 3468 813; x_wconf 90' lang='lat' dir='ltr'><strong>est</strong></span> <span class='ocrx_word' id='word_1_165' title='bbox 3505 761 3776 822; x_wconf 85' lang='lat' dir='ltr'><strong>substantia</strong></span> 
     </span>
    </p>
   </div>
   <div class='ocr_carea' id='block_1_22' title="bbox 2224 838 3190 907">
    <p class='ocr_par' dir='ltr' id='par_1_22' title="bbox 2224 838 3190 907">
     <span class='ocr_line' id='line_1_22' title="bbox 2224 838 3190 907; baseline 0.01 -16"><span class='ocrx_word' id='word_1_166' title='bbox 2224 845 2280 891; x_wconf 90' lang='lat' dir='ltr'><strong>et</strong></span> <span class='ocrx_word' id='word_1_167' title='bbox 2304 853 2408 893; x_wconf 90' lang='lat' dir='ltr'><strong>una</strong></span> <span class='ocrx_word' id='word_1_168' title='bbox 2437 838 2712 907; x_wconf 82' lang='lat' dir='ltr'><strong>divinitas,</strong></span> <span class='ocrx_word' id='word_1_169' title='bbox 2739 851 2885 898; x_wconf 90' lang='lat' dir='ltr'><strong>recte</strong></span> <span class='ocrx_word' id='word_1_170' title='bbox 2910 843 3190 900; x_wconf 88' lang='lat' dir='ltr'><strong>subditur:</strong></span> 
     </span>
    </p>
   </div>
   <div class='ocr_carea' id='block_1_23' title="bbox 2303 929 3774 1018">
    <p class='ocr_par' dir='ltr' id='par_1_23' title="bbox 2303 929 3774 1018">
     <span class='ocr_line' id='line_1_23' title="bbox 2303 929 3774 1018; baseline 0.017 -36"><span class='ocrx_word' id='word_1_171' title='bbox 2303 947 2322 980; x_wconf 87' lang='grc'><em>‹</em></span> <span class='ocrx_word' id='word_1_172' title='bbox 2359 929 2475 986; x_wconf 86' lang='grc' dir='ltr'><strong>Νοιι</strong></span> <span class='ocrx_word' id='word_1_173' title='bbox 2499 932 2643 987; x_wconf 91' lang='lat' dir='ltr'><strong>enim</strong></span> <span class='ocrx_word' id='word_1_174' title='bbox 2675 933 2928 1005; x_wconf 88' lang='lat' dir='ltr'><strong>loquetur</strong></span> <span class='ocrx_word' id='word_1_175' title='bbox 2950 952 2981 990; x_wconf 90' lang='lat' dir='ltr'><strong>a</strong></span> <span class='ocrx_word' id='word_1_176' title='bbox 3007 938 3315 1009; x_wconf 90' lang='lat' dir='ltr'><strong>semetipso.</strong></span> <span class='ocrx_word' id='word_1_177' title='bbox 3347 961 3365 991; x_wconf 75' lang='grc' dir='ltr'><strong>ι</strong></span> <span class='ocrx_word' id='word_1_178' title='bbox 3402 940 3519 998; x_wconf 84' lang='grc' dir='ltr'><strong>Νοιι</strong></span> <span class='ocrx_word' id='word_1_179' title='bbox 3558 944 3774 1018; x_wconf 84' lang='lat' dir='ltr'><strong>loquetur</strong></span> 
     </span>
    </p>
   </div>
   <div class='ocr_carea' id='block_1_24' title="bbox 2224 1021 3773 1111">
    <p class='ocr_par' dir='ltr' id='par_1_24' title="bbox 2224 1021 3773 1111">
     <span class='ocr_line' id='line_1_24' title="bbox 2224 1021 3773 1111; baseline 0.014 -36"><span class='ocrx_word' id='word_1_180' title='bbox 2224 1021 2460 1092; x_wconf 90' lang='lat' dir='ltr'><strong>Spiritus</strong></span> <span class='ocrx_word' id='word_1_181' title='bbox 2481 1033 2700 1080; x_wconf 91' lang='lat' dir='ltr'><strong>sanctus</strong></span> <span class='ocrx_word' id='word_1_182' title='bbox 2734 1041 2766 1080; x_wconf 93' lang='lat' dir='ltr'><strong>a</strong></span> <span class='ocrx_word' id='word_1_183' title='bbox 2797 1028 2994 1098; x_wconf 90' lang='lat' dir='ltr'><strong>seipso,</strong></span> <span class='ocrx_word' id='word_1_184' title='bbox 3025 1030 3151 1099; x_wconf 90' lang='lat' dir='ltr'><strong>quia</strong></span> <span class='ocrx_word' id='word_1_185' title='bbox 3185 1046 3216 1086; x_wconf 91' lang='lat' dir='ltr'><strong>a</strong></span> <span class='ocrx_word' id='word_1_186' title='bbox 3243 1032 3406 1088; x_wconf 87' lang='lat' dir='ltr'><strong>Patre</strong></span> <span class='ocrx_word' id='word_1_187' title='bbox 3432 1044 3487 1090; x_wconf 93' lang='lat' dir='ltr'><strong>et</strong></span> <span class='ocrx_word' id='word_1_188' title='bbox 3513 1036 3645 1094; x_wconf 83' lang='lat' dir='ltr'><strong>Filio</strong></span> <span class='ocrx_word' id='word_1_189' title='bbox 3670 1057 3773 1111; x_wconf 87' lang='lat' dir='ltr'><strong>pro-</strong></span> 
     </span>
    </p>
   </div>
   <div class='ocr_carea' id='block_1_25' title="bbox 2223 1115 3768 1198">
    <p class='ocr_par' dir='ltr' id='par_1_25' title="bbox 2223 1115 3768 1198">
     <span class='ocr_line' id='line_1_25' title="bbox 2223 1115 3768 1198; baseline 0.012 -27"><span class='ocrx_word' id='word_1_190' title='bbox 2223 1115 2399 1182; x_wconf 91' lang='lat' dir='ltr'><strong>cedit,</strong></span> <span class='ocrx_word' id='word_1_191' title='bbox 2445 1125 2499 1173; x_wconf 92' lang='lat' dir='ltr'><strong>et</strong></span> <span class='ocrx_word' id='word_1_192' title='bbox 2525 1119 2721 1189; x_wconf 89' lang='lat' dir='ltr'><strong>quibus</strong></span> <span class='ocrx_word' id='word_1_193' title='bbox 2748 1129 2832 1177; x_wconf 91' lang='lat' dir='ltr'><strong>est</strong></span> <span class='ocrx_word' id='word_1_194' title='bbox 2859 1137 2965 1176; x_wconf 91' lang='lat' dir='ltr'><strong>una</strong></span> <span class='ocrx_word' id='word_1_195' title='bbox 2995 1125 3231 1180; x_wconf 86' lang='lat' dir='ltr'><strong>essentia</strong></span> <span class='ocrx_word' id='word_1_196' title='bbox 3260 1134 3424 1197; x_wconf 87' lang='lat' dir='ltr'><strong>atque</strong></span> <span class='ocrx_word' id='word_1_197' title='bbox 3447 1145 3555 1185; x_wconf 88' lang='lat' dir='ltr'><strong>una</strong></span> <span class='ocrx_word' id='word_1_198' title='bbox 3582 1143 3768 1198; x_wconf 87' lang='lat' dir='ltr'><strong>natura,</strong></span> 
     </span>
    </p>
   </div>
   <div class='ocr_carea' id='block_1_26' title="bbox 2221 1212 3772 1292">
    <p class='ocr_par' dir='ltr' id='par_1_26' title="bbox 2221 1212 3772 1292">
     <span class='ocr_line' id='line_1_26' title="bbox 2221 1212 3772 1292; baseline 0.014 -30"><span class='ocrx_word' id='word_1_199' title='bbox 2221 1223 2327 1263; x_wconf 91' lang='lat' dir='ltr'><strong>non</strong></span> <span class='ocrx_word' id='word_1_200' title='bbox 2356 1220 2582 1278; x_wconf 90' lang='lat' dir='ltr'><strong>possunt</strong></span> <span class='ocrx_word' id='word_1_201' title='bbox 2609 1212 2796 1280; x_wconf 88' lang='lat' dir='ltr'><strong>dividi,</strong></span> <span class='ocrx_word' id='word_1_202' title='bbox 2819 1223 2879 1269; x_wconf 92' lang='lat' dir='ltr'><strong>ut</strong></span> <span class='ocrx_word' id='word_1_203' title='bbox 2901 1231 3042 1272; x_wconf 92' lang='lat' dir='ltr'><strong>unus</strong></span> <span class='ocrx_word' id='word_1_204' title='bbox 3070 1217 3188 1273; x_wconf 91' lang='lat' dir='ltr'><strong>sine</strong></span> <span class='ocrx_word' id='word_1_205' title='bbox 3208 1218 3380 1276; x_wconf 89' lang='lat' dir='ltr'><strong>altero</strong></span> <span class='ocrx_word' id='word_1_206' title='bbox 3402 1221 3673 1292; x_wconf 89' lang='lat' dir='ltr'><strong>loquatur:</strong></span> <span class='ocrx_word' id='word_1_207' title='bbox 3696 1230 3772 1284; x_wconf 86' lang='lat' dir='ltr'><strong>sed</strong></span> 
     </span>
    </p>
   </div>
   <div class='ocr_carea' id='block_1_27' title="bbox 2219 1302 3771 1390">
    <p class='ocr_par' dir='ltr' id='par_1_27' title="bbox 2219 1302 3771 1390">
     <span class='ocr_line' id='line_1_27' title="bbox 2219 1302 3771 1390; baseline 0.014 -35"><span class='ocrx_word' id='word_1_208' title='bbox 2219 1303 2360 1372; x_wconf 82' lang='lat' dir='ltr'><strong>quod</strong></span> <span class='ocrx_word' id='word_1_209' title='bbox 2398 1302 2635 1374; x_wconf 86' lang='lat' dir='ltr'><strong>loquitur</strong></span> <span class='ocrx_word' id='word_1_210' title='bbox 2672 1305 2853 1375; x_wconf 90' lang='lat' dir='ltr'><strong>Pater,</strong></span> <span class='ocrx_word' id='word_1_211' title='bbox 2883 1308 3121 1381; x_wconf 90' lang='lat' dir='ltr'><strong>loquitur</strong></span> <span class='ocrx_word' id='word_1_212' title='bbox 3147 1311 3341 1379; x_wconf 89' lang='lat' dir='ltr'><strong>Filius,</strong></span> <span class='ocrx_word' id='word_1_213' title='bbox 3371 1314 3604 1385; x_wconf 91' lang='lat' dir='ltr'><strong>loquitur</strong></span> <span class='ocrx_word' id='word_1_214' title='bbox 3629 1318 3771 1390; x_wconf 87' lang='lat' dir='ltr'><strong>Spiri-</strong></span> 
     </span>
    </p>
   </div>
   <div class='ocr_carea' id='block_1_28' title="bbox 2219 1398 3773 1485">
    <p class='ocr_par' dir='ltr' id='par_1_28' title="bbox 2219 1398 3773 1485">
     <span class='ocr_line' id='line_1_28' title="bbox 2219 1398 3773 1485; baseline 0.014 -35"><span class='ocrx_word' id='word_1_215' title='bbox 2219 1403 2306 1451; x_wconf 88' lang='lat' dir='ltr'><strong>tus</strong></span> <span class='ocrx_word' id='word_1_216' title='bbox 2351 1407 2592 1454; x_wconf 89' lang='lat' dir='ltr'><strong>sanctus.</strong></span> <span class='ocrx_word' id='word_1_217' title='bbox 2645 1398 2799 1457; x_wconf 90' lang='lat' dir='ltr'><strong>Unde</strong></span> <span class='ocrx_word' id='word_1_218' title='bbox 2841 1410 2896 1458; x_wconf 89' lang='lat' dir='ltr'><strong>et</strong></span> <span class='ocrx_word' id='word_1_219' title='bbox 2945 1405 3229 1476; x_wconf 89' lang='lat' dir='ltr'><strong>sequitur:</strong></span> <span class='ocrx_word' id='word_1_220' title='bbox 3269 1427 3289 1460; x_wconf 85' lang='grc'><em>‹</em></span> <span class='ocrx_word' id='word_1_221' title='bbox 3322 1408 3432 1464; x_wconf 90' lang='lat' dir='ltr'><strong>Sed</strong></span> <span class='ocrx_word' id='word_1_222' title='bbox 3470 1427 3773 1485; x_wconf 71' lang='lat' dir='ltr'><strong>quaecunque</strong></span> 
     </span>
    </p>
   </div>
   <div class='ocr_carea' id='block_1_29' title="bbox 2219 1486 3773 1572">
    <p class='ocr_par' dir='ltr' id='par_1_29' title="bbox 2219 1486 3773 1572">
     <span class='ocr_line' id='line_1_29' title="bbox 2219 1486 3773 1572; baseline 0.015 -34"><span class='ocrx_word' id='word_1_223' title='bbox 2219 1486 2424 1554; x_wconf 86' lang='lat' dir='ltr'><strong>audiet,</strong></span> <span class='ocrx_word' id='word_1_224' title='bbox 2451 1488 2720 1558; x_wconf 90' lang='lat' dir='ltr'><strong>loquetur.</strong></span> <span class='ocrx_word' id='word_1_225' title='bbox 2759 1510 2778 1543; x_wconf 74' lang='grc' dir='ltr'><strong>ι</strong></span> <span class='ocrx_word' id='word_1_226' title='bbox 2806 1492 3001 1550; x_wconf 83' lang='lat' dir='ltr'><strong>Audiet</strong></span> <span class='ocrx_word' id='word_1_227' title='bbox 3029 1496 3236 1554; x_wconf 90' lang='lat' dir='ltr'><strong>scilicet</strong></span> <span class='ocrx_word' id='word_1_228' title='bbox 3260 1514 3290 1554; x_wconf 89' lang='lat' dir='ltr'><strong>a</strong></span> <span class='ocrx_word' id='word_1_229' title='bbox 3322 1499 3510 1566; x_wconf 90' lang='lat' dir='ltr'><strong>Patre,</strong></span> <span class='ocrx_word' id='word_1_230' title='bbox 3536 1518 3565 1556; x_wconf 89' lang='lat' dir='ltr'><strong>a</strong></span> <span class='ocrx_word' id='word_1_231' title='bbox 3594 1519 3691 1572; x_wconf 92' lang='lat' dir='ltr'><strong>quo</strong></span> <span class='ocrx_word' id='word_1_232' title='bbox 3709 1517 3773 1561; x_wconf 86' lang='lat' dir='ltr'><strong>est</strong></span> 
     </span>
    </p>
   </div>
   <div class='ocr_carea' id='block_1_30' title="bbox 2217 1584 3769 1660">
    <p class='ocr_par' dir='ltr' id='par_1_30' title="bbox 2217 1584 3769 1660">
     <span class='ocr_line' id='line_1_30' title="bbox 2217 1584 3769 1660; baseline 0.013 -28"><span class='ocrx_word' id='word_1_233' title='bbox 2217 1593 2323 1634; x_wconf 92' lang='lat' dir='ltr'><strong>non</strong></span> <span class='ocrx_word' id='word_1_234' title='bbox 2352 1584 2742 1652; x_wconf 89' lang='lat' dir='ltr'><strong>temporaliter,</strong></span> <span class='ocrx_word' id='word_1_235' title='bbox 2788 1587 2884 1642; x_wconf 92' lang='lat' dir='ltr'><strong>sed</strong></span> <span class='ocrx_word' id='word_1_236' title='bbox 2935 1591 3268 1647; x_wconf 74' lang='lat' dir='ltr'><strong>aeternaliter</strong></span> <span class='ocrx_word' id='word_1_237' title='bbox 3294 1607 3310 1646; x_wconf 94' lang='lat'><strong>:</strong></span> <span class='ocrx_word' id='word_1_238' title='bbox 3341 1608 3453 1648; x_wconf 89' lang='lat' dir='ltr'><strong>non</strong></span> <span class='ocrx_word' id='word_1_239' title='bbox 3497 1595 3769 1660; x_wconf 85' lang='lat' dir='ltr'><strong>visibiliter,</strong></span> 
     </span>
    </p>
   </div>
   <div class='ocr_carea' id='block_1_31' title="bbox 2215 1670 3773 1753">
    <p class='ocr_par' dir='ltr' id='par_1_31' title="bbox 2215 1670 3773 1753">
     <span class='ocr_line' id='line_1_31' title="bbox 2215 1670 3773 1753; baseline 0.013 -28"><span class='ocrx_word' id='word_1_240' title='bbox 2215 1670 2312 1725; x_wconf 90' lang='lat' dir='ltr'><strong>sed</strong></span> <span class='ocrx_word' id='word_1_241' title='bbox 2349 1671 2706 1730; x_wconf 90' lang='lat' dir='ltr'><strong>invisibiliter.</strong></span> <span class='ocrx_word' id='word_1_242' title='bbox 2740 1676 2910 1748; x_wconf 91' lang='lat' dir='ltr'><strong>Loqui</strong></span> <span class='ocrx_word' id='word_1_243' title='bbox 2937 1681 3082 1736; x_wconf 92' lang='lat' dir='ltr'><strong>enim</strong></span> <span class='ocrx_word' id='word_1_244' title='bbox 3111 1680 3336 1753; x_wconf 90' lang='lat' dir='ltr'><strong>Spiritui</strong></span> <span class='ocrx_word' id='word_1_245' title='bbox 3385 1695 3575 1742; x_wconf 83' lang='lat' dir='ltr'><strong>sancto</strong></span> <span class='ocrx_word' id='word_1_246' title='bbox 3602 1697 3678 1743; x_wconf 90' lang='lat' dir='ltr'><strong>est</strong></span> <span class='ocrx_word' id='word_1_247' title='bbox 3702 1704 3773 1744; x_wconf 83' lang='lat' dir='ltr'><strong>oc-</strong></span> 
     </span>
    </p>
   </div>
   <div class='ocr_carea' id='block_1_32' title="bbox 2217 1760 3771 1849">
    <p class='ocr_par' dir='ltr' id='par_1_32' title="bbox 2217 1760 3771 1849">
     <span class='ocr_line' id='line_1_32' title="bbox 2217 1760 3771 1849; baseline 0.012 -33"><span class='ocrx_word' id='word_1_248' title='bbox 2217 1760 2738 1835; x_wconf 82' lang='lat' dir='ltr'><strong>cnlta&#39;inspiratione</strong></span> <span class='ocrx_word' id='word_1_249' title='bbox 2760 1779 2972 1828; x_wconf 86' lang='lat' dir='ltr'><strong>mentes</strong></span> <span class='ocrx_word' id='word_1_250' title='bbox 3000 1782 3213 1829; x_wconf 89' lang='lat' dir='ltr'><strong>nostras</strong></span> <span class='ocrx_word' id='word_1_251' title='bbox 3240 1775 3461 1843; x_wconf 90' lang='lat' dir='ltr'><strong>docere,</strong></span> <span class='ocrx_word' id='word_1_252' title='bbox 3481 1778 3632 1848; x_wconf 78' lang='lat' dir='ltr'><strong>juxta</strong></span> <span class='ocrx_word' id='word_1_253' title='bbox 3655 1780 3771 1849; x_wconf 92' lang='lat' dir='ltr'><strong>quod</strong></span> 
     </span>
    </p>
   </div>
   <div class='ocr_carea' id='block_1_33' title="bbox 517 1847 3770 1939">
    <p class='ocr_par' dir='ltr' id='par_1_33' title="bbox 517 1847 3770 1939">
     <span class='ocr_line' id='line_1_33' title="bbox 517 1847 3770 1939; baseline 0.002 -23"><span class='ocrx_word' id='word_1_254' title='bbox 517 1862 704 1918; x_wconf 90' lang='lat' dir='ltr'><strong>videre</strong></span> <span class='ocrx_word' id='word_1_255' title='bbox 736 1871 962 1933; x_wconf 91' lang='lat' dir='ltr'><strong>potuere</strong></span> <span class='ocrx_word' id='word_1_256' title='bbox 993 1861 1094 1918; x_wconf 91' lang='lat' dir='ltr'><strong>soli</strong></span> <span class='ocrx_word' id='word_1_257' title='bbox 1132 1860 1273 1916; x_wconf 92' lang='lat' dir='ltr'><strong>oculi</strong></span> <span class='ocrx_word' id='word_1_258' title='bbox 1314 1861 1606 1931; x_wconf 87' lang='lat' dir='ltr'><strong>justorum.</strong></span> <span class='ocrx_word' id='word_1_259' title='bbox 1641 1862 1718 1915; x_wconf 92' lang='lat' dir='ltr'><strong>De</strong></span> <span class='ocrx_word' id='word_1_260' title='bbox 1742 1859 1951 1929; x_wconf 88' lang='lat' dir='ltr'><strong>justitia</strong></span> <span class='ocrx_word' id='word_1_261' title='bbox 1980 1875 2108 1932; x_wconf 86' lang='lat' dir='ltr'><strong>ergo</strong></span> <span class='ocrx_word' id='word_1_262' title='bbox 2137 1847 2186 1907; x_wconf 88' lang='grc' dir='ltr'><strong><em>Β</em></strong></span> <span class='ocrx_word' id='word_1_263' title='bbox 2214 1851 2473 1911; x_wconf 81' lang='lat' dir='ltr'><strong>Dominus</strong></span> <span class='ocrx_word' id='word_1_264' title='bbox 2497 1856 2622 1912; x_wconf 86' lang='lat' dir='ltr'><strong>alibi</strong></span> <span class='ocrx_word' id='word_1_265' title='bbox 2635 1859 2750 1924; x_wconf 81' lang='lat' dir='ltr'><strong>ait:</strong></span> <span class='ocrx_word' id='word_1_266' title='bbox 2775 1879 2793 1912; x_wconf 78' lang='grc' dir='ltr'><strong>ι</strong></span> <span class='ocrx_word' id='word_1_267' title='bbox 2825 1861 3060 1933; x_wconf 86' lang='lat' dir='ltr'><strong>Spiritus</strong></span> <span class='ocrx_word' id='word_1_268' title='bbox 3080 1866 3171 1921; x_wconf 90' lang='lat' dir='ltr'><strong>ubi</strong></span> <span class='ocrx_word' id='word_1_269' title='bbox 3186 1867 3300 1922; x_wconf 88' lang='lat' dir='ltr'><strong>vult</strong></span> <span class='ocrx_word' id='word_1_270' title='bbox 3320 1847 3514 1939; x_wconf 87' lang='lat' dir='ltr'><strong>spirat,</strong></span> <span class='ocrx_word' id='word_1_271' title='bbox 3541 1880 3596 1925; x_wconf 91' lang='lat' dir='ltr'><strong>et</strong></span> <span class='ocrx_word' id='word_1_272' title='bbox 3614 1847 3770 1926; x_wconf 78' lang='lat' dir='ltr'><strong>vocem</strong></span> 
     </span>
    </p>
   </div>
   <div class='ocr_carea' id='block_1_34' title="bbox 519 1952 2109 2027">
    <p class='ocr_par' dir='ltr' id='par_1_34' title="bbox 519 1952 2109 2027">
     <span class='ocr_line' id='line_1_34' title="bbox 519 1952 2109 2027; baseline -0.002 -16"><span class='ocrx_word' id='word_1_273' title='bbox 519 1955 794 2027; x_wconf 84' lang='lat' dir='ltr'><strong>redarguit</strong></span> <span class='ocrx_word' id='word_1_274' title='bbox 820 1955 938 2010; x_wconf 91' lang='lat' dir='ltr'><strong>illos</strong></span> <span class='ocrx_word' id='word_1_275' title='bbox 972 1953 1208 2024; x_wconf 89' lang='lat' dir='ltr'><strong>Spiritus</strong></span> <span class='ocrx_word' id='word_1_276' title='bbox 1234 1961 1477 2018; x_wconf 90' lang='lat' dir='ltr'><strong>sanctus,</strong></span> <span class='ocrx_word' id='word_1_277' title='bbox 1507 1953 1650 2023; x_wconf 92' lang='lat' dir='ltr'><strong>quod</strong></span> <span class='ocrx_word' id='word_1_278' title='bbox 1674 1952 1941 2022; x_wconf 91' lang='lat' dir='ltr'><strong>justorum</strong></span> <span class='ocrx_word' id='word_1_279' title='bbox 1967 1955 2109 2008; x_wconf 92' lang='lat' dir='ltr'><strong>bona</strong></span> 
     </span>
    </p>
   </div>
   <div class='ocr_carea' id='block_1_35' title="bbox 409 2045 2107 2119">
    <p class='ocr_par' dir='ltr' id='par_1_35' title="bbox 409 2045 2107 2119">
     <span class='ocr_line' id='line_1_35' title="bbox 409 2045 2107 2119; baseline -0.001 -17"><span class='ocrx_word' id='word_1_280' title='bbox 409 2066 413 2068; x_wconf 94' lang='grc'>·</span> <span class='ocrx_word' id='word_1_281' title='bbox 514 2063 677 2119; x_wconf 87' lang='lat' dir='ltr'><strong>opera</strong></span> <span class='ocrx_word' id='word_1_282' title='bbox 724 2047 926 2102; x_wconf 89' lang='lat' dir='ltr'><strong>imitari</strong></span> <span class='ocrx_word' id='word_1_283' title='bbox 978 2047 1163 2118; x_wconf 81' lang='lat' dir='ltr'><strong>piget,</strong></span> <span class='ocrx_word' id='word_1_284' title='bbox 1210 2045 1302 2116; x_wconf 91' lang='lat' dir='ltr'><strong>qui</strong></span> <span class='ocrx_word' id='word_1_285' title='bbox 1347 2061 1470 2100; x_wconf 92' lang='lat' dir='ltr'><strong>cum</strong></span> <span class='ocrx_word' id='word_1_286' title='bbox 1509 2046 1677 2101; x_wconf 92' lang='lat' dir='ltr'><strong>Deum</strong></span> <span class='ocrx_word' id='word_1_287' title='bbox 1718 2061 1946 2116; x_wconf 91' lang='lat' dir='ltr'><strong>corpore</strong></span> <span class='ocrx_word' id='word_1_288' title='bbox 2001 2062 2107 2102; x_wconf 93' lang='lat' dir='ltr'><strong>non</strong></span> 
     </span>
    </p>
   </div>
   <div class='ocr_carea' id='block_1_36' title="bbox 513 2139 2109 2212">
    <p class='ocr_par' dir='ltr' id='par_1_36' title="bbox 513 2139 2109 2212">
     <span class='ocr_line' id='line_1_36' title="bbox 513 2139 2109 2212; baseline -0.002 -14"><span class='ocrx_word' id='word_1_289' title='bbox 513 2144 718 2210; x_wconf 89' lang='lat' dir='ltr'><strong>vident,</strong></span> <span class='ocrx_word' id='word_1_290' title='bbox 751 2157 877 2199; x_wconf 90' lang='lat' dir='ltr'><strong>eum</strong></span> <span class='ocrx_word' id='word_1_291' title='bbox 912 2150 1093 2198; x_wconf 88' lang='lat' dir='ltr'><strong>tamen</strong></span> <span class='ocrx_word' id='word_1_292' title='bbox 1120 2156 1179 2197; x_wconf 92' lang='lat' dir='ltr'><strong>se</strong></span> <span class='ocrx_word' id='word_1_293' title='bbox 1207 2141 1364 2196; x_wconf 91' lang='lat' dir='ltr'><strong>bonis</strong></span> <span class='ocrx_word' id='word_1_294' title='bbox 1391 2139 1646 2210; x_wconf 89' lang='lat' dir='ltr'><strong>operibus</strong></span> <span class='ocrx_word' id='word_1_295' title='bbox 1675 2140 1903 2212; x_wconf 81' lang='lat' dir='ltr'><strong>diligere</strong></span> <span class='ocrx_word' id='word_1_296' title='bbox 1929 2149 2109 2197; x_wconf 86' lang='lat' dir='ltr'><strong>osten-</strong></span> 
     </span>
    </p>
   </div>
   <div class='ocr_carea' id='block_1_37' title="bbox 515 2235 666 2290">
    <p class='ocr_par' dir='ltr' id='par_1_37' title="bbox 515 2235 666 2290">
     <span class='ocr_line' id='line_1_37' title="bbox 515 2235 666 2290; baseline -0.013 0"><span class='ocrx_word' id='word_1_297' title='bbox 515 2235 666 2290; x_wconf 75' lang='lat' dir='ltr'><strong>dunL</strong></span> 
     </span>
    </p>
   </div>
   <div class='ocr_carea' id='block_1_38' title="bbox 585 2324 2106 2396">
    <p class='ocr_par' dir='ltr' id='par_1_38' title="bbox 585 2324 2106 2396">
     <span class='ocr_line' id='line_1_38' title="bbox 585 2324 2106 2396; baseline 0.003 -19"><span class='ocrx_word' id='word_1_298' title='bbox 585 2346 603 2377; x_wconf 76' lang='grc' dir='ltr'><strong>ι</strong></span> <span class='ocrx_word' id='word_1_299' title='bbox 641 2327 716 2380; x_wconf 91' lang='lat' dir='ltr'><strong>De</strong></span> <span class='ocrx_word' id='word_1_300' title='bbox 736 2324 939 2396; x_wconf 89' lang='lat' dir='ltr'><strong>judicio</strong></span> <span class='ocrx_word' id='word_1_301' title='bbox 977 2333 1195 2390; x_wconf 91' lang='lat' dir='ltr'><strong>autem,</strong></span> <span class='ocrx_word' id='word_1_302' title='bbox 1232 2324 1357 2395; x_wconf 90' lang='lat' dir='ltr'><strong>quia</strong></span> <span class='ocrx_word' id='word_1_303' title='bbox 1409 2325 1666 2396; x_wconf 88' lang='lat' dir='ltr'><strong>princeps</strong></span> <span class='ocrx_word' id='word_1_304' title='bbox 1710 2325 1897 2384; x_wconf 79' lang='lat' dir='ltr'><strong>mundi</strong></span> <span class='ocrx_word' id='word_1_305' title='bbox 1940 2325 2106 2396; x_wconf 87' lang='lat' dir='ltr'><strong>hujus</strong></span> 
     </span>
    </p>
   </div>
   <div class='ocr_carea' id='block_1_39' title="bbox 515 2415 2102 2487">
    <p class='ocr_par' dir='ltr' id='par_1_39' title="bbox 515 2415 2102 2487">
     <span class='ocr_line' id='line_1_39' title="bbox 515 2415 2102 2487; baseline 0.001 -18"><span class='ocrx_word' id='word_1_306' title='bbox 515 2435 532 2469; x_wconf 82' lang='grc' dir='ltr'><strong>ι</strong></span> <span class='ocrx_word' id='word_1_307' title='bbox 565 2415 678 2486; x_wconf 91' lang='lat' dir='ltr'><strong>jam</strong></span> <span class='ocrx_word' id='word_1_308' title='bbox 712 2415 992 2485; x_wconf 86' lang='lat' dir='ltr'><strong>judicatus</strong></span> <span class='ocrx_word' id='word_1_309' title='bbox 1034 2425 1138 2472; x_wconf 88' lang='lat' dir='ltr'><strong>est.</strong></span> <span class='ocrx_word' id='word_1_310' title='bbox 1179 2436 1198 2470; x_wconf 80' lang='grc' dir='ltr'><strong>ι</strong></span> <span class='ocrx_word' id='word_1_311' title='bbox 1239 2415 1549 2487; x_wconf 91' lang='lat' dir='ltr'><strong>Principem</strong></span> <span class='ocrx_word' id='word_1_312' title='bbox 1600 2416 1784 2471; x_wconf 91' lang='lat' dir='ltr'><strong>mundi</strong></span> <span class='ocrx_word' id='word_1_313' title='bbox 1825 2415 2102 2472; x_wconf 91' lang='lat' dir='ltr'><strong>diabolum</strong></span> 
     </span>
    </p>
   </div>
   <div class='ocr_carea' id='block_1_40' title="bbox 508 2497 2101 2579">
    <p class='ocr_par' dir='ltr' id='par_1_40' title="bbox 508 2497 2101 2579">
     <span class='ocr_line' id='line_1_40' title="bbox 508 2497 2101 2579; baseline 0 -15"><span class='ocrx_word' id='word_1_314' title='bbox 508 2508 659 2575; x_wconf 85' lang='lat' dir='ltr'><strong>dicit,</strong></span> <span class='ocrx_word' id='word_1_315' title='bbox 691 2508 783 2579; x_wconf 92' lang='lat' dir='ltr'><strong>qui</strong></span> <span class='ocrx_word' id='word_1_316' title='bbox 809 2497 1083 2579; x_wconf 84' lang='lat' dir='ltr'><strong>quondam</strong></span> <span class='ocrx_word' id='word_1_317' title='bbox 1109 2508 1474 2579; x_wconf 89' lang='lat' dir='ltr'><strong>principatum</strong></span> <span class='ocrx_word' id='word_1_318' title='bbox 1522 2508 1576 2563; x_wconf 92' lang='lat' dir='ltr'><strong>in</strong></span> <span class='ocrx_word' id='word_1_319' title='bbox 1624 2523 1812 2564; x_wconf 91' lang='lat' dir='ltr'><strong>eorum</strong></span> <span class='ocrx_word' id='word_1_320' title='bbox 1841 2508 2101 2564; x_wconf 89' lang='lat' dir='ltr'><strong>cordibus</strong></span> 
     </span>
    </p>
   </div>
   <div class='ocr_carea' id='block_1_41' title="bbox 506 2600 2099 2672">
    <p class='ocr_par' dir='ltr' id='par_1_41' title="bbox 506 2600 2099 2672">
     <span class='ocr_line' id='line_1_41' title="bbox 506 2600 2099 2672; baseline -0.001 -14"><span class='ocrx_word' id='word_1_321' title='bbox 506 2600 609 2658; x_wconf 73' lang='lat' dir='ltr'><strong>sibi</strong></span> <span class='ocrx_word' id='word_1_322' title='bbox 635 2601 974 2668; x_wconf 90' lang='lat' dir='ltr'><strong>vendicabat,</strong></span> <span class='ocrx_word' id='word_1_323' title='bbox 998 2603 1090 2670; x_wconf 90' lang='lat' dir='ltr'><strong>qui</strong></span> <span class='ocrx_word' id='word_1_324' title='bbox 1117 2601 1289 2672; x_wconf 89' lang='lat' dir='ltr'><strong>magis</strong></span> <span class='ocrx_word' id='word_1_325' title='bbox 1316 2601 1574 2655; x_wconf 92' lang='lat' dir='ltr'><strong>mundum</strong></span> <span class='ocrx_word' id='word_1_326' title='bbox 1602 2616 1766 2671; x_wconf 92' lang='lat' dir='ltr'><strong>quam</strong></span> <span class='ocrx_word' id='word_1_327' title='bbox 1783 2600 2099 2657; x_wconf 87' lang='lat' dir='ltr'><strong>Creatorem</strong></span> 
     </span>
    </p>
   </div>
   <div class='ocr_carea' id='block_1_42' title="bbox 509 2691 2097 2763">
    <p class='ocr_par' dir='ltr' id='par_1_42' title="bbox 509 2691 2097 2763">
     <span class='ocr_line' id='line_1_42' title="bbox 509 2691 2097 2763; baseline 0.001 -16"><span class='ocrx_word' id='word_1_328' title='bbox 509 2691 677 2748; x_wconf 88' lang='lat' dir='ltr'><strong>Deum</strong></span> <span class='ocrx_word' id='word_1_329' title='bbox 723 2692 930 2763; x_wconf 80' lang='lat' dir='ltr'><strong>diligit,</strong></span> <span class='ocrx_word' id='word_1_330' title='bbox 979 2692 1045 2746; x_wconf 93' lang='lat' dir='ltr'><strong>de</strong></span> <span class='ocrx_word' id='word_1_331' title='bbox 1084 2707 1192 2761; x_wconf 92' lang='lat' dir='ltr'><strong>quo</strong></span> <span class='ocrx_word' id='word_1_332' title='bbox 1236 2692 1495 2747; x_wconf 89' lang='lat' dir='ltr'><strong>Dominus</strong></span> <span class='ocrx_word' id='word_1_333' title='bbox 1540 2693 1662 2746; x_wconf 90' lang='lat' dir='ltr'><strong>ait:</strong></span> <span class='ocrx_word' id='word_1_334' title='bbox 1697 2711 1715 2742; x_wconf 85' lang='grc'><strong><em>‹</em></strong></span> <span class='ocrx_word' id='word_1_335' title='bbox 1754 2693 1917 2748; x_wconf 84' lang='lat' dir='ltr'><strong>Venit</strong></span> <span class='ocrx_word' id='word_1_336' title='bbox 1953 2694 2097 2749; x_wconf 90' lang='lat' dir='ltr'><strong>enim</strong></span> 
     </span>
    </p>
   </div>
   <div class='ocr_carea' id='block_1_43' title="bbox 507 2784 2097 2856">
    <p class='ocr_par' dir='ltr' id='par_1_43' title="bbox 507 2784 2097 2856">
     <span class='ocr_line' id='line_1_43' title="bbox 507 2784 2097 2856; baseline 0 -16"><span class='ocrx_word' id='word_1_337' title='bbox 507 2785 758 2856; x_wconf 90' lang='lat' dir='ltr'><strong>princeps</strong></span> <span class='ocrx_word' id='word_1_338' title='bbox 786 2785 945 2855; x_wconf 92' lang='lat' dir='ltr'><strong>hujus</strong></span> <span class='ocrx_word' id='word_1_339' title='bbox 968 2785 1177 2849; x_wconf 93' lang='lat' dir='ltr'><strong>mundi,</strong></span> <span class='ocrx_word' id='word_1_340' title='bbox 1207 2791 1261 2838; x_wconf 90' lang='lat' dir='ltr'><strong>et</strong></span> <span class='ocrx_word' id='word_1_341' title='bbox 1290 2784 1343 2837; x_wconf 90' lang='lat' dir='ltr'><strong>in</strong></span> <span class='ocrx_word' id='word_1_342' title='bbox 1377 2799 1463 2838; x_wconf 90' lang='lat' dir='ltr'><strong>me</strong></span> <span class='ocrx_word' id='word_1_343' title='bbox 1487 2799 1593 2840; x_wconf 93' lang='lat' dir='ltr'><strong>non</strong></span> <span class='ocrx_word' id='word_1_344' title='bbox 1615 2785 1776 2841; x_wconf 88' lang='lat' dir='ltr'><strong>habet</strong></span> <span class='ocrx_word' id='word_1_345' title='bbox 1803 2786 2097 2856; x_wconf 85' lang='lat' dir='ltr'><strong>quidquam</strong></span> 
     </span>
    </p>
   </div>
   <div class='ocr_carea' id='block_1_44' title="bbox 495 2873 2098 2947">
    <p class='ocr_par' dir='ltr' id='par_1_44' title="bbox 495 2873 2098 2947">
     <span class='ocr_line' id='line_1_44' title="bbox 495 2873 2098 2947; baseline 0.001 -17"><span class='ocrx_word' id='word_1_346' title='bbox 495 2876 689 2946; x_wconf 75' lang='lat' dir='ltr'><strong>(Joan.</strong></span> <span class='ocrx_word' id='word_1_347' title='bbox 724 2875 859 2947; x_wconf 82' lang='lat' dir='ltr'><strong>xrv).</strong></span> <span class='ocrx_word' id='word_1_348' title='bbox 899 2897 917 2929; x_wconf 79' lang='grc' dir='ltr'><strong>ι</strong></span> <span class='ocrx_word' id='word_1_349' title='bbox 954 2876 1214 2947; x_wconf 83' lang='lat' dir='ltr'><strong>Princeps</strong></span> <span class='ocrx_word' id='word_1_350' title='bbox 1262 2891 1390 2947; x_wconf 89' lang='lat' dir='ltr'><strong>ergo</strong></span> <span class='ocrx_word' id='word_1_351' title='bbox 1436 2877 1620 2931; x_wconf 91' lang='lat' dir='ltr'><strong>mundi</strong></span> <span class='ocrx_word' id='word_1_352' title='bbox 1662 2875 1776 2946; x_wconf 91' lang='lat' dir='ltr'><strong>jam</strong></span> <span class='ocrx_word' id='word_1_353' title='bbox 1822 2873 2098 2944; x_wconf 85' lang='lat' dir='ltr'><strong>judicatus</strong></span> 
     </span>
    </p>
   </div>
   <div class='ocr_carea' id='block_1_45' title="bbox 505 2968 2097 3042">
    <p class='ocr_par' dir='ltr' id='par_1_45' title="bbox 505 2968 2097 3042">
     <span class='ocr_line' id='line_1_45' title="bbox 505 2968 2097 3042; baseline -0.001 -17"><span class='ocrx_word' id='word_1_354' title='bbox 505 2977 624 3036; x_wconf 88' lang='lat' dir='ltr'><strong>est,</strong></span> <span class='ocrx_word' id='word_1_355' title='bbox 667 2969 794 3040; x_wconf 89' lang='lat' dir='ltr'><strong>quia</strong></span> <span class='ocrx_word' id='word_1_356' title='bbox 822 2984 920 3042; x_wconf 85' lang='lat' dir='ltr'><strong>per</strong></span> <span class='ocrx_word' id='word_1_357' title='bbox 964 2968 1060 3024; x_wconf 92' lang='lat' dir='ltr'><strong>Dei</strong></span> <span class='ocrx_word' id='word_1_358' title='bbox 1110 2968 1453 3040; x_wconf 73' lang='lat' dir='ltr'><strong>pmsentiam</strong></span> <span class='ocrx_word' id='word_1_359' title='bbox 1499 2985 1530 3024; x_wconf 89' lang='lat' dir='ltr'><strong>a</strong></span> <span class='ocrx_word' id='word_1_360' title='bbox 1571 2969 1826 3025; x_wconf 86' lang='lat' dir='ltr'><strong>cordibus</strong></span> <span class='ocrx_word' id='word_1_361' title='bbox 1858 2969 2097 3024; x_wconf 86' lang='lat' dir='ltr'><strong>ﬁdelium</strong></span> 
     </span>
    </p>
   </div>
   <div class='ocr_carea' id='block_1_46' title="bbox 505 3059 2094 3133">
    <p class='ocr_par' dir='ltr' id='par_1_46' title="bbox 505 3059 2094 3133">
     <span class='ocr_line' id='line_1_46' title="bbox 505 3059 2094 3133; baseline -0.001 -16"><span class='ocrx_word' id='word_1_362' title='bbox 505 3059 624 3130; x_wconf 89' lang='lat' dir='ltr'><strong>ejus</strong></span> <span class='ocrx_word' id='word_1_363' title='bbox 644 3069 885 3132; x_wconf 90' lang='lat' dir='ltr'><strong>potestas</strong></span> <span class='ocrx_word' id='word_1_364' title='bbox 909 3061 1133 3133; x_wconf 76' lang='lat' dir='ltr'><strong>expulsa</strong></span> <span class='ocrx_word' id='word_1_365' title='bbox 1162 3071 1264 3126; x_wconf 91' lang='lat' dir='ltr'><strong>est,</strong></span> <span class='ocrx_word' id='word_1_366' title='bbox 1296 3061 1435 3117; x_wconf 85' lang='lat' dir='ltr'><strong>sicut</strong></span> <span class='ocrx_word' id='word_1_367' title='bbox 1461 3061 1721 3116; x_wconf 87' lang='lat' dir='ltr'><strong>Dominus</strong></span> <span class='ocrx_word' id='word_1_368' title='bbox 1745 3062 1822 3116; x_wconf 89' lang='lat' dir='ltr'><strong>ait</strong></span> <span class='ocrx_word' id='word_1_369' title='bbox 1847 3079 1858 3113; x_wconf 92' lang='lat'><strong>:</strong></span> <span class='ocrx_word' id='word_1_370' title='bbox 1892 3080 1911 3113; x_wconf 74' lang='grc' dir='ltr'><strong>ι</strong></span> <span class='ocrx_word' id='word_1_371' title='bbox 1941 3060 2094 3116; x_wconf 84' lang='lat' dir='ltr'><strong>Nunc</strong></span> 
     </span>
    </p>
   </div>
   <div class='ocr_carea' id='block_1_47' title="bbox 503 3153 2086 3226">
    <p class='ocr_par' dir='ltr' id='par_1_47' title="bbox 503 3153 2086 3226">
     <span class='ocr_line' id='line_1_47' title="bbox 503 3153 2086 3226; baseline -0.001 -17"><span class='ocrx_word' id='word_1_372' title='bbox 503 3155 637 3209; x_wconf 86' lang='lat' dir='ltr'><strong>hora</strong></span> <span class='ocrx_word' id='word_1_373' title='bbox 656 3161 812 3210; x_wconf 91' lang='lat' dir='ltr'><strong>estut</strong></span> <span class='ocrx_word' id='word_1_374' title='bbox 828 3154 1083 3224; x_wconf 86' lang='lat' dir='ltr'><strong>princeps</strong></span> <span class='ocrx_word' id='word_1_375' title='bbox 1098 3153 1258 3224; x_wconf 90' lang='lat' dir='ltr'><strong>hujus</strong></span> <span class='ocrx_word' id='word_1_376' title='bbox 1279 3154 1464 3209; x_wconf 91' lang='lat' dir='ltr'><strong>mundi</strong></span> <span class='ocrx_word' id='word_1_377' title='bbox 1479 3153 1727 3224; x_wconf 90' lang='lat' dir='ltr'><strong>ejiciatur</strong></span> <span class='ocrx_word' id='word_1_378' title='bbox 1744 3153 1892 3209; x_wconf 90' lang='lat' dir='ltr'><strong>foras</strong></span> <span class='ocrx_word' id='word_1_379' title='bbox 1907 3153 2086 3226; x_wconf 84' lang='lat' dir='ltr'><strong>(Joan.</strong></span> 
     </span>
    </p>
   </div>
   <div class='ocr_carea' id='block_1_48' title="bbox 2213 1945 3768 2034">
    <p class='ocr_par' dir='ltr' id='par_1_48' title="bbox 2213 1945 3768 2034">
     <span class='ocr_line' id='line_1_48' title="bbox 2213 1945 3768 2034; baseline 0.01 -35"><span class='ocrx_word' id='word_1_380' title='bbox 2213 1945 2330 2016; x_wconf 90' lang='lat' dir='ltr'><strong>ejus</strong></span> <span class='ocrx_word' id='word_1_381' title='bbox 2351 1947 2527 2014; x_wconf 91' lang='lat' dir='ltr'><strong>audis,</strong></span> <span class='ocrx_word' id='word_1_382' title='bbox 2547 1957 2603 2004; x_wconf 90' lang='lat' dir='ltr'><strong>et</strong></span> <span class='ocrx_word' id='word_1_383' title='bbox 2622 1953 2801 2008; x_wconf 89' lang='lat' dir='ltr'><strong>nescis</strong></span> <span class='ocrx_word' id='word_1_384' title='bbox 2824 1955 2971 2016; x_wconf 86' lang='lat' dir='ltr'><strong>unde</strong></span> <span class='ocrx_word' id='word_1_385' title='bbox 2989 1957 3174 2014; x_wconf 90' lang='lat' dir='ltr'><strong>veniat</strong></span> <span class='ocrx_word' id='word_1_386' title='bbox 3189 1969 3282 2014; x_wconf 90' lang='lat' dir='ltr'><strong>aut</strong></span> <span class='ocrx_word' id='word_1_387' title='bbox 3302 1976 3414 2030; x_wconf 91' lang='lat' dir='ltr'><strong>quo</strong></span> <span class='ocrx_word' id='word_1_388' title='bbox 3435 1963 3597 2018; x_wconf 89' lang='lat' dir='ltr'><strong>vadat</strong></span> <span class='ocrx_word' id='word_1_389' title='bbox 3615 1961 3768 2034; x_wconf 81' lang='lat' dir='ltr'><strong>(Joan.</strong></span> 
     </span>
    </p>
   </div>
   <div class='ocr_carea' id='block_1_49' title="bbox 2212 2038 3772 2124">
    <p class='ocr_par' dir='ltr' id='par_1_49' title="bbox 2212 2038 3772 2124">
     <span class='ocr_line' id='line_1_49' title="bbox 2212 2038 3772 2124; baseline 0.011 -32"><span class='ocrx_word' id='word_1_390' title='bbox 2212 2038 2316 2111; x_wconf 86' lang='grc' dir='ltr'><strong>ιιι).</strong></span> <span class='ocrx_word' id='word_1_391' title='bbox 2351 2059 2370 2092; x_wconf 76' lang='grc' dir='ltr'><strong>ι</strong></span> <span class='ocrx_word' id='word_1_392' title='bbox 2398 2041 2551 2110; x_wconf 87' lang='lat' dir='ltr'><strong>Quod</strong></span> <span class='ocrx_word' id='word_1_393' title='bbox 2581 2052 2764 2102; x_wconf 88' lang='lat' dir='ltr'><strong>autem</strong></span> <span class='ocrx_word' id='word_1_394' title='bbox 2808 2047 3114 2122; x_wconf 88' lang='lat' dir='ltr'><strong>subjungit:</strong></span> <span class='ocrx_word' id='word_1_395' title='bbox 3136 2069 3156 2103; x_wconf 80' lang='grc' dir='ltr'><strong>ι</strong></span> <span class='ocrx_word' id='word_1_396' title='bbox 3179 2053 3246 2108; x_wconf 88' lang='lat' dir='ltr'><strong>Et</strong></span> <span class='ocrx_word' id='word_1_397' title='bbox 3272 2068 3395 2124; x_wconf 67' lang='lat' dir='ltr'><strong>qua:</strong></span> <span class='ocrx_word' id='word_1_398' title='bbox 3423 2065 3650 2111; x_wconf 89' lang='lat' dir='ltr'><strong>ventura</strong></span> <span class='ocrx_word' id='word_1_399' title='bbox 3670 2065 3772 2112; x_wconf 89' lang='lat' dir='ltr'><strong>sunt</strong></span> 
     </span>
    </p>
   </div>
   <div class='ocr_carea' id='block_1_50' title="bbox 2210 2134 3771 2220">
    <p class='ocr_par' dir='ltr' id='par_1_50' title="bbox 2210 2134 3771 2220">
     <span class='ocr_line' id='line_1_50' title="bbox 2210 2134 3771 2220; baseline 0.01 -34"><span class='ocrx_word' id='word_1_400' title='bbox 2210 2134 2550 2192; x_wconf 89' lang='lat' dir='ltr'><strong>annuntiabit</strong></span> <span class='ocrx_word' id='word_1_401' title='bbox 2577 2137 2731 2194; x_wconf 90' lang='lat' dir='ltr'><strong>vobis</strong></span> <span class='ocrx_word' id='word_1_402' title='bbox 2755 2179 2770 2205; x_wconf 95' lang='lat'><strong>,</strong></span> <span class='ocrx_word' id='word_1_403' title='bbox 2807 2160 2826 2191; x_wconf 73' lang='grc' dir='ltr'><strong>ι</strong></span> <span class='ocrx_word' id='word_1_404' title='bbox 2860 2140 3016 2198; x_wconf 90' lang='lat' dir='ltr'><strong>Patet</strong></span> <span class='ocrx_word' id='word_1_405' title='bbox 3037 2143 3193 2214; x_wconf 84' lang='lat' dir='ltr'><strong>juxta</strong></span> <span class='ocrx_word' id='word_1_406' title='bbox 3223 2145 3494 2216; x_wconf 90' lang='lat' dir='ltr'><strong>litteram,</strong></span> <span class='ocrx_word' id='word_1_407' title='bbox 3535 2149 3659 2220; x_wconf 92' lang='lat' dir='ltr'><strong>quia</strong></span> <span class='ocrx_word' id='word_1_408' title='bbox 3684 2148 3771 2204; x_wconf 87' lang='lat' dir='ltr'><strong>fre-</strong></span> 
     </span>
    </p>
   </div>
   <div class='ocr_carea' id='block_1_51' title="bbox 2209 2230 3768 2304">
    <p class='ocr_par' dir='ltr' id='par_1_51' title="bbox 2209 2230 3768 2304">
     <span class='ocr_line' id='line_1_51' title="bbox 2209 2230 3768 2304; baseline 0.009 -23"><span class='ocrx_word' id='word_1_409' title='bbox 2209 2236 2436 2296; x_wconf 90' lang='lat' dir='ltr'><strong>quenter</strong></span> <span class='ocrx_word' id='word_1_410' title='bbox 2467 2230 2714 2288; x_wconf 89' lang='lat' dir='ltr'><strong>ﬁdelibus</strong></span> <span class='ocrx_word' id='word_1_411' title='bbox 2756 2231 2991 2304; x_wconf 88' lang='lat' dir='ltr'><strong>Spiritus</strong></span> <span class='ocrx_word' id='word_1_412' title='bbox 3027 2248 3250 2296; x_wconf 87' lang='lat' dir='ltr'><strong>sanctus</strong></span> <span class='ocrx_word' id='word_1_413' title='bbox 3297 2239 3482 2297; x_wconf 91' lang='lat' dir='ltr'><strong>futura</strong></span> <span class='ocrx_word' id='word_1_414' title='bbox 3509 2243 3768 2297; x_wconf 83' lang='lat' dir='ltr'><strong>annuntia-</strong></span> 
     </span>
    </p>
   </div>
   <div class='ocr_carea' id='block_1_52' title="bbox 2206 2317 3768 2403">
    <p class='ocr_par' dir='ltr' id='par_1_52' title="bbox 2206 2317 3768 2403">
     <span class='ocr_line' id='line_1_52' title="bbox 2206 2317 3768 2403; baseline 0.01 -33"><span class='ocrx_word' id='word_1_415' title='bbox 2206 2317 2307 2384; x_wconf 90' lang='lat' dir='ltr'><strong>vit,</strong></span> <span class='ocrx_word' id='word_1_416' title='bbox 2343 2319 2538 2388; x_wconf 91' lang='lat' dir='ltr'><strong>quibus</strong></span> <span class='ocrx_word' id='word_1_417' title='bbox 2564 2324 2879 2393; x_wconf 85' lang='lat' dir='ltr'><strong>mysterium</strong></span> <span class='ocrx_word' id='word_1_418' title='bbox 2908 2329 3266 2397; x_wconf 84' lang='lat' dir='ltr'><strong>prophetandi</strong></span> <span class='ocrx_word' id='word_1_419' title='bbox 3294 2331 3465 2387; x_wconf 89' lang='lat' dir='ltr'><strong>dedit.</strong></span> <span class='ocrx_word' id='word_1_420' title='bbox 3516 2331 3622 2388; x_wconf 92' lang='lat' dir='ltr'><strong>Sed</strong></span> <span class='ocrx_word' id='word_1_421' title='bbox 3650 2332 3768 2403; x_wconf 89' lang='lat' dir='ltr'><strong>quod</strong></span> 
     </span>
    </p>
   </div>
   <div class='ocr_carea' id='block_1_53' title="bbox 2207 2411 3770 2494">
    <p class='ocr_par' dir='ltr' id='par_1_53' title="bbox 2207 2411 3770 2494">
     <span class='ocr_line' id='line_1_53' title="bbox 2207 2411 3770 2494; baseline 0.01 -32"><span class='ocrx_word' id='word_1_422' title='bbox 2207 2412 2420 2466; x_wconf 90' lang='lat' dir='ltr'><strong>cunctis</strong></span> <span class='ocrx_word' id='word_1_423' title='bbox 2445 2411 2695 2470; x_wconf 87' lang='lat' dir='ltr'><strong>ﬁdelibus</strong></span> <span class='ocrx_word' id='word_1_424' title='bbox 2726 2418 3052 2487; x_wconf 86' lang='lat' dir='ltr'><strong>generaliter</strong></span> <span class='ocrx_word' id='word_1_425' title='bbox 3091 2421 3366 2488; x_wconf 90' lang='lat' dir='ltr'><strong>convenit,</strong></span> <span class='ocrx_word' id='word_1_426' title='bbox 3409 2422 3643 2494; x_wconf 89' lang='lat' dir='ltr'><strong>Spiritus</strong></span> <span class='ocrx_word' id='word_1_427' title='bbox 3670 2439 3770 2478; x_wconf 89' lang='lat' dir='ltr'><strong>san-</strong></span> 
     </span>
    </p>
   </div>
   <div class='ocr_carea' id='block_1_54' title="bbox 2206 2501 3768 2587">
    <p class='ocr_par' dir='ltr' id='par_1_54' title="bbox 2206 2501 3768 2587">
     <span class='ocr_line' id='line_1_54' title="bbox 2206 2501 3768 2587; baseline 0.01 -33"><span class='ocrx_word' id='word_1_428' title='bbox 2206 2511 2328 2556; x_wconf 91' lang='lat' dir='ltr'><strong>ctus</strong></span> <span class='ocrx_word' id='word_1_429' title='bbox 2362 2501 2542 2559; x_wconf 91' lang='lat' dir='ltr'><strong>futura</strong></span> <span class='ocrx_word' id='word_1_430' title='bbox 2577 2508 2865 2564; x_wconf 89' lang='lat' dir='ltr'><strong>annuntiat</strong></span> <span class='ocrx_word' id='word_1_431' title='bbox 2896 2527 2909 2564; x_wconf 94' lang='lat'><strong>:</strong></span> <span class='ocrx_word' id='word_1_432' title='bbox 2937 2511 3065 2581; x_wconf 90' lang='lat' dir='ltr'><strong>quia</strong></span> <span class='ocrx_word' id='word_1_433' title='bbox 3099 2527 3290 2570; x_wconf 89' lang='lat' dir='ltr'><strong>omnes</strong></span> <span class='ocrx_word' id='word_1_434' title='bbox 3316 2530 3453 2585; x_wconf 91' lang='lat' dir='ltr'><strong>quos</strong></span> <span class='ocrx_word' id='word_1_435' title='bbox 3484 2515 3768 2587; x_wconf 89' lang='lat' dir='ltr'><strong>repleverit,</strong></span> 
     </span>
    </p>
   </div>
   <div class='ocr_carea' id='block_1_55' title="bbox 2205 2593 3770 2675">
    <p class='ocr_par' dir='ltr' id='par_1_55' title="bbox 2205 2593 3770 2675">
     <span class='ocr_line' id='line_1_55' title="bbox 2205 2593 3770 2675; baseline 0.008 -29"><span class='ocrx_word' id='word_1_436' title='bbox 2205 2593 2274 2647; x_wconf 92' lang='lat' dir='ltr'><strong>ad</strong></span> <span class='ocrx_word' id='word_1_437' title='bbox 2298 2600 2584 2652; x_wconf 86' lang='lat' dir='ltr'><strong>amandam</strong></span> <span class='ocrx_word' id='word_1_438' title='bbox 2613 2601 2784 2656; x_wconf 88' lang='lat' dir='ltr'><strong>vitam</strong></span> <span class='ocrx_word' id='word_1_439' title='bbox 2821 2611 3081 2658; x_wconf 75' lang='lat' dir='ltr'><strong>aeternam</strong></span> <span class='ocrx_word' id='word_1_440' title='bbox 3120 2620 3240 2675; x_wconf 72' lang='lat' dir='ltr'><strong>qua:</strong></span> <span class='ocrx_word' id='word_1_441' title='bbox 3268 2605 3450 2660; x_wconf 88' lang='lat' dir='ltr'><strong>futura</strong></span> <span class='ocrx_word' id='word_1_442' title='bbox 3478 2613 3563 2661; x_wconf 87' lang='lat' dir='ltr'><strong>est</strong></span> <span class='ocrx_word' id='word_1_443' title='bbox 3590 2604 3770 2661; x_wconf 79' lang='lat' dir='ltr'><strong>inflam-</strong></span> 
     </span>
    </p>
   </div>
   <div class='ocr_carea' id='block_1_56' title="bbox 2204 2687 3101 2759">
    <p class='ocr_par' dir='ltr' id='par_1_56' title="bbox 2204 2687 3101 2759">
     <span class='ocr_line' id='line_1_56' title="bbox 2204 2687 3101 2759; baseline 0.012 -21"><span class='ocrx_word' id='word_1_444' title='bbox 2204 2694 2337 2740; x_wconf 90' lang='lat' dir='ltr'><strong>mat.</strong></span> <span class='ocrx_word' id='word_1_445' title='bbox 2371 2687 2446 2744; x_wconf 88' lang='lat' dir='ltr'><strong>De</strong></span> <span class='ocrx_word' id='word_1_446' title='bbox 2467 2705 2575 2759; x_wconf 91' lang='lat' dir='ltr'><strong>quo</strong></span> <span class='ocrx_word' id='word_1_447' title='bbox 2605 2692 2782 2748; x_wconf 90' lang='lat' dir='ltr'><strong>adhuc</strong></span> <span class='ocrx_word' id='word_1_448' title='bbox 2805 2695 3056 2750; x_wconf 89' lang='lat' dir='ltr'><strong>subditur</strong></span> <span class='ocrx_word' id='word_1_449' title='bbox 3088 2713 3101 2749; x_wconf 92' lang='lat'><strong>:</strong></span> 
     </span>
    </p>
   </div>
   <div class='ocr_carea' id='block_1_57' title="bbox 2279 2780 3767 2862">
    <p class='ocr_par' dir='ltr' id='par_1_57' title="bbox 2279 2780 3767 2862">
     <span class='ocr_line' id='line_1_57' title="bbox 2279 2780 3767 2862; baseline 0.005 -30"><span class='ocrx_word' id='word_1_450' title='bbox 2279 2799 2298 2831; x_wconf 87' lang='grc'><strong><em>‹</em></strong></span> <span class='ocrx_word' id='word_1_451' title='bbox 2324 2780 2417 2837; x_wconf 92' lang='lat' dir='ltr'><strong>Ille</strong></span> <span class='ocrx_word' id='word_1_452' title='bbox 2444 2798 2529 2838; x_wconf 90' lang='lat' dir='ltr'><strong>me</strong></span> <span class='ocrx_word' id='word_1_453' title='bbox 2555 2783 2895 2841; x_wconf 88' lang='lat' dir='ltr'><strong>clariﬁcabit.</strong></span> <span class='ocrx_word' id='word_1_454' title='bbox 2925 2807 2945 2838; x_wconf 77' lang='grc' dir='ltr'><strong>ι</strong></span> <span class='ocrx_word' id='word_1_455' title='bbox 2964 2787 3295 2845; x_wconf 87' lang='lat' dir='ltr'><strong>Clarificavit</strong></span> <span class='ocrx_word' id='word_1_456' title='bbox 3320 2789 3557 2862; x_wconf 90' lang='lat' dir='ltr'><strong>Spiritus</strong></span> <span class='ocrx_word' id='word_1_457' title='bbox 3577 2797 3767 2846; x_wconf 85' lang='lat' dir='ltr'><strong>sanctus</strong></span> 
     </span>
    </p>
   </div>
   <div class='ocr_carea' id='block_1_58' title="bbox 2201 2870 3771 2954">
    <p class='ocr_par' dir='ltr' id='par_1_58' title="bbox 2201 2870 3771 2954">
     <span class='ocr_line' id='line_1_58' title="bbox 2201 2870 3771 2954; baseline 0.007 -30"><span class='ocrx_word' id='word_1_458' title='bbox 2201 2870 2418 2939; x_wconf 87' lang='lat' dir='ltr'><strong>Filium,</strong></span> <span class='ocrx_word' id='word_1_459' title='bbox 2451 2876 2666 2944; x_wconf 88' lang='lat' dir='ltr'><strong>quando</strong></span> <span class='ocrx_word' id='word_1_460' title='bbox 2693 2892 2914 2933; x_wconf 92' lang='lat' dir='ltr'><strong>omnem</strong></span> <span class='ocrx_word' id='word_1_461' title='bbox 2947 2879 3198 2936; x_wconf 88' lang='lat' dir='ltr'><strong>timorem</strong></span> <span class='ocrx_word' id='word_1_462' title='bbox 3229 2899 3258 2936; x_wconf 89' lang='lat' dir='ltr'><strong>a</strong></span> <span class='ocrx_word' id='word_1_463' title='bbox 3289 2883 3547 2940; x_wconf 89' lang='lat' dir='ltr'><strong>cordibus</strong></span> <span class='ocrx_word' id='word_1_464' title='bbox 3582 2890 3771 2954; x_wconf 89' lang='lat' dir='ltr'><strong>aposto-</strong></span> 
     </span>
    </p>
   </div>
   <div class='ocr_carea' id='block_1_59' title="bbox 2201 2963 3773 3051">
    <p class='ocr_par' dir='ltr' id='par_1_59' title="bbox 2201 2963 3773 3051">
     <span class='ocr_line' id='line_1_59' title="bbox 2201 2963 3773 3051; baseline 0.008 -35"><span class='ocrx_word' id='word_1_465' title='bbox 2201 2963 2376 3018; x_wconf 88' lang='lat' dir='ltr'><strong>lorum</strong></span> <span class='ocrx_word' id='word_1_466' title='bbox 2403 2965 2638 3035; x_wconf 76' lang='lat' dir='ltr'><strong>expulit,</strong></span> <span class='ocrx_word' id='word_1_467' title='bbox 2664 2976 2722 3032; x_wconf 89' lang='lat' dir='ltr'><strong>et</strong></span> <span class='ocrx_word' id='word_1_468' title='bbox 2764 2968 2834 3024; x_wconf 92' lang='lat' dir='ltr'><strong>ad</strong></span> <span class='ocrx_word' id='word_1_469' title='bbox 2873 2969 3213 3051; x_wconf 78' lang='lat' dir='ltr'><strong>unigenitum</strong></span> <span class='ocrx_word' id='word_1_470' title='bbox 3249 2972 3344 3030; x_wconf 90' lang='lat' dir='ltr'><strong>Dei</strong></span> <span class='ocrx_word' id='word_1_471' title='bbox 3374 2974 3577 3031; x_wconf 86' lang='lat' dir='ltr'><strong>Filium</strong></span> <span class='ocrx_word' id='word_1_472' title='bbox 3604 2970 3773 3046; x_wconf 68' lang='lat' dir='ltr'><strong>praedi-</strong></span> 
     </span>
    </p>
   </div>
   <div class='ocr_carea' id='block_1_60' title="bbox 2199 3055 3776 3135">
    <p class='ocr_par' dir='ltr' id='par_1_60' title="bbox 2199 3055 3776 3135">
     <span class='ocr_line' id='line_1_60' title="bbox 2199 3055 3776 3135; baseline 0.004 -25"><span class='ocrx_word' id='word_1_473' title='bbox 2199 3055 2429 3110; x_wconf 86' lang='lat' dir='ltr'><strong>candum</strong></span> <span class='ocrx_word' id='word_1_474' title='bbox 2462 3057 2684 3114; x_wconf 88' lang='lat' dir='ltr'><strong>idoneos</strong></span> <span class='ocrx_word' id='word_1_475' title='bbox 2712 3059 2968 3126; x_wconf 87' lang='lat' dir='ltr'><strong>reddidit,</strong></span> <span class='ocrx_word' id='word_1_476' title='bbox 2997 3061 3140 3118; x_wconf 91' lang='lat' dir='ltr'><strong>sicut</strong></span> <span class='ocrx_word' id='word_1_477' title='bbox 3169 3065 3431 3135; x_wconf 86' lang='lat' dir='ltr'><strong>scriptum</strong></span> <span class='ocrx_word' id='word_1_478' title='bbox 3453 3076 3544 3121; x_wconf 88' lang='lat' dir='ltr'><strong>est</strong></span> <span class='ocrx_word' id='word_1_479' title='bbox 3570 3067 3626 3121; x_wconf 90' lang='lat' dir='ltr'><strong>in</strong></span> <span class='ocrx_word' id='word_1_480' title='bbox 3655 3063 3776 3119; x_wconf 82' lang='lat' dir='ltr'><strong>Acti-</strong></span> 
     </span>
    </p>
   </div>
   <div class='ocr_carea' id='block_1_61' title="bbox 2197 3145 3772 3225">
    <p class='ocr_par' dir='ltr' id='par_1_61' title="bbox 2197 3145 3772 3225">
     <span class='ocr_line' id='line_1_61' title="bbox 2197 3145 3772 3225; baseline 0.004 -25"><span class='ocrx_word' id='word_1_481' title='bbox 2197 3145 2297 3200; x_wconf 86' lang='lat' dir='ltr'><strong>bus</strong></span> <span class='ocrx_word' id='word_1_482' title='bbox 2345 3147 2712 3216; x_wconf 88' lang='lat' dir='ltr'><strong>apostolorum</strong></span> <span class='ocrx_word' id='word_1_483' title='bbox 2751 3169 2764 3203; x_wconf 91' lang='lat'><strong>:</strong></span> <span class='ocrx_word' id='word_1_484' title='bbox 2821 3170 2840 3203; x_wconf 84' lang='grc'><strong><em>‹</em></strong></span> <span class='ocrx_word' id='word_1_485' title='bbox 2897 3151 3108 3224; x_wconf 78' lang='lat' dir='ltr'><strong>Repleti</strong></span> <span class='ocrx_word' id='word_1_486' title='bbox 3170 3164 3299 3211; x_wconf 91' lang='lat' dir='ltr'><strong>sunt</strong></span> <span class='ocrx_word' id='word_1_487' title='bbox 3343 3170 3536 3211; x_wconf 87' lang='lat' dir='ltr'><strong>omnes</strong></span> <span class='ocrx_word' id='word_1_488' title='bbox 3589 3154 3772 3225; x_wconf 87' lang='lat' dir='ltr'><strong>Spiritu</strong></span> 
     </span>
    </p>
   </div>
   <div class='ocr_carea' id='block_1_62' title="bbox 502 3213 3770 3318">
    <p class='ocr_par' dir='ltr' id='par_1_62' title="bbox 502 3213 3770 3318">
     <span class='ocr_line' id='line_1_62' title="bbox 502 3213 3770 3318; baseline -0.002 -15"><span class='ocrx_word' id='word_1_489' title='bbox 502 3250 624 3316; x_wconf 70' lang='grc' dir='ltr'><strong>χιι).</strong></span> <span class='ocrx_word' id='word_1_490' title='bbox 667 3267 685 3298; x_wconf 75' lang='grc' dir='ltr'><strong>ι</strong></span> <span class='ocrx_word' id='word_1_491' title='bbox 718 3213 1187 3318; x_wconf 48' lang='lat' dir='ltr'><strong>Red-arguitergo&#39;</strong></span> <span class='ocrx_word' id='word_1_492' title='bbox 1201 3246 1436 3318; x_wconf 89' lang='lat' dir='ltr'><strong>Spiritus</strong></span> <span class='ocrx_word' id='word_1_493' title='bbox 1465 3213 1685 3303; x_wconf 74' lang='lat' dir='ltr'><strong>sanctus</strong></span> <span class='ocrx_word' id='word_1_494' title='bbox 1722 3261 1815 3302; x_wconf 93' lang='lat' dir='ltr'><strong>eos</strong></span> <span class='ocrx_word' id='word_1_495' title='bbox 1847 3213 1923 3302; x_wconf 43' lang='lat' dir='ltr'><strong>de‘</strong></span> <span class='ocrx_word' id='word_1_496' title='bbox 1945 3245 2092 3316; x_wconf 82' lang='lat' dir='ltr'><strong>judi-</strong></span> <span class='ocrx_word' id='word_1_497' title='bbox 2119 3213 2164 3279; x_wconf 78' lang='lat' dir='ltr'>C</span> <span class='ocrx_word' id='word_1_498' title='bbox 2198 3213 2406 3306; x_wconf 80' lang='lat' dir='ltr'><strong>sancto,</strong></span> <span class='ocrx_word' id='word_1_499' title='bbox 2431 3248 2486 3295; x_wconf 86' lang='lat' dir='ltr'><strong>et</strong></span> <span class='ocrx_word' id='word_1_500' title='bbox 2509 3240 2862 3311; x_wconf 89' lang='lat' dir='ltr'><strong>loquebantur</strong></span> <span class='ocrx_word' id='word_1_501' title='bbox 2883 3213 3108 3299; x_wconf 79' lang='lat' dir='ltr'><strong>verbum</strong></span> <span class='ocrx_word' id='word_1_502' title='bbox 3139 3246 3236 3302; x_wconf 88' lang='lat' dir='ltr'><strong>Dei</strong></span> <span class='ocrx_word' id='word_1_503' title='bbox 3264 3261 3387 3302; x_wconf 93' lang='lat' dir='ltr'><strong>cum</strong></span> <span class='ocrx_word' id='word_1_504' title='bbox 3419 3213 3770 3317; x_wconf 48' lang='lat' dir='ltr'><strong>ﬁducia-(Au.</strong></span> 
     </span>
    </p>
   </div>
   <div class='ocr_carea' id='block_1_63' title="bbox 499 3339 2086 3410">
    <p class='ocr_par' dir='ltr' id='par_1_63' title="bbox 499 3339 2086 3410">
     <span class='ocr_line' id='line_1_63' title="bbox 499 3339 2086 3410; baseline -0.002 -15"><span class='ocrx_word' id='word_1_505' title='bbox 499 3340 604 3404; x_wconf 92' lang='lat' dir='ltr'><strong>cio,</strong></span> <span class='ocrx_word' id='word_1_506' title='bbox 635 3354 769 3410; x_wconf 91' lang='lat' dir='ltr'><strong>quos</strong></span> <span class='ocrx_word' id='word_1_507' title='bbox 798 3339 1045 3410; x_wconf 77' lang='lat' dir='ltr'><strong>exemplo</strong></span> <span class='ocrx_word' id='word_1_508' title='bbox 1081 3339 1325 3394; x_wconf 87' lang='lat' dir='ltr'><strong>damnati</strong></span> <span class='ocrx_word' id='word_1_509' title='bbox 1352 3339 1546 3410; x_wconf 84' lang='lat' dir='ltr'><strong>angeli,</strong></span> <span class='ocrx_word' id='word_1_510' title='bbox 1581 3355 1650 3395; x_wconf 92' lang='lat' dir='ltr'><strong>ne</strong></span> <span class='ocrx_word' id='word_1_511' title='bbox 1693 3348 1888 3395; x_wconf 91' lang='lat' dir='ltr'><strong>contra</strong></span> <span class='ocrx_word' id='word_1_512' title='bbox 1917 3339 2086 3393; x_wconf 87' lang='lat' dir='ltr'><strong>Deum</strong></span> 
     </span>
    </p>
   </div>
   <div class='ocr_carea' id='block_1_64' title="bbox 497 3429 2084 3500">
    <p class='ocr_par' dir='ltr' id='par_1_64' title="bbox 497 3429 2084 3500">
     <span class='ocr_line' id='line_1_64' title="bbox 497 3429 2084 3500; baseline -0.003 -14"><span class='ocrx_word' id='word_1_513' title='bbox 497 3431 779 3500; x_wconf 85' lang='lat' dir='ltr'><strong>superbire</strong></span> <span class='ocrx_word' id='word_1_514' title='bbox 802 3430 1057 3496; x_wconf 88' lang='lat' dir='ltr'><strong>audeant,</strong></span> <span class='ocrx_word' id='word_1_515' title='bbox 1089 3439 1274 3496; x_wconf 89' lang='lat' dir='ltr'><strong>terret,</strong></span> <span class='ocrx_word' id='word_1_516' title='bbox 1316 3430 1456 3486; x_wconf 91' lang='lat' dir='ltr'><strong>sicut</strong></span> <span class='ocrx_word' id='word_1_517' title='bbox 1483 3429 1650 3486; x_wconf 85' lang='lat' dir='ltr'><strong>Judas</strong></span> <span class='ocrx_word' id='word_1_518' title='bbox 1675 3429 1954 3500; x_wconf 88' lang='lat' dir='ltr'><strong>apostolus</strong></span> <span class='ocrx_word' id='word_1_519' title='bbox 1979 3429 2084 3485; x_wconf 90' lang='lat' dir='ltr'><strong>ait:</strong></span> 
     </span>
    </p>
   </div>
   <div class='ocr_carea' id='block_1_65' title="bbox 509 3521 2087 3594">
    <p class='ocr_par' dir='ltr' id='par_1_65' title="bbox 509 3521 2087 3594">
     <span class='ocr_line' id='line_1_65' title="bbox 509 3521 2087 3594; baseline 0.003 -20"><span class='ocrx_word' id='word_1_520' title='bbox 509 3540 528 3574; x_wconf 77' lang='grc' dir='ltr'><strong>ι</strong></span> <span class='ocrx_word' id='word_1_521' title='bbox 564 3521 818 3593; x_wconf 86' lang='lat' dir='ltr'><strong>Angelos,</strong></span> <span class='ocrx_word' id='word_1_522' title='bbox 850 3521 942 3592; x_wconf 90' lang='lat' dir='ltr'><strong>qui</strong></span> <span class='ocrx_word' id='word_1_523' title='bbox 979 3537 1087 3579; x_wconf 91' lang='lat' dir='ltr'><strong>non</strong></span> <span class='ocrx_word' id='word_1_524' title='bbox 1112 3531 1464 3578; x_wconf 89' lang='lat' dir='ltr'><strong>servaverunt</strong></span> <span class='ocrx_word' id='word_1_525' title='bbox 1493 3538 1648 3578; x_wconf 93' lang='lat' dir='ltr'><strong>suum</strong></span> <span class='ocrx_word' id='word_1_526' title='bbox 1679 3522 2047 3594; x_wconf 90' lang='lat' dir='ltr'><strong>principatum</strong></span> <span class='ocrx_word' id='word_1_527' title='bbox 2071 3563 2087 3589; x_wconf 91' lang='lat'><strong>,</strong></span> 
     </span>
    </p>
   </div>
   <div class='ocr_carea' id='block_1_66' title="bbox 498 3615 2086 3686">
    <p class='ocr_par' dir='ltr' id='par_1_66' title="bbox 498 3615 2086 3686">
     <span class='ocr_line' id='line_1_66' title="bbox 498 3615 2086 3686; baseline 0 -15"><span class='ocrx_word' id='word_1_528' title='bbox 498 3615 595 3672; x_wconf 89' lang='lat' dir='ltr'><strong>sed</strong></span> <span class='ocrx_word' id='word_1_529' title='bbox 626 3616 1032 3686; x_wconf 83' lang='lat' dir='ltr'><strong>dereliquerunt</strong></span> <span class='ocrx_word' id='word_1_530' title='bbox 1060 3632 1216 3671; x_wconf 91' lang='lat' dir='ltr'><strong>suum</strong></span> <span class='ocrx_word' id='word_1_531' title='bbox 1253 3616 1584 3672; x_wconf 87' lang='lat' dir='ltr'><strong>domicilium</strong></span> <span class='ocrx_word' id='word_1_532' title='bbox 1607 3657 1621 3681; x_wconf 90' lang='lat'><strong>,</strong></span> <span class='ocrx_word' id='word_1_533' title='bbox 1649 3616 1704 3671; x_wconf 92' lang='lat' dir='ltr'><strong>in</strong></span> <span class='ocrx_word' id='word_1_534' title='bbox 1732 3615 1940 3684; x_wconf 90' lang='lat' dir='ltr'><strong>judicio</strong></span> <span class='ocrx_word' id='word_1_535' title='bbox 1969 3633 2086 3672; x_wconf 85' lang='lat' dir='ltr'><strong>ma-</strong></span> 
     </span>
    </p>
   </div>
   <div class='ocr_carea' id='block_1_67' title="bbox 494 3703 2089 3776">
    <p class='ocr_par' dir='ltr' id='par_1_67' title="bbox 494 3703 2089 3776">
     <span class='ocr_line' id='line_1_67' title="bbox 494 3703 2089 3776; baseline -0.001 -16"><span class='ocrx_word' id='word_1_536' title='bbox 494 3706 585 3776; x_wconf 83' lang='lat' dir='ltr'><strong>gni</strong></span> <span class='ocrx_word' id='word_1_537' title='bbox 618 3705 714 3762; x_wconf 91' lang='lat' dir='ltr'><strong>Dei</strong></span> <span class='ocrx_word' id='word_1_538' title='bbox 756 3705 1076 3774; x_wconf 80' lang='lat' dir='ltr'><strong>iudicandos</strong></span> <span class='ocrx_word' id='word_1_539' title='bbox 1107 3706 1426 3762; x_wconf 87' lang='lat' dir='ltr'><strong>reservavit.</strong></span> <span class='ocrx_word' id='word_1_540' title='bbox 1463 3726 1482 3758; x_wconf 76' lang='grc' dir='ltr'><strong>ι</strong></span> <span class='ocrx_word' id='word_1_541' title='bbox 1517 3705 1625 3761; x_wconf 89' lang='lat' dir='ltr'><strong>Sed</strong></span> <span class='ocrx_word' id='word_1_542' title='bbox 1650 3703 1776 3776; x_wconf 92' lang='lat' dir='ltr'><strong>quia</strong></span> <span class='ocrx_word' id='word_1_543' title='bbox 1803 3708 1868 3760; x_wconf 91' lang='lat' dir='ltr'><strong>ad</strong></span> <span class='ocrx_word' id='word_1_544' title='bbox 1901 3708 2089 3763; x_wconf 87' lang='lat' dir='ltr'><strong>redar-</strong></span> 
     </span>
    </p>
   </div>
   <div class='ocr_carea' id='block_1_68' title="bbox 493 3787 2087 3868">
    <p class='ocr_par' dir='ltr' id='par_1_68' title="bbox 493 3787 2087 3868">
     <span class='ocr_line' id='line_1_68' title="bbox 493 3787 2087 3868; baseline 0 -16"><span class='ocrx_word' id='word_1_545' title='bbox 493 3797 764 3868; x_wconf 89' lang='lat' dir='ltr'><strong>guendum</strong></span> <span class='ocrx_word' id='word_1_546' title='bbox 777 3797 842 3853; x_wconf 94' lang='lat' dir='ltr'><strong>de</strong></span> <span class='ocrx_word' id='word_1_547' title='bbox 868 3806 1114 3868; x_wconf 84' lang='lat' dir='ltr'><strong>peccato,</strong></span> <span class='ocrx_word' id='word_1_548' title='bbox 1137 3787 1199 3852; x_wconf 90' lang='lat' dir='ltr'><strong>et</strong></span> <span class='ocrx_word' id='word_1_549' title='bbox 1220 3799 1287 3852; x_wconf 91' lang='lat' dir='ltr'><strong>de</strong></span> <span class='ocrx_word' id='word_1_550' title='bbox 1309 3797 1619 3866; x_wconf 90' lang='lat' dir='ltr'><strong>justitia,et</strong></span> <span class='ocrx_word' id='word_1_551' title='bbox 1637 3800 1703 3852; x_wconf 92' lang='lat' dir='ltr'><strong>de</strong></span> <span class='ocrx_word' id='word_1_552' title='bbox 1732 3797 1953 3868; x_wconf 85' lang='lat' dir='ltr'><strong>judicio,</strong></span> <span class='ocrx_word' id='word_1_553' title='bbox 1984 3813 2087 3852; x_wconf 83' lang='lat' dir='ltr'><strong>no-</strong></span> 
     </span>
    </p>
   </div>
   <div class='ocr_carea' id='block_1_69' title="bbox 490 3887 2080 3961">
    <p class='ocr_par' dir='ltr' id='par_1_69' title="bbox 490 3887 2080 3961">
     <span class='ocr_line' id='line_1_69' title="bbox 490 3887 2080 3961; baseline -0.002 -18"><span class='ocrx_word' id='word_1_554' title='bbox 490 3898 646 3945; x_wconf 89' lang='lat' dir='ltr'><strong>verat</strong></span> <span class='ocrx_word' id='word_1_555' title='bbox 665 3889 920 3945; x_wconf 91' lang='lat' dir='ltr'><strong>Dominus</strong></span> <span class='ocrx_word' id='word_1_556' title='bbox 946 3890 1110 3946; x_wconf 91' lang='lat' dir='ltr'><strong>corda</strong></span> <span class='ocrx_word' id='word_1_557' title='bbox 1131 3890 1495 3961; x_wconf 87' lang='lat' dir='ltr'><strong>apostolorum</strong></span> <span class='ocrx_word' id='word_1_558' title='bbox 1511 3890 1686 3944; x_wconf 92' lang='lat' dir='ltr'><strong>adhuc</strong></span> <span class='ocrx_word' id='word_1_559' title='bbox 1706 3903 1825 3944; x_wconf 88' lang='lat' dir='ltr'><strong>esse</strong></span> <span class='ocrx_word' id='word_1_560' title='bbox 1849 3887 2080 3955; x_wconf 81' lang='lat' dir='ltr'><strong>fragilia,</strong></span> 
     </span>
    </p>
   </div>
   <div class='ocr_carea' id='block_1_70' title="bbox 489 3977 2080 4054">
    <p class='ocr_par' dir='ltr' id='par_1_70' title="bbox 489 3977 2080 4054">
     <span class='ocr_line' id='line_1_70' title="bbox 489 3977 2080 4054; baseline -0.004 -18"><span class='ocrx_word' id='word_1_561' title='bbox 489 3998 587 4054; x_wconf 89' lang='lat' dir='ltr'><strong>per</strong></span> <span class='ocrx_word' id='word_1_562' title='bbox 616 3981 852 4054; x_wconf 90' lang='lat' dir='ltr'><strong>Spiritus</strong></span> <span class='ocrx_word' id='word_1_563' title='bbox 885 3982 1060 4038; x_wconf 90' lang='lat' dir='ltr'><strong>sancti</strong></span> <span class='ocrx_word' id='word_1_564' title='bbox 1107 3982 1399 4038; x_wconf 89' lang='lat' dir='ltr'><strong>adventum</strong></span> <span class='ocrx_word' id='word_1_565' title='bbox 1430 3979 1737 4036; x_wconf 86' lang='lat' dir='ltr'><strong>roboranda</strong></span> <span class='ocrx_word' id='word_1_566' title='bbox 1772 3977 2080 4048; x_wconf 90' lang='lat' dir='ltr'><strong>promittit,</strong></span> 
     </span>
    </p>
   </div>
   <div class='ocr_carea' id='block_1_71' title="bbox 494 4077 831 4149">
    <p class='ocr_par' dir='ltr' id='par_1_71' title="bbox 494 4077 831 4149">
     <span class='ocr_line' id='line_1_71' title="bbox 494 4077 831 4149; baseline -0.006 -14"><span class='ocrx_word' id='word_1_567' title='bbox 494 4077 787 4149; x_wconf 89' lang='lat' dir='ltr'><strong>subjiciens</strong></span> <span class='ocrx_word' id='word_1_568' title='bbox 818 4095 831 4133; x_wconf 92' lang='lat'><strong>:</strong></span> 
     </span>
    </p>
   </div>
   <div class='ocr_carea' id='block_1_72' title="bbox 565 4167 2080 4244">
    <p class='ocr_par' dir='ltr' id='par_1_72' title="bbox 565 4167 2080 4244">
     <span class='ocr_line' id='line_1_72' title="bbox 565 4167 2080 4244; baseline -0.005 -20"><span class='ocrx_word' id='word_1_569' title='bbox 565 4191 584 4224; x_wconf 79' lang='grc' dir='ltr'><strong>ι</strong></span> <span class='ocrx_word' id='word_1_570' title='bbox 620 4172 809 4228; x_wconf 83' lang='lat' dir='ltr'><strong>Adhuc</strong></span> <span class='ocrx_word' id='word_1_571' title='bbox 838 4171 1014 4229; x_wconf 90' lang='lat' dir='ltr'><strong>habeo</strong></span> <span class='ocrx_word' id='word_1_572' title='bbox 1041 4171 1210 4227; x_wconf 90' lang='lat' dir='ltr'><strong>multa</strong></span> <span class='ocrx_word' id='word_1_573' title='bbox 1240 4170 1395 4226; x_wconf 87' lang='lat' dir='ltr'><strong>vobis</strong></span> <span class='ocrx_word' id='word_1_574' title='bbox 1419 4168 1624 4232; x_wconf 87' lang='lat' dir='ltr'><strong>dicere,</strong></span> <span class='ocrx_word' id='word_1_575' title='bbox 1654 4167 1757 4244; x_wconf 89' lang='lat' dir='ltr'><strong>sed</strong></span> <span class='ocrx_word' id='word_1_576' title='bbox 1783 4180 1893 4221; x_wconf 89' lang='lat' dir='ltr'><strong>non</strong></span> <span class='ocrx_word' id='word_1_577' title='bbox 1923 4171 2080 4234; x_wconf 92' lang='lat' dir='ltr'><strong>pote-</strong></span> 
     </span>
    </p>
   </div>
   <div class='ocr_carea' id='block_1_73' title="bbox 494 4255 2080 4335">
    <p class='ocr_par' dir='ltr' id='par_1_73' title="bbox 494 4255 2080 4335">
     <span class='ocr_line' id='line_1_73' title="bbox 494 4255 2080 4335; baseline -0.004 -18"><span class='ocrx_word' id='word_1_578' title='bbox 494 4280 512 4316; x_wconf 81' lang='grc' dir='ltr'><strong>ι</strong></span> <span class='ocrx_word' id='word_1_579' title='bbox 555 4264 656 4318; x_wconf 89' lang='lat' dir='ltr'><strong>stis</strong></span> <span class='ocrx_word' id='word_1_580' title='bbox 682 4272 902 4335; x_wconf 89' lang='lat' dir='ltr'><strong>portare</strong></span> <span class='ocrx_word' id='word_1_581' title='bbox 922 4263 1104 4319; x_wconf 92' lang='lat' dir='ltr'><strong>modo.</strong></span> <span class='ocrx_word' id='word_1_582' title='bbox 1127 4261 1262 4317; x_wconf 89' lang='lat' dir='ltr'><strong>Cum</strong></span> <span class='ocrx_word' id='word_1_583' title='bbox 1292 4268 1472 4315; x_wconf 90' lang='lat' dir='ltr'><strong>autem</strong></span> <span class='ocrx_word' id='word_1_584' title='bbox 1490 4256 1816 4313; x_wconf 70' lang='lat' dir='ltr'><strong>venerit‘ille</strong></span> <span class='ocrx_word' id='word_1_585' title='bbox 1845 4255 2080 4327; x_wconf 87' lang='lat' dir='ltr'><strong>Spiritus</strong></span> 
     </span>
    </p>
   </div>
   <div class='ocr_carea' id='block_1_74' title="bbox 495 4348 2080 4425">
    <p class='ocr_par' dir='ltr' id='par_1_74' title="bbox 495 4348 2080 4425">
     <span class='ocr_line' id='line_1_74' title="bbox 495 4348 2080 4425; baseline -0.002 -19"><span class='ocrx_word' id='word_1_586' title='bbox 495 4375 513 4406; x_wconf 74' lang='grc' dir='ltr'><strong>ι</strong></span> <span class='ocrx_word' id='word_1_587' title='bbox 556 4355 820 4412; x_wconf 88' lang='lat' dir='ltr'><strong>veritatis.</strong></span> <span class='ocrx_word' id='word_1_588' title='bbox 854 4376 874 4409; x_wconf 75' lang='grc' dir='ltr'><strong>ι</strong></span> <span class='ocrx_word' id='word_1_589' title='bbox 911 4355 1145 4425; x_wconf 90' lang='lat' dir='ltr'><strong>Spiritus</strong></span> <span class='ocrx_word' id='word_1_590' title='bbox 1189 4353 1435 4408; x_wconf 83' lang='lat' dir='ltr'><strong>veritatis</strong></span> <span class='ocrx_word' id='word_1_591' title='bbox 1461 4350 1678 4417; x_wconf 91' lang='lat' dir='ltr'><strong>dicitur,</strong></span> <span class='ocrx_word' id='word_1_592' title='bbox 1711 4349 1839 4421; x_wconf 89' lang='lat' dir='ltr'><strong>quia</strong></span> <span class='ocrx_word' id='word_1_593' title='bbox 1864 4365 1894 4404; x_wconf 94' lang='lat' dir='ltr'><strong>a</strong></span> <span class='ocrx_word' id='word_1_594' title='bbox 1915 4348 2080 4404; x_wconf 90' lang='lat' dir='ltr'><strong>Patre</strong></span> 
     </span>
    </p>
   </div>
   <div class='ocr_carea' id='block_1_75' title="bbox 488 4441 2079 4517">
    <p class='ocr_par' dir='ltr' id='par_1_75' title="bbox 488 4441 2079 4517">
     <span class='ocr_line' id='line_1_75' title="bbox 488 4441 2079 4517; baseline -0.003 -16"><span class='ocrx_word' id='word_1_595' title='bbox 488 4448 735 4504; x_wconf 88' lang='lat' dir='ltr'><strong>veritatis</strong></span> <span class='ocrx_word' id='word_1_596' title='bbox 764 4447 1026 4517; x_wconf 90' lang='lat' dir='ltr'><strong>procedit.</strong></span> <span class='ocrx_word' id='word_1_597' title='bbox 1049 4445 1203 4512; x_wconf 86' lang='lat' dir='ltr'><strong>Quod</strong></span> <span class='ocrx_word' id='word_1_598' title='bbox 1231 4451 1415 4498; x_wconf 89' lang='lat' dir='ltr'><strong>autem</strong></span> <span class='ocrx_word' id='word_1_599' title='bbox 1438 4441 1716 4512; x_wconf 85' lang='lat' dir='ltr'><strong>subjungit</strong></span> <span class='ocrx_word' id='word_1_600' title='bbox 1743 4460 1756 4496; x_wconf 88' lang='lat'><strong>:</strong></span> <span class='ocrx_word' id='word_1_601' title='bbox 1795 4460 1814 4493; x_wconf 82' lang='grc' dir='ltr'><strong>ι</strong></span> <span class='ocrx_word' id='word_1_602' title='bbox 1857 4441 2079 4497; x_wconf 90' lang='lat' dir='ltr'><strong>Docebit</strong></span> 
     </span>
    </p>
   </div>
   <div class='ocr_carea' id='block_1_76' title="bbox 495 4532 2071 4604">
    <p class='ocr_par' dir='ltr' id='par_1_76' title="bbox 495 4532 2071 4604">
     <span class='ocr_line' id='line_1_76' title="bbox 495 4532 2071 4604; baseline -0.001 -14"><span class='ocrx_word' id='word_1_603' title='bbox 495 4557 514 4590; x_wconf 76' lang='grc' dir='ltr'><strong>ι</strong></span> <span class='ocrx_word' id='word_1_604' title='bbox 545 4555 640 4595; x_wconf 91' lang='lat' dir='ltr'><strong>vos</strong></span> <span class='ocrx_word' id='word_1_605' title='bbox 661 4554 878 4596; x_wconf 92' lang='lat' dir='ltr'><strong>omnem</strong></span> <span class='ocrx_word' id='word_1_606' title='bbox 905 4536 1213 4601; x_wconf 88' lang='lat' dir='ltr'><strong>veritatem,</strong></span> <span class='ocrx_word' id='word_1_607' title='bbox 1239 4551 1256 4584; x_wconf 79' lang='grc' dir='ltr'><strong>ι</strong></span> <span class='ocrx_word' id='word_1_608' title='bbox 1285 4549 1393 4588; x_wconf 90' lang='lat' dir='ltr'><strong>non</strong></span> <span class='ocrx_word' id='word_1_609' title='bbox 1423 4532 1598 4588; x_wconf 90' lang='lat' dir='ltr'><strong>solum</strong></span> <span class='ocrx_word' id='word_1_610' title='bbox 1629 4534 1698 4589; x_wconf 87' lang='lat' dir='ltr'><strong>ad</strong></span> <span class='ocrx_word' id='word_1_611' title='bbox 1722 4543 2071 4604; x_wconf 55' lang='lat' dir='ltr'><strong>praesentem,</strong></span> 
     </span>
    </p>
   </div>
   <div class='ocr_carea' id='block_1_77' title="bbox 486 4624 2072 4696">
    <p class='ocr_par' dir='ltr' id='par_1_77' title="bbox 486 4624 2072 4696">
     <span class='ocr_line' id='line_1_77' title="bbox 486 4624 2072 4696; baseline -0.003 -9"><span class='ocrx_word' id='word_1_612' title='bbox 486 4631 581 4686; x_wconf 90' lang='lat' dir='ltr'><strong>sed</strong></span> <span class='ocrx_word' id='word_1_613' title='bbox 625 4632 787 4686; x_wconf 90' lang='lat' dir='ltr'><strong>etiam</strong></span> <span class='ocrx_word' id='word_1_614' title='bbox 823 4628 892 4682; x_wconf 89' lang='lat' dir='ltr'><strong>ad</strong></span> <span class='ocrx_word' id='word_1_615' title='bbox 936 4627 1175 4679; x_wconf 88' lang='lat' dir='ltr'><strong>futuram</strong></span> <span class='ocrx_word' id='word_1_616' title='bbox 1219 4624 1390 4680; x_wconf 88' lang='lat' dir='ltr'><strong>vitam</strong></span> <span class='ocrx_word' id='word_1_617' title='bbox 1437 4626 1689 4696; x_wconf 91' lang='lat' dir='ltr'><strong>pertinet.</strong></span> <span class='ocrx_word' id='word_1_618' title='bbox 1723 4625 1912 4682; x_wconf 85' lang='lat' dir='ltr'><strong>Nullus</strong></span> <span class='ocrx_word' id='word_1_619' title='bbox 1961 4633 2072 4682; x_wconf 90' lang='lat' dir='ltr'><strong>tam</strong></span> 
     </span>
    </p>
   </div>
   <div class='ocr_carea' id='block_1_78' title="bbox 485 4716 2074 4796">
    <p class='ocr_par' dir='ltr' id='par_1_78' title="bbox 485 4716 2074 4796">
     <span class='ocr_line' id='line_1_78' title="bbox 485 4716 2074 4796; baseline -0.004 -16"><span class='ocrx_word' id='word_1_620' title='bbox 485 4723 757 4796; x_wconf 86' lang='lat' dir='ltr'><strong>perfectus</strong></span> <span class='ocrx_word' id='word_1_621' title='bbox 783 4721 836 4775; x_wconf 91' lang='lat' dir='ltr'><strong>in</strong></span> <span class='ocrx_word' id='word_1_622' title='bbox 859 4716 1114 4789; x_wconf 70' lang='lat' dir='ltr'><strong>praesenti</strong></span> <span class='ocrx_word' id='word_1_623' title='bbox 1133 4716 1244 4772; x_wconf 90' lang='lat' dir='ltr'><strong>vita</strong></span> <span class='ocrx_word' id='word_1_624' title='bbox 1287 4732 1410 4774; x_wconf 87' lang='lat' dir='ltr'><strong>esse</strong></span> <span class='ocrx_word' id='word_1_625' title='bbox 1435 4724 1616 4787; x_wconf 89' lang='lat' dir='ltr'><strong>potest</strong></span> <span class='ocrx_word' id='word_1_626' title='bbox 1651 4728 1711 4773; x_wconf 87' lang='lat' dir='ltr'><strong>ut</strong></span> <span class='ocrx_word' id='word_1_627' title='bbox 1737 4733 1956 4774; x_wconf 92' lang='lat' dir='ltr'><strong>omnem</strong></span> <span class='ocrx_word' id='word_1_628' title='bbox 1981 4733 2074 4774; x_wconf 84' lang='lat' dir='ltr'><strong>ve-</strong></span> 
     </span>
    </p>
   </div>
   <div class='ocr_carea' id='block_1_79' title="bbox 485 4811 2071 4884">
    <p class='ocr_par' dir='ltr' id='par_1_79' title="bbox 485 4811 2071 4884">
     <span class='ocr_line' id='line_1_79' title="bbox 485 4811 2071 4884; baseline -0.004 -10"><span class='ocrx_word' id='word_1_629' title='bbox 485 4819 699 4874; x_wconf 89' lang='lat' dir='ltr'><strong>ritatem</strong></span> <span class='ocrx_word' id='word_1_630' title='bbox 731 4826 926 4882; x_wconf 87' lang='lat' dir='ltr'><strong>capere</strong></span> <span class='ocrx_word' id='word_1_631' title='bbox 967 4811 1152 4882; x_wconf 91' lang='lat' dir='ltr'><strong>possit,</strong></span> <span class='ocrx_word' id='word_1_632' title='bbox 1191 4812 1426 4868; x_wconf 76' lang='lat' dir='ltr'><strong>maxime</strong></span> <span class='ocrx_word' id='word_1_633' title='bbox 1473 4828 1594 4867; x_wconf 93' lang='lat' dir='ltr'><strong>cum</strong></span> <span class='ocrx_word' id='word_1_634' title='bbox 1627 4813 1903 4884; x_wconf 88' lang='lat' dir='ltr'><strong>apostolus</strong></span> <span class='ocrx_word' id='word_1_635' title='bbox 1926 4812 2071 4868; x_wconf 86' lang='lat' dir='ltr'><strong>Pau-</strong></span> 
     </span>
    </p>
   </div>
   <div class='ocr_carea' id='block_1_80' title="bbox 485 4905 2070 4978">
    <p class='ocr_par' dir='ltr' id='par_1_80' title="bbox 485 4905 2070 4978">
     <span class='ocr_line' id='line_1_80' title="bbox 485 4905 2070 4978; baseline -0.004 -13"><span class='ocrx_word' id='word_1_636' title='bbox 485 4912 587 4975; x_wconf 91' lang='lat' dir='ltr'><strong>lus,</strong></span> <span class='ocrx_word' id='word_1_637' title='bbox 612 4908 703 4978; x_wconf 91' lang='lat' dir='ltr'><strong>qui</strong></span> <span class='ocrx_word' id='word_1_638' title='bbox 725 4914 909 4978; x_wconf 89' lang='lat' dir='ltr'><strong>raptus</strong></span> <span class='ocrx_word' id='word_1_639' title='bbox 929 4919 1098 4975; x_wconf 89' lang='lat' dir='ltr'><strong>usque</strong></span> <span class='ocrx_word' id='word_1_640' title='bbox 1120 4905 1187 4961; x_wconf 90' lang='lat' dir='ltr'><strong>ad</strong></span> <span class='ocrx_word' id='word_1_641' title='bbox 1213 4905 1432 4961; x_wconf 87' lang='lat' dir='ltr'><strong>tertium</strong></span> <span class='ocrx_word' id='word_1_642' title='bbox 1454 4905 1650 4961; x_wconf 70' lang='lat' dir='ltr'><strong>caalum</strong></span> <span class='ocrx_word' id='word_1_643' title='bbox 1681 4905 1875 4972; x_wconf 90' lang='lat' dir='ltr'><strong>fuerat,</strong></span> <span class='ocrx_word' id='word_1_644' title='bbox 1892 4907 2070 4961; x_wconf 90' lang='lat' dir='ltr'><strong>dicat:</strong></span> 
     </span>
    </p>
   </div>
   <div class='ocr_carea' id='block_1_81' title="bbox 489 4998 2072 5071">
    <p class='ocr_par' dir='ltr' id='par_1_81' title="bbox 489 4998 2072 5071">
     <span class='ocr_line' id='line_1_81' title="bbox 489 4998 2072 5071; baseline -0.003 -13"><span class='ocrx_word' id='word_1_645' title='bbox 489 5025 508 5057; x_wconf 74' lang='grc' dir='ltr'><strong>ι</strong></span> <span class='ocrx_word' id='word_1_646' title='bbox 542 5003 620 5058; x_wconf 77' lang='lat' dir='ltr'><strong>Ex</strong></span> <span class='ocrx_word' id='word_1_647' title='bbox 647 5009 804 5070; x_wconf 92' lang='lat' dir='ltr'><strong>parte</strong></span> <span class='ocrx_word' id='word_1_648' title='bbox 832 5000 977 5055; x_wconf 88' lang='lat' dir='ltr'><strong>enim</strong></span> <span class='ocrx_word' id='word_1_649' title='bbox 1005 4998 1404 5071; x_wconf 87' lang='lat' dir='ltr'><strong>cognoscimus,</strong></span> <span class='ocrx_word' id='word_1_650' title='bbox 1449 5007 1503 5055; x_wconf 90' lang='lat' dir='ltr'><strong>et</strong></span> <span class='ocrx_word' id='word_1_651' title='bbox 1531 5014 1599 5055; x_wconf 83' lang='lat' dir='ltr'><strong>ex</strong></span> <span class='ocrx_word' id='word_1_652' title='bbox 1640 5008 1794 5070; x_wconf 90' lang='lat' dir='ltr'><strong>parte</strong></span> <span class='ocrx_word' id='word_1_653' title='bbox 1835 5000 2072 5070; x_wconf 87' lang='lat' dir='ltr'><strong>prophe-</strong></span> 
     </span>
    </p>
   </div>
   <div class='ocr_carea' id='block_1_82' title="bbox 487 5090 2075 5162">
    <p class='ocr_par' dir='ltr' id='par_1_82' title="bbox 487 5090 2075 5162">
     <span class='ocr_line' id='line_1_82' title="bbox 487 5090 2075 5162; baseline -0.005 -12"><span class='ocrx_word' id='word_1_654' title='bbox 487 5103 664 5150; x_wconf 89' lang='lat' dir='ltr'><strong>tamns</strong></span> <span class='ocrx_word' id='word_1_655' title='bbox 686 5091 737 5162; x_wconf 90' lang='grc'><strong>(1</strong></span> <span class='ocrx_word' id='word_1_656' title='bbox 761 5090 887 5147; x_wconf 82' lang='lat' dir='ltr'><strong>Cor.</strong></span> <span class='ocrx_word' id='word_1_657' title='bbox 912 5090 1076 5162; x_wconf 77' lang='lat' dir='ltr'><strong>xm);</strong></span> <span class='ocrx_word' id='word_1_658' title='bbox 1115 5111 1134 5145; x_wconf 75' lang='grc' dir='ltr'><strong>ι</strong></span> <span class='ocrx_word' id='word_1_659' title='bbox 1163 5100 1218 5148; x_wconf 92' lang='lat' dir='ltr'><strong>et</strong></span> <span class='ocrx_word' id='word_1_660' title='bbox 1253 5091 1541 5148; x_wconf 87' lang='lat' dir='ltr'><strong>Psalmista</strong></span> <span class='ocrx_word' id='word_1_661' title='bbox 1571 5109 1582 5145; x_wconf 94' lang='lat'><strong>:</strong></span> <span class='ocrx_word' id='word_1_662' title='bbox 1619 5111 1636 5143; x_wconf 78' lang='grc' dir='ltr'><strong>ι</strong></span> <span class='ocrx_word' id='word_1_663' title='bbox 1687 5090 2075 5144; x_wconf 83' lang='lat' dir='ltr'><strong>Existimabam</strong></span> 
     </span>
    </p>
   </div>
   <div class='ocr_carea' id='block_1_83' title="bbox 484 5180 2072 5257">
    <p class='ocr_par' dir='ltr' id='par_1_83' title="bbox 484 5180 2072 5257">
     <span class='ocr_line' id='line_1_83' title="bbox 484 5180 2072 5257; baseline -0.004 -17"><span class='ocrx_word' id='word_1_664' title='bbox 484 5194 544 5240; x_wconf 94' lang='lat' dir='ltr'><strong>ut</strong></span> <span class='ocrx_word' id='word_1_665' title='bbox 567 5198 953 5255; x_wconf 88' lang='lat' dir='ltr'><strong>cognoscerem</strong></span> <span class='ocrx_word' id='word_1_666' title='bbox 971 5184 1096 5251; x_wconf 86' lang='lat' dir='ltr'><strong>hoc,</strong></span> <span class='ocrx_word' id='word_1_667' title='bbox 1123 5183 1276 5240; x_wconf 89' lang='lat' dir='ltr'><strong>labor</strong></span> <span class='ocrx_word' id='word_1_668' title='bbox 1297 5193 1383 5239; x_wconf 92' lang='lat' dir='ltr'><strong>est</strong></span> <span class='ocrx_word' id='word_1_669' title='bbox 1408 5192 1534 5238; x_wconf 89' lang='lat' dir='ltr'><strong>ante</strong></span> <span class='ocrx_word' id='word_1_670' title='bbox 1561 5197 1666 5248; x_wconf 91' lang='lat' dir='ltr'><strong>me,</strong></span> <span class='ocrx_word' id='word_1_671' title='bbox 1686 5182 1856 5236; x_wconf 92' lang='lat' dir='ltr'><strong>donec</strong></span> <span class='ocrx_word' id='word_1_672' title='bbox 1878 5180 2072 5257; x_wconf 84' lang='lat' dir='ltr'><strong>intrem</strong></span> 
     </span>
    </p>
   </div>
   <div class='ocr_carea' id='block_1_84' title="bbox 483 5269 2073 5342">
    <p class='ocr_par' dir='ltr' id='par_1_84' title="bbox 483 5269 2073 5342">
     <span class='ocr_line' id='line_1_84' title="bbox 483 5269 2073 5342; baseline -0.004 -12"><span class='ocrx_word' id='word_1_673' title='bbox 483 5275 537 5330; x_wconf 91' lang='lat' dir='ltr'><strong>in</strong></span> <span class='ocrx_word' id='word_1_674' title='bbox 568 5275 935 5330; x_wconf 90' lang='lat' dir='ltr'><strong>sanctuarium</strong></span> <span class='ocrx_word' id='word_1_675' title='bbox 965 5273 1060 5330; x_wconf 90' lang='lat' dir='ltr'><strong>Dei</strong></span> <span class='ocrx_word' id='word_1_676' title='bbox 1088 5315 1102 5340; x_wconf 95' lang='lat'><strong>,</strong></span> <span class='ocrx_word' id='word_1_677' title='bbox 1136 5282 1192 5329; x_wconf 91' lang='lat' dir='ltr'><strong>et</strong></span> <span class='ocrx_word' id='word_1_678' title='bbox 1218 5273 1512 5342; x_wconf 87' lang='lat' dir='ltr'><strong>intelligam</strong></span> <span class='ocrx_word' id='word_1_679' title='bbox 1546 5271 1599 5324; x_wconf 90' lang='lat' dir='ltr'><strong>in</strong></span> <span class='ocrx_word' id='word_1_680' title='bbox 1645 5269 1951 5324; x_wconf 88' lang='lat' dir='ltr'><strong>novissimis</strong></span> <span class='ocrx_word' id='word_1_681' title='bbox 1982 5285 2073 5324; x_wconf 87' lang='lat' dir='ltr'><strong>eo-</strong></span> 
     </span>
    </p>
   </div>
   <div class='ocr_carea' id='block_1_85' title="bbox 483 5359 2070 5436">
    <p class='ocr_par' dir='ltr' id='par_1_85' title="bbox 483 5359 2070 5436">
     <span class='ocr_line' id='line_1_85' title="bbox 483 5359 2070 5436; baseline -0.004 -16"><span class='ocrx_word' id='word_1_682' title='bbox 483 5380 604 5420; x_wconf 90' lang='lat' dir='ltr'><strong>rum</strong></span> <span class='ocrx_word' id='word_1_683' title='bbox 635 5363 808 5434; x_wconf 81' lang='lat' dir='ltr'><strong>(Psal.</strong></span> <span class='ocrx_word' id='word_1_684' title='bbox 838 5365 1030 5436; x_wconf 73' lang='grc' dir='ltr'><strong>ωιχιι).</strong></span> <span class='ocrx_word' id='word_1_685' title='bbox 1068 5383 1086 5413; x_wconf 77' lang='grc' dir='ltr'><strong>ι</strong></span> <span class='ocrx_word' id='word_1_686' title='bbox 1123 5362 1343 5417; x_wconf 88' lang='lat' dir='ltr'><strong>Docebit</strong></span> <span class='ocrx_word' id='word_1_687' title='bbox 1389 5377 1484 5414; x_wconf 89' lang='lat' dir='ltr'><strong>vos</strong></span> <span class='ocrx_word' id='word_1_688' title='bbox 1524 5375 1654 5428; x_wconf 85' lang='lat' dir='ltr'><strong>ergo</strong></span> <span class='ocrx_word' id='word_1_689' title='bbox 1684 5374 1898 5413; x_wconf 86' lang='lat' dir='ltr'><strong>onmem</strong></span> <span class='ocrx_word' id='word_1_690' title='bbox 1926 5359 2070 5414; x_wconf 87' lang='lat' dir='ltr'><strong>veri-</strong></span> 
     </span>
    </p>
   </div>
   <div class='ocr_carea' id='block_1_86' title="bbox 484 5447 2068 5528">
    <p class='ocr_par' dir='ltr' id='par_1_86' title="bbox 484 5447 2068 5528">
     <span class='ocr_line' id='line_1_86' title="bbox 484 5447 2068 5528; baseline -0.006 -16"><span class='ocrx_word' id='word_1_691' title='bbox 484 5465 672 5522; x_wconf 86' lang='lat' dir='ltr'><strong>tatem,</strong></span> <span class='ocrx_word' id='word_1_692' title='bbox 699 5457 825 5526; x_wconf 88' lang='lat' dir='ltr'><strong>quia</strong></span> <span class='ocrx_word' id='word_1_693' title='bbox 854 5455 999 5528; x_wconf 92' lang='lat' dir='ltr'><strong>quod</strong></span> <span class='ocrx_word' id='word_1_694' title='bbox 1028 5453 1206 5506; x_wconf 87' lang='lat' dir='ltr'><strong>minus</strong></span> <span class='ocrx_word' id='word_1_695' title='bbox 1231 5452 1458 5520; x_wconf 91' lang='lat' dir='ltr'><strong>quisque</strong></span> <span class='ocrx_word' id='word_1_696' title='bbox 1489 5449 1662 5504; x_wconf 85' lang='lat' dir='ltr'><strong>fidelis</strong></span> <span class='ocrx_word' id='word_1_697' title='bbox 1690 5447 1757 5503; x_wconf 90' lang='lat' dir='ltr'><strong>de</strong></span> <span class='ocrx_word' id='word_1_698' title='bbox 1775 5447 1886 5503; x_wconf 90' lang='lat' dir='ltr'><strong>Deo</strong></span> <span class='ocrx_word' id='word_1_699' title='bbox 1914 5449 2068 5505; x_wconf 91' lang='lat' dir='ltr'><strong>intel-</strong></span> 
     </span>
    </p>
   </div>
   <div class='ocr_carea' id='block_1_87' title="bbox 478 5542 2067 5625">
    <p class='ocr_par' dir='ltr' id='par_1_87' title="bbox 478 5542 2067 5625">
     <span class='ocr_line' id='line_1_87' title="bbox 478 5542 2067 5625; baseline -0.006 -17"><span class='ocrx_word' id='word_1_700' title='bbox 478 5547 614 5625; x_wconf 84' lang='lat' dir='ltr'><strong>ligit,</strong></span> <span class='ocrx_word' id='word_1_701' title='bbox 646 5551 698 5605; x_wconf 92' lang='lat' dir='ltr'><strong>in</strong></span> <span class='ocrx_word' id='word_1_702' title='bbox 727 5550 910 5604; x_wconf 85' lang='lat' dir='ltr'><strong>futura</strong></span> <span class='ocrx_word' id='word_1_703' title='bbox 942 5546 1054 5600; x_wconf 87' lang='lat' dir='ltr'><strong>vita</strong></span> <span class='ocrx_word' id='word_1_704' title='bbox 1075 5543 1368 5614; x_wconf 80' lang='lat' dir='ltr'><strong>perfectius</strong></span> <span class='ocrx_word' id='word_1_705' title='bbox 1396 5542 1634 5612; x_wconf 90' lang='lat' dir='ltr'><strong>Spiritus</strong></span> <span class='ocrx_word' id='word_1_706' title='bbox 1667 5553 1890 5600; x_wconf 89' lang='lat' dir='ltr'><strong>sanctus</strong></span> <span class='ocrx_word' id='word_1_707' title='bbox 1911 5544 2067 5599; x_wconf 88' lang='lat' dir='ltr'><strong>intel-</strong></span> 
     </span>
    </p>
   </div>
   <div class='ocr_carea' id='block_1_88' title="bbox 481 5636 2064 5716">
    <p class='ocr_par' dir='ltr' id='par_1_88' title="bbox 481 5636 2064 5716">
     <span class='ocr_line' id='line_1_88' title="bbox 481 5636 2064 5716; baseline -0.003 -18"><span class='ocrx_word' id='word_1_708' title='bbox 481 5643 650 5716; x_wconf 82' lang='lat' dir='ltr'><strong>ligere</strong></span> <span class='ocrx_word' id='word_1_709' title='bbox 705 5640 900 5703; x_wconf 83' lang='lat' dir='ltr'><strong>faciet,</strong></span> <span class='ocrx_word' id='word_1_710' title='bbox 953 5636 1100 5707; x_wconf 91' lang='lat' dir='ltr'><strong>quia,</strong></span> <span class='ocrx_word' id='word_1_711' title='bbox 1145 5637 1289 5692; x_wconf 89' lang='lat' dir='ltr'><strong>sicut</strong></span> <span class='ocrx_word' id='word_1_712' title='bbox 1342 5637 1419 5692; x_wconf 89' lang='lat' dir='ltr'><strong>ait</strong></span> <span class='ocrx_word' id='word_1_713' title='bbox 1463 5636 1751 5708; x_wconf 82' lang='lat' dir='ltr'><strong>Apostolus</strong></span> <span class='ocrx_word' id='word_1_714' title='bbox 1795 5654 1808 5692; x_wconf 92' lang='lat'><strong>:</strong></span> <span class='ocrx_word' id='word_1_715' title='bbox 1848 5657 1866 5689; x_wconf 79' lang='grc' dir='ltr'><strong>ι</strong></span> <span class='ocrx_word' id='word_1_716' title='bbox 1915 5636 2064 5694; x_wconf 86' lang='lat' dir='ltr'><strong>Nunc</strong></span> 
     </span>
    </p>
   </div>
   <div class='ocr_carea' id='block_1_89' title="bbox 481 5727 2064 5802">
    <p class='ocr_par' dir='ltr' id='par_1_89' title="bbox 481 5727 2064 5802">
     <span class='ocr_line' id='line_1_89' title="bbox 481 5727 2064 5802; baseline 0.001 -16"><span class='ocrx_word' id='word_1_717' title='bbox 481 5734 726 5788; x_wconf 87' lang='lat' dir='ltr'><strong>videmus</strong></span> <span class='ocrx_word' id='word_1_718' title='bbox 746 5745 842 5798; x_wconf 91' lang='lat' dir='ltr'><strong>per</strong></span> <span class='ocrx_word' id='word_1_719' title='bbox 863 5727 1140 5800; x_wconf 90' lang='lat' dir='ltr'><strong>speculum</strong></span> <span class='ocrx_word' id='word_1_720' title='bbox 1164 5728 1218 5783; x_wconf 91' lang='lat' dir='ltr'><strong>in</strong></span> <span class='ocrx_word' id='word_1_721' title='bbox 1245 5729 1550 5802; x_wconf 83' lang='lat' dir='ltr'><strong>aenigmate,</strong></span> <span class='ocrx_word' id='word_1_722' title='bbox 1579 5738 1706 5786; x_wconf 90' lang='lat' dir='ltr'><strong>tunc</strong></span> <span class='ocrx_word' id='word_1_723' title='bbox 1725 5738 1908 5788; x_wconf 90' lang='lat' dir='ltr'><strong>autem</strong></span> <span class='ocrx_word' id='word_1_724' title='bbox 1928 5731 2064 5787; x_wconf 92' lang='lat' dir='ltr'><strong>facie</strong></span> 
     </span>
    </p>
   </div>
   <div class='ocr_carea' id='block_1_90' title="bbox 483 5819 2062 5893">
    <p class='ocr_par' dir='ltr' id='par_1_90' title="bbox 483 5819 2062 5893">
     <span class='ocr_line' id='line_1_90' title="bbox 483 5819 2062 5893; baseline 0 -14"><span class='ocrx_word' id='word_1_725' title='bbox 483 5825 547 5880; x_wconf 84' lang='lat' dir='ltr'><strong>ad</strong></span> <span class='ocrx_word' id='word_1_726' title='bbox 579 5821 767 5878; x_wconf 87' lang='lat' dir='ltr'><strong>faciem</strong></span> <span class='ocrx_word' id='word_1_727' title='bbox 799 5819 846 5893; x_wconf 88' lang='grc' dir='ltr'><strong>(ι</strong></span> <span class='ocrx_word' id='word_1_728' title='bbox 877 5819 1000 5878; x_wconf 86' lang='lat' dir='ltr'><strong>Cor.</strong></span> <span class='ocrx_word' id='word_1_729' title='bbox 1035 5819 1171 5893; x_wconf 81' lang='lat' dir='ltr'><strong>xm).</strong></span> <span class='ocrx_word' id='word_1_730' title='bbox 1209 5837 1227 5873; x_wconf 77' lang='grc' dir='ltr'><strong>ι</strong></span> <span class='ocrx_word' id='word_1_731' title='bbox 1257 5819 1348 5878; x_wconf 88' lang='lat' dir='ltr'><strong>Vel</strong></span> <span class='ocrx_word' id='word_1_732' title='bbox 1369 5831 1518 5878; x_wconf 90' lang='lat' dir='ltr'><strong>certe</strong></span> <span class='ocrx_word' id='word_1_733' title='bbox 1533 5822 1674 5893; x_wconf 89' lang='lat' dir='ltr'><strong>quod</strong></span> <span class='ocrx_word' id='word_1_734' title='bbox 1701 5822 1776 5878; x_wconf 89' lang='lat' dir='ltr'><strong>ait</strong></span> <span class='ocrx_word' id='word_1_735' title='bbox 1807 5841 1860 5876; x_wconf 70' lang='grc' dir='ltr'><strong>Ζ(</strong></span> <span class='ocrx_word' id='word_1_736' title='bbox 1894 5824 2062 5879; x_wconf 86' lang='lat' dir='ltr'><strong>Doce-</strong></span> 
     </span>
    </p>
   </div>
   <div class='ocr_carea' id='block_1_91' title="bbox 2102 4587 2154 4647">
    <p class='ocr_par' dir='ltr' id='par_1_91' title="bbox 2102 4587 2154 4647">
     <span class='ocr_line' id='line_1_91' title="bbox 2102 4587 2154 4647; baseline 0 0"><span class='ocrx_word' id='word_1_737' title='bbox 2102 4587 2154 4647; x_wconf 90' lang='lat' dir='ltr'><strong>D</strong></span> 
     </span>
    </p>
   </div>
   <div class='ocr_carea' id='block_1_92' title="bbox 2193 3331 3769 3408">
    <p class='ocr_par' dir='ltr' id='par_1_92' title="bbox 2193 3331 3769 3408">
     <span class='ocr_line' id='line_1_92' title="bbox 2193 3331 3769 3408; baseline 0.004 -24"><span class='ocrx_word' id='word_1_738' title='bbox 2193 3331 2293 3402; x_wconf 88' lang='lat' dir='ltr'><strong>1v).</strong></span> <span class='ocrx_word' id='word_1_739' title='bbox 2350 3352 2368 3384; x_wconf 79' lang='grc' dir='ltr'><strong>ι</strong></span> <span class='ocrx_word' id='word_1_740' title='bbox 2404 3331 2738 3390; x_wconf 89' lang='lat' dir='ltr'><strong>Clariﬁcavit</strong></span> <span class='ocrx_word' id='word_1_741' title='bbox 2779 3336 2948 3392; x_wconf 90' lang='lat' dir='ltr'><strong>etiam</strong></span> <span class='ocrx_word' id='word_1_742' title='bbox 2997 3337 3233 3408; x_wconf 81' lang='lat' dir='ltr'><strong>Spiritus</strong></span> <span class='ocrx_word' id='word_1_743' title='bbox 3287 3347 3510 3394; x_wconf 90' lang='lat' dir='ltr'><strong>sanctus</strong></span> <span class='ocrx_word' id='word_1_744' title='bbox 3555 3338 3769 3399; x_wconf 90' lang='lat' dir='ltr'><strong>Filium,</strong></span> 
     </span>
    </p>
   </div>
   <div class='ocr_carea' id='block_1_93' title="bbox 2192 3425 3769 3501">
    <p class='ocr_par' dir='ltr' id='par_1_93' title="bbox 2192 3425 3769 3501">
     <span class='ocr_line' id='line_1_93' title="bbox 2192 3425 3769 3501; baseline 0.004 -23"><span class='ocrx_word' id='word_1_745' title='bbox 2192 3425 2410 3494; x_wconf 90' lang='lat' dir='ltr'><strong>quando</strong></span> <span class='ocrx_word' id='word_1_746' title='bbox 2441 3428 2510 3483; x_wconf 92' lang='lat' dir='ltr'><strong>ab</strong></span> <span class='ocrx_word' id='word_1_747' title='bbox 2554 3442 2620 3484; x_wconf 92' lang='lat' dir='ltr'><strong>eo</strong></span> <span class='ocrx_word' id='word_1_748' title='bbox 2664 3429 2884 3496; x_wconf 90' lang='lat' dir='ltr'><strong>missus,</strong></span> <span class='ocrx_word' id='word_1_749' title='bbox 2927 3429 3068 3485; x_wconf 87' lang='lat' dir='ltr'><strong>sicut</strong></span> <span class='ocrx_word' id='word_1_750' title='bbox 3105 3428 3286 3486; x_wconf 84' lang='lat' dir='ltr'><strong>fuerat</strong></span> <span class='ocrx_word' id='word_1_751' title='bbox 3311 3433 3616 3501; x_wconf 84' lang='lat' dir='ltr'><strong>promissus</strong></span> <span class='ocrx_word' id='word_1_752' title='bbox 3639 3472 3652 3496; x_wconf 96' lang='lat'><strong>,</strong></span> <span class='ocrx_word' id='word_1_753' title='bbox 3700 3431 3769 3484; x_wconf 91' lang='lat' dir='ltr'><strong>die</strong></span> 
     </span>
    </p>
   </div>
   <div class='ocr_carea' id='block_1_94' title="bbox 2192 3518 3766 3597">
    <p class='ocr_par' dir='ltr' id='par_1_94' title="bbox 2192 3518 3766 3597">
     <span class='ocr_line' id='line_1_94' title="bbox 2192 3518 3766 3597; baseline 0.002 -22"><span class='ocrx_word' id='word_1_754' title='bbox 2192 3518 2542 3586; x_wconf 90' lang='lat' dir='ltr'><strong>Pentecoste,</strong></span> <span class='ocrx_word' id='word_1_755' title='bbox 2586 3522 2873 3577; x_wconf 89' lang='lat' dir='ltr'><strong>scientiam</strong></span> <span class='ocrx_word' id='word_1_756' title='bbox 2899 3523 3146 3578; x_wconf 89' lang='lat' dir='ltr'><strong>omnium</strong></span> <span class='ocrx_word' id='word_1_757' title='bbox 3189 3525 3497 3594; x_wconf 89' lang='lat' dir='ltr'><strong>linguarum</strong></span> <span class='ocrx_word' id='word_1_758' title='bbox 3528 3520 3766 3597; x_wconf 85' lang='lat' dir='ltr'><strong>apostolis</strong></span> 
     </span>
    </p>
   </div>
   <div class='ocr_carea' id='block_1_95' title="bbox 2193 3615 3765 3691">
    <p class='ocr_par' dir='ltr' id='par_1_95' title="bbox 2193 3615 3765 3691">
     <span class='ocr_line' id='line_1_95' title="bbox 2193 3615 3765 3691; baseline 0.001 -24"><span class='ocrx_word' id='word_1_759' title='bbox 2193 3616 2399 3670; x_wconf 90' lang='lat' dir='ltr'><strong>tribuit.</strong></span> <span class='ocrx_word' id='word_1_760' title='bbox 2435 3615 2586 3671; x_wconf 89' lang='lat' dir='ltr'><strong>Unde</strong></span> <span class='ocrx_word' id='word_1_761' title='bbox 2616 3616 2671 3670; x_wconf 90' lang='lat' dir='ltr'><strong>in</strong></span> <span class='ocrx_word' id='word_1_762' title='bbox 2712 3617 2939 3672; x_wconf 88' lang='lat' dir='ltr'><strong>Actibus</strong></span> <span class='ocrx_word' id='word_1_763' title='bbox 2977 3619 3350 3687; x_wconf 90' lang='lat' dir='ltr'><strong>apostolorum</strong></span> <span class='ocrx_word' id='word_1_764' title='bbox 3386 3618 3622 3691; x_wconf 89' lang='lat' dir='ltr'><strong>legitur:</strong></span> <span class='ocrx_word' id='word_1_765' title='bbox 3665 3637 3682 3670; x_wconf 78' lang='grc' dir='ltr'><strong>ι</strong></span> <span class='ocrx_word' id='word_1_766' title='bbox 3712 3617 3765 3671; x_wconf 82' lang='lat' dir='ltr'><strong>Et</strong></span> 
     </span>
    </p>
   </div>
   <div class='ocr_carea' id='block_1_96' title="bbox 2190 3705 3759 3781">
    <p class='ocr_par' dir='ltr' id='par_1_96' title="bbox 2190 3705 3759 3781">
     <span class='ocr_line' id='line_1_96' title="bbox 2190 3705 3759 3781; baseline 0.001 -22"><span class='ocrx_word' id='word_1_767' title='bbox 2190 3706 2379 3774; x_wconf 89' lang='lat' dir='ltr'><strong>repleti</strong></span> <span class='ocrx_word' id='word_1_768' title='bbox 2400 3716 2525 3762; x_wconf 91' lang='lat' dir='ltr'><strong>sunt</strong></span> <span class='ocrx_word' id='word_1_769' title='bbox 2553 3721 2746 3761; x_wconf 91' lang='lat' dir='ltr'><strong>omnes</strong></span> <span class='ocrx_word' id='word_1_770' title='bbox 2773 3705 2977 3776; x_wconf 91' lang='lat' dir='ltr'><strong>Spiritu</strong></span> <span class='ocrx_word' id='word_1_771' title='bbox 3006 3717 3220 3777; x_wconf 80' lang='lat' dir='ltr'><strong>sancto,</strong></span> <span class='ocrx_word' id='word_1_772' title='bbox 3244 3720 3301 3766; x_wconf 91' lang='lat' dir='ltr'><strong>et</strong></span> <span class='ocrx_word' id='word_1_773' title='bbox 3331 3720 3616 3781; x_wconf 68' lang='lat' dir='ltr'><strong>cmperunt</strong></span> <span class='ocrx_word' id='word_1_774' title='bbox 3638 3708 3759 3778; x_wconf 86' lang='lat' dir='ltr'><strong>loqui</strong></span> 
     </span>
    </p>
   </div>
   <div class='ocr_carea' id='block_1_97' title="bbox 2188 3798 3758 3870">
    <p class='ocr_par' dir='ltr' id='par_1_97' title="bbox 2188 3798 3758 3870">
     <span class='ocr_line' id='line_1_97' title="bbox 2188 3798 3758 3870; baseline 0.003 -22"><span class='ocrx_word' id='word_1_775' title='bbox 2188 3798 2354 3853; x_wconf 89' lang='lat' dir='ltr'><strong>variis</strong></span> <span class='ocrx_word' id='word_1_776' title='bbox 2392 3798 2611 3867; x_wconf 85' lang='lat' dir='ltr'><strong>linguis,</strong></span> <span class='ocrx_word' id='word_1_777' title='bbox 2650 3808 2813 3869; x_wconf 91' lang='lat' dir='ltr'><strong>prout</strong></span> <span class='ocrx_word' id='word_1_778' title='bbox 2857 3798 3094 3870; x_wconf 90' lang='lat' dir='ltr'><strong>Spiritus</strong></span> <span class='ocrx_word' id='word_1_779' title='bbox 3140 3811 3362 3859; x_wconf 86' lang='lat' dir='ltr'><strong>sanctus</strong></span> <span class='ocrx_word' id='word_1_780' title='bbox 3401 3803 3566 3858; x_wconf 89' lang='lat' dir='ltr'><strong>dabat</strong></span> <span class='ocrx_word' id='word_1_781' title='bbox 3603 3799 3758 3870; x_wconf 92' lang='lat' dir='ltr'><strong>eloqui</strong></span> 
     </span>
    </p>
   </div>
   <div class='ocr_carea' id='block_1_98' title="bbox 2188 3887 3756 3965">
    <p class='ocr_par' dir='ltr' id='par_1_98' title="bbox 2188 3887 3756 3965">
     <span class='ocr_line' id='line_1_98' title="bbox 2188 3887 3756 3965; baseline 0.004 -24"><span class='ocrx_word' id='word_1_782' title='bbox 2188 3887 2294 3942; x_wconf 89' lang='lat' dir='ltr'><strong>illis</strong></span> <span class='ocrx_word' id='word_1_783' title='bbox 2323 3888 2461 3959; x_wconf 80' lang='lat' dir='ltr'><strong>(Act.</strong></span> <span class='ocrx_word' id='word_1_784' title='bbox 2486 3890 2587 3955; x_wconf 80' lang='lat' dir='ltr'><strong>Vl).</strong></span> <span class='ocrx_word' id='word_1_785' title='bbox 2614 3909 2633 3941; x_wconf 76' lang='grc' dir='ltr'><strong>ι</strong></span> <span class='ocrx_word' id='word_1_786' title='bbox 2651 3890 2981 3947; x_wconf 85' lang='lat' dir='ltr'><strong>Clariﬁcavit</strong></span> <span class='ocrx_word' id='word_1_787' title='bbox 3005 3893 3170 3949; x_wconf 90' lang='lat' dir='ltr'><strong>etiam</strong></span> <span class='ocrx_word' id='word_1_788' title='bbox 3197 3893 3420 3960; x_wconf 88' lang='lat' dir='ltr'><strong>Filium,</strong></span> <span class='ocrx_word' id='word_1_789' title='bbox 3448 3910 3571 3950; x_wconf 91' lang='lat' dir='ltr'><strong>cum</strong></span> <span class='ocrx_word' id='word_1_790' title='bbox 3596 3892 3756 3965; x_wconf 80' lang='lat' dir='ltr'><strong>praedi-</strong></span> 
     </span>
    </p>
   </div>
   <div class='ocr_carea' id='block_1_99' title="bbox 2187 3981 3754 4047">
    <p class='ocr_par' dir='ltr' id='par_1_99' title="bbox 2187 3981 3754 4047">
     <span class='ocr_line' id='line_1_99' title="bbox 2187 3981 3754 4047; baseline 0.009 -13"><span class='ocrx_word' id='word_1_791' title='bbox 2187 3988 2401 4036; x_wconf 87' lang='lat' dir='ltr'><strong>catores</strong></span> <span class='ocrx_word' id='word_1_792' title='bbox 2440 3981 2562 4036; x_wconf 89' lang='lat' dir='ltr'><strong>Filii</strong></span> <span class='ocrx_word' id='word_1_793' title='bbox 2593 3984 2755 4039; x_wconf 91' lang='lat' dir='ltr'><strong>tantis</strong></span> <span class='ocrx_word' id='word_1_794' title='bbox 2799 4000 2865 4040; x_wconf 93' lang='lat' dir='ltr'><strong>ac</strong></span> <span class='ocrx_word' id='word_1_795' title='bbox 2917 3985 3116 4042; x_wconf 90' lang='lat' dir='ltr'><strong>talibus</strong></span> <span class='ocrx_word' id='word_1_796' title='bbox 3146 3987 3437 4043; x_wconf 89' lang='lat' dir='ltr'><strong>virtutibus</strong></span> <span class='ocrx_word' id='word_1_797' title='bbox 3475 3985 3754 4047; x_wconf 71' lang='lat' dir='ltr'><strong>adornavit.</strong></span> 
     </span>
    </p>
   </div>
   <div class='ocr_carea' id='block_1_100' title="bbox 2185 4073 3748 4147">
    <p class='ocr_par' dir='ltr' id='par_1_100' title="bbox 2185 4073 3748 4147">
     <span class='ocr_line' id='line_1_100' title="bbox 2185 4073 3748 4147; baseline 0.003 -23"><span class='ocrx_word' id='word_1_798' title='bbox 2185 4080 2246 4125; x_wconf 92' lang='lat' dir='ltr'><strong>ut</strong></span> <span class='ocrx_word' id='word_1_799' title='bbox 2273 4073 2561 4130; x_wconf 89' lang='lat' dir='ltr'><strong>universus</strong></span> <span class='ocrx_word' id='word_1_800' title='bbox 2586 4076 2735 4132; x_wconf 90' lang='lat' dir='ltr'><strong>orbis</strong></span> <span class='ocrx_word' id='word_1_801' title='bbox 2765 4078 2833 4133; x_wconf 91' lang='lat' dir='ltr'><strong>ad</strong></span> <span class='ocrx_word' id='word_1_802' title='bbox 2858 4075 2974 4147; x_wconf 91' lang='lat' dir='ltr'><strong>ejus</strong></span> <span class='ocrx_word' id='word_1_803' title='bbox 3001 4079 3378 4136; x_wconf 88' lang='lat' dir='ltr'><strong>credulitatem</strong></span> <span class='ocrx_word' id='word_1_804' title='bbox 3406 4089 3748 4137; x_wconf 85' lang='lat' dir='ltr'><strong>concurreret.</strong></span> 
     </span>
    </p>
   </div>
   <div class='ocr_carea' id='block_1_101' title="bbox 2185 4157 3748 4243">
    <p class='ocr_par' dir='ltr' id='par_1_101' title="bbox 2185 4157 3748 4243">
     <span class='ocr_line' id='line_1_101' title="bbox 2185 4157 3748 4243; baseline 0.004 -25"><span class='ocrx_word' id='word_1_805' title='bbox 2185 4162 2339 4231; x_wconf 88' lang='lat' dir='ltr'><strong>Quod</strong></span> <span class='ocrx_word' id='word_1_806' title='bbox 2366 4176 2549 4222; x_wconf 91' lang='lat' dir='ltr'><strong>autem</strong></span> <span class='ocrx_word' id='word_1_807' title='bbox 2583 4168 2662 4222; x_wconf 90' lang='lat' dir='ltr'><strong>ait</strong></span> <span class='ocrx_word' id='word_1_808' title='bbox 2690 4186 2702 4222; x_wconf 90' lang='lat'><strong>:</strong></span> <span class='ocrx_word' id='word_1_809' title='bbox 2740 4188 2758 4221; x_wconf 88' lang='grc'>‹</span> <span class='ocrx_word' id='word_1_810' title='bbox 2793 4168 2931 4237; x_wconf 87' lang='lat' dir='ltr'><strong>Quia</strong></span> <span class='ocrx_word' id='word_1_811' title='bbox 2963 4171 3028 4226; x_wconf 92' lang='lat' dir='ltr'><strong>de</strong></span> <span class='ocrx_word' id='word_1_812' title='bbox 3049 4185 3170 4227; x_wconf 90' lang='lat' dir='ltr'><strong>meo</strong></span> <span class='ocrx_word' id='word_1_813' title='bbox 3194 4172 3458 4243; x_wconf 90' lang='lat' dir='ltr'><strong>accipiet,</strong></span> <span class='ocrx_word' id='word_1_814' title='bbox 3485 4181 3541 4228; x_wconf 91' lang='lat' dir='ltr'><strong>et</strong></span> <span class='ocrx_word' id='word_1_815' title='bbox 3563 4157 3748 4227; x_wconf 80' lang='lat' dir='ltr'><strong>annun-</strong></span> 
     </span>
    </p>
   </div>
   <div class='ocr_carea' id='block_1_102' title="bbox 2190 4256 3744 4328">
    <p class='ocr_par' dir='ltr' id='par_1_102' title="bbox 2190 4256 3744 4328">
     <span class='ocr_line' id='line_1_102' title="bbox 2190 4256 3744 4328; baseline 0.003 -20"><span class='ocrx_word' id='word_1_816' title='bbox 2190 4275 2208 4307; x_wconf 82' lang='grc' dir='ltr'><strong>ι</strong></span> <span class='ocrx_word' id='word_1_817' title='bbox 2245 4256 2401 4312; x_wconf 91' lang='lat' dir='ltr'><strong>tiabit</strong></span> <span class='ocrx_word' id='word_1_818' title='bbox 2427 4258 2617 4325; x_wconf 90' lang='lat' dir='ltr'><strong>vobis,</strong></span> <span class='ocrx_word' id='word_1_819' title='bbox 2659 4278 2676 4311; x_wconf 80' lang='grc' dir='ltr'><strong>ι</strong></span> <span class='ocrx_word' id='word_1_820' title='bbox 2707 4259 3140 4316; x_wconf 88' lang='lat' dir='ltr'><strong>subaudiendum</strong></span> <span class='ocrx_word' id='word_1_821' title='bbox 3179 4271 3292 4328; x_wconf 91' lang='lat' dir='ltr'><strong>est,</strong></span> <span class='ocrx_word' id='word_1_822' title='bbox 3341 4263 3408 4318; x_wconf 92' lang='lat' dir='ltr'><strong>de</strong></span> <span class='ocrx_word' id='word_1_823' title='bbox 3448 4278 3567 4320; x_wconf 87' lang='lat' dir='ltr'><strong>meo</strong></span> <span class='ocrx_word' id='word_1_824' title='bbox 3591 4261 3744 4316; x_wconf 77' lang='lat' dir='ltr'><strong>Patre.</strong></span> 
     </span>
    </p>
   </div>
   <div class='ocr_carea' id='block_1_103' title="bbox 2183 4344 3748 4426">
    <p class='ocr_par' dir='ltr' id='par_1_103' title="bbox 2183 4344 3748 4426">
     <span class='ocr_line' id='line_1_103' title="bbox 2183 4344 3748 4426; baseline 0.004 -26"><span class='ocrx_word' id='word_1_825' title='bbox 2183 4344 2286 4414; x_wconf 93' lang='lat' dir='ltr'><strong>Qui</strong></span> <span class='ocrx_word' id='word_1_826' title='bbox 2313 4349 2460 4404; x_wconf 91' lang='lat' dir='ltr'><strong>enim</strong></span> <span class='ocrx_word' id='word_1_827' title='bbox 2498 4351 2566 4406; x_wconf 91' lang='lat' dir='ltr'><strong>de</strong></span> <span class='ocrx_word' id='word_1_828' title='bbox 2599 4350 2749 4407; x_wconf 89' lang='lat' dir='ltr'><strong>nullo</strong></span> <span class='ocrx_word' id='word_1_829' title='bbox 2778 4351 2872 4417; x_wconf 87' lang='lat' dir='ltr'><strong>ﬁt,</strong></span> <span class='ocrx_word' id='word_1_830' title='bbox 2905 4353 2971 4408; x_wconf 89' lang='lat' dir='ltr'><strong>de</strong></span> <span class='ocrx_word' id='word_1_831' title='bbox 2996 4353 3162 4420; x_wconf 73' lang='lat' dir='ltr'><strong>[nullo</strong></span> <span class='ocrx_word' id='word_1_832' title='bbox 3200 4355 3486 4426; x_wconf 89' lang='lat' dir='ltr'><strong>procedit,</strong></span> <span class='ocrx_word' id='word_1_833' title='bbox 3520 4354 3658 4411; x_wconf 88' lang='lat' dir='ltr'><strong>solus</strong></span> <span class='ocrx_word' id='word_1_834' title='bbox 3680 4360 3748 4406; x_wconf 83' lang='lat' dir='ltr'><strong>est</strong></span> 
     </span>
    </p>
   </div>
   <div class='ocr_carea' id='block_1_104' title="bbox 2182 4437 3744 4517">
    <p class='ocr_par' dir='ltr' id='par_1_104' title="bbox 2182 4437 3744 4517">
     <span class='ocr_line' id='line_1_104' title="bbox 2182 4437 3744 4517; baseline 0.001 -24"><span class='ocrx_word' id='word_1_835' title='bbox 2182 4437 2365 4495; x_wconf 89' lang='lat' dir='ltr'><strong>Pater.</strong></span> <span class='ocrx_word' id='word_1_836' title='bbox 2398 4440 2568 4498; x_wconf 89' lang='lat' dir='ltr'><strong>Filius</strong></span> <span class='ocrx_word' id='word_1_837' title='bbox 2591 4453 2774 4500; x_wconf 87' lang='lat' dir='ltr'><strong>autem</strong></span> <span class='ocrx_word' id='word_1_838' title='bbox 2795 4459 2828 4498; x_wconf 92' lang='lat' dir='ltr'><strong>a</strong></span> <span class='ocrx_word' id='word_1_839' title='bbox 2853 4445 3032 4515; x_wconf 90' lang='lat' dir='ltr'><strong>seipso</strong></span> <span class='ocrx_word' id='word_1_840' title='bbox 3059 4461 3166 4502; x_wconf 90' lang='lat' dir='ltr'><strong>non</strong></span> <span class='ocrx_word' id='word_1_841' title='bbox 3194 4462 3314 4503; x_wconf 88' lang='lat' dir='ltr'><strong>esse</strong></span> <span class='ocrx_word' id='word_1_842' title='bbox 3345 4447 3563 4514; x_wconf 90' lang='lat' dir='ltr'><strong>dicitur,</strong></span> <span class='ocrx_word' id='word_1_843' title='bbox 3589 4445 3700 4517; x_wconf 88' lang='lat' dir='ltr'><strong>quia</strong></span> <span class='ocrx_word' id='word_1_844' title='bbox 3721 4456 3744 4495; x_wconf 90' lang='lat' dir='ltr'><strong>a</strong></span> 
     </span>
    </p>
   </div>
   <div class='ocr_carea' id='block_1_105' title="bbox 2181 4528 3744 4604">
    <p class='ocr_par' dir='ltr' id='par_1_105' title="bbox 2181 4528 3744 4604">
     <span class='ocr_line' id='line_1_105' title="bbox 2181 4528 3744 4604; baseline 0.001 -20"><span class='ocrx_word' id='word_1_845' title='bbox 2181 4528 2342 4586; x_wconf 89' lang='lat' dir='ltr'><strong>Patre</strong></span> <span class='ocrx_word' id='word_1_846' title='bbox 2387 4538 2548 4588; x_wconf 90' lang='lat' dir='ltr'><strong>natus</strong></span> <span class='ocrx_word' id='word_1_847' title='bbox 2579 4542 2682 4588; x_wconf 88' lang='lat' dir='ltr'><strong>est.</strong></span> <span class='ocrx_word' id='word_1_848' title='bbox 2736 4531 2971 4604; x_wconf 88' lang='lat' dir='ltr'><strong>Spiritus</strong></span> <span class='ocrx_word' id='word_1_849' title='bbox 3019 4544 3238 4592; x_wconf 90' lang='lat' dir='ltr'><strong>sanctus</strong></span> <span class='ocrx_word' id='word_1_850' title='bbox 3275 4551 3307 4590; x_wconf 94' lang='lat' dir='ltr'><strong>a</strong></span> <span class='ocrx_word' id='word_1_851' title='bbox 3335 4535 3500 4592; x_wconf 88' lang='lat' dir='ltr'><strong>Patre</strong></span> <span class='ocrx_word' id='word_1_852' title='bbox 3528 4536 3744 4604; x_wconf 83' lang='lat' dir='ltr'><strong>accipere</strong></span> 
     </span>
    </p>
   </div>
   <div class='ocr_carea' id='block_1_106' title="bbox 2180 4623 3737 4702">
    <p class='ocr_par' dir='ltr' id='par_1_106' title="bbox 2180 4623 3737 4702">
     <span class='ocr_line' id='line_1_106' title="bbox 2180 4623 3737 4702; baseline -0.002 -24"><span class='ocrx_word' id='word_1_853' title='bbox 2180 4623 2397 4689; x_wconf 90' lang='lat' dir='ltr'><strong>dicitur,</strong></span> <span class='ocrx_word' id='word_1_854' title='bbox 2425 4626 2551 4694; x_wconf 89' lang='lat' dir='ltr'><strong>quia</strong></span> <span class='ocrx_word' id='word_1_855' title='bbox 2574 4640 2606 4680; x_wconf 91' lang='lat' dir='ltr'><strong>a</strong></span> <span class='ocrx_word' id='word_1_856' title='bbox 2639 4625 2804 4682; x_wconf 87' lang='lat' dir='ltr'><strong>Patre</strong></span> <span class='ocrx_word' id='word_1_857' title='bbox 2827 4635 2884 4682; x_wconf 94' lang='lat' dir='ltr'><strong>et</strong></span> <span class='ocrx_word' id='word_1_858' title='bbox 2905 4628 3041 4684; x_wconf 85' lang='lat' dir='ltr'><strong>Filio</strong></span> <span class='ocrx_word' id='word_1_859' title='bbox 3071 4628 3477 4686; x_wconf 87' lang='lat' dir='ltr'><strong>indivisibiliter</strong></span> <span class='ocrx_word' id='word_1_860' title='bbox 3503 4625 3737 4702; x_wconf 88' lang='lat' dir='ltr'><strong>procedit.</strong></span> 
     </span>
    </p>
   </div>
   <div class='ocr_carea' id='block_1_107' title="bbox 2181 4712 2722 4786">
    <p class='ocr_par' dir='ltr' id='par_1_107' title="bbox 2181 4712 2722 4786">
     <span class='ocr_line' id='line_1_107' title="bbox 2181 4712 2722 4786; baseline 0.002 -17"><span class='ocrx_word' id='word_1_861' title='bbox 2181 4712 2334 4771; x_wconf 91' lang='lat' dir='ltr'><strong>Unde</strong></span> <span class='ocrx_word' id='word_1_862' title='bbox 2359 4723 2412 4769; x_wconf 90' lang='lat' dir='ltr'><strong>et</strong></span> <span class='ocrx_word' id='word_1_863' title='bbox 2435 4717 2681 4786; x_wconf 89' lang='lat' dir='ltr'><strong>sequitur</strong></span> <span class='ocrx_word' id='word_1_864' title='bbox 2707 4731 2722 4770; x_wconf 93' lang='lat'><strong>:</strong></span> 
     </span>
    </p>
   </div>
   <div class='ocr_carea' id='block_1_108' title="bbox 2257 4808 3737 4880">
    <p class='ocr_par' dir='ltr' id='par_1_108' title="bbox 2257 4808 3737 4880">
     <span class='ocr_line' id='line_1_108' title="bbox 2257 4808 3737 4880; baseline 0.003 -22"><span class='ocrx_word' id='word_1_865' title='bbox 2257 4826 2275 4858; x_wconf 77' lang='grc' dir='ltr'><strong>ι</strong></span> <span class='ocrx_word' id='word_1_866' title='bbox 2295 4808 2489 4864; x_wconf 90' lang='lat' dir='ltr'><strong>Omnia</strong></span> <span class='ocrx_word' id='word_1_867' title='bbox 2516 4825 2635 4879; x_wconf 85' lang='lat' dir='ltr'><strong>quae</strong></span> <span class='ocrx_word' id='word_1_868' title='bbox 2660 4812 2825 4869; x_wconf 89' lang='lat' dir='ltr'><strong>habet</strong></span> <span class='ocrx_word' id='word_1_869' title='bbox 2845 4813 3028 4880; x_wconf 90' lang='lat' dir='ltr'><strong>Pater,</strong></span> <span class='ocrx_word' id='word_1_870' title='bbox 3055 4830 3173 4870; x_wconf 93' lang='lat' dir='ltr'><strong>mea</strong></span> <span class='ocrx_word' id='word_1_871' title='bbox 3198 4822 3344 4871; x_wconf 90' lang='lat' dir='ltr'><strong>sunt.</strong></span> <span class='ocrx_word' id='word_1_872' title='bbox 3374 4816 3446 4873; x_wconf 87' lang='lat' dir='ltr'><strong>Et</strong></span> <span class='ocrx_word' id='word_1_873' title='bbox 3471 4817 3587 4873; x_wconf 85' lang='lat' dir='ltr'><strong>ideo</strong></span> <span class='ocrx_word' id='word_1_874' title='bbox 3614 4809 3737 4869; x_wconf 81' lang='lat' dir='ltr'><strong>dixi:</strong></span> 
     </span>
    </p>
   </div>
   <div class='ocr_carea' id='block_1_109' title="bbox 2186 4901 3740 4976">
    <p class='ocr_par' dir='ltr' id='par_1_109' title="bbox 2186 4901 3740 4976">
     <span class='ocr_line' id='line_1_109' title="bbox 2186 4901 3740 4976; baseline -0.008 -6"><span class='ocrx_word' id='word_1_875' title='bbox 2186 4919 2205 4952; x_wconf 75' lang='lat'>‘</span> <span class='ocrx_word' id='word_1_876' title='bbox 2228 4901 2365 4969; x_wconf 82' lang='lat' dir='ltr'><strong>Quia</strong></span> <span class='ocrx_word' id='word_1_877' title='bbox 2395 4902 2463 4958; x_wconf 88' lang='lat' dir='ltr'><strong>de</strong></span> <span class='ocrx_word' id='word_1_878' title='bbox 2489 4919 2611 4959; x_wconf 90' lang='lat' dir='ltr'><strong>meo</strong></span> <span class='ocrx_word' id='word_1_879' title='bbox 2638 4907 2882 4976; x_wconf 90' lang='lat' dir='ltr'><strong>accipiet,</strong></span> <span class='ocrx_word' id='word_1_880' title='bbox 2908 4916 2964 4962; x_wconf 90' lang='lat' dir='ltr'><strong>et</strong></span> <span class='ocrx_word' id='word_1_881' title='bbox 2991 4907 3333 4966; x_wconf 88' lang='lat' dir='ltr'><strong>annuntiabit</strong></span> <span class='ocrx_word' id='word_1_882' title='bbox 3357 4911 3534 4966; x_wconf 91' lang='lat' dir='ltr'><strong>vobis.</strong></span> <span class='ocrx_word' id='word_1_883' title='bbox 3562 4927 3581 4961; x_wconf 79' lang='grc' dir='ltr'><strong>ι</strong></span> <span class='ocrx_word' id='word_1_884' title='bbox 3603 4905 3653 4961; x_wconf 91' lang='lat' dir='ltr'><strong>ld</strong></span> <span class='ocrx_word' id='word_1_885' title='bbox 3671 4907 3740 4958; x_wconf 77' lang='lat' dir='ltr'><strong>est</strong></span> 
     </span>
    </p>
   </div>
   <div class='ocr_carea' id='block_1_110' title="bbox 2180 4999 2790 5056">
    <p class='ocr_par' dir='ltr' id='par_1_110' title="bbox 2180 4999 2790 5056">
     <span class='ocr_line' id='line_1_110' title="bbox 2180 4999 2790 5056; baseline 0.01 -6"><span class='ocrx_word' id='word_1_886' title='bbox 2180 5003 2307 5051; x_wconf 91' lang='lat' dir='ltr'><strong>nota</strong></span> <span class='ocrx_word' id='word_1_887' title='bbox 2336 5012 2401 5052; x_wconf 90' lang='lat' dir='ltr'><strong>ea</strong></span> <span class='ocrx_word' id='word_1_888' title='bbox 2430 4999 2584 5056; x_wconf 88' lang='lat' dir='ltr'><strong>vobis</strong></span> <span class='ocrx_word' id='word_1_889' title='bbox 2609 5000 2790 5056; x_wconf 82' lang='lat' dir='ltr'><strong>faciet.</strong></span> 
     </span>
    </p>
   </div>
   <div class='ocr_carea' id='block_1_111' title="bbox 2638 5133 3302 5195">
    <p class='ocr_par' dir='ltr' id='par_1_111' title="bbox 2638 5133 3302 5195">
     <span class='ocr_line' id='line_1_111' title="bbox 2638 5133 3302 5195; baseline 0.008 -7"><span class='ocrx_word' id='word_1_890' title='bbox 2638 5133 2917 5192; x_wconf 84' lang='lat' dir='ltr'><strong>HOMILIA</strong></span> <span class='ocrx_word' id='word_1_891' title='bbox 2973 5136 3302 5195; x_wconf 73' lang='lat' dir='ltr'><strong>LXXXVIII.</strong></span> 
     </span>
    </p>
   </div>
   <div class='ocr_carea' id='block_1_112' title="bbox 2177 5241 3726 5318">
    <p class='ocr_par' dir='ltr' id='par_1_112' title="bbox 2177 5241 3726 5318">
     <span class='ocr_line' id='line_1_112' title="bbox 2177 5241 3726 5318; baseline -0.003 -18"><span class='ocrx_word' id='word_1_892' title='bbox 2177 5260 2430 5302; x_wconf 57' lang='lat' dir='ltr'><strong>nommca</strong></span> <span class='ocrx_word' id='word_1_893' title='bbox 2477 5260 2678 5309; x_wconf 72' lang='lat' dir='ltr'><strong>eumn</strong></span> <span class='ocrx_word' id='word_1_894' title='bbox 2716 5261 2847 5302; x_wconf 77' lang='lat' dir='ltr'><strong>rosr</strong></span> <span class='ocrx_word' id='word_1_895' title='bbox 2884 5263 3079 5303; x_wconf 57' lang='lat' dir='ltr'><strong>pascua</strong></span> <span class='ocrx_word' id='word_1_896' title='bbox 3105 5289 3120 5314; x_wconf 94' lang='lat'><strong>,</strong></span> <span class='ocrx_word' id='word_1_897' title='bbox 3168 5246 3356 5303; x_wconf 86' lang='lat' dir='ltr'><strong>Vocem</strong></span> <span class='ocrx_word' id='word_1_898' title='bbox 3386 5241 3726 5318; x_wconf 76' lang='lat' dir='ltr'><strong>jucunditatis.</strong></span> 
     </span>
    </p>
   </div>
   <div class='ocr_carea' id='block_1_113' title="bbox 2189 5351 3726 5432">
    <p class='ocr_par' dir='ltr' id='par_1_113' title="bbox 2189 5351 3726 5432">
     <span class='ocr_line' id='line_1_113' title="bbox 2189 5351 3726 5432; baseline 0 -18"><span class='ocrx_word' id='word_1_899' title='bbox 2189 5412 2192 5414; x_wconf 93' lang='lat'><em>_</em></span> <span class='ocrx_word' id='word_1_900' title='bbox 2246 5359 2383 5431; x_wconf 58' lang='lat' dir='ltr'><strong>(Jac.</strong></span> <span class='ocrx_word' id='word_1_901' title='bbox 2412 5361 2477 5432; x_wconf 90' lang='grc' dir='ltr'><strong>ι.)</strong></span> <span class='ocrx_word' id='word_1_902' title='bbox 2507 5377 2525 5411; x_wconf 82' lang='grc' dir='ltr'><strong>ι</strong></span> <span class='ocrx_word' id='word_1_903' title='bbox 2561 5359 3098 5427; x_wconf 85' lang='lat' dir='ltr'><strong>Charissimi,estote</strong></span> <span class='ocrx_word' id='word_1_904' title='bbox 3122 5372 3302 5418; x_wconf 88' lang='lat' dir='ltr'><strong>autem</strong></span> <span class='ocrx_word' id='word_1_905' title='bbox 3329 5361 3558 5419; x_wconf 88' lang='lat' dir='ltr'><strong>factores</strong></span> <span class='ocrx_word' id='word_1_906' title='bbox 3579 5351 3726 5410; x_wconf 66' lang='lat' dir='ltr'><strong>verbi.</strong></span> 
     </span>
    </p>
   </div>
   <div class='ocr_carea' id='block_1_114' title="bbox 2181 5453 3719 5524">
    <p class='ocr_par' dir='ltr' id='par_1_114' title="bbox 2181 5453 3719 5524">
     <span class='ocr_line' id='line_1_114' title="bbox 2181 5453 3719 5524; baseline -0.001 -18"><span class='ocrx_word' id='word_1_907' title='bbox 2181 5471 2198 5502; x_wconf 80' lang='grc' dir='ltr'><strong>ι</strong></span> <span class='ocrx_word' id='word_1_908' title='bbox 2235 5461 2291 5506; x_wconf 93' lang='lat' dir='ltr'><strong>et</strong></span> <span class='ocrx_word' id='word_1_909' title='bbox 2316 5468 2422 5508; x_wconf 89' lang='lat' dir='ltr'><strong>non</strong></span> <span class='ocrx_word' id='word_1_910' title='bbox 2451 5453 2726 5508; x_wconf 89' lang='lat' dir='ltr'><strong>auditores</strong></span> <span class='ocrx_word' id='word_1_911' title='bbox 2753 5461 2958 5509; x_wconf 91' lang='lat' dir='ltr'><strong>tantum</strong></span> <span class='ocrx_word' id='word_1_912' title='bbox 2981 5496 2996 5520; x_wconf 92' lang='lat'><strong>,</strong></span> <span class='ocrx_word' id='word_1_913' title='bbox 3031 5454 3281 5512; x_wconf 87' lang='lat' dir='ltr'><strong>fallentes</strong></span> <span class='ocrx_word' id='word_1_914' title='bbox 3319 5455 3672 5524; x_wconf 79' lang='lat' dir='ltr'><strong>vosmetipsos.</strong></span> <span class='ocrx_word' id='word_1_915' title='bbox 3706 5460 3719 5492; x_wconf 76' lang='grc'><strong>’</strong></span> 
     </span>
    </p>
   </div>
   <div class='ocr_carea' id='block_1_115' title="bbox 2174 5540 3722 5620">
    <p class='ocr_par' dir='ltr' id='par_1_115' title="bbox 2174 5540 3722 5620">
     <span class='ocr_line' id='line_1_115' title="bbox 2174 5540 3722 5620; baseline -0.003 -19"><span class='ocrx_word' id='word_1_916' title='bbox 2174 5545 2241 5601; x_wconf 85' lang='lat' dir='ltr'><strong>Et</strong></span> <span class='ocrx_word' id='word_1_917' title='bbox 2266 5546 2495 5618; x_wconf 91' lang='lat' dir='ltr'><strong>reliqua.</strong></span> <span class='ocrx_word' id='word_1_918' title='bbox 2511 5547 2689 5603; x_wconf 81' lang='lat' dir='ltr'><strong>Verba</strong></span> <span class='ocrx_word' id='word_1_919' title='bbox 2703 5548 2882 5604; x_wconf 88' lang='lat' dir='ltr'><strong>divina</strong></span> <span class='ocrx_word' id='word_1_920' title='bbox 2909 5547 3068 5620; x_wconf 83' lang='lat' dir='ltr'><strong>factis</strong></span> <span class='ocrx_word' id='word_1_921' title='bbox 3087 5565 3189 5608; x_wconf 89' lang='lat' dir='ltr'><strong>nos</strong></span> <span class='ocrx_word' id='word_1_922' title='bbox 3206 5557 3421 5620; x_wconf 89' lang='lat' dir='ltr'><strong>oportet</strong></span> <span class='ocrx_word' id='word_1_923' title='bbox 3440 5540 3722 5614; x_wconf 70' lang='lat' dir='ltr'><strong>adimplere.</strong></span> 
     </span>
    </p>
   </div>
   <div class='ocr_carea' id='block_1_116' title="bbox 2173 5629 3721 5712">
    <p class='ocr_par' dir='ltr' id='par_1_116' title="bbox 2173 5629 3721 5712">
     <span class='ocr_line' id='line_1_116' title="bbox 2173 5629 3721 5712; baseline -0.007 -17"><span class='ocrx_word' id='word_1_924' title='bbox 2173 5637 2219 5695; x_wconf 86' lang='lat' dir='ltr'><strong>si</strong></span> <span class='ocrx_word' id='word_1_925' title='bbox 2262 5639 2329 5694; x_wconf 90' lang='lat' dir='ltr'><strong>ad</strong></span> <span class='ocrx_word' id='word_1_926' title='bbox 2376 5639 2624 5696; x_wconf 66' lang='lat' dir='ltr'><strong>caelestia</strong></span> <span class='ocrx_word' id='word_1_927' title='bbox 2672 5652 2837 5712; x_wconf 86' lang='lat' dir='ltr'><strong>regna</strong></span> <span class='ocrx_word' id='word_1_928' title='bbox 2881 5640 3132 5698; x_wconf 82' lang='lat' dir='ltr'><strong>volumus</strong></span> <span class='ocrx_word' id='word_1_929' title='bbox 3174 5640 3478 5712; x_wconf 89' lang='lat' dir='ltr'><strong>pervenire.</strong></span> <span class='ocrx_word' id='word_1_930' title='bbox 3520 5629 3721 5691; x_wconf 73' lang='lat' dir='ltr'><strong>Jacobus</strong></span> 
     </span>
    </p>
   </div>
   <div class='ocr_carea' id='block_1_117' title="bbox 2172 5728 3719 5805">
    <p class='ocr_par' dir='ltr' id='par_1_117' title="bbox 2172 5728 3719 5805">
     <span class='ocr_line' id='line_1_117' title="bbox 2172 5728 3719 5805; baseline -0.006 -18"><span class='ocrx_word' id='word_1_931' title='bbox 2172 5732 2449 5804; x_wconf 88' lang='lat' dir='ltr'><strong>apostolus</strong></span> <span class='ocrx_word' id='word_1_932' title='bbox 2467 5747 2566 5789; x_wconf 90' lang='lat' dir='ltr'><strong>nos</strong></span> <span class='ocrx_word' id='word_1_933' title='bbox 2591 5733 2646 5789; x_wconf 91' lang='lat' dir='ltr'><strong>in</strong></span> <span class='ocrx_word' id='word_1_934' title='bbox 2667 5735 2917 5805; x_wconf 82' lang='lat' dir='ltr'><strong>praesenti</strong></span> <span class='ocrx_word' id='word_1_935' title='bbox 2937 5735 3189 5800; x_wconf 89' lang='lat' dir='ltr'><strong>lectione,</strong></span> <span class='ocrx_word' id='word_1_936' title='bbox 3213 5744 3273 5790; x_wconf 91' lang='lat' dir='ltr'><strong>ut</strong></span> <span class='ocrx_word' id='word_1_937' title='bbox 3289 5733 3534 5794; x_wconf 88' lang='lat' dir='ltr'><strong>audistis,</strong></span> <span class='ocrx_word' id='word_1_938' title='bbox 3563 5728 3719 5782; x_wconf 74' lang='lat' dir='ltr'><strong>bona-</strong></span> 
     </span>
    </p>
   </div>
   <div class='ocr_carea' id='block_1_118' title="bbox 2172 5823 3714 5893">
    <p class='ocr_par' dir='ltr' id='par_1_118' title="bbox 2172 5823 3714 5893">
     <span class='ocr_line' id='line_1_118' title="bbox 2172 5823 3714 5893; baseline -0.012 1"><span class='ocrx_word' id='word_1_939' title='bbox 2172 5837 2279 5893; x_wconf 70' lang='grc' dir='ltr'><strong>ῑιιτ,</strong></span> <span class='ocrx_word' id='word_1_940' title='bbox 2313 5825 2500 5882; x_wconf 88' lang='lat' dir='ltr'><strong>dicens</strong></span> <span class='ocrx_word' id='word_1_941' title='bbox 2536 5839 2552 5880; x_wconf 86' lang='lat'><strong>:</strong></span> <span class='ocrx_word' id='word_1_942' title='bbox 2588 5843 2607 5878; x_wconf 72' lang='grc' dir='ltr'><strong>ι</strong></span> <span class='ocrx_word' id='word_1_943' title='bbox 2643 5826 2826 5884; x_wconf 87' lang='lat' dir='ltr'><strong>Estote</strong></span> <span class='ocrx_word' id='word_1_944' title='bbox 2854 5837 3034 5885; x_wconf 90' lang='lat' dir='ltr'><strong>autem</strong></span> <span class='ocrx_word' id='word_1_945' title='bbox 3075 5827 3305 5885; x_wconf 89' lang='lat' dir='ltr'><strong>factores</strong></span> <span class='ocrx_word' id='word_1_946' title='bbox 3347 5826 3524 5889; x_wconf 89' lang='lat' dir='ltr'><strong>verbi,</strong></span> <span class='ocrx_word' id='word_1_947' title='bbox 3551 5823 3714 5876; x_wconf 75' lang='lat' dir='ltr'><strong>etnon</strong></span> 
     </span>
    </p>
   </div>
  </div>
