4014 6354
215 407 320 464 821

1426 414 1730 472 ΗοΜιιιιΕ
1768 413 1855 469 DE
1894 412 2240 469 TEMPORE.

3364 412 3470 465 522

210 522 489 577 auditores
518 533 743 578 tantum.
784 546 801 575 ι
833 526 1087 583 Factores
1116 528 1265 583 verbi
1296 537 1437 593 sunt,
1471 528 1563 600 qui
1599 537 1782 584 eusto-
1811 531 1861 590 Α
1889 529 2050 581 homo
2077 526 2167 595 qui
2211 524 2325 579 vult
2354 525 2538 588 vitam,
2566 532 2623 580 et
2666 524 2814 597 cupit
2858 523 3043 595 videre
3089 524 3203 580 dies
3256 524 3427 580 bonos
3445 525 3479 603 ?‘

210 611 368 666 diunt
392 620 722 683 praeceptum
745 614 955 671 Domini
977 632 1028 671 ει
1068 618 1335 701 Fallentes
1362 619 1735 701 vosmetipsos.
1760 637 1777 670 ι
1804 662 1805 669 η
1889 618 2152 675 Cohibeat
2176 617 2410 688 linguam
2443 631 2596 670 suam
2627 632 2657 670 a
2705 616 2866 683 malo,
2911 624 2967 671 et
2994 614 3136 673 labia
3162 614 3278 684 ejus
3298 631 3366 671 nc
3389 615 3468 670 lo-

208 702 483 758 Fallentes
507 712 684 760 autem
712 716 860 774 sunt,
892 708 984 779 qui
1027 696 1315 765 versantur
1355 709 1410 764 in
1448 696 1567 764 aliis
1602 709 1784 773 rebus,

208 793 584 851 desiderantes
612 796 962 870 Evangelium
1000 802 1207 867 audire,
1253 802 1348 857 sed
1391 816 1499 857 non
1527 801 1749 872 implere
1771 842 1785 867 ,

1889 720 2124 782 quantur
2148 708 2330 765 dolum
2353 706 2523 781 (Psal.
2555 709 2770 781 χχχιιι).
2804 728 2822 761 ι
2847 707 2983 765 Nam
3004 709 3282 766 subditur:
3313 728 3333 760 ι
3360 707 3468 764 Sed

1897 820 1914 851 ‹
1948 801 2208 856 seducens
2236 814 2331 853 cor
2354 814 2530 862 suum,
2559 797 2719 866 hujus
2750 815 2887 855 vana
2913 809 2997 856 est
3026 800 3237 872 religio,
3256 818 3276 852 ι
3301 814 3474 870 quan-

208 884 329 940 sive
351 886 443 957 qui
468 888 800 945 abscondita
828 893 1109 949 sacerdote
1132 892 1314 949 divino
1340 893 1549 949 medico
1569 908 1790 948 suorum
1893 892 1980 947 diu
2009 891 2260 947 consistit
2291 905 2385 945 cor
2410 905 2564 944 suum
2598 889 2651 944 in
2680 891 2930 960 superbia
2958 906 3076 947 sua.
3410 932 3411 935 η
3464 927 3475 949 ν.

206 976 435 1035 vulnera
481 988 849 1049 peccatorum,
884 998 985 1039 nec
1012 998 1075 1040 ea
1114 984 1183 1040 ad
1227 1000 1379 1040 suam
1425 984 1540 1039 vult
1580 984 1792 1056 aperire

206 1069 463 1124 salutem.
494 1068 605 1126 Nec
650 1070 1025 1143 Scripturam,
1074 1090 1250 1145 neque
1298 1058 1665 1141 sacerdotem,
1696 1076 1792 1131 sed

208 1160 565 1229 semetipsum
596 1160 753 1228 fallit,
776 1163 905 1219 dum
931 1179 1035 1220 non
1063 1166 1179 1228 Dei,
1204 1166 1300 1222 sed
1319 1165 1519 1223 diaboli
1549 1152 1796 1238 sequitur

209 1249 571 1317 voluntatem,
599 1252 665 1308 de
691 1253 887 1323 quibus
916 1255 1164 1310 subditur
1195 1274 1210 1310 :

291 1359 310 1392 ι
343 1339 482 1409 Quia
506 1343 552 1399 si
574 1345 697 1415 quis
723 1346 939 1402 auditor
963 1357 1048 1403 est
1072 1348 1222 1403 verbi
1252 1357 1307 1403 et
1340 1365 1446 1404 non
1478 1350 1672 1415 factor,
1705 1350 1796 1404 hic

219 1454 238 1485 ι
288 1438 701 1505 comparabitur
726 1439 845 1495 viro
873 1441 1236 1501 consideranti
1266 1442 1475 1497 vultum
1501 1440 1800 1497 nativitatis

215 1548 234 1577 ι
285 1543 397 1585 sua:
425 1529 480 1584 in
510 1531 751 1600 speculo.
788 1532 1163 1589 Consideravit
1189 1534 1334 1589 enim
1361 1549 1420 1590 se
1449 1543 1504 1589 et
1532 1534 1703 1599 abiit,
1747 1541 1804 1589 et

220 1638 240 1669 ι
290 1623 472 1678 statim
497 1622 697 1678 oblitus
724 1631 810 1678 est
835 1623 1010 1695 qualis
1038 1623 1220 1680 fuerit.
1247 1645 1265 1678 ι
1288 1624 1568 1681 Mulierum
1586 1642 1703 1682 mos
1718 1639 1803 1683 eSt

212 1717 269 1770 in
287 1712 509 1780 speculo
526 1728 586 1768 se
605 1712 974 1780 considerare,
988 1722 1047 1769 ut
1061 1729 1121 1770 se
1137 1716 1356 1771 valeant
1374 1716 1659 1780 adornare,
1677 1732 1803 1787 qua-

210 1796 342 1854 liter
388 1802 522 1858 viris
545 1803 658 1858 suis
688 1804 902 1873 placere
942 1806 1169 1875 possint.
1217 1806 1296 1861 Ita
1328 1807 1539 1863 animas
1588 1817 1804 1863 nostras

1972 1001 1989 1033 ‹
2025 981 2234 1053 Religio
2262 980 2459 1036 munda
2484 988 2539 1035 et
2562 980 2905 1035 immaculata
2936 983 3074 1053 apud
3102 983 3271 1040 Deum
3296 990 3351 1038 et
3374 980 3477 1037 Pa-

1901 1092 1919 1123 r
1956 1081 2093 1127 trem
2120 1072 2236 1127 haec
2270 1079 2354 1127 est
2382 1090 2395 1125 :
2422 1070 2658 1144 Visitare
2697 1071 2931 1141 pupillos
2958 1080 3014 1128 et
3053 1073 3330 1142 viduasin
3376 1074 3476 1129 tri-

1903 1183 1922 1216 ι
1954 1164 2230 1221 bulatione
2256 1179 2465 1221 eorum.
2510 1184 2529 1215 ι
2563 1163 2704 1220 Cura
2749 1163 3076 1236 pupillorum
3105 1181 3170 1222 ae
3194 1167 3480 1223 viduarum

1899 1256 2155 1313 Ecclesiae
2199 1257 2613 1313 commendatur
2635 1296 2654 1324 ,
2698 1266 2755 1312 et
2809 1257 3181 1314 sacerdotibus
3224 1275 3481 1331 magnum

1899 1348 2196 1419 periculum
2225 1349 2606 1415 comminatur,
2647 1348 2694 1404 si
2720 1349 3220 1405 contradicentibus
3260 1351 3481 1407 veritati

1903 1440 2157 1496 resistere
2176 1439 2449 1497 noluerint
2476 1460 2490 1495 :
2521 1442 2776 1510 quoniam
2801 1441 3046 1513 quisquis
3072 1458 3361 1513 personam
3380 1460 3481 1515 po—

1904 1532 2069 1587 tentis
2094 1531 2308 1603 accipit,
2330 1541 2386 1587 et
2407 1532 2689 1588 veritatem
2716 1532 2862 1605 loqui
2890 1535 3153 1605 pavescit,
3175 1536 3324 1607 gravi
3340 1537 3489 1591 mul-

1904 1630 2050 1676 tatur
2072 1621 2227 1692 culpa
2252 1613 2552 1679 sententiae.
2587 1622 2736 1678 Multi
2763 1623 3183 1696 enim‘praesules
3210 1624 3487 1681 Ecclesia-

1906 1728 2057 1780 rum,
2103 1713 2355 1769 timentes
2389 1729 2457 1768 ne
2485 1714 2779 1770 amicitiam
2818 1715 3064 1785 perdant,
3104 1723 3161 1770 et
3186 1714 3490 1771 molestiam

1908 1804 2156 1859 odiorum
2176 1805 2477 1873 incurrant,
2505 1813 2796 1875 peccantes
2823 1821 2931 1861 non
2959 1813 3210 1878 arguunt,
3240 1815 3295 1863 et
3321 1808 3491 1865 corri-

213 1904 433 1963 oportet
462 1913 561 1954 nos
582 1897 813 1955 sollicite
841 1900 1259 1975 considerare-in
1277 1901 1495 1971 speculo
1512 1901 1808 1974 Evangelii,
1838 1896 1887 1958 B
1911 1913 2041 1968 pere
2066 1912 2363 1969 pauperum
2392 1914 2741 1970 oppressores
2780 1907 3054 1954 verentur.
3094 1898 3203 1955 Nec
3236 1900 3493 1969 pertime-

211 1999 271 2047 et
296 1991 414 2061 ejus
440 1993 772 2063 perpendere
800 1992 943 2048 dicta
970 2034 985 2059 ,
1014 1994 1143 2064 quid
1173 1994 1366 2050 exinde
1398 1996 1701 2051 ornamenti
1745 1996 1800 2050 in

211 2081 598 2152 adimpletioue
621 2092 1086 2139 sacramentorum
1113 2084 1231 2155 ejus
1252 2085 1567 2150 habeamus,
1594 2094 1654 2139 ut
1685 2085 1802 2142 viro

213 2182 407 2229 nostro
447 2173 665 2230 Christo
711 2174 939 2230 Domino
980 2176 1196 2245 placere
1244 2176 1537 2232 valeamus.
1582 2176 1641 2232 Si
1670 2191 1801 2232 vero

209 2266 507 2336 quominus
558 2267 861 2321 ornamenti
912 2266 1194 2322 animabus
1240 2268 1440 2323 nostris
1478 2266 1800 2337 imperfecto

204 2373 385 2429 opere
411 2358 686 2428 Evangelii
716 2359 1013 2414 habeamus
1048 2360 1329 2431 adeptum,
1360 2360 1509 2416 omni
1538 2359 1803 2420 sollicitu-

208 2450 348 2506 dine
390 2450 653 2507 festinare
694 2459 928 2523 oportet,
978 2453 1152 2523 ipsum
1199 2453 1599 2524 nobismetipsis
1644 2469 1805 2509 orna-

212 2550 466 2597 mentum
494 2541 752 2597 exhibere
779 2542 835 2596 in
860 2542 1113 2613 operibus
1146 2543 1366 2607 sanctis,
1399 2558 1469 2599 ne
1492 2559 1616 2599 eum
1646 2559 1805 2614 spon-

215 2646 317 2688 sus
332 2639 517 2686 noster
544 2632 811 2699 Christus,
837 2633 972 2689 hora
1006 2649 1113 2703 qua
1156 2649 1263 2690 non
1293 2642 1566 2705 putamus,
1596 2635 1808 2691 venerit

215 2731 275 2779 et
288 2723 692 2790 vocaveritnos,
722 2724 862 2779 forte
891 2724 1185 2793 imparatos
1211 2725 1516 2792 inveniens,
1540 2727 1806 2781 excluda-

217 2830 346 2872 mur
374 2829 403 2869 a
434 2814 637 2884 nuptiis
658 2814 808 2885 regni
837 2815 1094 2882 caelestis,
1122 2824 1178 2869 et
1200 2823 1476 2886 postremo
1501 2830 1624 2871 cum
1647 2816 1809 2871 fatuis

218 2908 523 2977 virginibus
550 2906 753 2963 frustra
778 2917 904 2963 ante
925 2908 1149 2979 januam
1179 2910 1501 2979 incipiemus
1529 2908 1766 2965 clamare
1788 2950 1804 2976 ,

221 3008 281 3055 et
322 2998 524 3054 aditum
554 2999 861 3055 introeundi
888 3014 1166 3069 quaerere,
1200 3016 1324 3056 cunt
1375 3016 1479 3057 non
1523 3016 1810 3073 possumus

221 3090 492 3147 invenire.
539 3090 656 3147 Non
694 3107 825 3163 ergo
853 3092 1240 3148 obliviscamur
1274 3102 1668 3167 praeceptorum
1706 3095 1809 3152 Do-

224 3185 382 3251 mini,
427 3200 548 3255 quae
593 3194 722 3241 sunt
769 3185 1072 3241 animarum
1113 3195 1431 3241 ornamenta
1477 3195 1807 3254 nostrarum,

1904 1998 2063 2047 scunt
2088 1991 2155 2045 de
2183 1991 2470 2046 severitate
2500 1991 2786 2061 reddendae
2830 1992 3055 2048 rationis
3072 2033 3087 2059 ,
3127 2008 3229 2062 pro
3256 2009 3325 2049 eo
3347 1993 3493 2064 quod

1903 2081 2274 2137 conticescunt
2304 2082 2372 2137 de
2411 2081 2659 2153 plebibus
2693 2082 2796 2139 sibi
2824 2085 3161 2150 commissis,
3210 2087 3427 2155 quando
3453 2102 3486 2140 a

1905 2172 2214 2243 potentibus
2241 2188 2507 2244 pauperes
2540 2174 2939 2245 opprimuntur.
2964 2175 3047 2232 Ad
3071 2177 3375 2248 eripiendos
3401 2193 3497 2233 eos

1906 2263 2035 2317 boni
2083 2264 2395 2320 sacerdotes
2433 2265 2788 2333 protectionis
2834 2266 3090 2322 auxilium
3128 2267 3340 2335 ferunt,
3396 2284 3497 2325 nec

1908 2362 2164 2409 verentur
2212 2355 2532 2427 cujusquam
2583 2355 2990 2413 inimicitiarum
3038 2358 3346 2426 molestias,
3400 2357 3497 2416 sed

1909 2459 2261 2515 oppressores
2311 2461 2612 2518 pauperum
2661 2448 2839 2519 palam
2891 2458 3156 2522 arguunt,
3194 2451 3495 2524 increpant,

1909 2540 2406 2605 excommunicant,
2442 2542 2732 2613 minusque
2761 2552 3010 2609 metuunt
3052 2560 3237 2602 eorum
3269 2546 3499 2603 nocendi

1910 2631 2150 2695 insidias,
2179 2633 2391 2688 etiamsi
2429 2649 2628 2690 nocere
2663 2635 2896 2692 valeant.
2923 2636 3115 2694 Pastor
3148 2637 3498 2699 enimbonus

1911 2722 2147 2777 animam
2194 2738 2348 2779 suam
2391 2725 2484 2780 dat
2516 2741 2617 2795 pro
2662 2726 2853 2782 ovibus
2883 2729 3014 2783 suis.
3049 2728 3183 2783 Nam
3227 2730 3366 2783 sicut
3404 2743 3502 2797 per

1910 2816 2122 2888 vigilias
2150 2826 2337 2886 pastor
2382 2827 2572 2873 contra
2613 2819 2816 2874 bestias
2859 2836 2989 2875 oves
3025 2820 3299 2877 custodire
3335 2820 3492 2885 solet,

1912 2906 1986 2960 ita
2012 2918 2068 2962 et
2098 2908 2193 2963 Dei
2236 2909 2491 2965 sacerdos
2535 2924 2697 2980 super
2725 2925 2941 2983 gregem
2991 2911 3194 2968 Christi
3239 2911 3502 2968 sollicitus

1915 3012 2036 3053 esse
2075 2998 2258 3066 debet,
2287 3015 2356 3055 ne
2384 3000 2635 3057 inimicus
2660 3010 2866 3068 vastet,
2914 3017 2982 3057 ne
3025 3013 3344 3074 persecutor
3370 3005 3506 3061 infc—

1917 3097 2046 3156 stet,
2074 3106 2149 3147 ne
2169 3092 2492 3162 potentioris
2521 3092 2780 3172 cujusque
2816 3095 3084 3165 cupiditas
3108 3097 3274 3152 vitam
3304 3112 3505 3169 paupe—

1921 3196 2042 3234 rum
2072 3181 2365 3250 inquietet,
2397 3184 2493 3239 sed
2532 3196 2630 3239 sua
2675 3186 2857 3255 potius
2893 3187 3253 3245 sollicitudine
3290 3199 3346 3245 et
3373 3206 3504 3249 cura

225 3277 327 3332 sed
351 3251 642 3333 servientes
676 3276 938 3333 voluntati
966 3277 1084 3349 ejus
1101 3319 1116 3344 ,
1160 3277 1486 3334 adornemus
1510 3293 1610 3334 nos
1635 3251 1812 3350 dignis
1838 3251 1885 3315 ο
1918 3272 2161 3342 diligenti
2193 3275 2356 3329 vitam
2381 3284 2435 3331 et.
2464 3251 2694 3332 salutem
2722 3288 3032 3334 mereamur
3057 3290 3334 3338 aeternam,

231 3368 474 3424 moribus
514 3354 576 3425 et.
607 3376 795 3425 sancta
840 3369 1269 3434 conversatione,
1302 3376 1365 3423 ut
1406 3383 1533 3425 cum
1564 3367 1814 3425 Christus

228 3477 463 3532 sponsus
507 3472 691 3521 ηοειει·
729 3478 832 3520 nos
876 3470 1170 3518 νοοδιιιῐυε
1221 3463 1453 3530 venerit,
1504 3477 1815 3519 mereamur

226 3569 355 3609 cum
393 3568 458 3607 eo
479 3553 545 3608 ad
574 3555 768 3624 gaudia
795 3564 1001 3609 aeterna
1024 3552 1329 3624 pervenire.
1362 3552 1623 3625 Sequitur
1654 3569 1669 3608 :
1794 3586 1802 3599 ι

272 3664 325 3722 αι
364 3643 467 3710 Qui
497 3652 675 3699 autem
698 3644 1039 3715 perspexerit
1076 3645 1134 3700 in
1164 3645 1282 3717 lege
1310 3643 1565 3715 perfectae
1596 3644 1817 3701 liberta-

230 3758 248 3788 ι
291 3737 394 3799 tis,
447 3742 501 3789 et
544 3736 902 3806 permanserit
927 3736 982 3791 in
1008 3751 1096 3804 ea,
1127 3748 1235 3793 non
1279 3738 1497 3793 auditor
1523 3736 1817 3796 obliviosus

231 3847 251 3880 ι
292 3827 502 3893 factus,
548 3826 643 3882 sed
686 3824 862 3882 factor
901 3828 1102 3898 operis,
1128 3828 1221 3885 hic
1238 3829 1434 3885 beatus
1461 3830 1516 3884 in
1544 3829 1688 3886 facto
1719 3847 1818 3887 suo

233 3940 251 3971 ι
290 3920 420 3974 erit.
458 3937 478 3970 ι
510 3918 709 3990 Legem
734 3919 1004 3975 libertatis
1033 3921 1356 3978 charitatem
1386 3922 1519 3979 dicit
1541 3963 1557 3989 ,
1605 3924 1670 3979 de
1713 3939 1819 3995 qua

225 4011 435 4068 Paulus
462 4011 582 4066 ait:
614 4030 632 4062 ι
681 4010 742 4065 1n
783 4011 1035 4067 libertate
1071 4012 1353 4069 charitatis
1394 4013 1596 4070 Christi
1643 4017 1820 4071 vocati

227 4108 366 4164 estis
395 4104 540 4180 (Gal.
569 4104 646 4174 v).
684 4125 703 4158 ι
734 4106 801 4161 Ει
825 4106 1021 4162 iterum
1049 4122 1065 4161 :
1095 4126 1115 4159 ι
1148 4106 1327 4164 Onera
1359 4117 1542 4164 vestra
1586 4109 1821 4166 invicem

229 4206 516 4273 portantes
562 4212 684 4253 cum
725 4198 996 4254 charitate
1037 4196 1248 4270 (Ibid.).
1284 4217 1303 4251 ι
1337 4198 1475 4254 Nam
1524 4200 1568 4254 si
1616 4200 1739 4270 quis
1769 4200 1823 4254 in

233 4292 507 4349 charitate
535 4288 774 4362 perfecta
803 4303 863 4346 se
883 4289 1157 4345 custodire
1184 4291 1465 4361 sategerit,
1483 4289 1650 4345 Deum
1674 4289 1824 4345 vide-

234 4385 367 4440 licet
389 4398 457 4438 ex
488 4390 606 4438 toto
638 4381 823 4446 corde,
858 4390 970 4437 tota
1005 4381 1217 4447 anima,
1266 4391 1381 4438 tota
1416 4381 1687 4453 diligendo
1712 4380 1825 4434 vir-

239 4486 377 4542 tute,
404 4482 461 4530 et
486 4474 795 4551 proximum
822 4487 980 4528 suum
1001 4472 1144 4528 sicut
1172 4473 1409 4542 seipsum
1435 4490 1448 4525 :
1480 4472 1569 4527 hic
1597 4487 1703 4527 non
1732 4487 1827 4526 au-

236 4571 389 4628 ditor
408 4570 703 4628 obliviosus
743 4570 939 4636 factus,
980 4570 1075 4626 sed
1106 4570 1283 4626 factor
1309 4570 1491 4640 operis
1527 4568 1822 4640 evangelici

236 4660 645 4732 comprobatur.
688 4661 757 4717 Et
795 4662 842 4717 si
887 4662 943 4716 in
990 4661 1181 4717 eadem
1225 4660 1591 4732 speculatione
1630 4659 1827 4716 divinae

237 4755 377 4827 legis
403 4754 679 4827 operando
700 4755 1082 4825 permanserit,
1115 4754 1203 4808 hic
1232 4768 1363 4809 vere
1398 4754 1587 4809 beatus
1615 4751 1741 4818 erit,
1771 4760 1827 4808 et

242 4847 315 4903 ad
340 4848 727 4905 beatitudinem
760 4848 1042 4918 perveniet
1075 4847 1480 4917 sempiternam.

324 4961 342 4993 ι
374 4940 433 4997 Si
459 4941 584 5012 quis
604 4948 785 4997 autem
815 4948 970 5011 putat
996 4955 1057 4995 se
1082 4939 1392 5011 religiosum
1425 4953 1576 5005 esse,
1610 4956 1717 4995 non
1745 4953 1831 4993 re-

250 5053 272 5085 (
307 5032 529 5089 frenans
572 5032 807 5104 linguam
852 5047 1004 5087 suam
1030 5072 1046 5098 ,
1086 5052 1105 5085 ι
1146 5031 1413 5087 laudando
1446 5031 1827 5102 semetipsum,

244 5135 305 5182 et
333 5142 433 5198 pro
459 5125 619 5182 bonis
637 5139 757 5195 quae
784 5119 994 5191 fecerit,
1020 5122 1327 5195 glorificare
1355 5137 1414 5178 se
1439 5136 1624 5177 coram
1652 5121 1833 5176 homi-

246 5220 411 5274 nibus
445 5218 738 5289 quaasierit,
769 5226 831 5272 ut
870 5217 1180 5274 Pharisaeus
1227 5225 1379 5273 stans
1424 5216 1477 5270 in
1524 5216 1750 5285 templo,
1782 5224 1837 5271 et

248 5318 570 5379 computans
593 5310 734 5366 bona
772 5324 867 5364 sua
889 5350 904 5375 ,
947 5324 1055 5364 non
1081 5323 1139 5365 se
1165 5309 1306 5364 sicut
1344 5306 1689 5379 publicanum
1717 5323 1839 5363 esse

248 5399 614 5472 proﬁtebatur
641 5398 796 5471 (Luc.
827 5400 1009 5470 xviii),
1046 5418 1066 5451 ι
1112 5415 1220 5456 non
1265 5399 1549 5456 refrenans
1602 5399 1838 5470 linguam

248 5505 431 5558 suam,
469 5510 489 5542 ι
515 5490 571 5548 id
597 5499 701 5567 est,
727 5505 826 5547 cor
853 5505 1008 5559 suum
1032 5489 1102 5545 ab
1123 5490 1358 5546 elatione
1377 5490 1462 5545 vel
1479 5504 1630 5545 vanae
1654 5489 1837 5559 gloriae

250 5584 520 5654 appetitu,
560 5583 646 5639 vel
669 5585 835 5640 etiam
863 5584 1101 5654 linguam
1129 5598 1282 5639 suam
1302 5584 1658 5640 custodiendo
1688 5599 1718 5637 a
1746 5584 1837 5639 de-

210 5702 213 5705 -
252 5678 526 5734 tractione
570 5678 655 5733 vel
700 5676 1073 5749 blasphemia:
1106 5676 1249 5747 quia
1272 5677 1508 5733 otiosum
1546 5685 1630 5733 est
1660 5691 1688 5729 a
1720 5677 1839 5747 qui-

254 5775 487 5831 busdam
512 5789 572 5830 se
600 5772 752 5828 vitiis
780 5772 1074 5836 abstinere,
1111 5773 1158 5828 si
1193 5780 1300 5828 non
1338 5771 1699 5827 ‘ret‘renaverit
1732 5770 1837 5826 lin-

255 5882 419 5940 guam
467 5882 641 5923 suam.
684 5864 835 5921 Unde
876 5864 1077 5920 dicitur
1118 5865 1177 5920 in
1222 5863 1438 5922 Psalmo
1471 5882 1484 5918 :
1526 5881 1545 5915 ι
1585 5864 1717 5933 Quis
1758 5874 1840 5921 cst

582 5961 852 6022 Panos.
898 5957 1173 6020 CXVIII.

2407 3376 2691 3467 HOMlLlA
2726 3378 3014 3467 LXXXIX.

1918 3540 2174 3582 DOIINICA
2210 3542 2408 3591 eorum
2444 3541 2576 3581 ros'r
2614 3540 2844 3593 PASCHA,
2897 3524 3083 3607 Vocem
3129 3526 3507 3597 jucundimtis.

1992 3639 2166 3711 (10m.
2191 3640 2329 3711 xvr.)
2356 3659 2375 3691 ι
2417 3639 2477 3694 ln
2527 3638 2618 3695 illo
2670 3648 2936 3710 tempore,
2992 3639 3128 3696 dixit
3167 3640 3325 3697 Jesus
3349 3641 3512 3697 disci-

1927 3752 1946 3787 ι
1989 3733 2126 3805 pulis
2148 3733 2261 3788 suis
2290 3750 2302 3787 :
2334 3731 2505 3794 Amen
2530 3732 2649 3788 dico
2667 3732 2842 3800 vobis,
2868 3733 2914 3788 si
2947 3732 3077 3803 quid
3116 3722 3378 3804 petieritis
3410 3733 3514 3789 Pa-

1927 3848 1944 3877 ι
1992 3836 2129 3881 trem
2178 3826 2234 3881 in
2280 3826 2497 3880 nomine
2544 3840 2687 3892 meo,
2736 3824 2885 3880 dabit
2908 3825 3081 3883 vobis.
3131 3847 3149 3880 ι
3185 3827 3510 3897 Et‘reliqua.

1923 3918 2172 3990 Largitor
2194 3918 2453 3974 virtutum
2480 3926 2537 3974 et
2558 3926 2944 3991 remunerath
2967 3920 3304 3985 meritorum,
3331 3919 3513 3976 Domi-

1925 4030 2024 4068 nus
2055 4012 2211 4068 Jesus
2259 4011 2531 4078 Christus,
2570 4014 2747 4069 sciens
2774 4013 3066 4068 humanam
3094 4020 3347 4067 naturam
3376 4011 3517 4075 nihil

1923 4104 2050 4161 boni
2080 4106 2282 4161 habere
2321 4121 2482 4177 posse
2509 4106 2614 4161 nisi
2660 4121 2758 4177 per
2786 4106 2906 4177 ejus
2940 4108 3192 4178 gratiam,
3244 4106 3336 4178 qui
3390 4107 3468 4162 ait
3498 4124 3512 4160 :

1931 4218 1949 4251 ι
1996 4198 2124 4254 Sine
2149 4214 2236 4254 me
2262 4197 2396 4253 nihil
2429 4197 2655 4269 potestis
2683 4197 2867 4254 facere
2895 4196 3079 4270 (Ioan.
3109 4198 3225 4271 xv),
3274 4217 3293 4251 ι
3326 4199 3394 4255 ad
3426 4199 3516 4254 in-

1927 4290 2181 4346 stantiam
2209 4291 2400 4346 orandi
2427 4301 2482 4345 et
2510 4289 2973 4361 importunitatem
3002 4289 3220 4361 petendi
3262 4305 3361 4345 nos
3390 4289 3519 4345 alibi

1927 4385 2176 4439 hortatur
2200 4393 2254 4441 et
2284 4384 2559 4450 admonet,
2597 4383 2820 4439 dicens:
2851 4400 2870 4435 ι
2900 4382 3094 4448 Petite,
3121 4391 3176 4437 et
3206 4381 3517 4452 accipietis;

1928 4475 2175 4546 quaerite,
2222 4484 2277 4530 et
2326 4474 2637 4538 invenietis;
2673 4473 2901 4543 pulsate,
2946 4481 3004 4526 et
3046 4471 3321 4542 aperietur
3364 4471 3519 4527 vobis

1932 4566 2146 4639 (Matth.
2180 4566 2297 4635 vn).
2330 4585 2347 4615 ι
2379 4566 2447 4620 Et
2468 4580 2537 4620 ne
2561 4564 2755 4634 aliquis
2782 4566 3075 4633 impetrare
3106 4578 3165 4619 se
3192 4578 3350 4633 posse
3374 4563 3520 4633 quod

1933 4662 2505 4734 postulatdubitaret,
2552 4660 2597 4715 si
2644 4669 2819 4714 tamen
2865 4660 2918 4714 in
2952 4660 3200 4715 oratione
3245 4674 3350 4715 non
3382 4659 3519 4715 deﬁ-

1934 4752 2061 4818 ciat,
2090 4766 2340 4819 magnam
2370 4751 2620 4805 ﬁduciam
2658 4750 2974 4818 parentibus
3015 4750 3069 4804 in
3101 4749 3324 4805 exordio
3363 4749 3521 4819 hujus

1936 4845 2184 4901 lectionis
2209 4843 2476 4909 exhibuit,
2504 4844 2721 4899 dicens:
2751 4864 2769 4895 ι
2799 4844 2993 4909 Amen,
3021 4859 3180 4900 amen
3202 4844 3323 4900 dico
3344 4845 3517 4913 vobis,

1939 4937 1983 4993 si
2013 4937 2142 5007 quid
2172 4936 2436 5006 petieritis
2477 4934 2693 4991 Patrem
2730 4936 2783 4991 in
2809 4936 3027 4991 nomine
3071 4951 3212 5005 meo,
3249 4936 3399 4994 dabit
3422 4953 3520 4995 vo-

1940 5032 2043 5087 bis.
2082 5050 2099 5081 ι
2136 5029 2237 5085 Ubi
2286 5029 2581 5084 notandum
2630 5029 2755 5098 quia
2808 5026 2941 5083 cum
2980 5043 3077 5084 nos
3124 5028 3523 5099 adpetendum

1940 5124 2206 5187 hortatur,
2241 5136 2338 5176 sua
2361 5119 2595 5190 gratuita
2620 5118 2781 5187 dona,
2809 5120 2995 5175 nostra
3015 5119 3126 5174 vult
3153 5135 3273 5195 esse
3293 5122 3519 5178 merita:

1942 5224 1997 5269 et
2024 5214 2143 5269 ideo
2172 5212 2419 5284 quamvis
2460 5212 2599 5267 sciat
2625 5212 2755 5282 quid
2793 5212 2949 5268 nobis
2993 5227 3218 5270 necesse
3255 5216 3328 5271 sit
3366 5225 3522 5272 ante-

1942 5324 2103 5375 quam
2133 5315 2379 5376 pctamus
2408 5284 2549 5365 eum,
2577 5313 2638 5358 ut
2668 5303 2908 5359 inveniat
2935 5303 2993 5359 in
3018 5305 3176 5361 nobis
3198 5294 3352 5376 quod
3380 5289 3525 5374 iuste

1945 5405 2285 5462 remuneret,
2341 5394 2407 5450 ad
2462 5394 2777 5465 petendum
2819 5410 2919 5449 nos
2987 5394 3218 5462 invitat,
3276 5395 3520 5450 dicens:

1950 5511 1968 5542 ‹
2011 5490 2200 5547 Omnis
2231 5489 2322 5557 qui
2356 5487 2494 5558 petit
2527 5486 2746 5556 accipit,
2776 5496 2831 5542 et
2867 5485 2957 5555 qui
2983 5486 3180 5556 quaerit
3221 5484 3445 5565 invenit,
3471 5490 3527 5537 et

1945 5581 2179 5653 pulsanti
2209 5579 2500 5651 aperietur.
2538 5598 2556 5630 ι
2594 5576 2700 5633 Sed
2733 5575 2874 5633 forte
2902 5583 3084 5632 movet
3111 5575 3290 5630 minus
3330 5572 3528 5628 intelli-

1945 5682 2151 5747 gentes,
2191 5686 2362 5741 quare
2402 5670 2583 5726 dicat:
2613 5689 2631 5721 ι
2665 5667 2724 5726 Si
2768 5668 2896 5738 quid
2939 5665 3204 5738 petieritis
3228 5664 3282 5718 in
3310 5662 3528 5717 nomine

1946 5782 2090 5831 meo,
2115 5764 2464 5828 dabit-vobis,
2508 5782 2526 5813 ι
2557 5778 2678 5818 cum
2703 5760 2937 5833 legimus
2969 5772 3076 5813 non
3106 5754 3279 5839 solum
3304 5752 3526 5810 inferio-

1949 5879 2057 5928 res,
2101 5860 2196 5919 scd
2224 5860 2388 5916 etiam
2417 5857 2643 5914 Paulum
2684 5853 3007 5926 apostolum,
3037 5850 3127 5921 qui
3159 5862 3381 5905 summae
3405 5863 3525 5918 per-
