4014 6354
604 387 711 443 525

1237 379 1591 436 HAYMONIS
1631 380 2104 436 HALBERSTA'I‘.
2146 378 2358 434 EPISC.
2401 378 2550 434 OPP.
2593 378 2771 433 PARS
2808 377 2868 433 ll.
2920 407 2991 418 —
3016 376 3247 433 HOMIL.
3717 381 3799 437 ὅτι

597 501 844 559 fectionis
892 499 1015 563 fuit,
1066 496 1265 566 aliquid
1312 497 1532 566 petiisse
1573 504 1626 550 et
1680 511 1784 551 non
1832 496 2167 566 impetrasse.
2200 498 2248 555 Α
2278 492 2509 547 maxime
2538 508 2658 547 cum
2684 492 2796 562 ipse
2815 488 2983 560 judex
3003 491 3154 546 deeo
3179 498 3421 552 testatur,
3444 489 3648 547 dicens:
3675 512 3691 544 ι
3716 491 3800 553 Vas

598 595 704 652 Sed
726 603 784 649 ut
808 588 1282 647 veridica'Domini
1326 588 1617 659 promissio
1646 588 1801 643 nobis
1825 587 2026 642 clarius
2053 585 2169 640 elu-

595 696 735 751 ceat,
786 683 918 738 libet
968 681 1211 734 diversas
1258 694 1518 749 personas
1566 680 1859 750 petentium
1887 678 2171 748 inspicere,

595 785 648 831 et
671 787 863 830 causas
892 770 1219 841 impetrandi
1247 769 1330 824 vel
1362 785 1468 824 non
1496 770 1816 839 impetrandi
1847 769 2171 823 discernere.

592 864 893 933 Aliquando
940 861 1085 916 enim
1133 859 1271 915 solet
1327 846 1670 930 contingere,
1723 867 1784 915 ut
1828 860 1882 913 in
1930 859 2176 914 oratione

593 956 733 1009 bona
763 960 1034 1022 petantur,
1067 950 1161 1005 sed
1185 949 1311 1019 quia
1344 948 1471 1003 mali
1502 958 1627 1003 sunt
1653 950 1744 1020 qui
1771 957 1979 1018 petunt,
2005 964 2036 1002 a
2068 948 2174 1003 Do-

593 1042 739 1096 mino
764 1040 1019 1095 exaudire
1058 1055 1164 1093 non
1201 1048 1495 1094 merentur.
1529 1037 1810 1110 Superilue
1847 1053 2079 1108 namque
2116 1054 2175 1093 se

590 1131 833 1188 exaudiri
864 1147 896 1184 a
934 1130 1164 1186 Domino
1208 1139 1401 1200 putant
1443 1130 1495 1184 in
1538 1130 1874 1185 orationibus
1903 1131 2034 1195 suis,
2081 1130 2172 1201 qui

591 1240 714 1281 eum
758 1225 948 1279 audire
989 1231 1339 1279 contemnunt
1388 1224 1441 1278 in
1473 1228 1585 1279 suis
1630 1225 1991 1289 sermonibus,
2021 1223 2176 1280 Salo-

590 1336 749 1375 mone
776 1328 1026 1384 testante,
1056 1319 1147 1388 qui
1178 1318 1254 1372 ait
1290 1332 1304 1371 :
1344 1337 1363 1369 (
1404 1318 1506 1384 Qui
1541 1319 1757 1373 obturat
1789 1332 1973 1373 aurem
2020 1333 2172 1373 suam

590 1427 660 1465 ne
685 1411 1091 1483 audiatlegem,
1138 1410 1313 1466 oratio
1341 1410 1455 1478 ejus
1482 1411 1587 1465 erit
1609 1411 1960 1466 exsecrabilis
1988 1408 2169 1483 (Prov.

590 1504 801 1574 xxvut).
836 1523 853 1555 ›
890 1502 1195 1572 Aliquando
1238 1517 1366 1557 vero
1399 1502 1646 1556 carnales
1685 1501 1925 1556 carnalia
1962 1509 2170 1572 petunt,

589 1607 643 1651 et
677 1598 797 1652 ideo
824 1612 853 1650 a
886 1597 1114 1651 Domino
1146 1611 1253 1652 non
1285 1596 1670 1660 exaudiuntur,
1701 1596 1897 1665 quibus
1924 1609 2019 1664 per
2042 1596 2171 1650 bea-

592 1698 703 1742 tum
749 1686 1008 1744 Iacobum
1053 1687 1353 1758 apostolum
1400 1688 1599 1743 dicitur
1630 1703 1643 1740 :
1691 1707 1707 1738 ‹
1739 1688 1956 1754 Petitis,
1984 1696 2039 1743 et
2068 1703 2173 1743 non

589 1780 860 1851 accipitis,
890 1796 956 1835 eo
979 1780 1120 1850 quod
1148 1779 1287 1834 male
1314 1778 1532 1849 petatis,
1564 1780 1697 1832 utin
1721 1777 2173 1848 concupiscentiis

2274 583 2552 639 electionis
2583 583 2713 637 mihi
2749 593 2834 639 est
2874 583 2995 648 iste,
3036 590 3096 636 ut
3122 589 3301 651 portet
3331 595 3525 636 nomen
3550 598 3706 641 meum
3731 603 3799 642 co-

2277 692 2390 730 ram
2420 675 2666 746 gentibus
2709 685 2763 728 et
2803 674 3019 747 regibus
3055 682 3110 727 et
3147 672 3272 728 ﬁliis
3296 671 3496 728 Israel?
3531 691 3549 724 ι
3576 672 3700 744 (Act.
3725 678 3801 746 rx.)

2275 766 2478 822 Nullus.
2524 765 2598 819 Et
2644 774 2823 821 tamen
2874 764 3120 821 diabolus
3148 764 3342 834 petiit,
3385 773 3445 818 et
3490 764 3796 835 impetravit:

2275 858 2558 928 Apostolus
2587 873 2715 913 vero
2743 857 2920 928 petiit,
2968 865 3022 912 et
3064 872 3171 913 non
3202 856 3526 927 impetravit.
3555 855 3698 911 Petiit
3719 859 3804 913 dias

2273 950 2429 1006 belus
2462 960 2519 1004 ut
2548 951 2909 1005 substantiam
2935 949 3287 1014 Jobdeleret,
3318 958 3378 1005 et
3400 949 3601 1006 audivit
3624 969 3635 1004 :
3658 969 3677 1001 ι
3700 951 3805 1007 Ecce

2276 1041 2527 1096 universa
2570 1056 2689 1110 qute
2731 1041 2916 1107 habet,
2968 1042 3021 1095 in
3066 1055 3229 1095 manu
3262 1049 3369 1096 tua
3411 1048 3535 1095 sunt
3572 1038 3800 1111 (Jobr).i

2276 1131 2440 1187 Petiit
2471 1132 2759 1202 Apostolus
2788 1142 2848 1187 ut
2868 1132 3176 1188 auferretur
3203 1133 3272 1187 ab
3306 1146 3374 1188 eo
3400 1130 3643 1188 stimulus
3665 1133 3805 1188 carnis

2275 1240 2405 1287 suae,
2437 1234 2493 1280 et
2522 1241 2630 1280 non
2670 1224 3000 1295 impetravit.
3035 1223 3169 1292 Quis
3191 1236 3319 1294 ergo
3343 1224 3537 1279 borum
3565 1222 3719 1294 magis
3737 1237 3807 1277 ex-

2277 1317 2493 1372 auditus
2517 1316 2644 1372 est?
2673 1316 2943 1381 diabolus,
2971 1331 3040 1370 an
3064 1314 3395 1386 Apostolus?
3418 1314 3662 1370 Diabolus
3683 1329 3806 1369 exau-

2277 1411 2417 1466 ditus
2464 1419 2549 1466 est
2594 1410 2662 1465 ad
2709 1410 3065 1474 voluntatem,
3103 1425 3208 1464 non
3254 1417 3437 1464 tamen
3484 1408 3553 1462 ad
3582 1408 3803 1463 salutem:

2276 1504 2403 1574 quia
2430 1504 2555 1559 inde
2579 1504 2815 1559 deterior
2836 1501 3059 1559 eﬂectus
3084 1512 3186 1565 est,
3201 1502 3343 1557 unde
3364 1511 3555 1558 sancto
3566 1501 3675 1556 viro
3694 1501 3807 1556 dam-

2275 1610 2405 1650 num
2450 1594 2648 1652 int‘erre
2708 1604 2934 1650 conatus
2985 1602 3089 1650 est.
3122 1593 3421 1669 Apostolus
3471 1607 3598 1648 vero
3638 1600 3809 1646 nonest

2277 1687 2561 1742 exauditus
2606 1687 2672 1741 ad
2700 1686 3056 1751 voluntatem,
3084 1685 3180 1741 sed
3204 1687 3270 1739 ad
3301 1683 3531 1740 salutem
3561 1701 3573 1737 :
3596 1682 3707 1752 quia
3728 1696 3808 1736 non

2277 1777 2598 1848 expediebat
2624 1776 2698 1830 illi
2722 1783 2781 1830 ut
2809 1776 3059 1832 stimulus
3081 1776 3262 1831 carnis
3285 1790 3396 1831 suae
3422 1776 3498 1830 ab
3522 1790 3586 1830 eo
3609 1772 3810 1828 auferre-

587 1873 782 1927 vestris
839 1872 1205 1943 permaneatis
1252 1871 1391 1941 (Jac.
1448 1870 1543 1941 tv).
1602 1891 1619 1923 ›
1692 1865 1991 1940 Aliquando
2048 1872 2170 1926 boni
2200 1868 2248 1929 B
2278 1878 2387 1933 tur,
2433 1870 2523 1939 qui
2552 1870 2623 1924 ob
2651 1870 2950 1925 custodiam
3000 1869 3321 1924 humilitatis
3362 1870 3415 1924 ei
3464 1870 3621 1924 datus
3660 1866 3809 1930 fuerat,

586 1962 723 2017 bona
764 1969 973 2034 petunt,
1021 1963 1115 2017 sed
1149 1960 1363 2016 illorum
1408 1961 1548 2016 mala
1590 1961 1784 2015 merita
1832 1974 1930 2029 pro
1976 1961 2170 2029 quibus

584 2061 795 2125 petunt,
827 2055 906 2111 eis
930 2055 1201 2111 obsistunt
1223 2070 1292 2109 ne
1322 2054 1648 2109 audiantur:
1678 2054 1866 2124 quales
1893 2063 2050 2108 erant
2072 2053 2166 2118 illi,

582 2160 681 2214 pro
708 2145 903 2216 quibus
947 2144 1194 2201 Jeremite
1229 2145 1518 2200 a'Domino
1550 2144 1748 2199 dicitur
1785 2160 1798 2197 :
1844 2164 1863 2195 ‹
1909 2143 1990 2198 Tu
2038 2159 2170 2199 vero

583 2237 690 2291 noli
723 2252 879 2292 orare
917 2252 1015 2307 pro
1052 2236 1247 2306 populo
1292 2237 1414 2301 hoc,
1451 2245 1501 2292 et
1532 2252 1639 2291 non
1669 2251 1913 2292 assumas
1956 2250 2055 2306 pro
2091 2235 2171 2290 eis

582 2327 769 2384 laudes
810 2337 867 2384 et
911 2329 1235 2393 orationem,
1289 2328 1413 2397 quia
1464 2343 1569 2383 non
1615 2326 1902 2383 exaudiam
1940 2334 1993 2381 te
2034 2326 2167 2396 (Jer.

579 2421 698 2490 vn).
742 2442 759 2473 ι
800 2421 865 2476 Bt
895 2421 1133 2476 iterum:
1174 2440 1191 2472 ‹
1222 2418 1279 2475 Si
1326 2421 1575 2475 steterint
1606 2420 1817 2491 Moyses
1854 2427 1909 2473 et
1953 2417 2170 2473 Samuel

581 2527 767 2568 coram
796 2528 904 2578 me,
952 2527 1059 2567 non
1094 2520 1177 2567 est
1214 2512 1395 2567 anima
1440 2528 1558 2568 mea
1596 2514 1661 2567 ad
1705 2512 1961 2583 populum
2006 2511 2166 2565 istum

580 2603 713 2675 (Jer.
748 2605 858 2674 xv).
896 2625 914 2656 ι
948 2603 1057 2660 Nec
1083 2613 1260 2660 tamen
1284 2607 1578 2675 putandum
1602 2606 1744 2675 quod
1771 2622 1801 2659 a
1826 2604 2004 2658 fructu
2030 2620 2171 2658 mer-

580 2693 730 2749 cedis
759 2695 1056 2763 privemur,
1080 2694 1312 2764 quoties,
1356 2711 1454 2765 pro
1502 2695 1700 2764 iniquis
1727 2701 1965 2757 orantes,
1999 2706 2167 2746 exau-

579 2784 682 2838 diri
708 2797 815 2838 non
836 2768 1114 2839 meremur
1137 2805 1149 2839 :
1176 2787 1321 2856 quia,
1350 2785 1453 2839 etsi
1486 2784 1559 2838 illi
1577 2800 1681 2838 non
1710 2792 1836 2837 sunt
1856 2782 2005 2851 digni
2027 2782 2171 2837 acci-

578 2889 704 2945 pere
754 2890 853 2944 pro
896 2876 1093 2946 quibus
1142 2878 1394 2946 petimus,
1443 2876 1597 2930 nobis
1648 2884 1829 2931 tamen
1877 2891 1975 2946 pro
2024 2877 2166 2933 bona

576 2968 876 3024 intentione
910 2984 1119 3026 merces
1151 2968 1664 3037 recompensabitur.
1705 2966 1860 3023 Unde
1891 2969 2029 3024 bene
2060 2984 2166 3025 non

577 3060 714 3116 dixit
740 3061 1059 3133 simpliciter
1097 3081 1109 3115 :
1141 3080 1158 3111 ι
1198 3060 1260 3114 Si
1284 3060 1411 3129 quid
1445 3060 1708 3130 petieritis
1735 3061 1953 3118 Patrem
1980 3063 2035 3117 in
2065 3077 2164 3117 no-

576 3154 720 3208 mine
748 3169 889 3217 meo,
918 3154 1087 3217 dabit,
1123 3170 1141 3202 ι
1176 3151 1271 3205 sed
1306 3165 1429 3207 cum
1459 3152 1826 3208 additamenta
1856 3173 1872 3204 ι
1901 3152 2047 3207 dabit
2071 3166 2162 3206 vo-

575 3243 676 3299 bis.
713 3265 731 3297 »
766 3243 920 3313 Quod
947 3251 1031 3298 est
1056 3242 1236 3297 dicere
1262 3240 1519 3297 rEtsivilli
1554 3257 1659 3298 non
1703 3252 1981 3299 merentur
2020 3243 2162 3298 acci-
2188 3222 2235 3286 C

573 3349 702 3404 pere
745 3350 843 3407 pro
886 3333 1082 3405 quibus
1126 3331 1345 3402 petitis,
1398 3331 1549 3389 vobis
1595 3341 1774 3388 tamen
1822 3349 1920 3404 pro
1966 3332 2162 3388 affectu

576 3426 862 3481 charitatis
892 3436 1101 3477 merces
1143 3420 1490 3483 retribuetur,
1545 3422 1688 3477 sicut
1725 3423 2011 3478 Psalmista
2043 3424 2159 3478 ait:

582 3534 598 3567 ι
642 3517 710 3572 Et
731 3516 905 3572 oratio
936 3528 1053 3569 mea
1093 3515 1147 3569 in
1185 3515 1358 3568 sinum
1393 3529 1571 3569 meum
1609 3522 1956 3569 convertetur
1986 3512 2158 3586 (Psal.

573 3608 779 3679 xxxiv).
823 3628 841 3658 ι
874 3606 1175 3676 Aliquando
1210 3607 1381 3662 sancti
1428 3616 1615 3661 sancta
1650 3614 1861 3676 petunt,
1908 3606 2002 3660 sed
2032 3606 2161 3675 quia

573 3715 759 3756 eorum
787 3698 975 3768 petitio
1004 3698 1057 3752 in
1084 3699 1333 3769 praesenti
1363 3715 1465 3753 non
1508 3697 1778 3767 impletur,
1817 3705 1987 3751 restat
2021 3705 2081 3751 ut
2106 3697 2161 3750 in

580 3792 762 3845 futuro
791 3790 1083 3859 repleatur,
1127 3792 1265 3845 sicut
1295 3790 1614 3844 universalis
1646 3789 1882 3844 Ecclesia
1920 3788 2162 3858 quotidie

578 3884 633 3936 in
661 3880 906 3935 oratione
932 3880 1113 3936 Deum
1162 3880 1418 3950 postulat,
1466 3882 1691 3935 dicens:
1724 3900 1743 3931 ‹
1776 3880 2040 3936 Adveniat
2071 3896 2158 3935 re—

575 3987 738 4044 gnum
767 3980 917 4026 tuum
941 3971 1267 4043 (Martium).
1300 3993 1318 4025 ι
1338 3973 1491 4039 Quod
1514 3986 1756 4044 regnum,
1781 3975 1885 4029 etsi
1907 3989 2012 4029 non
2036 3989 2157 4029 mox

574 4063 726 4118 ﬁnita
767 4064 1015 4119 oratione
1043 4064 1278 4127 advenit,
1310 4072 1487 4118 tamen
1518 4047 1641 4134 post
1666 4064 1973 4119 universale
2011 4063 2157 4133 judi-

572 4157 719 4213 cium
747 4157 863 4211 sine
878 4156 1044 4212 dubio
1062 4156 1301 4212 creditur
1320 4165 1627 4211 venturum.
1656 4156 1959 4226 Aliquando
1984 4157 2159 4212 sancti

574 4251 629 4305 in
653 4250 903 4305 oratione
930 4250 1200 4306 contraria
1237 4250 1431 4304 anima:
1461 4266 1572 4305 sua:
1597 4252 1909 4322 ignoranter
1947 4260 2157 4321 petunt,

573 4341 785 4398 occulto
815 4350 995 4397 tamen
1029 4341 1121 4397 Dei
1159 4339 1380 4408 judicio,
1414 4357 1520 4396 non
1568 4342 1635 4395 ad
1664 4340 2013 4405 voluntatem,
2063 4341 2160 4397 sed

565 4434 640 4488 ad
683 4433 911 4490 salutem
948 4433 1330 4489 exaudiuntur.
1380 4432 1545 4488 Multo
1584 4434 1729 4488 enim
1778 4433 2049 4489 salubrius
2077 4442 2161 4489 est

575 4526 817 4582 exaudiri
845 4526 912 4581 ad
948 4525 1210 4591 salutem,
1238 4540 1403 4595 quam
1434 4526 1500 4580 ad
1532 4524 1882 4580 voluntatem.
1914 4525 2066 4592 Quod
2100 4536 2163 4581 ut

577 4620 917 4675 manifestius
946 4618 1298 4689 intelligatur,
1334 4619 1469 4674 duos
1507 4619 1561 4673 in
1607 4618 1842 4674 medium
1868 4633 2156 4690 ponamus,

573 4725 741 4765 unum
784 4709 1006 4773 malum,
1034 4719 1087 4764 et
1118 4708 1347 4764 alterum
1376 4712 1575 4765 bonum
1602 4725 1616 4762 :
1642 4710 1715 4764 ita
1742 4720 1944 4776 tamen,
1976 4721 2035 4766 ut
2062 4712 2160 4767 bo-

575 4815 677 4854 nus
704 4800 925 4869 petiisse
952 4800 1161 4870 legatur
1188 4808 1366 4855 etnon
1404 4801 1743 4870 impetrasse,
1774 4802 1949 4858 malus
1977 4813 2160 4859 autem

574 4889 795 4960 petiisse
834 4899 887 4944 et
916 4890 1255 4959 impetrasse.
1304 4889 1411 4946 Sed
1463 4907 1530 4946 ne
1579 4892 1773 4962 aliquis
1826 4895 1984 4949 tacita
2030 4909 2161 4949 con-

574 4980 798 5037 scientia
826 4981 993 5046 dicat,
1027 4982 1141 5036 tieri
1178 4998 1282 5036 non
1314 4998 1496 5054 posse,
1523 4983 1670 5038 illum
1695 4994 1821 5039 ante
1846 4984 2035 5040 oculos
2063 4985 2159 5041 Dei

576 5072 837 5142 iniustum
850 5089 975 5130 esse
992 5075 1095 5144 qui
1115 5076 1400 5130 exauditus
1426 5086 1531 5141 est,
1565 5084 1621 5130 et
1640 5076 2013 5146 illumjustum
2041 5091 2160 5132 esse

576 5168 668 5237 qui
698 5182 803 5223 non
831 5168 1151 5224 exauditur:
1189 5169 1310 5225 talis
1334 5170 1387 5223 in
1414 5169 1556 5224 malo
1585 5170 1863 5239 ponendus
1883 5178 1986 5235 est,
2010 5172 2163 5242 cujus

580 5261 840 5316 malitiam
871 5262 1047 5318 nullus
1075 5262 1285 5333 ignoret
1312 5281 1324 5316 :
1350 5270 1407 5318 et
1432 5262 1555 5316 talis
1598 5263 1651 5315 in
1702 5263 1863 5327 bono,
1894 5263 1961 5318 de
2006 5263 2163 5334 cujus

578 5353 867 5409 sanctitate
892 5354 1070 5410 nullus
1098 5355 1326 5419 dubitet,
1360 5353 1558 5407 Paulus
1576 5353 1787 5409 scilicet
1814 5356 2088 5425 apostolus
2109 5369 2166 5414 et

572 5444 843 5501 diabolus.
870 5446 1001 5514 Quis
1030 5447 1174 5501 enim
1198 5446 1473 5502 diabolum
1503 5454 1776 5501 auctorem
1802 5448 2021 5505 malitia:
2040 5466 2162 5509 esse

579 5544 758 5607 neget,
782 5539 1023 5592 maxime
1060 5553 1183 5591 cum
1222 5551 1318 5608 per
1336 5538 1553 5593 beatum
1593 5537 1695 5596 Job
1720 5542 1788 5597 de
1821 5559 1885 5599 eo
1907 5545 2158 5604 dicatur:

584 5652 603 5685 ι
648 5632 819 5689 Omne
860 5634 1088 5689 sublime
1123 5634 1288 5697 videt,
1326 5635 1524 5705 et'ipse
1551 5645 1633 5693 est
1664 5653 1756 5693 rex
1789 5654 1952 5711 super
1975 5658 2164 5699 omnes

579 5724 721 5781 ﬁlios
748 5728 1049 5797 superbiae?
1081 5747 1097 5778 ι
1137 5723 1257 5795 (Job
1296 5728 1429 5799 xu.)
1469 5728 1600 5795 Quis
1632 5745 1757 5785 vero
1783 5731 2007 5789 Paulum
2036 5751 2166 5807 apo-

585 5821 778 5875 stolum
826 5832 946 5890 post
995 5824 1398 5878 conversionem
1459 5833 1702 5880 sanctum
1748 5826 1913 5882 fuisse
1933 5828 2166 5897 dubitet,

2274 1959 2413 2013 sicut
2462 1959 2574 2028 ipse
2618 1958 2786 2013 dicit:
2840 1978 2859 2009 ‹
2885 1960 2952 2013 Ει
2997 1975 3066 2015 ne
3110 1960 3426 2031 magnitudo
3480 1959 3813 2016 revelationum

2273 2048 2501 2103 extollat
2545 2064 2662 2115 me;
2696 2050 2853 2105 datus
2879 2058 2964 2106 est
3011 2050 3143 2105 mihi
3190 2050 3439 2106 stimulus
3487 2050 3661 2106 cautis
3694 2062 3811 2113 meat,

2275 2139 2497 2209 angelus
2525 2138 2755 2204 Satanae,
2796 2149 2855 2195 ut
2884 2156 2970 2197 me
2998 2140 3322 2212 colaphizet.
3354 2140 3587 2212 Propter
3609 2140 3736 2212 quod
3758 2148 3815 2197 ter

2275 2232 2558 2288 Dominum
2584 2234 2790 2305 rogavi,
2826 2243 2888 2288 ut
2913 2235 3215 2290 discederet
3244 2251 3273 2290 a
3306 2249 3414 2300 me,
3444 2244 3501 2291 et
3526 2234 3657 2289 dixit
3680 2232 3810 2287 mihi:

2275 2322 2482 2380 Suﬂieit
2532 2325 2627 2380 tibi
2672 2327 2846 2396 gratia
2888 2342 3028 2394 mea,
3076 2341 3202 2382 nam
3243 2328 3413 2382 virtus
3440 2329 3517 2383 -in
3553 2326 3816 2382 inﬁrmitate

2272 2415 2669 2487 perﬁciturUl
2717 2417 2839 2472 Cor.
2886 2420 3008 2491 xu).
3047 2438 3066 2472 ι
3099 2417 3419 2489 Quicunque
3460 2434 3592 2491 ergo
3622 2417 3716 2472 (ide
3739 2429 3815 2469 nos

2273 2507 2525 2562 dubitans
2567 2524 2633 2563 ea
2678 2525 2800 2580 quae
2835 2510 2903 2565 ad
2928 2510 3158 2566 salutem
3197 2510 3544 2566 animaevsuai
3566 2508 3815 2580 pertinent.

2270 2608 2689 2666 perseveranter
2710 2600 2866 2670 petit,
2893 2601 3011 2656 sine
3038 2601 3202 2657 dubio
3225 2603 3519 2658 exauditur
3540 2611 3631 2656 aut
3652 2600 3818 2668 inpra-

2273 2689 2411 2743 senti
2441 2698 2533 2744 aut
2566 2690 2619 2744 in
2650 2690 2849 2746 futuro.
2893 2692 3042 2748 Unde
3070 2695 3210 2749 bene
3239 2693 3458 2759 dicitur,
3498 2712 3517 2744 ι
3566 2694 3617 2747 in
3645 2688 3821 2745 nomint

2272 2793 2410 2834 meo.
2464 2798 2483 2831 ι
2518 2778 2721 2834 Nomen
2755 2795 2886 2836 vero
2910 2779 3053 2849 ejus,
3083 2781 3243 2838 Iesus
3270 2792 3375 2849 est,
3412 2784 3467 2839 id
3499 2792 3583 2839 est
3622 2779 3824 2835 salvator

2271 2869 2386 2924 sive
2426 2869 2697 2924 salutaris.
2747 2870 2843 2925 ille
2881 2887 3013 2943 ergo
3056 2874 3112 2927 in
3154 2876 3374 2929 nomine
3410 2874 3543 2931 Jesu
3582 2871 3727 2944 petit,
3758 2867 3824 2939 qui

2266 2961 2469 3014 animae
2488 2976 2603 3014 sua:
2620 2960 2850 3016 salutem
2879 2963 3092 3031 quaerit.

2344 3072 2363 3103 ι
2408 3051 2591 3122 Usque
2619 3054 2781 3108 modo
2813 3069 2917 3110 non
2965 3056 3177 3126 petistis
3214 3058 3519 3127 quidquam
3566 3058 3623 3112 in
3662 3055 3826 3111 nomine

2277 3164 2293 3196 ι
2339 3162 2478 3203 meo.
2512 3168 2531 3199 ι
2566 3148 2817 3219 Nunquid
2854 3166 2962 3206 non
2994 3161 3122 3207 ante
3163 3151 3442 3222 petierant
3476 3151 3738 3222 apostoli,
3770 3148 3825 3203 di-

2266 3248 2455 3296 centes
2497 3240 2692 3312 (Marc.
2748 3242 2861 3314 xrv)
2891 3257 2906 3297 :
2940 3263 2957 3294 ε
2991 3242 3239 3309 Domine,
3286 3243 3378 3299 dic
3425 3243 3616 3311 nobis,
3663 3241 3824 3314 quando

2266 3336 2384 3390 hac
2410 3336 2632 3390 erunt?
2669 3357 2685 3387 ι
2717 3336 2841 3392 vel:
2878 3357 2896 3387 ε
2932 3336 3085 3404 Quod
3122 3337 3334 3407 signum
3360 3337 3657 3393 adventus
3695 3334 3819 3390 tui?»

2267 3430 2437 3485 etlhis
2461 3430 2681 3486 similia.
2700 3430 2992 3486 Fecerunt
3012 3430 3224 3501 utique.
3244 3431 3365 3485 Sed
3391 3429 3540 3500 quod
3575 3430 3650 3482 ait
3675 3444 3689 3480 :
3714 3444 3731 3478 ι
3755 3422 3821 3480 Us-

2267 3538 2373 3591 que
2397 3525 2560 3578 modo
2607 3540 2714 3579 non
2748 3525 2974 3593 petistis
3018 3525 3337 3595 quidquam,
3366 3544 3400 3575 ~a
3435 3522 3651 3578 duobus
3693 3518 3820 3576 modis

2268 3618 2493 3689 intelligi
2516 3626 2712 3688 potest.
2750 3618 2882 3673 Sive
2912 3632 3018 3674 non
3050 3619 3265 3689 petistis
3285 3617 3607 3689 quidquam,
3632 3615 3743 3687 quia
3761 3625 3819 3667 me

2267 3708 2530 3776 :equalem
2583 3707 2729 3763 Patri
2771 3725 2876 3765 non
2918 3710 3229 3766 credidistis
3253 3751 3268 3776 ,
3301 3721 3362 3765 ut
3392 3710 3448 3764 in
3486 3710 3701 3765 nomine
3733 3718 3819 3760 meo

2267 3798 2525 3869 peteretis
2557 3817 2569 3853 :
2595 3799 2711 3855 sive
2736 3809 2889 3855 certe
2914 3816 3022 3856 non
3050 3802 3264 3872 petistis
3293 3801 3616 3871 quidquam,
3642 3797 3754 3869 quia
3773 3792 3818 3847 ad

2267 3890 2728 3960 comparationem
2780 3906 2971 3946 eorum
3019 3907 3139 3963 quae
3175 3900 3360 3964 petere
3402 3891 3697 3957 debuistis,
3723 3883 3818 3944 nihil

2267 3990 2392 4037 sunt
2415 3998 2536 4054 quae
2557 3984 2793 4055 petistis.
2824 3984 3067 4056 Fragiles
3097 4000 3333 4055 namque
3354 3992 3572 4040 mentes
3596 3978 3818 4054 apostolo-

2269 4089 2388 4128 rum
2416 4083 2544 4130 ante
2571 4075 2877 4145 passionem
2910 4076 3064 4147 prius
3092 4084 3307 4131 terrena
3334 4084 3391 4130 et
3418 4073 3726 4131 transitoria
3755 4082 3820 4139 pe-

2266 4175 2383 4223 tere
2406 4177 2685 4234 noverant,
2711 4169 2853 4224 sicut
2871 4168 2938 4223 de
2960 4168 3172 4224 duobus
3194 4167 3318 4223 [iliis
3334 4167 3592 4224 Zebedzei
3616 4165 3818 4237 legimus.

2266 4262 2360 4332 qui
2406 4270 2796 4331 persuaserunt
2841 4261 3003 4315 matri
3050 4269 3112 4315 ut
3138 4268 3350 4331 peteret
3377 4259 3452 4314 ab
3493 4275 3584 4325 eo,
3622 4265 3680 4313 ut
3716 4262 3819 4309 unus

2267 4354 2480 4409 sederet
2519 4369 2549 4408 a
2588 4354 2800 4409 dextris
2838 4361 2893 4408 et
2944 4352 3083 4408 alter
3109 4367 3138 4406 a
3165 4351 3404 4407 sinistris
3426 4354 3490 4407 in
3521 4364 3682 4423 regno
3712 4345 3817 4416 οῇιιεο

2269 4443 2376 4499 Sed
2394 4445 2521 4514 quia
2544 4444 2610 4497 ad
2625 4442 3089 4513 comparationem
3111 4456 3305 4497 eorum
3317 4455 3447 4511 quas
3468 4450 3652 4512 petere
3661 4436 3817 4492 debito-

2272 4544 2424 4601 rant,
2456 4536 2591 4590 nihil
2624 4537 2915 4607 erat-quod
2961 4534 3196 4607 petebat,
3228 4533 3500 4606 protinus
3539 4532 3816 4589 audierunt:

2276 4647 2296 4679 ε
2337 4625 2570 4682 Nescitis
2593 4628 2722 4697 quid
2764 4629 2982 4699 petatis.
3015 4648 3035 4681 ι
3064 4627 3303 4684 Terrena
3337 4643 3581 4699 namque
3604 4633 3658 4682 et
3682 4631 3819 4679 tractr

2269 4721 2462 4787 itoria,
2492 4730 2710 4776 aeternae
2756 4723 3000 4779 felicitati
3028 4730 3362 4793 comparata,
3402 4722 3544 4777 nihil
3568 4711 3817 4777 suntarsti-

2270 4813 2487 4868 manda.
2531 4811 2637 4869 Sed
2663 4815 2790 4883 quia
2836 4815 3099 4870 hactenus
3140 4814 3207 4869 ad
3241 4829 3305 4870 ea
3335 4828 3459 4885 qua:
3485 4822 3680 4870 aeterna
3705 4810 3813 4866 sunt.

2268 4905 2501 4974 petenda
2529 4906 2665 4976 pigri
2693 4905 2928 4971 fuerant,
2961 4907 3173 4963 Domini
3205 4906 3551 4964 sermonibus
3577 4905 3643 4963 ad
3666 4911 3814 4972 peteﬂ‘

2272 4998 2399 5052 dum
2450 4998 2763 5066 incitantur,
2803 5015 2929 5055 cum
2970 4999 3207 5054 dicitur:
3242 5017 3261 5050 ι
3296 4998 3492 5056 Potite.
3541 5020 3559 5052 ι
3600 4997 3662 5052 Et
3690 5006 3745 5049 ne
3773 4998 3814 5042 δε

2274 5097 2596 5158 accepturos
2630 5089 2963 5156 dubitarent,
2993 5098 3141 5146 recte
3162 5088 3544 5161 subjbngitur:
3572 5087 3679 5142 t-Et
3700 5077 3813 5137 acti:

2272 5180 2454 5251 pictis.
2488 5202 2506 5233 ι
2535 5180 2676 5248 Quid
2720 5189 2902 5237 autem
2950 5183 3321 5254 principaliter
3349 5193 3539 5253 petere
3578 5178 3811 5239 deberat,

2272 5273 2667 5341 manifestatur,
2691 5291 2813 5330 cum
2831 5276 3195 5331 subint‘ertur:
3214 5294 3249 5328 ι’
3264 5275 3813 5348 Utgaudiunvvestrum

2269 5366 2341 5420 sit
2366 5366 2604 5437 plcitum.
2650 5385 2668 5416 ι
2704 5365 2805 5422 Ubi
2835 5368 2969 5423 ordo
2996 5368 3282 5423 verborum
3314 5367 3438 5421 talis
3459 5373 3543 5420 est
3566 5382 3580 5416 :
3602 5360 3755 5417 Petito
3770 5357 3816 5405 ιιι

2269 5459 2521 5528 gaudium
2571 5466 2808 5513 vestrum
2850 5459 2919 5514 sit
2946 5459 3161 5531 plenum
3188 5500 3203 5525 ,
3231 5457 3612 5528 et—aceipietis.
3640 5452 3816 5516 .ln'qIO

2272 5549 2391 5604 loco
2428 5551 2751 5616 ostenditur,
2790 5553 2915 5622 quia
2956 5552 3009 5607 in
3050 5553 3295 5608 oratione
3342 5566 3447 5608 non
3484 5559 3685 5607 aurum.
3712 5547 3811 5591 3°"

2274 5652 2576 5713 argentum,
2616 5659 2722 5699 non
2768 5651 3017 5702 terrenas
3060 5647 3281 5703 divitias
3324 5655 3511 5718 petere
3557 5642 3812 5699 W‘

2276 5720 2381 5788 non
2428 5737 2711 5805 praesentis
2758 5738 2879 5792 vita:
2923 5736 3333 5808 longitudinem,
3379 5739 3474 5794 sed
3503 5738 3661 5792 vitam
3692 5739 3817 5784 κων*

2280 5843 2422 5894 nam,
2454 5838 2507 5881 et.
2536 5844 2596 5883 ea
2627 5844 2745 5899 quae
2785 5831 2853 5884 ad
2893 5829 3039 5886 illam
3069 5836 3362 5903 pertinent,
3401 5834 3451 5889 id
3502 5844 3582 5888 cst
3631 5826 3827 5881 virtute!
3930 5826 3931 5885 Ἰ
