4014 6354
205 378 319 436 525

1416 371 1717 428 HOMlLUE
1760 368 1846 423 DE
1886 369 2228 427 TEMPORE.

3357 363 3463 419 5‘26

208 491 425 546 animm.
459 448 677 544 Plenum
703 503 832 559 ergo
859 493 911 541 et
931 484 1226 557 perfectum
1255 486 1507 556 gaudium
1534 499 1651 539 esse
1670 497 1776 537 non
1807 479 1859 541 Α
1882 480 2075 552 ligetis.
2109 480 2175 534 Et
2210 479 2335 549 quia
2363 478 2608 534 Christus
2648 478 2720 532 ita
2749 478 2912 532 homo
2942 472 3212 545 apparuit,
3253 481 3313 527 ut
3339 488 3463 542 per-

205 593 411 656 potest,
450 582 537 636 ubi
585 580 847 652 fragilitas
891 578 1262 633 mutabilitatis
1307 579 1380 633 ita
1431 579 1697 643 variatur,
1729 584 1785 631 ut

204 678 300 731 vix
335 675 492 730 unius
520 676 666 730 horae
692 674 866 745 spatio
891 671 1143 745 gaudium
1173 672 1447 727 nobiscum
1470 685 1787 742 permanere

206 767 401 837 possit.
437 764 628 819 Subito
674 764 816 818 cnim
864 762 1047 817 laetitia
1088 776 1118 815 a
1166 761 1382 816 tristitia
1431 760 1785 827 absorbetur,

206 859 464 931 gaudium
491 857 543 910 in
572 855 807 911 dolorem
842 855 1092 919 vertitur,
1124 853 1327 908 sanitas
1355 853 1670 907 inﬁrmitate
1702 852 1788 906 la:-

208 952 383 1015 ditur,
413 949 585 1019 ampla
615 947 885 1018 possessio
910 954 1226 1017 paupertate
1275 954 1546 1010 tenuatur,
1568 958 1789 1014 prospe-

206 1043 348 1098 ritas
376 1041 702 1096 adversitate
728 1039 1110 1110 prosternitur,
1155 1039 1410 1106 juventus
1436 1036 1500 1090 ad
1534 1043 1782 1091 senectu-

206 1143 344 1199 tem,
367 1134 474 1189 vita
499 1134 669 1188 currit
690 1134 755 1187 ad
778 1141 1026 1186 mortem.
1060 1128 1192 1185 Cum
1217 1144 1347 1200 ergo
1370 1128 1501 1183 dicit
1531 1147 1543 1182 :
1572 1146 1592 1179 ‹
1616 1126 1788 1183 Petite

216 1246 237 1279 ς
283 1239 339 1282 et
367 1227 662 1298 accipietis,
702 1233 762 1280 ut
806 1208 1057 1296 gaudium
1104 1231 1347 1277 vestrum
1388 1221 1457 1277 sit
1492 1221 1729 1292 plenum,
1764 1238 1783 1273 ι

210 1317 358 1373 illam
387 1318 712 1386 singularem
743 1302 807 1371 ac
834 1317 1041 1371 beatam
1066 1315 1233 1368 vitam
1269 1329 1367 1368 nos
1392 1320 1575 1384 petere
1606 1315 1790 1366 admo-

209 1417 326 1476 nct,
354 1410 445 1463 ubi
473 1419 557 1464 est
583 1409 766 1463 laetitia
808 1408 924 1463 sine
952 1407 1189 1472 tristitia,
1230 1405 1645 1474 gaudium‘sine
1690 1406 1785 1459 do-

206 1498 344 1565 lore,
380 1500 641 1557 securitas
684 1501 801 1556 sine
838 1500 1052 1564 timore,
1098 1499 1203 1552 vita
1232 1499 1349 1553 sine
1390 1506 1583 1552 morte.
1617 1496 1787 1564 Quam

209 1594 303 1664 qui
334 1593 511 1664 adepti
542 1592 761 1657 fuerint,
793 1590 1046 1663 gaudium
1082 1598 1136 1645 et
1180 1588 1420 1644 laetitiam
1448 1587 1785 1653 obtinebunt,

209 1694 265 1739 et
292 1684 460 1756 fugiet
489 1684 557 1739 ab
584 1684 663 1739 eis
690 1682 865 1737 omnis
890 1680 1042 1736 dolor
1081 1690 1136 1736 et
1164 1681 1416 1752 gemitus,
1448 1680 1662 1749 quando
1689 1678 1787 1732 im-

206 1775 448 1846 plebitur
470 1775 615 1844 quod
639 1774 897 1828 Dominus
924 1772 1050 1827 alibi
1078 1773 1364 1843 promittit,
1396 1771 1579 1827 dicens
1602 1789 1614 1824 :
1644 1790 1661 1821 ι
1684 1770 1783 1824 lte-

1890 572 2063 628 fectus
2100 582 2243 627 esset
2268 571 2431 637 Deus,
2470 578 2615 626 recte
2644 569 2983 642 subiungitur
3010 587 3023 623 :
3054 586 3074 621 ε
3104 569 3174 624 Et
3208 582 3317 624 non
3344 567 3468 623 dico

1892 683 1915 717 ‹
1952 664 2104 719 vobis
2138 663 2262 734 quia
2308 677 2408 734 ego
2452 662 2653 733 rogabo
2697 663 2913 717 Patrem
2963 662 3030 716 de
3058 660 3230 716 vobis.
3278 679 3298 712 ι
3330 658 3468 727 Quia

1889 755 2031 810 enim
2068 756 2228 810 homo
2270 754 2370 819 est,
2408 753 2532 808 alibi
2561 753 2777 807 Patrem
2807 768 2907 823 pro
2937 751 3211 822 discipulis
3250 765 3469 822 rogasse

1888 846 2104 917 legitur,
2139 847 2323 901 dicens
2350 860 2364 899 :
2393 864 2411 897 ι
2441 843 2603 899 Pater
2627 851 2834 909 sancte,
2861 857 3016 897 serva
3045 855 3138 897 eos
3162 843 3218 897 in
3252 841 3468 897 nomine

1891 948 1999 1000 tuo,
2050 953 2185 1008 quos
2233 936 2426 991 dedisti
2476 934 2606 989 mihi
2647 933 2825 1006 (Joan.
2873 934 3080 1005 xvu)»
3114 932 3184 988 Et
3230 932 3464 988 iterum:

1893 1049 1912 1081 c
1945 1028 2126 1094 Pater,
2157 1044 2277 1082 cum
2309 1041 2482 1082 essem
2513 1041 2633 1080 eum
2662 1025 2761 1089 eis,
2784 1038 2890 1093 ego
2911 1024 3196 1078 servabam
3217 1037 3312 1078 eos
3330 1037 3469 1093 quos

1888 1118 2078 1175 dedisti
2108 1120 2272 1183 mihi;
2322 1102 2463 1173 nunc
2513 1127 2691 1171 autem
2739 1129 2838 1184 pro
2879 1115 2959 1170 eis
3002 1129 3155 1185 rogo,
3210 1130 3319 1169 non
3369 1128 3470 1184 pro

1889 1215 2106 1269 mundo.
2137 1214 2204 1269 Et
2248 1230 2354 1268 non
2384 1228 2512 1284 rogo
2542 1221 2600 1265 ut
2625 1211 2782 1266 tollas
2808 1224 2902 1265 eos
2933 1211 2999 1265 de
3037 1212 3259 1275 mundo,
3287 1209 3382 1265 sed
3408 1219 3470 1264 ut

1889 1317 2073 1358 serves
2114 1317 2208 1358 eos
2237 1318 2268 1356 a
2300 1302 2440 1357 malo
2484 1301 2691 1373 (lbid.).
2735 1319 2753 1351 ι
2784 1299 2849 1353 Et
2897 1299 3025 1355 alibi
3052 1298 3252 1354 Petro:
3299 1318 3320 1350 ε
3358 1299 3469 1371 Ego

1888 1408 1986 1464 pro
2007 1403 2058 1449 te
2079 1394 2282 1464 rogavi,
2307 1391 2486 1458 Petre,
2507 1402 2564 1447 ut
2589 1406 2694 1447 non
2711 1392 2926 1447 deficiat
2948 1390 3084 1446 ﬁdes
3098 1399 3195 1444 tua
3222 1389 3464 1462 (Ibid.).:

1888 1484 2043 1540 Nunc
2071 1494 2250 1540 autem
2276 1501 2383 1540 non
2410 1493 2719 1556 rogaturum
2744 1498 2803 1538 se
2831 1481 3046 1536 Patrem
3071 1496 3169 1551 pro
3188 1480 3471 1551 discipulis

1888 1576 2037 1643 dicit,
2069 1575 2195 1648 quia
2236 1575 2576 1645 omnipotens
2604 1582 2685 1630 est
2717 1574 2769 1628 in
2800 1573 3092 1629 Divinitate
3135 1588 3258 1628 cum
3285 1572 3465 1628 Patre.

1886 1667 2060 1740 Rogat
2086 1682 2216 1737 ergo
2260 1667 2473 1723 Patrem
2522 1676 2621 1737 per
2660 1666 3072 1731 humanitatem,
3119 1664 3245 1734 quia
3290 1664 3469 1719 omnia

1887 1765 2153 1834 postulata
2178 1766 2267 1820 dat
2292 1779 2414 1819 cum
2445 1778 2509 1819 eo
2531 1777 2628 1834 per
2657 1761 3021 1817 Divinitatem.
3054 1760 3179 1815 Sive
3201 1770 3349 1816 certe
3369 1774 3471 1831 per

208 1837 333 1919 rum
354 1837 545 1919 videbo
573 1880 684 1929 vos,
710 1874 764 1918 et
785 1862 1035 1935 gaudebit
1054 1837 1147 1917 cor
1174 1871 1431 1928 vestrum,
1457 1871 1510 1917 et
1532 1860 1783 1933 gaudium
1814 1837 1863 1896 Β
1892 1855 1994 1910 hoc
2037 1853 2179 1925 quod
2209 1854 2322 1908 ait:
2364 1873 2381 1904 ι
2408 1853 2477 1908 Εῑ
2505 1868 2609 1907 non
2650 1851 2768 1907 dico
2795 1851 2946 1907 vobis
2980 1850 3105 1920 quia
3137 1863 3238 1920 ego
3264 1848 3467 1920 rogabo

206 1966 454 2013 vestrum
499 1973 656 2011 nemo
701 1956 851 2011 tollet
882 1971 911 2011 a
961 1955 1111 2010 vobis
1166 1953 1346 2025 (Joan.
1396 1954 1532 2024 xvr).
1586 1973 1603 2005 ι
1638 1952 1787 2007 Hanc

207 2051 439 2107 devotus
466 2050 552 2106 ille
582 2050 911 2122 supplicator
933 2048 1239 2119 specialiter
1264 2048 1631 2117 concupierat,
1666 2061 1787 2101 cum

206 2140 425 2195 dicebat
455 2139 626 2213 (Psul.
663 2140 843 2211 xxvi):
883 2160 901 2191 ‹
937 2139 1108 2195 Unam
1135 2138 1264 2209 petii
1297 2155 1325 2192 a
1353 2126 1611 2202 Domino,
1648 2138 1788 2191 hanc

204 2235 508 2304 requiram,
554 2242 612 2286 ut
651 2232 947 2286 inhabitem
995 2232 1047 2285 in
1093 2232 1250 2289 domo
1289 2231 1498 2286 Domini
1540 2226 1788 2285 omnibus

202 2325 403 2381 diebus
430 2325 551 2379 vita:
575 2340 723 2388 mem,
754 2332 809 2378 ct
823 2324 1033 2380 videam
1056 2323 1383 2392 voluptatem
1406 2323 1638 2378 Domini.
1678 2343 1694 2373 ι
1723 2321 1790 2376 Et

202 2413 410 2469 iterum
435 2430 450 2469 :
477 2433 496 2467 ι
530 2415 705 2471 Credo
731 2414 916 2470 videre
940 2415 1081 2470 bona
1113 2414 1322 2470 Domini
1342 2404 1406 2469 in
1436 2422 1580 2470 terra
1607 2415 1790 2469 viven-

204 2506 367 2562 tium.
406 2525 424 2558 ι
1734 2490 1739 2493 ⁷

285 2616 307 2648 ι
352 2596 478 2652 Haec
528 2598 580 2652 in
633 2596 932 2669 proverbiis
976 2597 1190 2652 locutus
1236 2611 1357 2652 sum
1403 2595 1570 2651 vobis.
1631 2596 1788 2650 Venit

212 2707 233 2742 σ
279 2689 436 2744 liora.
471 2708 490 2741 ι
525 2686 679 2744 Hanc
704 2691 916 2755 horam,
948 2689 1091 2743 diem
1107 2687 1460 2743 Pentecosten
1490 2686 1787 2756 intelligere

106 2786 117 2791 “
208 2793 513 2849 possumus.
544 2796 563 2828 ι
591 2777 723 2833 Cum
746 2776 859 2847 jam
880 2778 934 2833 in
962 2777 1259 2847 proverbiis
1280 2791 1385 2831 non
1404 2776 1593 2845 loquar
1618 2776 1786 2842 vobis,

216 2889 237 2922 ι
281 2872 375 2926 sed
404 2871 581 2942 palam
610 2871 675 2927 de
694 2870 855 2926 Patre
883 2869 1215 2925 annuntiabo
1246 2868 1417 2923 vobis.
1452 2887 1470 2920 ι
1499 2867 1788 2922 Proverbia

209 2963 455 3035 quzcdam
488 2963 870 3019 similitudines
899 2948 1173 3027 dicuntur,
1204 2977 1323 3033 qua:
1355 2960 1420 3015 ad
1449 2959 1789 3015 obscuriores

210 3071 456 3127 quasque
475 3056 768 3112 sententias
792 3055 1167 3127 intelligendas
1190 3054 1509 3110 necessariae
1529 3053 1597 3107 ab
1614 3061 1793 3107 aucto-

209 3146 364 3202 ribus
393 3146 732 3211 adhibentur,
769 3154 827 3200 ut
870 3145 1059 3201 saltem
1090 3160 1187 3215 per
1223 3144 1453 3198 visibilia
1501 3143 1787 3197 invisibilia

213 3253 536 3308 cognoscere
577 3246 794 3308 queant.
843 3236 997 3293 Unde
1042 3235 1179 3291 liber
1223 3233 1530 3289 Salomonis
1557 3232 1788 3287 Prover-

215 3329 431 3384 biorum
452 3346 641 3385 nomen
669 3330 894 3399 accepit,
919 3343 985 3384 eo
1015 3329 1154 3398 quod
1180 3328 1521 3399 parvulorum
1548 3327 1793 3396 ignoran-

221 3419 354 3474 tiam
402 3437 493 3491 per
533 3406 790 3493 quasdam
837 3420 1101 3493 imagines
1143 3419 1225 3474 vel
1275 3417 1673 3481 similitudines,
1727 3416 1792 3470 ad

215 3513 536 3583 sapientiam
584 3513 895 3569 discendam
953 3512 1198 3567 suadeat.
1248 3510 1510 3567 Locutum
1558 3525 1687 3581 ergo
1737 3521 1794 3563 se

213 3605 348 3662 dicit
396 3606 651 3661 Dominus
697 3606 749 3660 in
779 3603 1099 3678 proverbiis,
1151 3602 1275 3675 quia
1312 3603 1460 3677 prius
1504 3588 1792 3678 ‘fragilitati

212 3698 601 3771 discipulorum
630 3697 845 3753 facilius
875 3711 1067 3768 capere
1098 3703 1333 3767 possent,
1366 3693 1420 3747 in
1452 3674 1561 3769 suis
1592 3707 1795 3749 sermo-

213 3789 374 3843 nibus
427 3786 802 3843 similitudincs
860 3785 1134 3849 adhibuit,
1198 3784 1337 3845 sicut
1388 3783 1462 3837 ait
1515 3772 1795 3836 Matthaeus

212 3880 546 3952 evangelista
572 3898 585 3933 :
618 3900 636 3930 ι
672 3878 1017 3948 Loquebatur
1045 3875 1200 3932 Jesus
1227 3891 1350 3931 cum
1383 3872 1657 3944 discipulis
1683 3874 1795 3928 suis

213 3977 271 4031 in
320 3973 613 4047 parabolis,
644 3983 698 4029 et
722 3973 838 4029 sine
865 3970 1136 4043 parabolis
1164 3987 1267 4026 non
1296 3970 1620 4041 loquebatur
1640 3969 1739 4023 eis.
1769 3988 1788 4019 ι

218 4073 328 4127 Sed
374 4086 496 4126 cum
542 4067 805 4141 promittit
836 4083 894 4122 se
922 4083 1029 4122 non
1058 4065 1113 4121 in
1139 4063 1440 4137 proverbiis
1466 4063 1794 4127 locuturum,

215 4166 311 4220 sed
336 4164 514 4236 palam
542 4163 606 4217 de
625 4161 784 4216 Patre
807 4159 1269 4221 annuntiaturum,
1294 4156 1359 4210 ad
1389 4162 1590 4210 tantam
1620 4151 1793 4224 perfe-

216 4258 455 4313 ctionem
501 4269 597 4331 per
640 4250 871 4329 Spiritus
919 4247 1090 4304 sancti
1128 4247 1414 4331 adventum
1442 4243 1676 4298 ostendit
1702 4256 1796 4296 eos

216 4355 501 4411 venturos,
545 4322 739 4415 quibus
784 4322 889 4396 non
921 4354 1139 4399 necesse
1168 4338 1239 4392 sit
1260 4322 1373 4408 jam
1416 4336 1468 4389 in
1497 4333 1796 4405 proverbiis

217 4441 374 4511 quasi
414 4438 650 4517 parvulis
676 4436 840 4508 loqui,
872 4450 993 4489 cum
1031 4432 1084 4487 id
1112 4430 1345 4502 Spiritus
1376 4436 1595 4484 sanctus
1637 4426 1796 4509 adve-

1890 1944 2107 2000 Patrem
2153 1944 2218 1999 de
2258 1943 2429 2008 vobis,
2461 1963 2477 1995 ι
2513 1942 2580 1997 ad
2609 1949 2811 2019 tantam
2841 1940 3227 1995 beatitudinem
3253 1946 3473 1994 sanctos

1890 2036 2127 2114 ostendit
2156 2050 2277 2091 esse
2304 2044 2560 2091 venturos
2586 2033 2639 2088 in
2668 2042 2868 2088 aaterna
2904 2033 3036 2097 vita,
3068 2039 3127 2086 ut
3147 2031 3343 2087 nullius
3373 2048 3470 2085 au-

1889 2128 2022 2183 xilio
2067 2127 2151 2183 vel
2200 2141 2361 2197 prece
2409 2125 2875 2197 indigeantzquia
2905 2131 3106 2179 aeterna
3137 2121 3474 2179 beatitudine

1890 2208 2259 2290 replebuntur,
2312 2218 2452 2273 sicut
2482 2216 2740 2271 Dominus
2782 2230 2880 2286 per
2906 2213 3195 2270 Jeremiam
3242 2213 3473 2285 prophe-

1894 2321 2002 2366 tam
2026 2311 2328 2381 pollicetur,
2353 2311 2537 2365 dicens
2563 2328 2575 2363 :
2605 2329 2624 2361 ι
2651 2309 2711 2363 ln
2740 2307 2926 2363 diebus
2945 2307 3052 2363 illis
3076 2316 3131 2363 et
3155 2306 3210 2363 in
3224 2316 3474 2377 tempore

1892 2403 1985 2458 illo
2015 2419 2120 2458 non
2149 2402 2363 2457 docebit
2389 2402 2473 2454 vir
2504 2400 2726 2455 fratrem
2757 2415 2936 2465 suum,
2967 2413 3143 2468 neque
3166 2398 3472 2469 proximum

1893 2507 2074 2557 suum,
2105 2490 2291 2546 dicens
2314 2509 2326 2544 :
2351 2490 2629 2559 Cognosce
2658 2488 2826 2543 Deum
2853 2504 2867 2553 ;
2896 2503 3085 2543 omnes
3105 2488 3249 2542 enim
3271 2501 3474 2558 cogno-

1895 2591 2190 2649 scentme,
2223 2583 2355 2638 dicit
2382 2582 2659 2645 Dominus,
2696 2597 2724 2635 a
2756 2581 2980 2635 minimo
3010 2596 3181 2651 usque
3206 2580 3274 2635 ad
3302 2578 3476 2634 maxi-

1894 2690 2040 2729 mum
2084 2673 2217 2746 (Jer.
2254 2662 2426 2745 χέῃ).
2468 2692 2486 2724 ι
2517 2672 2585 2727 Εῑ
2617 2672 2737 2728 ideo
2767 2687 2873 2727 non
2918 2672 3055 2726 dixit
3082 2673 3149 2726 de
3198 2670 3475 2742 praesenti,

1892 2782 2051 2838 rogo;
2068 2768 2161 2821 sed
2177 2768 2241 2820 de
2254 2765 2453 2830 futuro,
2478 2783 2497 2815 ί
2516 2763 2757 2836 Rogabo.
2771 2784 2790 2817 ι
2810 2763 2962 2831 Quod
2978 2771 3155 2818 autem
3171 2762 3473 2834 subiungit:

1895 2876 1915 2909 ‹
1948 2857 2063 2927 lpse
2110 2858 2252 2911 enim
2287 2856 2446 2910 Pater
2474 2861 2621 2909 amat
2650 2870 2768 2920 vos,
2823 2854 2947 2924 quia
2992 2868 3088 2909 vos
3120 2868 3204 2907 me
3243 2854 3468 2911 amastis

1897 2970 1914 3001 ι
1952 2959 2005 3004 et
2039 2949 2347 3004 credidistis
2375 2949 2499 3017 quia
2525 2963 2555 3001 a
2586 2948 2696 3003 Deo
2722 2946 2886 3012 exivi,
2914 2966 2931 2999 ν
2964 2961 3070 3002 non
3098 2946 3170 3000 ita
3199 2946 3474 3016 accipien-

1892 3043 2015 3096 dum
2049 3049 2159 3105 est,
2207 3039 2361 3109 quasi
2390 3053 2544 3092 amor
2571 3037 2961 3108 discipulorum
3003 3037 3373 3108 praecesserit,
3417 3045 3479 3091 ut

1890 3130 2112 3202 prOprio
2150 3130 2345 3184 merito
2382 3145 2411 3183 a
2436 3128 2598 3184 Patre
2630 3129 2800 3184 amari
2839 3140 3196 3192 mererentur,
3224 3129 3318 3183 sed
3348 3143 3475 3201 gra-

1897 3223 2033 3276 tuito
2065 3222 2206 3275 dono
2232 3223 2466 3291 primum
2499 3236 2527 3274 a
2558 3220 2718 3276 Patre
2747 3220 2941 3276 delecti
2982 3228 3143 3286 sunt,
3190 3227 3250 3274 ut
3280 3219 3474 3274 Filium

1896 3311 2115 3366 credere
2145 3318 2199 3364 et
2227 3324 2409 3363 amare
2433 3310 2748 3379 potuissent.
2775 3311 3012 3380 Denique
3040 3324 3137 3379 per
3164 3309 3479 3379 prophetam

1898 3394 2013 3473 ipse
2041 3401 2206 3456 dicit:
2245 3420 2262 3450 ‹
2300 3400 2526 3471 Diligam
2558 3416 2651 3455 eos
2687 3409 2981 3470 Spontanee
3009 3401 3155 3472 (Ose.
3192 3400 3325 3467 xiv).
3361 3418 3379 3450 ι
3414 3398 3479 3451 Ει

1898 3496 1952 3549 in
1982 3494 2274 3564 Evangelia
2302 3512 2313 3547 :
2348 3515 2363 3543 ί
2404 3492 2518 3547 Non
2549 3509 2645 3548 vos
2680 3509 2766 3548 me
2799 3493 3067 3564 elegistis,
3096 3494 3191 3547 sed
3213 3506 3315 3563 ego
3342 3490 3477 3561 elegi

1897 3602 1994 3642 vos
2022 3586 2202 3658 (Joan.
2230 3584 2340 3657 xv).
2375 3607 2391 3638 ι
2430 3584 2566 3639 Hinc
2601 3584 2832 3641 Iacobus
2874 3583 3146 3654 apostolus
3177 3583 3289 3637 ait:
3319 3601 3335 3631 ι
3368 3579 3473 3634 Vo-

1899 3676 2131 3731 luntarie
2158 3677 2340 3747 genuit
2367 3691 2463 3730 nos
2492 3676 2657 3730 verbo
2683 3674 2929 3730 veritatis
2953 3673 3095 3745 (Jac.
3123 3674 3183 3745 l).
3222 3694 3240 3725 ι
3273 3673 3474 3728 Eadem

1898 3768 2042 3823 enim
2070 3767 2243 3838 gratia
2273 3782 2391 3838 quae
2422 3766 2768 3836 subsequitdr
2799 3764 3073 3818 hominem
3102 3771 3161 3818 ut
3188 3764 3325 3818 bene
3348 3777 3475 3833 pos-

1899 3864 1990 3928 sit,
2017 3864 2129 3934 ipsa
2153 3861 2410 3933 praecedit
2436 3869 2497 3915 ut
2523 3861 2658 3916 bene
2684 3857 2833 3913 velit.
2867 3857 2979 3912 Nisi
3016 3858 3158 3912 enim
3189 3856 3476 3911 humanam

1900 3955 2227 4011 voluntatem
2262 3952 2434 4024 gratia
2461 3950 2553 4011 Dei
2579 3948 3146 4021 praeveniretutbene
3175 3945 3352 4019 vellet,
3378 3961 3476 4002 ne-

1900 4067 2168 4124 quaquam
2207 4049 2490 4107 Psalmista
2528 4047 2733 4103 diceret
2768 4063 2781 4098 :
2817 4062 2836 4095 ι
2866 4042 3262 4109 Fortitudinem
3303 4057 3479 4097 meam

1901 4147 1967 4201 ad
2001 4153 2050 4199 te
2075 4143 2373 4199 custodiam
2399 4182 2412 4206 ,
2460 4139 2585 4209 quia
2618 4137 2758 4192 Deus
2797 4143 3075 4207 susceptor
3111 4149 3294 4200 meus;
3337 4134 3479 4189 Deus

1900 4256 2073 4303 meus,
2105 4234 2471 4292 misericordia
2494 4232 2609 4302 ejus
2634 4230 2924 4303 praeveniet
2945 4243 3031 4284 me
3059 4225 3232 4303 (Paul.
3255 4225 3425 4293 LVIII).
3457 4246 3474 4278 ι
3569 4244 3578 4252 ·

1899 4333 1968 4388 Et
1994 4331 2096 4387 nisi
2129 4331 2314 4386 eadem
2348 4327 2615 4382 heminem
2644 4325 3064 4392 subsequeretur
3091 4330 3151 4374 ut
3190 4321 3324 4373 bene
3353 4333 3475 4387 pos-

1901 4439 2024 4495 set,
2073 4427 2218 4481 nullo
2264 4425 2421 4479 modo
2448 4422 2590 4477 idem
2621 4418 2905 4474 Psalmista
2934 4417 3176 4471 diceret:
3211 4433 3230 4463 ι
3267 4411 3475 4466 Miseri-

218 4500 699 4606 niensxpalamde
726 4530 884 4587 Patre
907 4500 1208 4593 annuntiet,
1239 4528 1290 4581 id
1318 4534 1419 4593 est,
1451 4501 1685 4599 perfecte
1714 4538 1799 4595 co-
1826 4563 1877 4623 Β
1902 4502 2103 4576 0οηςῙέ
2134 4516 2251 4588 ejus
2297 4515 2656 4581 subsequetur
2704 4522 2792 4561 me
2837 4505 3086 4561 omnibus
3125 4500 3314 4557 diebus
3356 4501 3480 4553 vitm

220 4646 481 4701 gnoscerc
528 4628 691 4693 faciat
741 4627 971 4698 qualiter
999 4623 1159 4679 Pater
1203 4623 1254 4677 in
1296 4621 1431 4677 Filio
1455 4628 1511 4676 et
1535 4619 1703 4675 Filius
1731 4618 1802 4673 sit

220 4724 278 4777 in
303 4722 483 4778 Patre.
518 4721 581 4775 Et
618 4733 948 4790 quacunque
992 4724 1169 4791 potest
1202 4714 1382 4781 Pater,
1431 4720 1609 4784 potest
1654 4711 1804 4767 simi-

222 4815 351 4868 liter
377 4823 431 4868 et
452 4812 640 4879 Filius,
667 4810 958 4867 secundum
984 4807 1124 4878 quod
1149 4806 1262 4877 ipse
1283 4806 1357 4859 ait
1381 4824 1392 4858 ε
1422 4823 1440 4856 ι
1471 4802 1660 4860 Omnia
1684 4818 1804 4873 quae

225 4905 393 4959 habet
417 4905 743 4987 Paternmea
774 4910 898 4957 sunt
926 4898 1105 4972 (Joan.
1136 4896 1270 4965 xvr).
1308 4916 1327 4947 ι
1362 4895 1514 4952 Unde
1542 4903 1597 4952 et
1625 4884 1805 4975 subdi-

226 5007 317 5050 ιιιι·
338 5013 353 5050 2

304 5107 325 5138 α
372 5087 463 5161 [llo
491 5087 577 5142 die
602 5088 656 5167 in
689 5087 903 5141 nomine
946 5097 1066 5138 meo
1100 5081 1315 5155 petetis.
1358 5099 1377 5132 ι
1413 5077 1565 5149 Quod
1596 5086 1679 5135 est
1722 5078 1803 5133 di-

228 5194 357 5234 cere
383 5197 394 5233 τ
420 5178 510 5255 lllo
540 5178 623 5233 die
654 5192 773 5231 cum
799 5175 1269 5249 Spiritussanclus
1291 5171 1582 5225 adveniens
1610 5182 1805 5239 cogno-

229 5285 385 5326 scere
415 5285 508 5324 vos
538 5268 726 5324 fecerit
752 5267 875 5337 quia
904 5280 1001 5338 ego
1035 5272 1088 5345 et
1117 5263 1279 5319 Pater
1304 5276 1468 5316 unum
1499 5275 1707 5324 sumus,
1749 5259 1805 5313 in

230 5360 451 5418 nomine
498 5375 617 5414 meo
662 5357 858 5430 petetis
917 5344 1051 5427 quia
1087 5355 1345 5427 aequalem
1379 5350 1521 5406 Patri
1567 5366 1652 5405 me
1686 5364 1805 5405 esse

230 5452 590 5524 cognoscetis,
617 5462 670 5507 et
693 5450 869 5505 omnia
903 5464 997 5527 me
1018 5449 1327 5516 dareposse
1351 5460 1472 5500 cum
1494 5442 1655 5497 Patre
1692 5455 1807 5496 cre-

234 5518 396 5601 detis.
443 5542 567 5599 Sive
628 5542 768 5612 quod
823 5518 930 5603 ait,
970 5518 1071 5592 (“In
1117 5536 1331 5590 nomine
1376 5548 1497 5612 meo
1540 5530 1753 5602 petetis,
1784 5549 1800 5581 ι

237 5638 517 5696 taleestac
537 5637 580 5694 si
609 5636 812 5691 diceret
838 5653 849 5688 :
874 5632 1006 5688 Cum
1028 5629 1260 5705 Spiritus
1290 5636 1508 5682 sanctus
1522 5623 1811 5678 adveniens

238 5740 459 5788 terrena
486 5745 582 5785 vos
610 5728 844 5799 perfecte
871 5732 1215 5781 contemnere
1246 5718 1452 5781 fecerit,
1477 5714 1811 5771 solummodo

238 5839 360 5894 (pure
389 5821 455 5876 ad
489 5821 711 5876 salutem
746 5819 1043 5873 animarum
1074 5812 1368 5884 pertinent,
1397 5806 1625 5881 petenda
1658 5804 1811 5860 intel—

1906 4628 2037 4668 mea:
2069 4608 2239 4682 (Psal.
2272 4604 2430 4675 χχιι).
2467 4627 2484 4657 ι

1982 4726 1999 4757 ι
2033 4704 2185 4759 Exivi
2211 4718 2239 4755 a
2271 4701 2430 4756 Patre
2456 4706 2508 4753 et
2534 4697 2654 4751 veni
2685 4696 2737 4751 in
2760 4690 3020 4750 mundum
3042 4729 3055 4753 ,
3086 4688 3282 4742 iterum
3308 4683 3472 4739 relin-

1912 4818 1929 4849 ι
1964 4772 2068 4868 quo
2096 4776 2355 4849 mundum
2379 4803 2433 4846 et
2454 4790 2592 4845 vado
2615 4789 2681 4843 ad
2706 4785 2941 4840 Patrem.
2966 4802 2983 4834 ι
3011 4779 3067 4835 1η
3090 4780 3192 4834 hoc
3218 4776 3481 4832 versiculo

1909 4890 2166 4947 Dominus
2193 4896 2477 4956 utramque
2504 4898 2654 4940 suam
2687 4887 2970 4941 naturam,
3002 4874 3236 4929 divinam
3274 4871 3477 4927 scilicet

1908 4982 2276 5050 ethumanam
2302 5019 2316 5044 ,
2368 4975 2522 5033 nobis
2550 4968 2962 5030 commendavit.
2990 4964 3126 5035 Quia
3152 4965 3293 5020 enim
3339 4963 3480 5017 Deus

1907 5054 1959 5128 in
1986 5072 2153 5141 forma
2177 5068 2484 5125 Divinitatis
2506 5065 2572 5119 ab
2596 5061 2903 5120 hominibus
2922 5056 3090 5112 videri
3116 5071 3219 5111 non
3249 5061 3481 5124 poterat,

1906 5165 2075 5220 exivit
2103 5180 2131 5217 a
2162 5162 2323 5216 Patre
2347 5158 2577 5215 etvenit
2622 5158 2675 5210 in
2716 5151 3013 5208 mundum:
3045 5148 3169 5219 quia
3214 5154 3272 5200 ut
3310 5144 3479 5200 videri

1905 5264 2088 5329 posset
2134 5255 2187 5308 in
2220 5252 2389 5307 forma
2418 5247 2558 5305 servi
2590 5243 2853 5301 visibilem
2891 5257 2950 5296 se
2991 5240 3188 5294 mundo
3216 5233 3479 5295 ostendit,

1907 5326 2046 5402 sicut
2076 5344 2151 5399 ait
2181 5339 2468 5413 Apostolus
2494 5357 2506 5391 :
2541 5358 2557 5389 (
2589 5336 2722 5392 Cum
2757 5340 2904 5389 esset
2931 5328 3187 5385 informa
3216 5326 3341 5389 Dei,
3374 5338 3478 5377 non

1912 5441 2153 5517 rapinam
2199 5436 2495 5491 arbitratus
2539 5438 2623 5486 est
2653 5442 2772 5484 esse
2799 5441 2856 5482 se
2897 5422 3156 5517 aequalem
3189 5418 3341 5517 DeO,
3390 5413 3482 5513 sed

1913 5501 2259 5598 semetipsum
2306 5514 2602 5578 exinanivit
2642 5517 2868 5573 formam
2916 5511 3056 5567 servi
3089 5505 3361 5575 accipiens
3384 5543 3398 5567 ,
3430 5501 3483 5553 in

1913 5596 2314 5675 similitudinem
2365 5612 2641 5668 hominum
2686 5608 2880 5667 factus,
2917 5612 2970 5659 ct
3004 5600 3187 5655 habitu
3236 5596 3486 5649 inventus

1916 5723 1971 5767 ut
2016 5712 2175 5766 homo
2207 5708 2438 5781 (Philip.
2469 5706 2564 5775 ιι).
2602 5727 2616 5757 ι
2654 5704 2851 5758 lterum
2890 5696 3107 5763 reliquit
3139 5693 3395 5746 mundum
3432 5698 3485 5741 et

1916 5805 2011 5859 ivit
2054 5803 2121 5857 ad
2166 5803 2417 5867 Patrem,
2455 5798 2669 5871 quando
2710 5792 2926 5864 eXplcto
2966 5783 3347 5841 incarnationis
3377 5795 3485 5835 sua:
