4014 6354
614 441 720 498 527

1226 437 2107 506 HAYR‘IONISjHALBERSTAT.
2151 436 2365 492 EPISC.
2409 436 2557 492 ΟΜ).
2600 437 2780 492 PARS
2812 437 2876 491 ll.
2909 467 2979 476 -—
3018 435 3248 491 llUMlL.
3745 441 3825 495 518

613 557 888 628 mysterio,
919 557 1204 609 humanam
1229 561 1496 615 naturam,
1518 568 1680 622 quam
1703 567 1771 607 ex
1798 552 1953 608 nobis
1980 567 2189 606 assum-
2217 551 2268 610 Α
2297 549 2500 620 Spiritu
2529 559 2715 605 sancto
2744 549 2959 620 repleti,
2992 549 3056 602 ad
3087 549 3486 620 praedicandum
3521 549 3824 620 Evangeliqu

611 657 812 720 pserat,
848 649 900 702 in
931 647 1108 702 Patris
1135 647 1354 701 dextera
1380 645 1686 710 collocavit,
1713 646 1851 700 sicut
1875 645 1951 699 ait
1981 644 2191 698 Marcus

612 740 953 811 Evangelista
981 759 994 794 :
1031 758 1049 790 ‹
1078 740 1338 794 Dominus
1363 739 1580 808 quidem
1605 737 1760 794 Jesus
1785 748 2067 808 postquam
2111 737 2188 792 lo-

615 840 772 886 cutus
799 839 884 885 est
915 830 1028 896 eis,
1073 836 1383 899 assumptus
1416 837 1501 884 est
1527 828 1582 882 in
1619 827 1816 882 coelum
1839 869 1852 893 ,
1896 836 1950 882 et
1987 827 2136 882 sedet
2160 842 2192 881 a

611 922 816 976 dextris
862 921 956 976 Dei
996 919 1192 992 (Marc.
1221 920 1359 992 xvi).
1395 939 1414 972 ι
1451 918 1603 974 Sicut
1645 932 1774 989 ergo
1804 933 1912 974 non
1949 919 2190 974 deseruit

607 1011 822 1067 Patrem
848 1054 862 1077 ,
898 1027 1021 1067 cum
1057 1013 1113 1066 in
1144 1012 1403 1067 mundum
1430 1011 1618 1076 venit,
1661 1011 1739 1066 sic
1770 1027 1876 1065 non
1907 1011 2191 1080 dereliquit

607 1103 808 1158 electos
828 1143 842 1168 ,
873 1118 996 1157 cum
1025 1102 1092 1155 ad
1120 1102 1335 1156 Patrem
1372 1101 1566 1165 rediit,
1608 1101 1748 1154 sicut
1774 1102 1887 1169 ipse
1914 1101 2040 1155 alibi
2073 1102 2186 1154 ait:

613 1215 630 1247 ι
667 1196 806 1250 Ecce
841 1211 943 1266 ego
968 1195 1249 1250 vobiscum
1282 1210 1399 1250 sum
1426 1193 1678 1248 omnibus
1704 1193 1890 1247 diebus
1921 1209 2088 1262 usque
2125 1193 2190 1246 ad

605 1287 1130 1342 consummationem
1169 1285 1349 1342 saeculi
1390 1284 1614 1355 (Matth.
1654 1284 1881 1353 xxviii).
1916 1304 1934 1336 ι
1969 1285 2192 1339 Mancns

604 1393 735 1448 ergo
773 1393 896 1433 cum
923 1376 1083 1432 Patre
1112 1375 1568 1448 perdivinitatem
1594 1416 1608 1438 ,
1651 1375 1797 1429 venit
1835 1375 1888 1428 in
1931 1377 2190 1429 mundum

606 1485 704 1538 per
733 1469 1126 1524 humanitatem
1154 1486 1166 1520 :
1206 1477 1262 1522 et
1289 1467 1503 1522 rediens
1535 1465 1600 1520 ad
1630 1465 1843 1520 Patrem
1871 1481 1967 1534 per
1997 1465 2190 1518 huma-

606 1560 832 1614 nitatem
851 1601 866 1625 ,
903 1561 1105 1614 mansit
1137 1573 1263 1613 cum
1300 1557 1487 1612 electis
1515 1571 1613 1625 per
1642 1555 1976 1610 divinitatem
1996 1595 2010 1619 ,
2053 1554 2192 1609 sicut

607 1652 720 1721 ipse
749 1652 826 1705 ait
851 1669 864 1704 :
895 1671 913 1701 ‹
944 1649 1113 1705 Nemo
1134 1649 1376 1705 ascendit
1397 1649 1453 1702 in
1475 1647 1693 1711 cmlum,
1717 1646 1819 1700 nisi
1841 1645 1934 1715 qui
1962 1646 2188 1700 descen-

606 1744 684 1798 dit
702 1743 770 1797 de
791 1743 930 1799 coelo
949 1742 1118 1797 Filius
1139 1740 1392 1804 hominis,
1414 1739 1505 1808 qui
1525 1739 1675 1793 estin
1691 1737 1828 1794 cmlo
1844 1737 2025 1808 (Joan.
2045 1739 2148 1806 ιιι).
2164 1756 2182 1788 ο

682 1853 701 1885 ι
739 1834 933 1889 Dicunt
971 1833 1020 1888 ei
1063 1831 1311 1902 discipuli
1352 1831 1505 1900 ejus:
1538 1829 1677 1884 Ecce
1711 1843 1853 1882 nunc
1882 1827 2058 1897 palam
2104 1826 2186 1879 lo-

2295 641 2541 712 gentibus
2581 642 2635 696 in
2664 641 2918 696 universo
2953 641 3085 695 orbe
3111 639 3366 709 dispersis
3396 640 3545 694 missi
3574 652 3720 706 sunt,
3746 643 3823 699 hos

2295 731 2408 786 dies
2428 732 2830 787 successoribus
2859 732 2970 787 suis
2991 731 3226 801 agendos
3249 731 3534 786 tradidisse
3554 733 3824 788 creduntur.

2293 823 2359 877 Et
2387 823 2509 878 inde
2529 823 2743 879 devotio
2772 825 3068 880 christiana
3098 823 3215 892 ejus
3241 839 3417 878 annua
3451 823 3698 894 religione
3719 826 3828 882 cele-

2293 915 2454 971 brare
2466 917 2649 986 coepit,
2669 926 2726 971 ut
2737 915 2976 986 ejusdem
2991 917 3166 972 sancti
3181 915 3414 985 Spiritus
3429 915 3570 970 dono
3583 918 3827 988 participes

2294 1008 2412 1061 fieri
2438 1017 2795 1064 mererentur.
2820 1008 2972 1076 Quod
3005 1018 3183 1064 autem
3214 1022 3360 1062 nunc
3392 1023 3501 1062 non
3529 1017 3644 1077 post
3680 1025 3827 1066 ascen-

2293 1099 2497 1154 sionem
2518 1141 2532 1166 ,
2587 1101 2679 1155 sed
2707 1109 2832 1156 ante
2876 1101 3208 1157 ascensionis
3235 1099 3450 1155 Domini
3489 1100 3627 1154 diem
3653 1117 3680 1153 a
3707 1102 3826 1156 nobis

2292 1201 2542 1261 aguntur,
2575 1193 2689 1247 haec
2714 1209 2803 1248 res
2824 1194 2878 1248 in
2906 1209 3067 1250 causa
3097 1202 3200 1248 est.
3226 1192 3362 1248 Nam
3391 1210 3516 1248 cum
3537 1194 3826 1264 exigentibus

2291 1285 2558 1354 peccatis,
2613 1285 2908 1340 Galliarum
2958 1287 3137 1356 populi
3183 1286 3432 1357 luporum
3485 1287 3632 1341 rabie
3672 1289 3828 1342 acriter

2293 1375 2756 1441 interimerentur,
2790 1392 2890 1432 nec
2919 1375 3076 1445 hujus
3103 1377 3296 1448 ﬂagelli
3329 1378 3551 1447 aliquod
3577 1381 3824 1434 remedium

2293 1465 2519 1518 inveniri
2547 1474 2747 1535 posset,
2773 1467 3081 1537 congregati
3116 1467 3406 1522 traduntur
3435 1467 3718 1522 Galliarum
3740 1469 3825 1538 epi-

2291 1558 2440 1628 scopi
2469 1560 2608 1628 apud
2632 1557 2896 1614 Viennam
2917 1561 3239 1631 prmeipuam
3261 1559 3453 1616 Galliae
3482 1559 3683 1624 urbem,
3705 1569 3826 1631 atque

2291 1651 2346 1705 in
2369 1667 2653 1706 commune
2679 1660 2984 1706 statuerunt
3002 1661 3063 1707 ut
3085 1653 3138 1707 in
3162 1653 3417 1709 triduano
3439 1653 3640 1722 jejunio
3659 1654 3825 1708 Domini

2293 1741 2720 1796 misericordiam
2753 1743 3056 1812 implorent,
3091 1745 3441 1814 antiquorum
3469 1753 3675 1814 patrum
3707 1746 3826 1800 vesti-

2291 1832 2376 1901 gia
2404 1841 2711 1900 sequentes.
2745 1831 2986 1900 Cumque
3022 1833 3088 1886 ad
3120 1848 3306 1888 eorum
3334 1848 3532 1902 preces
3568 1833 3738 1888 oculus
3767 1835 3825 1888 di-

610 1945 628 1976 ι
669 1925 887 1994 queris,
922 1933 977 1978 et
1002 1923 1348 1993 proverbium
1394 1919 1598 1974 nullum
1625 1919 1780 1974 dicis.
1816 1938 1834 1969 ι
1875 1917 1932 1971 lu
1959 1917 2043 1971 his
2072 1916 2184 1970 suis
2213 1913 2261 1972 B
2289 1922 2428 1976 vina:
2455 1922 2672 1992 pietatis
2699 1923 2994 1991 respiciens
3013 1965 3027 1988 ,
3058 1923 3255 1994 ﬂagelli
3283 1925 3450 1995 hujus
3477 1935 3678 1994 pestem
3703 1925 3825 1979 mise-

605 2018 782 2073 verbis
809 2017 1102 2072 ostendunt
1128 2015 1393 2086 discipuli,
1425 2015 1551 2084 quia
1578 2015 1632 2068 in
1657 2015 1758 2068 hac
1779 2012 1967 2067 ultima
1995 2011 2183 2066 confa-

602 2106 876 2162 bulatione
920 2106 1146 2176 loquens
1186 2106 1252 2160 ad
1281 2120 1375 2160 eos
1404 2105 1694 2167 Dominus,
1727 2103 1792 2158 de
1830 2102 1915 2157 his
1950 2101 2185 2155 maxime

603 2199 936 2269 disputabat,
967 2213 1086 2268 quae
1113 2197 1234 2252 illos
1259 2198 1447 2251 audire
1473 2195 1798 2250 delectabat.
1847 2193 1914 2246 Et
1939 2192 2184 2262 quamvis

602 2309 667 2348 ea
693 2308 812 2362 quae
853 2292 1200 2362 loquebatur,
1243 2289 1481 2344 nondum
1509 2287 1749 2357 perfecte
1779 2285 2140 2355 intelligerent
2169 2326 2184 2348 ,

604 2392 784 2438 tamen
807 2398 866 2438 se
892 2381 1190 2452 intelligere
1208 2387 1462 2450 putantes
1477 2377 1890 2447 responderunt,
1914 2376 2181 2431 dicentes:

608 2494 626 2526 ς
672 2475 814 2530 Ecce
839 2490 983 2530 nunc
1005 2473 1184 2544 palam
1214 2471 1475 2541 loqueris,
1513 2480 1567 2525 et
1590 2471 1936 2541 proverbium
1978 2469 2184 2523 nullum

601 2568 757 2623 dicis.
789 2587 807 2619 ι
844 2567 980 2634 Quia
1008 2581 1140 2621 vero
1183 2579 1370 2619 eorum
1414 2564 1768 2634 cogitationes
1810 2562 2182 2632 praeveniens,

603 2658 916 2727 frequenter
940 2671 1002 2712 ea
1025 2671 1146 2726 quae
1168 2655 1505 2724 interrogare
1530 2653 1800 2718 volebant,
1825 2668 1930 2707 non
1957 2651 2184 2705 interm-

601 2757 759 2820 gatus
781 2747 837 2802 in
868 2748 1104 2802 medium
1131 2745 1456 2816 proferebat,
1501 2760 1621 2814 qua:
1651 2742 1844 2798 divinae
1869 2750 2076 2796 natura:
2103 2741 2185 2794 in-

599 2842 801 2896 dicium
829 2841 885 2895 in
915 2855 981 2896 eo
1010 2837 1492 2910 comprehendunt.
1544 2836 1700 2892 Unde
1721 2843 1777 2890 et
1820 2833 2180 2904 subjungunt,

599 2935 844 2991 dicentes
872 2952 886 2988 :

676 3044 696 3077 ι
728 3025 884 3081 Nunc
909 3025 1113 3080 scimus
1155 3023 1280 3094 quia
1320 3022 1426 3078 scis
1455 3021 1635 3076 omnia
1655 3061 1670 3086 ,
1713 3026 1768 3075 et
1793 3035 1899 3074 non
1932 3034 2067 3090 opus
2101 3027 2184 3074 est

605 3137 623 3169 ‹
662 3117 780 3183 tibi,
810 3126 871 3172 ut
897 3116 1020 3186 quis
1052 3124 1103 3170 te
1143 3116 1459 3184 interroget.
1488 3113 1545 3167 1n
1572 3113 1674 3167 hoc
1704 3110 1975 3166 credimus
2000 3109 2124 3180 quia
2152 3123 2182 3161 a

603 3236 620 3264 ε
661 3214 773 3268 Deo
802 3213 979 3268 existi.
1019 3232 1036 3263 ι
1078 3210 1363 3280 Proprium
1395 3223 1628 3277 namque
1649 3215 1734 3262 est
1760 3205 1870 3262 Deo
1904 3204 2183 3273 cogitatio-

598 3323 696 3362 nes
725 3308 1002 3363 hominum
1031 3267 1227 3360 intueri
1254 3343 1268 3367 ,
1307 3267 1588 3372 Scriptura
1621 3308 1876 3364 testante,
1919 3267 2039 3367 quae
2066 3295 2178 3350 ait:
2208 3267 2256 3333 ο

604 3417 623 3448 ε
661 3398 742 3452 Tu
788 3398 928 3452 Deus
975 3395 1121 3452 solus
1167 3394 1311 3449 nosti
1357 3393 1519 3448 corda
1559 3391 1790 3446 ﬁliorum
1823 3391 2100 3445 hominum
2132 3385 2184 3457 (Ι

601 3487 734 3544 Par.
758 3489 858 3560 vr).
894 3508 912 3541 ι
947 3489 1014 3542 Ει
1051 3488 1244 3543 iterum
1271 3503 1285 3540 :
1317 3505 1334 3537 ι
1365 3485 1494 3552 Qua:
1522 3485 1721 3540 suntin
1743 3483 1904 3538 corde
1928 3479 2183 3542 hominis,

599 3583 741 3639 oculi
771 3584 850 3638 tui
895 3582 1112 3648 vident,
1140 3580 1386 3636 Domine.
1430 3598 1447 3630 ι
1492 3579 1557 3633 Et
1604 3577 1928 3632 Psalmista:
1967 3593 1984 3624 ι
2024 3571 2184 3625 Intel-

602 3675 782 3731 lexisti
803 3674 1159 3746 cogitationes
1186 3687 1334 3727 meas
1363 3671 1430 3725 de
1459 3669 1614 3739 longe
1645 3667 1818 3739 (Psal.
1842 3663 2125 3732 cxxxvm).
2159 3681 2177 3712 ι

1171 3842 1450 3899 HOMILIA
1489 3839 1600 3894 XC.

742 3994 832 4033 ‘DE
868 3989 1126 4041 LITANIIS,
1165 3991 1219 4029 ID
1255 3988 1352 4028 EST
1391 3988 1456 4026 DE
1495 3983 1989 4026 SUPPLICATIONIBUS

1108 4084 1174 4123 DE
1210 4081 1444 4122 EXOBDIO
1479 4080 1677 4120 EARUII.

669 4209 778 4264 Sed
806 4206 933 4278 quia
967 4204 1083 4260 dies
1125 4203 1472 4267 litaniarum,
1505 4201 1558 4256 id
1589 4209 1672 4256 est
1698 4199 2176 4270 supplicationum,

597 4320 776 4360 annua
801 4300 1136 4359 revolutione
1156 4299 1467 4363 recolimus,
1491 4297 1622 4352 libet
1647 4305 1866 4367 propter
1892 4293 2183 4364 simplicio-

597 4412 706 4462 res,
732 4395 876 4451 unde
897 4393 1181 4449 exordium
1206 4400 1575 4462 sumpserunt,
1599 4388 1833 4443 breviter
1857 4400 2182 4442 commemo-

597 4502 739 4543 rare.
774 4484 893 4542 Non
922 4484 1068 4541 enim
1098 4485 1303 4554 absque
1326 4481 1637 4552 evangelica
1669 4488 1726 4534 et
1749 4479 2048 4549 apostolica
2079 4494 2179 4532 au—

595 4581 881 4646 ctoritate,
928 4579 984 4634 in
1031 4577 1477 4634 consuetudinem
1510 4574 1723 4629 venisse
1752 4571 2004 4627 credendi
2035 4580 2176 4626 sunt.

595 4675 837 4746 Denique
863 4672 1123 4729 Dominus
1150 4671 1204 4725 in
1235 4668 1432 4725 cmlum
1457 4681 1782 4722 ascensurus
1799 4706 1814 4730 ,
1858 4679 1980 4719 cum
2008 4662 2180 4732 Spiri-

597 4776 710 4822 tum
775 4773 1023 4821 sanctum
1069 4759 1326 4833 apostolis
1370 4759 1683 4828 frequenter
1730 4770 1788 4811 se
1839 4753 2178 4824 promisisset

595 4857 911 4921 missurum,
943 4855 1020 4908 ait
1048 4854 1186 4907 inter
1221 4859 1454 4906 caetera:
1494 4869 1512 4900 ‹
1534 4849 1642 4903 Vos
1672 4856 1852 4902 autem
1887 4854 2100 4899 manete
2123 4844 2176 4898 in

595 4947 834 5009 civitate,
864 4944 1218 5014 quoadusque
1245 4939 1543 4995 induamini
1571 4939 1770 4992 virtute
1791 4952 1854 4991 ex
1890 4936 1998 4989 alto
2024 4934 2175 5005 (Luc.

595 5036 769 5105 xxrv).
820 5055 838 5088 ι
882 5035 952 5088 At
1003 5042 1287 5104 postquam
1320 5046 1443 5085 eum
1481 5028 1675 5084 caelum
1708 5027 2012 5081 ascendisse
2047 5039 2178 5078 con-

594 5137 908 5199 spexerunt,
928 5125 1158 5196 regressi
1188 5131 1314 5179 sunt
1337 5123 1391 5177 in
1411 5120 1730 5184 Jerusalem,
1754 5119 1997 5172 utLucas
2019 5131 2181 5171 cvan-

595 5219 784 5290 gelista
817 5218 965 5282 dicit,
995 5232 1116 5272 cum
1153 5215 1349 5287 gaudio
1377 5227 1592 5283 magno,
1625 5220 1679 5264 et
1703 5220 1859 5264 erant
1886 5224 2099 5277 semper
2125 5208 2179 5262 in

596 5310 798 5382 templo
837 5309 1116 5364 laudantes
1155 5315 1210 5360 et
1250 5304 1629 5359 benedicentes
1663 5301 1833 5354 Deum
1866 5299 2073 5370 (Ibid.).
2113 5299 2180 5355 Ut

595 5413 778 5460 autem
807 5402 1069 5474 Spiritum
1096 5408 1340 5455 sanctum
1373 5395 1698 5466 promissum
1727 5394 1972 5462 accipere
2005 5409 2180 5448 mere-

598 5508 811 5564 rentur,
832 5495 1038 5566 jejunio
1061 5503 1116 5549 et
1141 5491 1389 5548 oratione
1412 5504 1469 5543 se
1498 5502 1807 5558 praeparare
1832 5487 2175 5550 studuerunt,

597 5589 740 5645 sicut
788 5588 928 5643 idem
969 5586 1144 5641 Lucas
1181 5585 1234 5638 in
1264 5581 1489 5637 Actibus
1527 5579 1889 5650 apostolorum
1937 5593 2175 5634 comme-

602 5689 802 5746 morat,
832 5681 1017 5734 dicens
1044 5697 1055 5732 :
1090 5699 1108 5729 ι
1149 5677 1320 5731 Erant
1353 5689 1542 5729 omnes
1570 5671 1899 5727 unanimiter
1927 5686 2174 5740 persevc-

599 5782 783 5827 rantes
812 5770 863 5824 in
895 5771 1168 5833 oratione,
1212 5782 1334 5822 cum
1375 5763 1688 5818 mulieribus
1723 5771 1777 5817 et
1806 5762 1972 5817 Maria
2007 5775 2175 5817 matre

601 5868 750 5934 Jesu,
795 5876 850 5922 et
891 5866 1144 5922 fratribus
1185 5862 1300 5932 ejus
1342 5861 1477 5930 (Act.
1511 5863 1570 5927 l).
1606 5881 1621 5912 ›
1655 5859 1944 5925 Postquam
1993 5870 2172 5913 autem

2288 2014 2572 2068 ricorditer
2594 2014 2925 2079 abstulisset,
2943 2015 2996 2068 hi
3016 2015 3130 2070 dies
3151 2015 3204 2068 in
3221 2017 3665 2072 consuetudinem
3678 2033 3826 2070 annuze

2285 2104 2618 2160 celebritatis
2661 2115 2955 2171 venerunt,
3004 2116 3062 2160 ut
3102 2121 3198 2176 per
3221 2105 3526 2162 Galliarum
3569 2107 3826 2176 provincias

2290 2203 2414 2250 ante
2429 2195 2776 2250 Ascensionis
2797 2195 3008 2250 Domini
3031 2196 3174 2252 diem
3195 2197 3826 2267 celebrarentur.Agamus

2286 2300 2416 2356 ergo
2462 2296 2516 2340 et
2562 2302 2659 2341 nos
2690 2285 2788 2340 lios
2818 2286 2933 2341 dies
2957 2301 3054 2356 pro
3082 2287 3299 2342 modulo
3324 2299 3530 2343 nostra:
3560 2287 3824 2358 parvitatis,

2287 2394 2410 2432 cum
2430 2394 2642 2433 sununa
2669 2378 2969 2433 reverentia
2993 2387 3046 2432 et
3065 2379 3435 2446 veneratione,
3457 2395 3580 2434 cum
3602 2377 3825 2433 abstinen-

2287 2472 2364 2525 tia
2400 2471 2582 2526 carnis
2606 2482 2659 2526 et
2688 2471 2992 2526 humilitate
3018 2472 3227 2536 cordis,
3269 2488 3373 2526 non
3411 2480 3621 2527 tantum
3660 2480 3711 2525 ut
3735 2469 3826 2522 visi-

2287 2562 2474 2617 bilium
2504 2563 2748 2633 luporum
2778 2563 2982 2618 rabiem
3005 2563 3314 2629 evadamus,
3347 2563 3441 2618 sed
3467 2563 3630 2618 etiam
3658 2570 3709 2614 ut
3728 2560 3827 2614 invi-

2287 2657 2546 2723 sibilium,
2579 2660 2722 2728 quod
2753 2657 2945 2712 melius
2971 2666 3073 2723 est,
3106 2658 3157 2712 id
3180 2666 3261 2712 est
3293 2657 3684 2712 immundorum
3711 2653 3828 2724 spiri-

2287 2756 2436 2803 tuum
2463 2757 2793 2802 tentamenta
2818 2749 3034 2804 vincere
3056 2749 3354 2804 valeamus.
3380 2748 3690 2806 Fortissima
3713 2744 3831 2797 enim

2287 2850 2410 2894 sunt
2438 2856 2586 2894 arma
2611 2841 2801 2911 jejuuii
2832 2850 3018 2895 contra
3047 2842 3353 2896 daemonum
3387 2843 3727 2902 tentationes,
3750 2838 3832 2891 Do-

2287 2934 2433 2988 mino
2463 2933 2675 2988 dicente
2703 2951 2714 2986 :
2753 2951 2770 2984 ι
2806 2933 2919 2988 Hoc
2948 2948 3116 3003 genus
3144 2951 3251 2988 non
3281 2934 3503 3003 ejicitur
3533 2934 3639 2990 nisi
3667 2933 3714 2986 in
3738 2946 3830 2984 ora-

2287 3025 2430 3078 tione
2481 3032 2536 3078 et
2571 3023 2779 3094 jejunio
2809 3023 3024 3092 (Matth.
3056 3025 3214 3096 xvu).
3246 3045 3265 3077 ι
3311 3024 3427 3080 Non
3472 3024 3651 3079 solum
3689 3029 3831 3076 contra

2287 3119 2611 3172 tentationes
2635 3115 2837 3186 jejunia
2853 3116 3062 3186 juvant,
3095 3118 3188 3173 sed
3214 3118 3374 3172 etiam
3401 3117 3474 3171 ad
3496 3112 3829 3188 cegnoseemla

2287 3211 2466 3267 divina
2509 3211 2768 3283 mysteria
2810 3219 3044 3266 mentem
3080 3210 3312 3266 elevant.
3367 3209 3616 3279 Denique
3645 3208 3827 3278 Moyses.

2292 3310 2349 3357 ut
2377 3303 2548 3374 legem
2580 3310 2879 3357 mereretur
2905 3303 3171 3371 accipere,
3203 3301 3567 3371 quadraginta
3608 3297 3776 3354 diebus
3795 3302 3828 3346 et

2289 3395 2649 3465 quadraginta
2699 3395 2948 3449 noctibus
2993 3391 3258 3461 jejunavit
3308 3391 3488 3462 (Deut.
3540 3391 3640 3460 lx).
3685 3383 3825 3442 Daniel

2289 3495 2438 3545 vero,
2472 3490 2533 3534 ut
2557 3489 2767 3534 secreta
2794 3479 3051 3548 mysteria
3087 3477 3388 3547 intelligere
3414 3485 3617 3544 posset,
3651 3483 3822 3526 nonsa-

2288 3570 2396 3623 lum
2429 3571 2482 3623 in
2515 3571 2636 3624 aula
2680 3568 2986 3637 Babylonia
3031 3567 3184 3621 mirae
3217 3568 3557 3623 abstinentia;-
3597 3565 3724 3628 fuit,
3759 3559 3822 3615 sed

2288 3659 2453 3714 etiam
2501 3658 2662 3711 trium
2697 3656 3154 3712 hebdomadarum
3202 3657 3393 3712 diebus
3437 3657 3492 3712 in
3532 3655 3755 3710 oratione
3787 3659 3821 3701 et

2281 3747 2487 3821 jejunio
2529 3749 2870 3819 permansit,
2920 3751 3062 3804 sicut
3113 3750 3226 3820 ipse
3265 3752 3396 3806 dicit
3429 3767 3445 3804 :
3485 3769 3505 3802 ‹
3541 3750 3648 3820 Ego
3679 3742 3821 3801 Daniel

2287 3841 2535 3911 lugebam
2565 3841 2728 3894 trium
2760 3840 3221 3895 hebdomadarum
3251 3841 3400 3907 dies,
3435 3856 3632 3912 panem
3657 3836 3820 3893 deside-

2287 3934 2512 3989 rabilem
2555 3949 2661 3989 non
2700 3933 2944 4000 comedi,
2979 3949 3106 3988 caro
3145 3942 3201 3989 et
3244 3935 3424 3988 vinum
3480 3950 3586 3989 non
3620 3939 3731 3986 sunt
3765 3928 3821 3980 in-

2285 4042 2471 4097 gressa
2512 4027 2566 4080 in
2611 4041 2671 4080 os
2711 4041 2911 4080 meum.
2974 4025 3080 4080 Sed
3130 4041 3304 4096 neque
3353 4035 3628 4097 unguento
3668 4030 3820 4077 unctus

2284 4134 2404 4173 sum
2419 4159 2434 4184 ,
2459 4119 2629 4174 donec
2649 4117 3051 4188 complerentur
3075 4116 3239 4171 trium
3264 4117 3713 4173 hebdomadarum
3736 4111 3819 4165 dies

2285 4211 2449 4283 (Dan.
2478 4211 2558 4282 ι).
2596 4231 2614 4263 ι
2665 4209 2735 4266 Ut
2762 4224 2892 4280 ergo
2925 4208 3161 4280 Spiritus
3194 4211 3366 4264 sancti
3395 4211 3542 4266 dono
3580 4204 3819 4280 participes

2284 4319 2405 4359 esse
2449 4317 2781 4367 mereamur,
2834 4301 2934 4355 hos
2980 4300 3096 4356 dies
3121 4316 3244 4355 cum
3274 4301 3419 4356 omni
3454 4302 3685 4371 puritate
3709 4291 3817 4348 cele-

2284 4394 2448 4449 brare
2473 4395 2732 4450 debemus
2755 4434 2768 4458 ,
2816 4393 2869 4447 in
2898 4393 3223 4448 abstinentia
3245 4393 3572 4464 prolixiores
3588 4435 3602 4460 ,
3639 4392 3686 4446 in
3709 4386 3816 4442 elec-

2287 4486 2525 4557 mosynis
2566 4485 2844 4556 largiores.
2903 4485 2970 4538 Et
2998 4486 3139 4540 unde
3166 4501 3294 4541 caro
3325 4496 3515 4542 nostra
3545 4482 3693 4542 sentit
3718 4473 3814 4530 allii-

2286 4577 2517 4632 ctionem
2539 4617 2552 4640 ,
2591 4575 2714 4630 inde
2743 4590 3037 4645 pauperum
3074 4575 3283 4630 esuries
3311 4577 3514 4631 sentiat
3537 4565 3812 4630 consolatio-

2288 4686 2429 4725 nem.
2482 4668 2598 4723 Non
2629 4668 2801 4722 solum
2832 4683 2931 4736 pro
2962 4668 3190 4731 nostris,
3233 4668 3326 4722 sed
3356 4669 3524 4723 etiam
3563 4680 3653 4738 pro
3691 4655 3812 4712 totius

2287 4763 2539 4819 Ecclesim
2562 4762 2976 4818 necessitatibus
3006 4762 3310 4832 supplicare
3335 4763 3610 4827 debemus,
3640 4770 3724 4829 pI‘O
3741 4764 3810 4820 Pa'

2288 4854 2366 4909 cis
2392 4852 2599 4908 scilicet
2631 4852 3016 4922 tranquillitate
3037 4893 3050 4917 ,
3089 4868 3188 4921 pro
3218 4851 3432 4924 frugum
3457 4855 3713 4910 ubertate,
3739 4852 3809 4909 pro

2290 4947 2434 5002 aeris
2463 4948 2751 5015 temperie,
2785 4962 2880 5015 pro
2903 4946 3116 5016 regibus
3153 4955 3207 5000 et
3235 4946 3698 5016 gubernatoribus,
3725 4947 3807 4989 ωο-

2292 5048 2452 5094 nente
2475 5038 2730 5110 Apostolo
2755 5039 2848 5108 qui
2882 5039 2997 5092 ait:
3034 5058 3052 5089 ι
3087 5037 3327 5094 Obsecro
3359 5040 3589 5109 primum
3615 5026 3805 5089 omnium

2285 5133 2399 5187 fieri
2413 5134 2634 5188 obsecra
2642 5131 3132 5196 tiones,orationes,
3147 5129 3556 5199 postulationes,
3568 5122 3806 5199 gratiarum

2284 5225 2564 5288 actiones,
2609 5241 2706 5294 pro
2755 5223 3006 5277 omnibus
3042 5223 3366 5288 hominibus,
3404 5238 3503 5292 pro
3549 5215 3735 5288 regibus
3757 5209 3806 5294 νει

2283 5315 2532 5371 omnibus
2560 5293 2650 5384 qui
2677 5315 2728 5367 in
2757 5312 3089 5368 sublimitate
3125 5320 3250 5366 sunt
3279 5311 3584 5374 constituti,
3617 5313 3668 5359 ul
3692 5293 3805 5366 ιΙ¹¹ίθ⁴

2283 5419 2389 5464 tam
2415 5418 2469 5463 et
2501 5406 2844 5476 tranquillam
2872 5405 3041 5459 vitam
3070 5419 3294 5476 agamus
3327 5405 3380 5458 in
3409 5403 3552 5460 omni
3575 5398 3748 5471 pietate
3767 5390 3806 5435 et

2283 5501 2570 5565 castitate;
2624 5499 2726 5553 hoc
2753 5497 2896 5552 enim
2925 5497 3125 5552 bonum
3161 5505 3243 5551 est
3283 5505 3336 5551 et
3373 5504 3636 5567 acceptum
3661 5487 3801 5567 cont"

2284 5590 2563 5646 Salvatore
2607 5598 2792 5646 nostro
2817 5588 2930 5643 Deo
2949 5629 2964 5653 ,
3003 5589 3094 5656 qui
3124 5604 3313 5643 omnes
3339 5565 3578 5643 homines
3601 5577 3697 5632 vult
3720 5565 3801 5623 sal-

2281 5699 2377 5736 vos
2403 5682 2517 5736 ﬁeri
2535 5680 2668 5736 ctad
2690 5680 3016 5750 agnitionem
3040 5679 3284 5735 veritatis
3307 5680 3520 5750 venire(
3529 5678 3550 5732 1
3568 5673 3684 5730 Tim.
3699 5661 3762 5726 11)-
3783 5671 3796 5702 ³

2946 5858 3179 5873 Μ
