4014 6354
228 450 337 509 629

796 566 1073 624 HOMILIA
1110 566 1243 623 XCI.

226 720 391 762 nata
428 718 664 761 saeuum
693 718 824 759 rosr
857 701 1048 777 Vocem
1071 701 1441 773 jucunditatis,
1471 716 1525 756 nv
1566 714 1801 755 LITANIIS

860 808 1163 851 IAJORIBUS.

308 928 458 1001 (Jac.
501 929 590 1001 v.)
637 946 656 980 ‹
686 926 1044 994 Cbarissimi,
1099 926 1431 984 conﬁtemini
1481 926 1806 982 alterutrum

238 1043 257 1074 ι
303 1030 527 1094 peccata
539 1029 739 1087 vestra,
762 1029 818 1075 et
833 1030 989 1076 orate
1011 1035 1109 1091 pro
1130 1021 1357 1076 invicem
1377 1028 1439 1074 ut
1459 1019 1759 1076 salvemini.
1785 1039 1803 1070 ι

234 1114 305 1169 Et
349 1112 577 1183 reliqua.
626 1112 709 1167 Ad
745 1113 1007 1182 optimum
1039 1111 1232 1179 salutis
1269 1120 1467 1167 nostra:
1514 1110 1811 1166 remedium

236 1204 490 1257 hortatur
517 1216 615 1257 nos
639 1202 911 1273 apostolus
938 1201 1190 1268 Jacobus,
1218 1209 1278 1281 ut
1303 1201 1556 1271 praesenti
1582 1201 1813 1257 lectione

237 1310 367 1349 cum
394 1293 665 1363 legeretur
691 1292 948 1359 audistis,
981 1293 1317 1348 dilectissimi
1343 1293 1538 1348 nobis:
1575 1310 1595 1344 ι
1629 1291 1811 1348 Conﬁ-

239 1385 470 1448 temini,
519 1384 727 1454 inquit,
768 1383 1086 1440 alterutrum
1134 1392 1353 1455 peccata
1401 1374 1648 1439 vestra.i
1698 1382 1814 1438 Non

238 1477 387 1548 quod
414 1476 556 1531 Deus
582 1476 822 1547 indigeat
855 1475 1197 1532 confessione
1231 1487 1416 1533 nostra
1440 1519 1456 1544 ,
1504 1477 1591 1532 cui
1633 1477 1816 1531 omnia

242 1576 443 1638 praesto
486 1574 611 1623 sunt
646 1582 768 1637 quae
806 1569 1103 1639 cogitamus
1125 1609 1140 1634 ,
1194 1569 1465 1638 loquimur
1494 1576 1548 1623 et
1581 1568 1816 1640 agimus,

241 1659 341 1714 sed
371 1674 471 1715 nos
509 1658 665 1714 aliter
693 1659 827 1714 salvi
853 1675 973 1715 esse
1010 1675 1119 1715 non
1148 1674 1468 1730 possumus,
1513 1660 1613 1714 nisi
1650 1658 1820 1713 eonfi-

244 1759 459 1806 teamur
480 1752 822 1821 poenitentes,
853 1754 994 1823 quod
1018 1754 1198 1823 inique
1224 1753 1487 1824 gessimus
1509 1751 1823 1823 delinquen-

245 1851 350 1897 tes.
383 1842 516 1897 Nam
540 1845 630 1913 qui
658 1845 896 1914 seipsum
923 1853 1142 1900 accusat
1168 1845 1224 1899 in
1252 1845 1489 1915 peccatis
1517 1845 1649 1910 suis,
1680 1846 1822 1899 hunc

1447 445 1746 504 HOMILUE
1787 444 1875 501 DE
1914 444 2258 503 TEMPORE.

1835 562 1887 622 Α
1912 562 2151 629 riuntur,
2197 565 2269 618 ita
2318 572 2376 618 ut
2422 564 2730 633 paenitendo
2772 572 2827 619 et
2873 562 3193 628 confitendo,
3246 561 3487 622 remedia

3377 447 3485 504 530

1909 671 2131 711 suarum
2157 655 2458 726 percipiant
2487 655 2809 710 animarum.
2843 655 2910 710 Et
2930 662 2992 709 ut
3015 662 3159 709 terra
3188 654 3341 710 arida
3366 655 3488 726 plu-

1910 746 2013 800 viis
2072 746 2292 817 irrigata
2335 744 2568 801 fructum
2612 744 2817 814 profert
2861 745 3270 812 necessarium,
3313 746 3390 801 ita
3432 754 3490 802 et

1912 839 2136 894 istorum
2183 841 2315 893 dura
2362 838 2555 903 corda,
2606 852 2704 908 per
2749 838 3217 908 compunctionem
3264 838 3492 910 irrigata

1913 928 2272 1000 lacrymarum
2297 938 2354 986 et
2376 929 2700 984 infusionem
2729 928 2916 998 gratiae
2955 928 3074 995 Dei,
3116 944 3277 1000 quam
3312 931 3490 1000 poeni-

1915 1018 2076 1073 tendo
2121 1026 2418 1082 merentur,
2464 1016 2700 1072 fructum
2743 1017 2908 1072 etiam
2948 1026 3072 1087 post
3115 1033 3178 1074 ea
3224 1017 3493 1078 bonorum

1916 1106 2194 1176 proferunt
2219 1122 2461 1176 operum.

1993 1220 2011 1251 ‹
2047 1199 2103 1255 Si
2129 1201 2249 1270 quis
2292 1210 2471 1256 autem
2512 1201 2776 1256 erraverit
2814 1216 2881 1257 ex
2914 1201 3068 1258 vobis
3093 1217 3121 1257 a
3154 1204 3417 1270 veritate,
3442 1212 3500 1260 et

1923 1310 1942 1344 ‹
1988 1292 2257 1347 convertit
2284 1294 2406 1363 quis
2434 1308 2578 1358 eum,
2614 1292 2752 1347 scire
2783 1292 2942 1349 debet
2965 1294 3221 1363 quoniam
3249 1294 3342 1365 qui
3370 1310 3499 1351 con-

1926 1400 1944 1438 c
1990 1382 2129 1436 verti
2175 1382 2363 1437 fecerit
2393 1384 2835 1454 peccatorem'ab
2874 1397 3061 1439 errore
3088 1384 3189 1439 viae
3229 1399 3363 1450 suae,
3393 1383 3499 1440 sal—

1927 1492 1946 1525 (
1991 1475 2140 1529 vabit
2159 1476 2393 1529 animam
2410 1475 2527 1544 ejus
2546 1492 2577 1529 a
2594 1484 2786 1542 morte,
2801 1483 2858 1530 et
2875 1475 3081 1546 operiet
3102 1475 3502 1532 multitudinem

1927 1584 1945 1616 ‹
1993 1575 2356 1636 peccatorum.
2391 1587 2410 1619 ι
2442 1566 2552 1622 Sua
2580 1566 2916 1633 videlicetet
2957 1566 3211 1635 aliorum,
3241 1582 3378 1638 quos
3402 1581 3502 1638 per

1923 1656 2227 1710 doctrinam
2253 1672 2406 1711 suam
2429 1657 2700 1712 convertit
2719 1672 2747 1711 a
2771 1664 3013 1727 peccato.
3040 1656 3176 1712 Cum
3190 1637 3327 1713 'vero
3347 1637 3507 1712 nobis

1924 1745 2120 1802 fratres
2144 1747 2367 1817 quilibet
2393 1749 2563 1803 nostri
2590 1757 2808 1818 peccata
2845 1764 2959 1811 sua,
2992 1757 3247 1820 tanquam
3279 1748 3503 1805 medicis

1926 1838 2182 1903 vulnera,
2228 1839 2423 1908 quibus
2461 1848 2743 1911 urgentur,
2773 1840 3050 1910 aperiunt,
3094 1854 3315 1910 operam
3349 1839 3510 1894 debe-

246 1932 492 1987 diabolus
532 1949 640 1988 non
682 1934 843 1990 habet
891 1936 1086 1990 iterum
1115 1949 1373 1990 accusare
1414 1934 1470 1988 in
1503 1935 1591 1989 die
1612 1933 1819 2003 judicii.
1854 1925 1901 1984 B
1931 1946 2051 1985 mus
2078 1930 2228 1997 dare,
2255 1940 2314 1985 ut
2340 1932 2661 2001 quantocius
2686 1932 2752 1986 ad
2780 1933 3089 1998 sanitatem,
3117 1934 3227 1987 Deo
3267 1940 3508 1998 auctore,

244 2019 419 2076 Debet
458 2023 604 2077 enim
639 2024 910 2094 paenitens
944 2024 1149 2082 diluere
1172 2024 1486 2097 prenitendo
1513 2040 1635 2095 quae
1667 2023 1828 2090 fecit,

242 2118 307 2163 et
333 2125 437 2166 non
459 2111 657 2167 iterum
682 2129 939 2170 revocare
951 2117 1096 2186 quod
1108 2114 1275 2171 ﬂevit.
1292 2115 1392 2182 Qui
1409 2125 1588 2171 autem
1604 2117 1831 2171 abscon-

243 2199 331 2254 dit
356 2200 561 2257 scelera
591 2218 707 2268 sua,
747 2220 854 2259 non
882 2205 1179 2277 dirigetur:
1209 2207 1301 2277 qui
1331 2216 1512 2262 autem
1552 2205 1832 2263 confessus

241 2288 419 2344 fuerit
452 2298 508 2344 et
544 2291 828 2361 reliquerit
874 2308 968 2359 ea,
997 2309 1029 2348 a
1059 2295 1170 2351 Deo
1203 2296 1591 2352 misericordiae
1617 2298 1831 2351 veniam

242 2378 548 2435 merebitur
575 2389 833 2437 aeternam
864 2401 877 2437 :
914 2401 932 2434 ι
968 2384 1036 2439 Ει
1063 2393 1219 2440 orate
1248 2400 1349 2455 pro
1380 2385 1611 2440 invicem
1637 2394 1697 2440 ut
1731 2386 1832 2441 sal-

241 2470 473 2525 vemini.
508 2492 529 2523 ι
565 2473 682 2528 Duo
711 2476 853 2530 enim
884 2485 1010 2532 sunt
1037 2493 1233 2549 genera
1265 2479 1596 2534 inﬁrmitatis
1634 2481 1828 2535 huma-

244 2577 366 2623 nae,
418 2563 471 2616 id
500 2572 585 2620 est
606 2569 852 2637 corporis
886 2579 941 2624 et
967 2571 1179 2626 animae.
1229 2571 1461 2628 Proinde
1488 2587 1619 2628 vero
1648 2583 1832 2630 monet

247 2656 542 2726 Apostolus
585 2673 744 2716 orare
792 2663 959 2717 Deum
1007 2664 1427 2734 omnipotentem
1462 2681 1563 2735 pro
1602 2674 1830 2736 utraque

251 2749 570 2806 infirmitate
614 2761 797 2808 nostra
822 2794 838 2820 ,
882 2770 982 2825 pro
1025 2756 1253 2810 invicem
1296 2758 1489 2812 divinae
1535 2758 1833 2813 clementia:

251 2842 553 2897 remedium
582 2843 877 2913 postulare,
908 2853 968 2900 ut
994 2853 1050 2899 et
1074 2861 1271 2916 corpus
1295 2848 1351 2901 in
1381 2862 1479 2902 suo
1505 2856 1696 2904 sancto
1716 2863 1833 2903 ser-

256 2936 392 2990 vitio
421 2936 772 3004 corroboret,
809 2947 865 2993 et
885 2938 1120 2993 animam
1145 2939 1214 2994 ab
1240 2951 1443 2995 aeterno
1479 2941 1672 2997 liberet
1707 2957 1833 3013 sup-

252 3027 437 3099 plicio.
475 3046 494 3079 ι
526 3027 752 3084 Multum
796 3031 939 3086 enim
987 3031 1131 3086 valet
1173 3033 1482 3103 deprecatio
1520 3034 1655 3104 justi
1696 3038 1833 3092 assi-

260 3141 279 3173 ι
315 3122 438 3178 dua.
468 3143 487 3175 ι
521 3122 657 3178 Nam
680 3124 1016 3195 negligentes
1045 3126 1336 3194 orationes,
1368 3143 1467 3184 nec
1497 3129 1567 3184 ab
1597 3130 1714 3201 ipso
1736 3131 1835 3186 ho-

258 3214 405 3270 mine
438 3215 727 3285 impetrare
748 3210 930 3272 valent
960 3219 1101 3288 quod
1131 3218 1353 3273 volunt:
1381 3219 1552 3274 multo
1592 3220 1770 3276 minus
1802 3236 1832 3275 a

1933 2020 2269 2090 perveniant,
2303 2038 2371 2077 ne
2397 2022 2449 2076 in
2489 2021 2641 2092 pejus
2681 2023 3018 2079 dissimulata
3049 2024 3325 2079 curatione
3346 2023 3513 2095 profi-

1936 2111 2097 2165 ciant.
2129 2112 2204 2166 Ea
2236 2120 2416 2167 autem
2457 2113 2683 2168 crimina
2717 2114 3113 2184 quorumlibet,
3145 2115 3192 2171 si
3238 2115 3371 2186 ipsis
3408 2115 3515 2171 cri-

1935 2203 2159 2257 minosis
2184 2204 2430 2259 conﬁteri
2462 2204 2770 2262 nolentibus
2810 2206 3169 2278 undecunque
3194 2206 3514 2273 claruerint,

1936 2309 2269 2365 quaecunque
2317 2311 2421 2350 non
2473 2296 2671 2352 fuerint
2720 2300 3053 2369 paenitentia:
3116 2300 3223 2356 leni
3277 2300 3514 2356 medica-

1935 2391 2120 2440 mento
2149 2392 2359 2451 sanata,
2381 2385 2528 2441 velut
2547 2386 2670 2458 igne
2694 2389 2797 2458 pia:
2818 2390 3204 2460 increpationis
3228 2390 3519 2462 reprehen-

1935 2471 2111 2529 denda
2158 2483 2284 2530 sunt
2337 2491 2401 2531 ac
2445 2478 2701 2533 curanda.
2736 2478 2889 2546 Quod
2935 2480 2982 2534 si
3026 2496 3127 2537 nec
3172 2481 3252 2537 sic
3298 2481 3518 2551 quidem

1936 2564 2312 2631 aequanimiter
2341 2565 2639 2632 sustinetis,
2683 2583 2746 2622 ac
2797 2569 2885 2638 pie
2936 2569 3266 2641 increpantis
3309 2569 3521 2625 medela

1935 2648 2263 2721 processerit
2286 2655 2341 2710 in
2375 2657 2471 2721 eis,
2518 2658 2609 2728 qui
2652 2659 2742 2714 diu
2784 2660 2983 2730 portati
3018 2670 3074 2717 et
3106 2661 3399 2718 salubriter
3424 2660 3523 2717 ob-

1928 2743 2155 2815 jurgati,
2181 2747 2379 2818 corrigi
2421 2748 2725 2816 noluerint,
2765 2760 3020 2821 tanquam
3064 2761 3250 2823 putres
3278 2752 3524 2824 corporis

1935 2843 2117 2904 partes
2146 2837 2342 2892 debent
2365 2838 2508 2893 ferro
2534 2842 3107 2899 excommunicationis
3128 2844 3372 2900 abscindi
3403 2861 3417 2899 :
3448 2859 3517 2899 ne

1936 2926 2077 2981 sicut
2117 2942 2246 2982 caro
2287 2930 2493 2985 morbis
2522 2939 2796 2997 emortua,
2830 2934 2876 2988 si
2905 2933 3147 2991 abscissa
3176 2950 3287 2991 non
3334 2936 3518 3003 fuerit,

1936 3017 2164 3073 salutem
2213 3019 2433 3090 reliqua:
2478 3023 2657 3078 carnis
2700 3024 3000 3094 putredinis
3043 3042 3156 3082 sum
3202 3027 3523 3099 contagione

1937 3114 2268 3183 corrumpit;
2311 3114 2386 3169 ita
2433 3114 2522 3171 isti
2551 3117 2643 3186 qui
2683 3110 2963 3174 emendari
3002 3119 3338 3191 despiciunt,
3370 3130 3426 3177 et
3467 3122 3525 3178 in

1938 3218 2035 3258 suo
2062 3205 2252 3260 morbo
2285 3206 2603 3274 persistunt,
2633 3207 2680 3262 si
2711 3209 2952 3264 moribus
2979 3209 3286 3280 depravatis
3314 3211 3369 3265 in
3394 3226 3520 3265 san-

259 3304 375 3360 Deo
403 3306 552 3361 alteri
565 3308 771 3363 orando
799 3310 1012 3365 veniam
1035 3309 1177 3364 valet
1197 3310 1461 3377 obtinere,
1483 3312 1575 3381 qui
1593 3296 1699 3382 'pro
1720 3314 1831 3370 suis

1938 3302 2148 3349 ctorum
2194 3297 2453 3351 societate
2495 3301 2930 3367 permanserint,
2976 3315 3069 3357 eos
3119 3302 3366 3372 exemplo
3412 3319 3523 3359 suae

262 3395 426 3449 etiam
450 3398 681 3466 peccatis
710 3412 931 3455 necesse
964 3400 1127 3456 habet
1149 3402 1464 3472 suppliciter
1490 3419 1748 3472 exorare,
1780 3415 1836 3462 et

259 3486 591 3558 negligenter
618 3498 740 3545 orat
765 3506 864 3560 pro
888 3492 1195 3562 semetipso.
1246 3493 1478 3548 Assidua
1505 3495 1651 3550 enim
1674 3495 1836 3552 debet

256 3591 380 3631 esse
402 3575 634 3633 ﬁdelium
661 3579 988 3651 deprecatio,
1006 3582 1051 3637 si
1077 3580 1323 3637 obtinere
1345 3584 1491 3653 cupit
1514 3585 1655 3654 quod
1678 3586 1833 3656 petit.

257 3664 466 3721 Tamen
493 3682 616 3722 cum
644 3684 743 3739 pro
783 3670 1015 3726 inimicis
1040 3674 1242 3729 nostris
1264 3689 1364 3730 nos
1391 3662 1653 3733 Dominus
1678 3694 1837 3735 orare

247 3755 436 3825 jubet,
479 3767 679 3828 quanto
720 3761 892 3832 magis
938 3763 1100 3818 etiam
1142 3779 1241 3830 pro
1271 3766 1459 3821 amicis
1492 3777 1548 3823 et
1589 3769 1838 3827 fidelibus

256 3850 506 3904 nostris?
551 3850 687 3918 Quia
728 3853 773 3906 si
816 3852 1044 3908 ﬁdeliter
1073 3855 1311 3922 oramus,
1350 3873 1461 3913 non
1506 3875 1604 3929 pro
1652 3861 1835 3916 nobis-

256 3942 507 4013 metipsis
535 3950 741 3999 tantum
762 3986 777 4011 ,
810 3946 906 4001 sed
940 3954 996 4001 et
1022 3961 1120 4016 pro
1147 3947 1407 4005 fratribus
1434 3953 1636 4008 nostris
1670 3954 1834 4009 etiam

257 4033 469 4089 intente
514 4050 672 4089 orare
717 4034 997 4103 debemus,
1046 4045 1105 4092 ut
1150 4039 1284 4094 salvi
1330 4055 1449 4096 esse
1483 4052 1831 4099 mereantur:

256 4124 384 4193 quia
414 4125 702 4181 assiduitas
733 4127 922 4182 orandi
945 4136 1166 4198 praestat
1192 4131 1347 4187 nobis
1374 4133 1629 4190 auxilium
1658 4135 1710 4189 in
1734 4136 1835 4192 ad-

257 4216 455 4271 versis.
494 4214 752 4287 Sequitur
773 4234 788 4270 :

334 4328 353 4359 ‹
392 4307 537 4364 Elias
565 4310 726 4365 homo
748 4319 866 4365 erat
883 4311 1075 4368 similis
1105 4313 1278 4379 nobis,
1303 4316 1601 4385 passibilis,
1629 4325 1684 4373 et
1713 4334 1838 4374 ora-

264 4420 284 4453 ι
321 4402 469 4457 tione
513 4403 689 4458 oravit
716 4412 777 4458 ut
814 4420 919 4460 non
950 4405 1158 4475 plueret
1178 4423 1339 4479 super
1369 4418 1597 4475 terram,
1645 4422 1699 4469 et
1730 4429 1835 4471 non

262 4512 280 4544 ι
321 4492 459 4562 pluit
504 4508 675 4550 annos
718 4503 830 4550 tres
870 4504 923 4550 et
972 4512 1185 4553 menses
1226 4515 1339 4555 sex.
1374 4520 1392 4553 ι
1428 4501 1659 4558 Videbat
1690 4506 1836 4561 enim

256 4582 545 4653 iniquitate
576 4584 756 4656 populi
796 4587 880 4641 sui
907 4586 1063 4656 quasi
1100 4589 1339 4646 tenebris
1375 4592 1635 4649 mundum
1674 4610 1837 4667 oper-

259 4685 396 4742 tum,
427 4676 623 4733 cadum
647 4678 931 4749 pollutum,
962 4689 1164 4735 terram
1193 4683 1526 4753 inquinatam
1553 4688 1837 4746 sacriﬁciis
1863 4667 1916 4729 Ῑ)

257 4766 525 4823 idolowm
544 4809 560 4835 ,
602 4784 967 4841 accensusque
990 4772 1106 4828 zelo
1139 4776 1343 4843 oravit,
1375 4787 1435 4833 ut
1462 4778 1602 4836 forte
1628 4798 1727 4853 per
1756 4784 1836 4839 fa-

258 4873 403 4913 mem
429 4867 485 4915 et
512 4862 853 4918 sterilitatem
882 4873 1042 4921 teme
1081 4880 1525 4927 converterentur
1558 4876 1625 4931 ad
1655 4878 1838 4933 Domi-

258 4966 420 5018 num,
449 4960 504 5007 et
529 4954 900 5023 paenitentiam
937 4969 1161 5027 agerent
1185 4961 1249 5016 de
1272 4964 1509 5031 peccatis
1536 4967 1664 5021 suis.
1695 4967 1840 5023 Tali-

259 5042 363 5099 bus
408 5045 555 5101 enim
592 5048 765 5102 coacti
795 5051 1102 5121 suppliciis,
1148 5053 1275 5109 dum
1315 5066 1696 5114 converterent
1720 5075 1779 5116 se
1805 5078 1836 5117 a

260 5135 350 5190 via
394 5151 488 5191 sua
518 5146 573 5194 et
613 5154 645 5194 a
686 5141 1043 5211 pravitatibus
1073 5145 1185 5201 suis
1207 5147 1423 5215 multis,
1460 5152 1836 5219 paenitentiam

262 5238 520 5297 agentes,
554 5232 622 5287 ad
658 5232 1084 5291 misericordiam
1123 5237 1291 5293 Deum
1323 5240 1696 5298 deflectebant.
1746 5245 1842 5302 Se-

260 5322 449 5391 quitur
469 5341 483 5377 :

345 5432 364 5464 σ
401 5414 469 5468 Et
496 5429 713 5471 rursum
742 5418 947 5485 oravit,
990 5428 1046 5475 et
1087 5422 1281 5477 coelum
1312 5424 1459 5480 dedit
1487 5426 1756 5496 pluviam,
1787 5437 1843 5484 et

267 5523 289 5557 ι
330 5513 477 5560 terra
502 5507 650 5563 dedit
690 5508 924 5565 fructum
955 5525 1130 5566 suum.
1170 5533 1187 5565 ι
1223 5512 1361 5569 Justi
1390 5518 1533 5571 enim
1580 5518 1681 5572 viri
1713 5519 1840 5574 dum

267 5597 641 5666 temporaliter
669 5615 700 5655 a
728 5600 955 5657 Domino
987 5601 1296 5671 audiuntur,
1318 5615 1538 5662 orantes
1565 5623 1661 5677 pro
1686 5617 1840 5663 reatu

266 5687 516 5755 aliorum,
544 5689 605 5744 ﬁt
632 5692 735 5747 hoc
780 5692 834 5747 in
869 5709 964 5765 spe
1007 5701 1061 5748 et
1098 5694 1269 5752 salute
1304 5714 1318 5751 :
1360 5706 1416 5753 et
1459 5698 1585 5753 dum
1632 5700 1715 5756 his
1742 5716 1841 5771 pro

267 5778 464 5849 quibus
486 5789 673 5848 orant,
706 5783 985 5854 temporali
1020 5787 1258 5841 remedio
1281 5789 1614 5857 subvenitur,
1649 5806 1842 5860 pravo-

267 5885 393 5927 rum
418 5872 562 5929 oculi
594 5875 662 5930 ad
688 5890 904 5931 suorum
932 5887 1275 5947 peccatorum
1296 5879 1685 5939 confessionem
1710 5900 1839 5954 ape-

1940 3383 2256 3455 perditionis
2286 3386 2545 3442 inﬁciant.
2585 3388 2755 3445 Porro
2797 3390 2874 3445 illi
2910 3406 3139 3462 quorum
3168 3401 3391 3462 peccata
3425 3394 3525 3450 hu-

1941 3490 2155 3529 manam
2176 3476 2423 3532 notitiam
2446 3477 2637 3545 latent,
2658 3494 2761 3535 nec
2785 3482 2854 3535 ab
2874 3481 3007 3552 ipsis
3035 3480 3396 3549 confessione,
3419 3498 3523 3539 nec

1940 3565 2009 3619 ab
2035 3564 2155 3619 aliis
2183 3566 2473 3635 publicata,
2505 3568 2550 3622 si
2591 3584 2654 3623 ea
2701 3570 2945 3626 conﬁteri
2973 3571 3059 3627 vel
3104 3574 3394 3629 emendare
3425 3588 3522 3629 no-

1941 3653 2158 3720 luerint,
2191 3655 2359 3710 Deum
2399 3671 2560 3726 quem
2599 3656 3041 3728 habent'testem,
3073 3661 3250 3732 ipsum
3282 3662 3523 3717 habituri

1938 3752 2064 3801 sunt
2088 3753 2144 3799 et
2164 3745 2417 3800 ultorem.
2441 3746 2510 3801 Et
2534 3748 2661 3817 quid
2684 3748 2764 3803 eis
2785 3750 3004 3819 prodest
3025 3751 3323 3807 humanum
3350 3752 3525 3807 vitare

1931 3834 2215 3904 judicium,
2244 3836 2313 3901 si,
2337 3851 2459 3891 cum
2486 3837 2541 3891 in
2565 3838 2707 3893 malo
2728 3841 3149 3909 permanserint,
3168 3842 3293 3896 ituri
3317 3842 3523 3897 suntin

1936 3940 2219 3993 aeternum,
2249 3927 2360 3982 Deo
2395 3928 2749 3994 retribuente,
2782 3931 3136 4002 supplicium?
3163 3930 3318 4001 Quod
3346 3932 3392 3989 si
3419 3933 3525 4003 ipsi

1937 4020 2039 4076 sibi
2072 4020 2282 4092 judices
2320 4019 2491 4085 ﬁant,
2515 4031 2571 4077 et
2611 4023 2757 4079 velut
2803 4040 2913 4080 suae
2956 4025 3258 4096 iniquitatis
3292 4026 3520 4094 ultores,

1939 4112 2028 4167 hic
2054 4112 2109 4166 in
2140 4126 2197 4167 se
2223 4112 2583 4167 voluntariam
2611 4129 2827 4185 poenam
2871 4118 3229 4173 severissima:
3275 4119 3523 4175 animad-

1935 4204 2200 4260 versionis
2241 4213 2565 4272 exerceant,
2599 4207 2988 4277 temporalibus
3022 4209 3197 4279 poenis
3241 4210 3528 4265 mutabunt

1936 4304 2139 4352 aeterna
2166 4296 2450 4367 supplicia,
2481 4305 2537 4352 et
2571 4296 2827 4370 lacrymis
2853 4315 2919 4356 ex
2946 4315 3077 4355 vera
3109 4302 3525 4370 compunctione

1937 4389 2117 4445 cordis
2149 4387 2439 4444 ﬂuentibus
2470 4391 2799 4462 restringent
2835 4393 3023 4446 teterni
3068 4392 3208 4462 ignis
3237 4392 3486 4447 incendia
3508 4433 3523 4459 ,

1938 4481 2203 4553 largiente
2245 4480 2471 4535 Domino
2516 4490 2701 4537 nostro
2743 4480 2872 4538 Jesu
2919 4482 3154 4548 Christo,
3186 4484 3280 4553 qui
3312 4483 3446 4540 vivit
3472 4493 3527 4538 et

1939 4576 2129 4641 regnat
2155 4569 2211 4623 in
2236 4570 2428 4625 saecula
2458 4572 2796 4637 saeculorum,
2823 4586 3001 4627 amen.

2503 4700 2777 4757 HOMILIA
2824 4700 2978 4758 XCII.

1947 4850 2101 4890 rsnu
2139 4849 2373 4891 saeuum
2412 4850 2543 4891 posr
2590 4834 2779 4891 Vocem
2803 4836 3183 4907 jucunditatis,
3210 4854 3265 4894 IN
3292 4854 3525 4898 unum

2584 4944 2889 4985 IAJORIBUS.

2017 5056 2166 5129 (Luc.
2200 5059 2301 5131 χι.)
2328 5079 2346 5112 ι
2383 5060 2439 5116 lu
2472 5060 2564 5115 illo
2594 5069 2852 5133 tempore,
2883 5063 3019 5119 dixit
3056 5062 3214 5122 Jesus
3250 5067 3527 5139 discipulis

1951 5174 1967 5203 ι
2006 5154 2118 5209 suis
2148 5171 2160 5205 :
2189 5155 2320 5221 Quis
2366 5166 2603 5212 vestrum
2653 5157 2871 5215 habebit
2916 5159 3184 5228 amicum,
3232 5172 3287 5220 et
3329 5164 3427 5221 ibit
3446 5165 3523 5220 'ad

1951 5263 1965 5297 t
2006 5244 2156 5301 illum
2205 5249 2380 5303 media
2415 5258 2571 5304 nocte
2591 5250 2613 5303 ?
2636 5269 2654 5301 ι
2681 5249 2749 5305 Ει
2790 5250 3015 5322 reliqua.
3047 5252 3238 5310 Sciens
3268 5255 3523 5311 Dominus

1943 5334 2098 5391 Jcsus
2126 5336 2375 5394 Christus
2403 5349 2526 5410 post
2552 5341 2899 5398 amissionem
2942 5343 3098 5399 liberi
3137 5346 3376 5411 arbitrii,
3403 5344 3523 5400 nul-

1943 5426 2051 5481 lum
2084 5427 2281 5483 bonum
2308 5444 2340 5484 a
2370 5430 2770 5501 nobismetipsis
2802 5446 2901 5487 nos
2945 5432 3143 5490 trahere
3184 5449 3376 5505 posse,
3413 5448 3518 5488 non

1943 5517 2114 5572 solum
2151 5520 2218 5574 ad
2245 5521 2508 5576 orandum
2553 5522 2958 5590 devotissimos,
2991 5525 3083 5579 sed
3120 5524 3283 5578 etiam
3314 5524 3519 5578 instan-

1948 5611 2183 5667 tissimos
2212 5613 2460 5668 hortatur
2487 5624 2544 5670 et
2568 5616 2841 5681 admonet,
2868 5625 2927 5670 ut
2951 5617 3093 5686 quod
3115 5617 3293 5671 minus
3326 5624 3515 5671 natura

1944 5704 2313 5774 possibilitatis
2352 5706 2408 5761 in
2453 5698 2607 5763 nobis
2649 5708 2847 5773 habet,
2888 5688 3093 5762 orando
3117 5707 3188 5762 ab
3236 5706 3327 5763 illo
3353 5708 3520 5778 impe-

1944 5802 2114 5850 tretur
2138 5796 2231 5866 qui
2256 5796 2331 5853 ait
2358 5814 2372 5851 :
2395 5815 2414 5848 ‹
2448 5796 2577 5852 Sine
2598 5813 2685 5853 me
2712 5798 2844 5853 nihil
2868 5798 3094 5868 potestis
3118 5796 3297 5853 facere
3335 5796 3515 5870 (Joan.

1944 5898 2055 5958 κν).
2089 5908 2106 5940 ι
2149 5887 2283 5946 Nam
2324 5904 2447 5946 cum
2496 5891 2552 5945 in
2592 5892 2836 5946 oratione
2876 5888 3236 5957 incumberet,
3270 5898 3329 5946 ut
3355 5907 3513 5963 supra
