4014 6354
553 471 648 530 531

1190 470 2054 549 HAYMONISHALBERSTAT.
2099 464 2307 525 EPISC.
2352 468 2499 526 OPP.
2540 469 2717 527 PARS
2755 471 2818 527 Il.
2858 501 2927 511 —
2966 468 3196 525 HOMIL.

3702 465 3809 520 552

553 592 891 667 evangelicus
918 604 1099 645 sermo
1120 589 1321 653 retulit,
1351 595 1699 643 accesserunt
1720 586 1787 640 ad
1815 600 1936 640 eum
1964 582 2125 639 disci-
2159 586 2202 643 Α
2233 583 2389 638 Pueri
2422 599 2547 638 vero
2576 583 2981 653 patrisfamilias
3001 624 3013 647 ,
3052 580 3275 650 apostoli
3309 580 3419 633 sive
3467 594 3809 633 successores

555 688 664 759 puli
711 687 858 757 ejus,
898 690 953 737 et
982 683 1446 748 interrogaverunt
1486 691 1642 738 eum,
1700 676 1940 730 dicentes
1973 672 2123 745 (Luc.

555 780 631 849 xi)
663 793 677 831 :
707 794 724 826 ι
756 773 999 838 Domine,
1023 770 1157 825 doce
1184 784 1281 824 nos
1306 778 1486 832 orare,
1518 769 1657 822 sicut
1684 767 1916 822 Joannes
1946 764 2128 817 docuit

555 865 844 935 discipulos
865 877 1009 918 suos.
1036 860 1241 928 Q’uibu's
1264 859 1351 914 ille
1373 859 1478 912 ait:
1506 856 1597 913 Sic
1619 870 1747 926 ergo
1770 863 1918 908 orate
1939 869 1951 904 :
1970 851 2130 905 Pater

556 964 741 1012 noster
767 955 858 1025 qui
888 968 950 1009 es
976 953 1033 1007 in
1056 952 1207 1007 cuilis
1226 991 1241 1017 ,
1269 949 1636 1005 Sanetiiicetur
1662 958 1855 1001 nomen
1900 954 2070 1008 tuum,
2105 963 2123 994 ›

554 1056 608 1104 et
656 1057 851 1103 caetera
887 1060 1007 1116 quae
1041 1049 1355 1113 sequuntur.
1406 1036 1468 1095 l‘n‘
1517 1040 1710 1111 quibus
1765 1037 1971 1100 verbis,
2004 1035 2131 1104 quid

494 1162 511 1175 -
551 1137 923 1209 principaliter
959 1135 1013 1189 in
1062 1133 1305 1189 oratione
1333 1140 1516 1200 petere
1547 1129 1869 1192 debeamus,
1899 1127 2132 1179 breviter

554 1226 991 1298 comprehendit,
1036 1238 1098 1279 ac
1130 1222 1322 1277 deinde
1364 1230 1486 1276 cum
1535 1227 1735 1289 quanta
1792 1217 2044 1272 instantia
2077 1216 2128 1269 in

551 1323 793 1377 oratione
822 1328 1169 1392 perseverare
1192 1322 1460 1387 (Oporteat,
1480 1313 1727 1383 adjuncta
1756 1309 2127 1372 similitudine,

553 1413 867 1477 declaravit,
892 1410 1110 1465 dicens:
1149 1426 1166 1458 ι
1201 1407 1331 1474 Quis
1360 1414 1597 1459 vestram
1624 1401 1845 1457 habebit
1874 1401 2125 1463 amicum,

550 1515 605 1561 et
654 1505 750 1560 ibit
788 1502 852 1558 ad
898 1501 1044 1555 illum
1077 1496 1250 1553 media
1288 1496 1478 1551 nocte?
1506 1515 1523 1548 ι
1556 1492 1885 1564 Spiritaliter
1925 1490 2128 1544 amicus

554 1600 656 1652 iste
712 1596 852 1649 Deus
881 1591 1222 1660 omnipotens
1260 1586 1595 1657 intelligitur,
1625 1584 1715 1654 qui
1744 1599 1864 1637 cum
1894 1581 1962 1635 sit
1988 1581 2128 1635 Deus

553 1696 603 1741 et
641 1686 886 1743 conditor
927 1682 1089 1738 totius
1134 1688 1418 1741 creaturte,
1466 1674 1649 1730 fideles
1698 1687 1882 1728 servos
1926 1671 2127 1726 amicos

554 1792 746 1833 vocare
785 1776 1034 1847 dignatus
1061 1780 1163 1835 est,
1200 1770 1381 1825 dicens
1408 1766 1586 1838 (Joan.
1618 1764 1706 1835 xv)
1736 1781 1747 1816 :
1781 1784 1796 1814 ι
1830 1762 1938 1817 Vos
1968 1761 2126 1816 amici

556 1871 659 1925 mei
690 1871 840 1925 estis.
875 1889 890 1919 ›
923 1867 990 1922 Et
1013 1865 1141 1920 item
1174 1878 1187 1917 :
1218 1881 1237 1913 ‹
1269 1860 1383 1916 iam
1412 1876 1515 1914 non
1546 1859 1720 1913 dicam
1747 1871 1840 1911 vos
1866 1869 2071 1922 servos,
2103 1874 2121 1906 ι

2230 690 2416 729 eorum
2447 675 2772 743 intelligendi
2798 684 2939 729 sunt.
2973 673 3039 728 Et
3064 674 3200 727 bene
3226 687 3347 725 cum
3377 686 3441 725 eo
3471 670 3525 723 in
3560 668 3809 725 cubiculo

2234 774 2598 818 memorantur
2626 780 2778 829 esse,
2823 764 2949 834 quia
2981 762 3093 831 jam
3128 763 3179 815 in
3222 770 3420 816 interna
3454 760 3641 828 requie
3682 768 3809 813 sunt

2233 857 2454 926 recepti,
2480 858 2545 911 de
2571 856 2763 926 quibus
2788 858 2883 926 per
2921 855 3241 924 Prophetam
3282 851 3480 905 dicitur
3514 868 3527 903 :
3566 867 3585 898 ι
3614 849 3810 904 Exsul-

2233 947 2422 1000 tahunt
2451 947 2618 1001 sancti
2650 946 2701 1001 in
2737 945 2926 1016 gloria,
2962 943 3286 1000 lzetabuntur
3317 944 3368 996 i'n
3400 938 3671 996 cubilibus
3696 942 3809 997 suis

2234 1035 2402 1107 (Psal.
2435 1038 2635 1106 cxux).
2672 1056 2691 1087 ι
2720 1032 2785 1091 Et
2822 1036 3043 1107 pulchre
3092 1035 3143 1088 hi
3194 1033 3281 1102 qui
3329 1033 3387 1085 in“
3413 1030 3661 1086 cubiculo
3689 1045 3810 1086 esse

2232 1139 2618 1194 memorantur,
2649 1128 2798 1197 pueri
2829 1137 3089 1181 vocantur
3118 1144 3130 1179 :
3160 1125 3281 1194 quia
3316 1112 3389 1177 illi
3434 1122 3501 1177 ad
3545 1133 3807 1177 aeternam

2233 1218 2469 1285 requiem
2503 1225 2625 1271 sunt
2672 1218 2904 1282 venturi,
2938 1218 3026 1286 qui
3072 1217 3195 1286 puri
3238 1224 3297 1268 et
3337 1213 3653 1268 innocentes
3691 1214 3809 1267 exi-

2231 1315 2408 1373 stunt,
2439 1307 2622 1378 quales
2666 1308 2821 1362 erant
2866 1306 2937 1360 illi
2958 1348 2971 1372 ,
3006 1306 3071 1361 de
3099 1306 3293 1375 quibus
3340 1303 3598 1357 Dominus
3623 1302 3759 1356 dixit
3790 1317 3807 1358 :

2236 1417 2254 1449 ‹
2275 1398 2453 1464 Pueri,
2471 1399 2707 1468 nunquid
2728 1398 3141 1469 pulmentarium
3166 1394 3411 1450 habetis?
3432 1414 3449 1446 ι
3480 1392 3662 1464 (Joan'.
3689 1401 3807 1463 xu.)

2228 1491 2291 1545 Et
2317 1493 2485 1545 item”:
2523 1513 2539 1541 ε
2575 1491 2747 1545 Sinite
2776 1489 3024 1559 parvulos
3055 1490 3239 1544 venire
3268 1486 3333 1539 ad
3365 1496 3477 1545 me,
3515 1483 3703 1537 talium
3726 1494 3808 1538 est

2228 1584 2370 1637 enim
2401 1597 2623 1654 regnum
2652 1581 2911 1636 ctelorum
2945 1579 3157 1653 (Matth.
3190 1580 3327 1648 nx).
3363 1598 3380 1628 ι
3410 1575 3567 1630 Tales
3593 1576 3810 1645 optabat

2230 1666 2417 1727 Petrus
2450 1672 2722 1741 apostolus
2753 1686 2878 1728 suos
2926 1672 3040 1726 ﬁeri
3083 1670 3355 1725 auditores
3376 1709 3390 1732 ,
3417 1667 3616 1737 quibus
3661 1667 3804 1722 dice-

2227 1762 2317 1817 bat
2348 1779 2361 1815 :
2394 1781 2410 1812 σ
2442 1762 2606 1829 Quasi
2639 1764 2796 1817 modo
2822 1763 2985 1834 geniti
3010 1761 3260 1827 infantes,
3293 1758 3667 1824 rationabiles,
3694 1759 3805 1813 sine

2229 1853 2350 1909 dolo
2382 1853 2462 1908 Iac
2498 1853 2886 1923 concupiscite,
2914 1860 2973 1907 ut
3016 1852 3069 1907 in
3100 1867 3166 1908 eo
3196 1852 3453 1907 crescatis
3485 1852 3536 1904 in
3580 1850 3803 1904 salutem

553 1962 644 2015 sed
677 1960 880 2012 amicos
900 1968 1071 2013 meos.
1097 1952 1164 2008 Et
1189 1967 1377 2006 rursus
1407 1967 1419 2002 :
1455 1968 1473 1999 ‹
1510 1949 1619 2003 Vos
1653 1955 1829 2001 autem
1858 1946 1965 2000 dixi
1996 1945 2128 2000 ami-
2157 1935 2204 1995 B
2233 1943 2285 2016 (I
2320 1942 2634 2015 Petr.'u).-t

551 2066 644 2107 eos
691 2058 838 2105 meos
868 2047 1079 2117 (Ibid).
1128 2066 1146 2097 ι
1194 2042 1311 2099 Nox
1350 2044 1402 2096 in
1449 2043 1551 2096 hoc
1577 2041 1695 2095 loco
1726 2038 2123 2094 tribulationem

552 2140 849 2211 signiﬁcat;
884 2137 1023 2192 sicut
1062 2136 1204 2191 enim
1235 2133 1349 2188 dies
1379 2133 1447 2186 ad
1492 2131 1749 2193 Iretitiam,
1779 2128 1855 2183 sic
1895 2144 1999 2182 nox
2031 2128 2127 2182 ali-

552 2234 765 2304 quando
815 2231 881 2285 ad
922 2229 1196 2285 tristitiam
1247 2226 1498 2297 pertinet.
1542 2223 1874 2278 Veniendum
1924 2228 2007 2276 est
2058 2222 2123 2276 ad

554 2326 783 2379 amicum
813 2323 986 2377 media
1014 2327 1199 2382 nocte,
1227 2317 1353 2387 quia
1388 2316 1441 2370 in
1478 2313 1837 2369 tribulationis
1874 2325 2125 2382 pressura

553 2424 653 2470 n‘on
687 2416 924 2468 animum
947 2413 1013 2466 ad
1036 2410 1326 2464 vindictam
1354 2416 1673 2477 praeparare,
1698 2418 1871 2474 neque
1894 2412 2128 2458 nosmet-

553 2512 694 2579 ipsos
741 2512 1029 2579 desperare
1081 2505 1162 2560 vel
1215 2503 1465 2572 frangere
1514 2498 1809 2564 debemus,
1866 2497 1959 2551 sed
2011 2495 2127 2567 ejus

552 2599 809 2654 auxilium
852 2596 1079 2669 ﬂagitari
1128 2594 1217 2665 qui
1260 2593 1381 2647 ait:
1428 2612 1446 2642 ‹
1479 2590 1534 2645 in
1575 2590 1772 2644 mundo
1816 2592 2125 2659 pressuram

552 2691 835 2754 habebitis,
861 2688 957 2743 sed
986 2684 1253 2743 conﬁdite.
1276 2685 1401 2754 quia
1425 2697 1524 2754 ego
1548 2681 1646 2735 vici
1669 2679 1925 2733 mundum
1943 2676 2123 2745 (Joan.

553 2783 704 2853 xvr);
742 2802 760 2833 ι
797 2794 917 2836 eum
965 2779 1107 2834 enim
1158 2777 1412 2831 Dominus
1463 2784 1675 2841 semper
1724 2772 1793 2826 sit
1840 2770 2125 2840 rogandus,

554 2876 786 2930 maxime
822 2880 1000 2928 tamen
1026 2882 1146 2925 cum
1192 2866 1493 2938 persecutio
1522 2864 1652 2932 furit
1679 2869 1734 2917 et
1763 2861 1929 2917 saevit.
1966 2859 2040 2914 Ne
2071 2860 2125 2914 in

552 2970 896 3027 tribulatione
944 2965 1287 3029 deficiamus,
1320 2963 1437 3034 ejus
1484 2960 1806 3032 adjutorium
1857 2954 2125 3026 postulare

550 3062 826 3125 debemus,
853 3055 1304 3120 sicutPsalmista,
1327 3054 1418 3123 qui
1442 3052 1682 3107 dicebat:
1709 3068 1726 3099 ι
1746 3048 1825 3104 Ad
1845 3047 2125 3101 Dominum

551 3158 670 3209 cum
699 3153 983 3209 tribularer
1000 3147 1247 3211 clamavi,
1263 3154 1319 3202 et
1334 3144 1604 3201 exaudivit
1625 3156 1708 3198 me
1730 3137 2083 3213 (Psul.cx1x).
2105 3156 2120 3186 ι

554 3248 618 3301 Et
663 3247 856 3301 iterum
892 3265 902 3296 :
940 3261 957 3293 ι
993 3241 1066 3296 De
1093 3238 1436 3294 tribulatione
1468 3233 1708 3289 invocavi
1739 3231 1805 3285 ad
1841 3229 2122 3284 Dominum

2305 2054 2323 2085 ‹
2362 2034 2429 2088 Et
2454 2034 2541 2089 ille
2570 2036 2613 2089 si
2644 2035 3073 2105 perseveraverit
3117 2034 3369 2103 pulsans,
3400 2032 3522 2086 dico
3550 2031 3725 2096 vobis,
3754 2041 3805 2087 et

2234 2146 2253 2179 ι
2300 2128 2343 2183 si
2375 2143 2480 2182 non
2513 2128 2660 2182 dabit
2688 2127 2762 2181 illi
2792 2134 3037 2198 surgens,
3072 2142 3136 2182 eo
3161 2127 3305 2197 quod
3331 2127 3537 2180 amicus
3567 2125 3655 2190 sit,
3689 2140 3804 2194 pro-

2234 2242 2249 2269 ι
2300 2230 2420 2289 pter
2452 2221 2847 2289 improbitatem
2895 2226 3073 2273 tamen
3106 2220 3220 2289 ejus
3248 2220 3463 2288 surget,
3494 2226 3549 2272 et
3582 2217 3728 2273 dabit
3755 2218 3802 2271 ei

2234 2331 2252 2364 c
2296 2320 2558 2383 quotquot
2587 2312 2748 2366 habet
2784 2311 3136 2366 necessarios.
3180 2331 3197 2363 ι
3233 2308 3582 2380 Comparatio
3623 2308 3710 2364 hic
3748 2308 3802 2361 lit

2230 2420 2258 2459 a
2287 2404 2500 2470 minori,
2535 2412 2594 2457 ut
2636 2402 2897 2474 intelligas
2944 2403 3068 2472 quia
3122 2411 3177 2458 et
3221 2404 3265 2457 si
3316 2403 3476 2457 homo
3508 2412 3615 2456 non
3647 2400 3800 2455 amici

2228 2506 2411 2561 causa,
2440 2496 2532 2549 sed
2564 2494 2720 2549 taedio
2748 2495 2921 2549 victus
2943 2535 2955 2558 ,
3003 2494 3093 2547 dat
3140 2493 3281 2563 quod
3316 2493 3465 2562 prius
3494 2499 3800 2562 negaverat,

2230 2588 2398 2642 multo
2443 2589 2613 2659 magis
2662 2588 2799 2643 bona
2860 2600 2918 2641 se
2975 2586 3278 2656 petentibus
3327 2584 3582 2638 Dominus
3627 2582 3801 2647 dabit,

2229 2682 2446 2750 quando
2478 2682 2591 2750 ipse
2622 2694 2718 2735 nos
2758 2688 2813 2734 ut
2847 2688 3091 2749 petamus
3121 2680 3391 2734 admonet.
3433 2674 3545 2731 Nisi
3572 2677 3719 2731 enim
3744 2689 3803 2729 ea

2232 2782 2489 2844 praestare
2525 2772 2712 2835 vellet,
2747 2785 3085 2840 nequaquam
3116 2785 3213 2824 nos
3242 2770 3311 2822 ad
3352 2758 3631 2839 petendum
3668 2765 3809 2819 invi-

2230 2872 2387 2919 taret.
2437 2864 2588 2920 Unde
2633 2877 2756 2917 cum
2806 2861 2933 2917 alibi
2979 2860 3142 2932 (Luc.
3194 2862 3358 2933 xviii)
3415 2864 3629 2917 doceret
3679 2859 3807 2930 quia

2228 2961 2443 3024 oportet
2478 2966 2690 3022 semper
2717 2965 2874 3007 orare
2904 2961 2960 3006 et
2994 2966 3100 3006 non
3131 2953 3381 3019 deiicere,
3409 2953 3587 3023 posuit
3614 2950 3805 3005 simili-

2230 3046 2467 3100 tudinem
2508 3045 2572 3099 de
2611 3042 2791 3111 judice
2838 3042 3171 3111 iniquitatis,
3218 3050 3378 3111 quem
3432 3041 3807 3111 interpellabat

2229 3141 2468 3209 quaedam
2497 3137 2677 3199 vidua,
2725 3135 2907 3190 dicens
2932 3153 2945 3188 :
2977 3153 2995 3187 ι
3025 3133 3250 3188 Vindica
3288 3148 3372 3188 me
3402 3135 3469 3188 de
3495 3133 3804 3188 adversario

2233 3240 2371 3282 meo.
2402 3227 2467 3281 Et
2496 3226 2712 3280 nolebat
2737 3234 2833 3295 per
2858 3224 3082 3278 multum
3107 3232 3332 3295 tempus.
3360 3224 3490 3279 Post
3513 3225 3635 3279 haec
3663 3224 3804 3278 uedio

553 3336 721 3406 (Psal.
767 3335 954 3405 cxvu),
995 3354 1013 3386 ι
1044 3342 1099 3388 et
1124 3340 1337 3386 caetera.
1385 3327 1521 3395 Quid
1556 3334 1729 3380 autem
1779 3323 1835 3377 in
1882 3321 2126 3377 oratione
2154 3311 2197 3373 ε
2228 3322 2424 3385 victus,
2471 3319 2601 3374 dicit
2630 3319 2768 3373 intra
2812 3330 2906 3373 se:
2934 3316 3001 3372 Et
3039 3317 3085 3371 si
3124 3316 3295 3371 Deum
3331 3328 3439 3369 non
3486 3315 3685 3375 tim’eo,
3719 3329 3804 3369 nec

551 3437 735 3499 petere
779 3426 1110 3488 debeamus,
1159 3421 1396 3476 declarat
1442 3417 1731 3487 subjiciens
1775 3434 1787 3469 :
1839 3430 1858 3464 ‹
1904 3411 2120 3474 Amice,

561 3541 578 3571 r
616 3520 895 3575 commoda
924 3516 1054 3572 mihi
1095 3524 1205 3569 tres
1233 3528 1428 3583 panes,
1459 3511 1709 3582 quoniam
1743 3508 1947 3562 amicus
1976 3521 2127 3560 Incus

559 3633 576 3664 ι
614 3613 759 3667 venit
785 3612 850 3667 de
893 3611 979 3666 via
1025 3609 1092 3664 ad
1142 3624 1248 3672 me,
1280 3615 1475 3661 etnon
1524 3604 1694 3658 habeo
1740 3600 1882 3669 quod
1932 3612 2125 3668 ponam

559 3723 576 3754 ι
614 3712 738 3759 ante
773 3702 941 3757 illum.
981 3720 1000 3755 ι
1038 3699 1150 3755 Hoc
1192 3698 1333 3753 enim
1370 3698 1421 3751 in
1462 3695 1705 3749 oratione
1735 3702 1993 3761 quaerere,
2028 3688 2127 3740 hoc

554 3797 715 3851 etiam
741 3803 922 3865 petere
941 3793 1217 3857 debemus,
1241 3798 1297 3843 ut
1326 3787 1569 3842 notitiam
1591 3794 1643 3840 et
1671 3796 1906 3838 amorem
1929 3785 2127 3832 sanctae

557 3886 836 3941 Trinitatis
864 3883 1061 3939 nostris
1091 3881 1344 3936 cordibus
1376 3876 1638 3931 infundat.
1686 3872 1810 3927 Sive
1838 3878 1982 3924 certe
2018 3875 2128 3919 tres

557 3996 721 4050 panes
750 3980 799 4033 in
825 3978 1067 4033 oratione
1090 3984 1271 4044 petere
1297 3970 1569 4032 debemus,
1600 3966 1651 4019 id
1672 3973 1755 4020 est
1775 3964 1952 4026 ﬁdem,
1979 3975 2127 4028 spem

555 4078 609 4123 et
641 4069 984 4123 charitatem.
1016 4064 1235 4118 Amicus
1264 4069 1442 4114 autem
1472 4060 1570 4113 iste
1599 4056 1690 4127 qui
1727 4054 1792 4108 de
1832 4053 1913 4106 via
1944 4050 2128 4105 venire

556 4163 771 4226 dicitur,
800 4169 985 4215 noster
1010 4166 1091 4210 est
1117 4155 1347 4219 animus,
1378 4153 1466 4222 qui
1492 4151 1650 4205 toties
1676 4152 1703 4202 ἐι
1728 4147 1884 4203 nobis
1903 4146 2125 4211 recedit,

556 4254 766 4322 quoties
786 4264 880 4321 per
898 4249 1006 4301 lata
1028 4245 1183 4313 hujus
1210 4242 1386 4299 saeculi
1411 4242 1678 4297 desideria
1700 4253 1818 4294 sese
1844 4238 2129 4309 cogitando

558 4342 823 4399 diffundit.
843 4339 993 4394 Tunc
1009 4346 1186 4391 autem
1217 4336 1283 4391 ad
1311 4344 1407 4390 nos
1430 4337 1493 4389 de
1520 4336 1604 4390 via
1629 4334 1937 4396 revertitur,
1959 4347 2128 4403 quan-

558 4438 625 4492 do
669 4446 818 4487 mens
863 4446 981 4485 sese
1027 4437 1150 4483 ante
1196 4444 1253 4485 se
1302 4442 1522 4499 ponens,
1554 4426 1861 4481 transitoria
1888 4432 2126 4479 contem-

558 4540 704 4589 nere,
734 4532 787 4577 et
812 4536 873 4576 ea
903 4532 1021 4591 quze
1062 4528 1261 4575 :eterna
1290 4529 1341 4575 et
1378 4517 1747 4590 permanentia
1796 4524 1952 4581 sunt,
1980 4514 2129 4569 sitire

558 4626 612 4671 et
657 4615 963 4670 desiderare
1003 4612 1205 4682 incipit.
1252 4610 1356 4667 Sed
1404 4624 1469 4664 ne
1516 4606 1655 4664 fame
1688 4615 1889 4678 pereat,
1923 4605 2127 4660 amicus

2231 3416 2501 3470 hominem
2529 3424 2798 3475 revereor,
2830 3417 3008 3464 tamen
3030 3409 3155 3478 quia
3178 3407 3401 3462 molesta
3428 3412 3509 3461 est
3542 3407 3679 3461 mihi
3704 3406 3804 3460 lucc

2230 3508 2404 3569 vidua,
2436 3504 2719 3559 vindicabo
2742 3501 2904 3554 illam.
2946 3519 2964 3551 ι
2993 3499 3117 3553 Vult
3148 3498 3290 3552 enim
3318 3498 3457 3552 Deus
3485 3511 3585 3550 nos
3612 3497 3804 3565 impero

2231 3608 2387 3653 tunos
2413 3612 2531 3652 esse
2561 3597 2611 3650 in
2641 3593 2888 3663 petendo,
2923 3598 2979 3643 ut
3026 3604 3121 3645 sua
3161 3590 3393 3660 gratuita
3424 3589 3561 3643 dona
3619 3598 3797 3641 HOSlN

2229 3692 2334 3745 sint
2368 3688 2579 3741 merita.
2613 3685 2837 3753 Semper
2859 3682 3001 3737 enim
3035 3692 3192 3735 aures
3227 3681 3419 3736 divinte
3448 3680 3665 3750 pietatis
3692 3695 3808 3733 oni-

2231 3780 2462 3834 tionibus
2510 3776 2707 3831 nostris
2754 3781 2951 3844 apertae
2979 3782 3141 3838 sunt,
3188 3772 3231 3827 si
3281 3776 3458 3826 tamen
3499 3787 3528 3825 a
3560 3773 3805 3842 precibus

2231 3871 2428 3927 nostris
2480 3884 2584 3923 non
2634 3880 2937 3930 cessemus,
2978 3874 3032 3919 et
3081 3866 3132 3919 in
3179 3864 3281 3918 lide
3331 3879 3437 3918 non
3481 3863 3806 3928 dubitemus,

2228 3963 2430 4020 Iacobo
2476 3960 2718 4031 apostolo
2767 3967 2937 4023 teste,
2986 3957 3077 4027 qui
3120 3955 3199 4010 ait
3228 3973 3240 4008 :
3271 3974 3288 4006 ι
3329 3953 3386 4009 Si
3418 3953 3539 4024 quis
3574 3967 3805 4008 vestrum

2231 4059 2432 4129 indiget
2457 4054 2717 4126 sapientia
2737 4095 2750 4118 ,
2780 4051 3008 4121 postulet
3040 4065 3069 4103 a
3100 4046 3237 4109 Deo,
3268 4048 3358 4117 qui
3400 4047 3490 4100 dat
3532 4045 3809 4100 afﬂuenter

2230 4152 2498 4215 omnibus,
2522 4160 2575 4203 et
2601 4164 2704 4203 non
2739 4148 3101 4217 improperat,
3130 4150 3184 4197 et
3223 4141 3437 4195 dabitur
3462 4139 3535 4194 ei.
3571 4137 3809 4193 Postulet

2230 4254 2406 4301 autem
2450 4244 2503 4297 in
2536 4241 2667 4306 ﬁde,
2701 4238 2830 4295 nihil
2860 4236 3114 4292 haesitans
3144 4231 3282 4304 (Jac.
3311 4232 3370 4301 1).
3411 4250 3428 4283 ι
3460 4229 3619 4285 Unde
3647 4245 3806 4300 expo-

2229 4344 2365 4392 nens
2404 4333 2663 4388 Dominus
2705 4327 3108 4384 similitudinem
3158 4323 3523 4394 propositam,
3573 4320 3812 4391 adjunin

2230 4431 2413 4485 dicens
2442 4442 2457 4481 :

2305 4541 2323 4571 ε
2372 4521 2436 4574 Et
2486 4533 2583 4589 ego
2623 4515 2774 4571 vobis
2807 4513 2966 4567 dico:
3012 4509 3215 4573 Petite,
3258 4514 3311 4561 et
3356 4505 3578 4560 dabitur
3624 4504 3807 4557 vobis:

2238 4634 2255 4665 ι
2300 4612 2546 4683 quaerite,
2572 4618 2622 4662 et
2647 4604 2933 4661 invenietis
2962 4621 2973 4655 :
3002 4600 3231 4671 pulsate,
3257 4602 3312 4653 et
3338 4598 3617 4667 aperietur
3642 4594 3807 4649 vobis.

558 4708 828 4781 rogandus
847 4708 1016 4774 est,id
1036 4703 1521 4771 est,misericordia
1536 4700 1747 4757 Domini
1770 4697 2122 4768 imploranda,
2154 4671 2209 4734 Ῑ)
2242 4724 2259 4757 ι
2306 4671 2493 4760 ὀηιῃῙε
2521 4671 2664 4754 enim
2694 4696 2783 4767 qui
2828 4690 3215 4766 pelil,‘aCt'ipil
3246 4706 3258 4742 :
3289 4696 3341 4743 et
3370 4687 3461 4758 qui
3491 4687 3707 4756 quaerit,
3738 4686 3811 4739 in-

559 4804 948 4858 ut-commodet
984 4802 1137 4857 nobis
1167 4809 1275 4853 tres
1319 4813 1483 4869 panes
1504 4838 1517 4862 ,
1542 4796 1643 4850 hoc
1673 4805 1777 4860 est,
1806 4801 1865 4848 ut
1886 4808 2126 4846 amorem

559 4904 758 4951 sanctae
800 4893 1110 4957 Trinitatis,
1160 4899 1215 4945 ut
1246 4891 1443 4945 dictum
1489 4894 1603 4953 est,
1643 4885 1843 4940 nostris
1875 4883 2129 4939 cordibus

560 4990 836 5062 largiatur.
866 4988 930 5041 Et
953 4987 1073 5057 quia
1100 4986 1241 5039 Deus
1268 4983 1609 5051 omnipotens
1641 4976 1926 5048 aliquando
1948 4984 2131 5029 nostra

562 5082 824 5138 desideria
856 5079 1070 5140 dilatat,
1120 5093 1223 5130 non
1260 5084 1319 5129 ut
1360 5073 1637 5144 praemium
1670 5073 1908 5133 minuat,
1950 5067 2040 5120 sed
2073 5073 2131 5119 ut

564 5174 811 5230 meritum
842 5179 1055 5243 augeat,
1084 5177 1228 5223 recte
1256 5164 1595 5235 subiungitur

638 5286 657 5319 ‹
698 5266 761 5321 Et
787 5264 873 5319 ille
901 5263 1111 5319 deintus
1144 5259 1472 5329 respondens
1498 5254 1625 5309 dicit
1653 5269 1664 5303 :
1701 5250 1817 5303 Noli
1854 5248 1985 5302 mihi
2015 5262 2131 5301 mo-

569 5380 587 5411 ι
631 5360 799 5415 lestus
825 5372 964 5421 esse,
989 5354 1102 5425 jam
1126 5353 1323 5408 ostium
1349 5349 1591 5403 clausum
1623 5352 1736 5407 est,
1765 5349 1820 5397 et
1847 5340 1999 5411 pueri
2029 5338 2133 5394 mei

569 5472 586 5502 ι
634 5465 840 5505 mecum
868 5456 994 5503 sunt
1018 5449 1068 5501 in
1100 5442 1281 5505 cubili,
1306 5456 1411 5495 non
1432 5451 1650 5507 possum
1673 5448 1893 5505 surgere
1920 5440 1975 5486 et
2006 5432 2134 5486 dare

569 5561 587 5592 ι
632 5541 744 5594 tibi.
781 5558 798 5590 ι
832 5537 1038 5593 Ostium
1093 5532 1250 5587 amici
1298 5526 1650 5596 intelligentia
1685 5534 1770 5579 est
1812 5524 1977 5579 divini
2010 5538 2131 5595 my-

565 5631 735 5693 sterii,
758 5629 899 5699 quod
923 5626 1143 5696 optabat
1162 5620 1358 5675 Paulus
1381 5620 1481 5673 sibi
1504 5618 1701 5688 aperiri
1721 5618 1786 5682 ad
1810 5616 2131 5687 loquendum

566 5720 785 5776 verbum
816 5718 909 5771 Dei
956 5730 1078 5770 cum
1124 5712 1336 5766 ﬁducia.
1387 5709 1497 5766 Hoc
1547 5726 1675 5781 ergo
1704 5709 1900 5765 ostium
1948 5709 2133 5764 tandiu

568 5812 722 5867 nobis
754 5810 992 5865 clausum
1029 5817 1138 5870 est,
1172 5819 1451 5875 quousque
1482 5818 1578 5875 per
1622 5804 1855 5857 divinam
1906 5802 2132 5872 gratiam

569 5902 723 5956 nobis
775 5902 1046 5970 aperiatur
1091 5898 1159 5953 ad
1198 5897 1570 5969 cognoscenda
1621 5896 1799 5950 divina
1855 5893 2128 5964 mysteria.

2243 4817 2261 4849 ι
2307 4795 2497 4850 venit:
2543 4799 2599 4845 et
2636 4786 2868 4859 pulsanti
2914 4784 3199 4855 aperietur.
3242 4799 3260 4830 ι
3302 4779 3539 4834 Petenda
3572 4786 3653 4832 est
3690 4791 3812 4847 ergo

2241 4890 2346 4941 vita
2392 4892 2591 4939 aeterna
2631 4879 2866 4943 orando,
2896 4876 3214 4945 quaerendo,
3241 4870 3490 4933 vivendo,
3528 4868 3808 4939 pulsando,

2240 4981 2293 5034 in
2325 4976 2481 5031 bonis
2528 4973 2736 5028 actibus
2780 4966 3193 5039 perseverando.
3223 4962 3338 5018 Duo
3373 4962 3515 5016 enim
3547 4969 3673 5014 sunt
3699 4975 3807 5029 quzr

2241 5070 2294 5125 in
2324 5067 2568 5123 oratione
2598 5062 2823 5119 sollicite
2851 5058 3191 5115 considerare
3220 5055 3495 5109 debemus.
3525 5051 3731 5111 Primo,
3761 5059 3810 5102 ut

2237 5177 2297 5217 ea
2330 5167 2574 5231 petamus
2601 5170 2719 5224 quae
2746 5154 2884 5207 Deus
2913 5149 3039 5203 velit
3072 5165 3083 5203 :
3111 5147 3369 5207 secundo,
3395 5152 3451 5197 ut
3487 5150 3671 5197 nostra
3709 5140 3806 5193 vita

2238 5268 2267 5306 a
2295 5248 2491 5305 nostris
2518 5245 2766 5317 precibus
2804 5254 2909 5295 non
2936 5239 3224 5294 discordet.
3258 5237 3479 5292 Frustra
3509 5234 3655 5289 enim
3688 5248 3806 5285 ora-

2237 5342 2369 5398 tioni
2410 5338 2627 5401 insistit,
2654 5335 2743 5404 qui
2783 5333 2869 5387 vel
2902 5346 2963 5386 ea
3006 5331 3276 5401 petitqua:
3309 5344 3337 5382 a
3370 5328 3479 5381 Deo
3507 5325 3806 5395 displicent,

2238 5432 2323 5486 vel
2353 5432 2396 5485 si
2429 5429 2567 5483 bona
2612 5434 2735 5481 sunt
2789 5438 2910 5493 quae
2963 5422 3117 5492 petit,
3173 5432 3420 5489 perverse
3483 5416 3712 5471 vivendo
3756 5428 3808 5468 se

2240 5520 2517 5590 indignum
2565 5512 2798 5570 exhibet.
2851 5511 3002 5567 Unde
3059 5508 3289 5565 lacubus
3352 5507 3627 5578 apostolus
3682 5504 3804 5559 ait:

2246 5631 2264 5662 ι
2310 5609 2528 5671 Petitis,
2567 5618 2621 5661 et
2660 5620 2765 5659 non
2804 5602 3077 5673 accipitis,
3129 5616 3193 5656 eo
3243 5600 3388 5669 quod
3435 5592 3575 5653 male
3621 5594 3809 5666 petatis

2243 5703 2381 5772 (Jac.
2412 5702 2504 5769 tv).
2541 5718 2559 5750 ι
2595 5697 2663 5751 Et
2688 5697 2830 5751 sicut
2864 5695 2942 5748 ait
2970 5692 3220 5747 Salomon
3250 5708 3262 5744 :
3301 5710 3319 5741 ι
3362 5689 3464 5757 Qui
3493 5688 3687 5744 avertit
3714 5696 3806 5739 au-

2244 5808 2355 5847 rem
2386 5806 2537 5858 sua_m
2571 5803 2636 5842 ne
2666 5788 2848 5841 audiat
2878 5786 3071 5854 legem,
3098 5783 3272 5835 oratio
3299 5779 3413 5849 ejus
3439 5778 3543 5835 erit
3567 5790 3809 5833 exsecra-

2242 5890 2364 5944 bilis
2391 5887 2570 5955 (Prov.
2603 5884 2817 5954 nvm.)
2845 5901 2862 5934 ι
2890 5880 3017 5947 Quae
3041 5886 3217 5933 autem
3243 5888 3387 5943 sunt,
3407 5886 3526 5946 quae
3546 5858 3809 5944 principa-
