4014 6354
264 392 370 449 533

1471 391 1773 450 HOMILUE
1816 390 1902 446 DE
1940 390 2284 449 TEMPORE.

3419 398 3521 453 554

263 506 389 560 liter
418 505 473 560 in
503 507 745 563 oratione
772 509 1001 577 petenda
1031 510 1157 574 sint;
1189 510 1331 565 Dea
1358 510 1483 565 alibi
1514 509 1841 574 manifestat,
1871 510 1923 568 A
1950 508 2341 564 militudinibus
2362 511 2465 564 hoc
2486 509 2995 567 Dominusostendit
3021 512 3145 581 quia
3172 528 3294 567 cum
3318 513 3387 567 sit
3412 514 3523 584 ipse

261 603 491 659 dicens:
529 621 546 654 ι
584 602 825 659 Prinnum
855 605 1081 674 quaerite
1124 620 1345 677 reginim
1378 606 1470 661 Dei
1500 615 1553 660 et
1574 603 1837 674 justitiam

259 690 413 761 ejus,
447 692 729 761 etomnia.
762 692 1087 762 adjicientur-
1131 694 1542 766 νοιιὶθ-(Μαηὴ.
1579 694 1684 766 γι).
1724 715 1743 746 ι
1774 695 1841 749 Et

260 782 394 837 item
428 799 442 838 :
478 800 509 834 ι
534 781 740 848 Betite,
788 792 844 838 et
884 785 1190 855 accipietis,
1221 785 1582 855 utrgaudium‘
1605 793 1839 840 vestrum

258 871 485 944 plenum
515 873 589 928 sit
616 872 799 944 (Joan.
827 873 959 946 xvi).
992 894 1010 925 ›
1042 874 1110 930 Et
1134 891 1202 930 ne
1230 890 1327 930 nos
1350 876 1401 929 in
1429 875 1673 930 oratione
1698 874 1839 944 quod

258 965 527 1034 petimus,
575 976 895 1038 accepturos
941 968 1315 1039 desperemus,
1368 969 1543 1024 adhuc
1582 967 1840 1023 Dominus

259 1054 425 1110 aliam
459 1057 866 1115 similitudinem
895 1057 1155 1131 adiungit,
1186 1058 1417 1119 dicens:

338 1165 356 1196 ι
391 1145 522 1215 Quis
549 1157 730 1203 autem
764 1164 830 1209 ex
860 1150 1012 1206 vobis
1041 1160 1247 1221 patrem
1287 1151 1421 1221 petit
1458 1164 1674 1219 panem,
1706 1164 1841 1209 nun.-

263 1256 282 1287 ι
330 1237 459 1308 quid
495 1237 725 1308 lapidem
756 1239 905 1301 dabit
928 1240 1037 1297 illi?
1067 1240 1170 1295 Aut
1215 1240 1442 1310 piscem,
1474 1239 1716 1309 nunquid
1744 1252 1841 1308 pro

264 1348 279 1378 ι
318 1329 463 1398 pisce
491 1340 794 1401 serpentem
832 1333 983 1397 dabit
1022 1334 1137 1389 illi?
1176 1335 1283 1388 Aut
1314 1334 1371 1389 si,
1405 1332 1623 1404 petierit
1654 1349 1838 1398 ovum,

261 1439 279 1470 ι
322 1422 561 1491 nunquid
593 1423 831 1494 porriget
868 1423 940 1479 illi
974 1426 1352 1496 scorpionem?
1388 1447 1404 1477 ι
1440 1424 1602 1480 Panis
1639 1426 1692 1478 in
1737 1425 1841 1481 hoc

254 1509 375 1565 loco
425 1512 744 1568 charitatem
792 1513 1078 1585 signiﬁcat.
1133 1517 1200 1571 Et
1241 1516 1485 1587 pulchre,
1523 1516 1673 1585 quia,
1701 1516 1841 1572 sicut

252 1602 412 1670 panis
452 1602 770 1673 principalis
822 1614 905 1659 est
949 1607 1001 1661 in
1054 1607 1376 1663 victualihus
1410 1606 1708 1673 hominum,
1760 1607 1840 1663 sic

253 1692 495 1748 charitas
550 1694 691 1750 inter
725 1700 951 1753 crateras
1007 1699 1236 1755 virtutes
1270 1700 1628 1771 principatum
1672 1708 1835 1755 tenet.

254 1781 411 1849 Quod
440 1785 698 1842 Dominus
738 1788 991 1854 ostendit,
1034 1790 1249 1860 quando
1278 1790 1571 1861 requisitas
1594 1806 1620 1844 a
1664 1789 1839 1845 scriba

1945 600 2064 669 pius
2095 609 2151 655 et
2198 600 2454 665 clemens,
2510 602 2641 657 nulli
2700 604 2835 659 bona
2882 604 3083 673 petenti
3132 604 3268 658 mala
3315 605 3520 661 tribuit.

1944 688 2059 744 Non
2090 691 2232 744 enim
2258 706 2355 762 pro
2388 706 2523 761 pane
2568 692 2798 762 lapidem
2825 695 3009 759 donat,
3040 695 3181 764 quia
3204 694 3522 751 charitatem

1944 784 2144 835 amanti
2206 783 2396 837 durum
2435 790 2491 836 et
2522 783 3001 839 immisericordem
3027 786 3265 841 animum
3291 803 3395 842 non
3428 788 3517 840 tri-

1942 872 2074 927 buit.
2111 871 2221 928 Nec
2252 890 2350 944 pro
2398 873 2547 944 pisce
2596 883 2903 944 serpentem
2949 876 3133 939 donat,
3183 878 3308 947 quia
3364 877 3519 931 ﬁdem

1944 966 2201 1032 quaerenti
2250 981 2590 1036 nequaquam
2656 966 2721 1019 ad
2766 966 3136 1022 inﬁdelitatem
3184 969 3346 1037 cogit.
3412 968 3520 1025 Sed

1944 1070 2120 1127 neque
2146 1073 2245 1128 pro
2287 1072 2389 1112 ovo
2414 1058 2642 1128 porrigit
2673 1058 3030 1128 scorpionem,
3079 1059 3203 1128 quia
3234 1061 3323 1129 qui
3367 1061 3419 1115 in
3465 1076 3523 1116 se

1943 1148 2105 1203 habet
2125 1164 2296 1219 spem,
2322 1148 2389 1202 in-
2406 1148 2834 1218 desperationem
2863 1150 3057 1204 cadere
3078 1165 3183 1204 non
3206 1151 3479 1222 compellit
3504 1168 3518 1217 ;

1942 1241 2218 1309 proprium
2267 1248 2349 1295 est
2415 1248 2595 1296 autem
2662 1242 2939 1296 immensa:
2985 1241 3212 1296 bonitati
3264 1242 3379 1311 ejus
3426 1242 3524 1297 ali-

1943 1331 2159 1400 quando
2200 1331 2369 1386 malos
2403 1331 2581 1387 facere
2622 1333 2812 1396 bonos,
2847 1348 3120 1402 nunquam
3150 1342 3328 1389 autem
3353 1336 3523 1391 bonos

1945 1421 2265 1492 compellere
2286 1430 2344 1476 ut
2368 1422 2478 1477 sint
2519 1423 2663 1477 mali.
2704 1421 2856 1479 Unde
2898 1422 3071 1478 adhuc
3109 1423 3375 1479 conclusit
3401 1440 3523 1480 sen-

1946 1514 2186 1575 tentiam,
2228 1513 2414 1568 dicens
2441 1531 2452 1566 :

2020 1623 2036 1655 ι
2074 1603 2131 1659 Si
2173 1620 2302 1675 ergo
2341 1619 2457 1670 vos,
2489 1620 2611 1660 cum
2662 1605 2784 1660 sitis
2811 1603 2958 1669 mali,
2990 1605 3163 1660 nostis
3209 1605 3349 1659 bona
3398 1604 3520 1658 data

1949 1717 1967 1749 ‹
1998 1698 2128 1752 dare
2155 1697 2280 1752 ﬁliis
2310 1698 2524 1765 vestris,
2556 1706 2762 1769 quanto
2816 1698 2989 1769 magis
3029 1696 3193 1752 Pater
3234 1703 3417 1751 vester
3460 1697 3525 1751 de

1949 1810 1967 1841 ε
2001 1791 2143 1846 ctelo
2184 1790 2334 1845 dabit
2367 1790 2617 1860 spiritum
2666 1790 2881 1845 bonum.
2916 1789 3222 1860 petentibus
3254 1803 3331 1843 se.
3369 1806 3387 1839 ›
3422 1786 3524 1842 Ubi

254 1874 434 1939 docto,
459 1876 613 1945 quod
632 1886 783 1933 esset:
810 1879 1102 1934 maximum
1135 1881 1444 1935 mandatum
1480 1881 1532 1935 in
1572 1880 1708 1951 lege,
1755 1897 1840 1936 re-
1869 1869 1917 1931 Β
1942 1879 2221 1936 evidenter
2246 1895 2441 1935 nomen
2468 1888 2713 1934 nostrum
2738 1877 3115 1933 manifestatur
3141 1893 3262 1931 cum
3286 1876 3519 1932 dicitur:

253 1962 507 2034 spondit:
542 1978 577 2017 r‘
602 1964 1108 2040 BiligesDominum
1126 1969 1295 2026 Deum
1320 1978 1492 2039 tuum,
1525 1990 1543 2021 ι
1577 1979 1709 2035 etc.,
1745 1987 1839 2026 us-

250 2068 383 2123 que,
442 2074 461 2106 ‹
508 2056 612 2112 hoc
658 2068 744 2112 est
795 2059 1025 2129 primum
1075 2068 1130 2115 et
1184 2061 1476 2116 maximum
1526 2062 1838 2118 mandatum

249 2143 473 2213 (Matth.
507 2146 667 2219 xm).
713 2169 733 2201 ι
762 2149 869 2204 Vel:
892 2137 1037 2205 certe
1075 2167 1174 2221 per
1222 2154 1677 2222 panem~charitas
1696 2153 1840 2209 desi-

255 2245 478 2305 gnatur,
510 2238 649 2307 quiat
689 2241 831 2295 sicut
848 2256 1057 2308 mensa,
1107 2245 1354 2313 quamvis
1392 2246 1558 2300 variis
1587 2246 1724 2302 cibis
1769 2248 1841 2302 sit

246 2329 484 2397 repleta,
515 2340 695 2387 tamen
725 2334 841 2388 sine
869 2350 1009 2404 pane
1034 2336 1190 2407 inops
1209 2352 1329 2393 esse
1363 2339 1597 2405 videtur,
1629 2351 1838 2397 e'eterze

243 2422 493 2477 virtutes
522 2424 638 2479 sine
666 2427 931 2481 eharilate
974 2429 1107 2484 nihil
1137 2446 1255 2486 esse
1289 2434 1729 2503 comprobantur,
1759 2436 1837 2489 si-

246 2520 346 2566 cut
376 2513 455 2566 ait
495 2512 748 2571 Salvator
778 2518 829 2572 in
862 2518 1153 2590 Evangelio
1186 2538 1197 2575 :
1241 2541 1260 2572 ε
1299 2520 1454 2577 Omni
1502 2525 1715 2579 habenti
1744 2526 1837 2579 da-

245 2600 420 2667 bitur,
448 2613 511 2657 et
525 2604 833 2661 abundabit
851 2607 1069 2679 (Matth.
1115 2610 1265 2684 xxv).
1308 2630 1329 2663 ι
1360 2612 1515 2669 [inde
1546 2614 1836 2684 Apostolus

247 2694 363 2748 ait:
404 2714 422 2746 ο
481 2693 539 2750 Si
568 2695 781 2766 linguis:
823 2699 1104 2755 hominum
1155 2702 1347 2772 loquar
1399 2714 1459 2760 ev
1499 2706 1832 2776 angelorum,

246 2786 585 2843 cbaritateme
612 2797 799 2843 autem
817 2806 925 2846 non
951 2792 1199 2857 habeam,
1231 2794 1417 2850 factus
1432 2812 1550 2851 sum
1577 2798 1725 2851 velut
1754 2813 1831 2853 res

248 2867 453 2931 sémns
494 2885 589 2932 aut
632 2880 934 2951 cymbalum
980 2882 1235 2938 tinniens:
1271 2884 1339 2940 Et
1375 2888 1419 2941 si
1453 2889 1690 2943 habuero
1710 2903 1835 2958 pro-

250 2967 512 3037 pbetiam,
566 2977 623 3024 et
672 2972 911 3026 noverim
978 2975 1235 3045 mysteria
1287 2977 1467 3031 omnia
1520 2986 1574 3033 et
1618 2992 1833 3033 omnem

250 3058 559 3124 scientiam,
592 3068 653 3115 et
676 3061 925 3118 habuero
951 3079 1166 3120 omnem
1210 3065 1396 3133 ﬁdem,
1427 3069 1501 3124 ita
1535 3078 1593 3124 ut
1619 3079 1832 3126 montes

251 3151 599 3218 transferam,
648 3155 969 3215 charitatem
1017 3167 1197 3214 autem
1245 3175 1353 3216 non
1407 3162 1655 3225 habeam,
1700 3163 1831 3218 nihil

1950 1991 1968 2022 ‹
2014 1972 2148 2027 Cum
2174 1972 2293 2027 sitis
2333 1972 2482 2026 mali.
2532 1993 2550 2024 ι
2584 1972 2717 2026 Boni
2748 1971 2891 2025 enim
2925 1987 2954 2025 a
2989 1970 3101 2025 Deo
3131 1970 3353 2037 conditi,
3389 1970 3523 2025 vitio

1940 2064 2065 2119 mali
2112 2079 2299 2119 sumus
2337 2063 2533 2118 effecti.
2579 2062 2634 2118 Si
2684 2070 2863 2117 autem
2913 2071 3097 2117 nostra
3149 2061 3362 2116 bonitas
3396 2059 3521 2130 ejus

1939 2157 2067 2213 boni
2098 2164 2461 2228 comparetur,
2492 2172 2591 2211 nec
2623 2155 2835 2210 bonitas
2868 2168 2985 2209 esse
3014 2154 3343 2209 nominatur.
3369 2152 3519 2207 Facti

1939 2261 2068 2318 ergo
2098 2247 2229 2319 mali
2256 2262 2352 2317 per
2381 2246 2575 2300 malam
2610 2245 2989 2309 intentionem,
3014 2244 3228 2298 Patrem
3257 2244 3520 2299 habemus

1938 2341 1992 2394 in
2024 2339 2179 2394 cmlis
2210 2354 2307 2408 per
2352 2339 2736 2393 conditionem.
2780 2338 2856 2392 Ac
2905 2337 2949 2392 si
2976 2336 3185 2391 diceret
3221 2335 3517 2391 Dominus:

1941 2428 1998 2485 Si
2030 2445 2151 2495 vos,
2185 2448 2204 2479 ‹
2245 2444 2370 2484 cum
2392 2428 2511 2483 sitis
2536 2428 2683 2493 mali,
2715 2429 2854 2482 bona
2882 2428 3023 2482 dona
3056 2426 3179 2481 ﬁliis
3204 2426 3403 2481 vestris
3427 2426 3521 2480 tri-

1938 2523 2126 2588 huitis,
2162 2540 2181 2574 ι
2228 2523 2281 2576 id
2312 2531 2395 2577 est
2433 2536 2644 2592 panem,
2692 2522 2918 2592 piscem,
2946 2535 3129 2584 ovum,
3158 2530 3214 2575 et
3251 2535 3372 2589 qua:
3419 2519 3520 2572 bu-

1940 2631 2099 2671 mana
2144 2617 2477 2672 consuetudo
2504 2614 2645 2669 inter
2671 2615 2809 2670 bona
2835 2615 3120 2685 praesentis
3149 2615 3273 2668 vitae
3301 2627 3520 2669 enume~

1938 2723 2067 2763 rare
2108 2708 2409 2771 consuevit,
2442 2725 2462 2758 ι
2496 2707 2665 2761 multo
2707 2707 2878 2777 magis
2914 2705 3076 2761 Pater
3105 2707 3171 2761 de
3195 2705 3335 2760 cmlo
3372 2705 3520 2765 dabit
3600 2718 3609 2743 '

1936 2800 2196 2870 Spiritum
2242 2802 2440 2855 bonum
2496 2799 2801 2868 petentibus
2831 2814 2906 2861 se,
2957 2818 2975 2849 ›
3017 2806 3074 2852 ιιι
3117 2796 3356 2860 scilicet,
3404 2795 3521 2865 ejus

1935 2892 2140 2961 Spiritu
2172 2890 2476 2947 illuminati.
2512 2906 2616 2944 non
2656 2889 2831 2944 solum
2881 2888 3062 2953 ﬁdem,
3096 2903 3245 2959 spem
3286 2896 3338 2942 et
3378 2888 3512 2942 cha-

1934 2983 2148 3038 ritatem
2170 2990 2354 3053 petere
2382 2982 2613 3045 discant,
2661 2981 2755 3036 sed
2783 2980 2944 3035 etiam
2977 2980 3224 3050 accipere
3264 2994 3516 3035 merean-

1932 3083 2038 3129 tur.
2067 3073 2200 3129 Cum
2227 3089 2356 3145 ergo
2389 3074 2538 3138 dicit,
2568 3092 2587 3123 (
2622 3073 2772 3128 dabit
2792 3073 3041 3143 spiritum
3063 3072 3261 3129 bonum
3285 3075 3515 3143 petenti-
3614 3100 3623 3107 -

1930 3166 2037 3220 bus
2062 3179 2142 3228 se,
2174 3184 2192 3214 ι
2220 3179 2410 3219 omnes
2431 3165 2660 3218 virtutes
2693 3163 2885 3216 anima:
2915 3164 3356 3233 comprehendit:
3386 3180 3519 3235 quo-

253 3257 395 3297 sum.
432 3244 497 3299 Et
521 3244 567 3300 si
597 3244 926 3302 distribuero
961 3248 1017 3302 iri
1044 3249 1196 3305 cibos
1230 3264 1525 3322 pauperum
1549 3267 1736 3307 omnes
1754 3252 1834 3306 ἰε-
1861 3241 1909 3307 C
1937 3259 2083 3314 niam
2117 3256 2295 3311 omnia
2322 3257 2459 3311 bona
2487 3271 2605 3325 quae
2627 3255 2937 3309 hominibus
2968 3271 2998 3308 a
3034 3254 3145 3309 Deo
3176 3256 3390 3321 dantur,
3423 3270 3521 3325 per

260 3335 489 3393 calcares
530 3354 697 3405 meas,
748 3342 876 3396 etsi
926 3343 1199 3398 tradidero
1228 3359 1426 3415 corpus
1464 3360 1641 3398 meum
1676 3346 1749 3399 ita
1777 3354 1836 3400 ut

255 3427 497 3495 ardeam,
527 3431 853 3487 charitatem
885 3442 1065 3488 autem
1096 3450 1202 3490 non
1226 3435 1488 3501 habuero,
1533 3436 1664 3491 nihil
1703 3436 1835 3491 mihi

251 3518 475 3588 prodest
507 3520 559 3594 (ι
593 3522 719 3577 Cor.
748 3522 890 3596 xm):
928 3543 947 3577 ι
994 3524 1130 3581 Huic
1164 3527 1468 3581 contrarius
1491 3535 1573 3582 est
1601 3526 1757 3596 lapis,
1783 3527 1836 3581 id

254 3623 344 3670 est
392 3616 588 3672 duritia
641 3620 822 3676 cordis
848 3628 904 3676 et
928 3621 1395 3677 immisericordia.
1439 3620 1611 3677 Piscis
1654 3631 1836 3675 autem

248 3704 411 3762 ﬁdem
441 3708 733 3780 signiﬁcat,
769 3718 825 3766 et
862 3726 1099 3782 congrue
1146 3712 1299 3767 satis.
1338 3711 1471 3766 Nam
1505 3712 1642 3766 sicut
1673 3711 1835 3781 piscis

248 3812 390 3866 aqua
420 3799 677 3865 nutritur,
704 3800 778 3855 ita
813 3800 956 3856 ﬁdes
983 3801 1255 3871 baptismo
1287 3803 1596 3866 roboratur,
1621 3802 1833 3856 dicente

246 3889 519 3949 Domino:
566 3912 585 3944 ι
630 3894 731 3963 Qui
759 3896 1051 3952 crediderit
1091 3905 1146 3951 et
1178 3897 1483 3968 baptizatus
1513 3895 1691 3961 fuerit,
1724 3894 1834 3951 sal-

244 3999 348 4038 vus
386 3985 491 4039 erit
528 3985 719 4056 (Marc.
751 3986 883 4057 xvi).
923 4008 942 4042 ›
984 3988 1082 4045 Vel
1124 3998 1269 4044 certe
1306 4004 1404 4059 per
1451 3989 1652 4058 piscem
1699 3986 1834 4042 ﬁdes

245 4076 531 4146 ﬁguratur,
561 4077 686 4146 quia
717 4078 856 4133 sicut
886 4078 1051 4148 piscis
1089 4080 1188 4134 sub
1211 4080 1367 4149 aquis
1407 4080 1559 4145 latet,
1590 4080 1669 4135 sic
1700 4078 1832 4133 ﬁdes

244 4165 460 4221 illarum
490 4181 671 4223 rerum
714 4178 814 4234 est,
844 4184 963 4241 qua;
993 4187 1098 4227 non
1133 4172 1406 4238 videntur,
1441 4172 1653 4228 dicente
1690 4171 1833 4240 Apo-

244 4259 423 4313 stolo:
458 4280 476 4312 ι
523 4261 617 4316 Est
652 4260 786 4317 ﬁdes
831 4248 1218 4335 sperandarum
1268 4264 1567 4320 substantia
1620 4278 1830 4328 rerum,

244 4363 625 4424 argumentum
664 4370 772 4410 non
821 4357 1194 4427 apparentium
1259 4355 1447 4428 (Hebr.
1512 4356 1612 4426 xi).
1658 4375 1676 4406 ι
1735 4353 1832 4408 Vel

246 4452 397 4499 certe
429 4443 606 4510 aliter,
630 4460 727 4516 per
750 4446 952 4515 piscem
990 4446 1122 4502 ﬁdes
1158 4447 1510 4518 intelligitur:
1541 4446 1665 4515 quia
1692 4446 1830 4500 sicut

243 4532 411 4602 piscis
431 4551 538 4606 quo
558 4537 788 4607 amplius
818 4536 1071 4593 ﬂuetibus
1108 4538 1370 4604 tunditur,
1416 4550 1481 4593 eo
1520 4538 1688 4609 magis
1717 4554 1833 4594 cre-

1941 3348 2200 3418 Spiritum
2252 3354 2495 3401 sanctum
2550 3345 3024 3409 administrantur,
3072 3353 3208 3399 teste
3264 3344 3519 3413 Apostolo

1939 3443 2029 3513 qui
2060 3443 2173 3496 ait:
2210 3460 2227 3492 ι
2267 3440 2518 3496 Charitas
2554 3439 2650 3493 Dei
2696 3437 2887 3493 diffusa
2916 3445 3000 3493 est
3042 3439 3095 3491 in
3135 3435 3390 3493 cordibus
3418 3452 3518 3492 no-

1939 3534 2067 3589 stris
2101 3549 2196 3602 per
2238 3532 2498 3602 Spiritum
2563 3538 2831 3593 sanctum,
2886 3530 2974 3599 qui
3029 3529 3184 3583 datus
3229 3537 3315 3583 est
3362 3528 3518 3584 nobis

1939 3623 2116 3694 (Rom.
2144 3622 2218 3693 v).
2249 3641 2267 3673 ι
2308 3622 2373 3675 Et
2401 3621 2568 3676 item:
2609 3640 2625 3670 ι
2660 3619 2765 3673 Alii
2807 3634 3003 3690 genera
3050 3620 3377 3691 linguarum,
3424 3619 3516 3674 alii

1937 3717 2312 3785 interpretatio
2361 3729 2690 3776 sermonum,
2746 3712 2835 3766 alii
2895 3713 3151 3768 discretio
3199 3713 3511 3783 spirituum.

1939 3808 2061 3864 litae
2073 3819 2252 3862 autem
2274 3808 2452 3862 omnia
2476 3813 2731 3875 operatur
2752 3820 2891 3859 lltllls
2909 3814 3070 3874 atque
3093 3805 3233 3859 idem
3255 3803 3513 3874 Spiritus,

1936 3900 2179 3955 dividens
2204 3899 2427 3971 singulis
2457 3906 2615 3968 prout
2644 3896 2757 3951 vult
2784 3896 2835 3968 (I
2867 3896 2989 3952 Cor.
3018 3901 3137 3969 xu).
3172 3918 3189 3950 ι

2472 3989 2753 4045 HOMILIA
2802 3989 2980 4045 XCIII.

1934 4100 2088 4139 ηιιω
2129 4099 2324 4139 TERTIA
2363 4096 2724 4146 unauana,
2762 4096 2894 4136 ros'r
2945 4079 3127 4135 Vocem
3140 4082 3511 4151 jucunditatis.

2005 4174 2245 4245 (Mn-ra.
2278 4174 2399 4244 vn.)
2438 4192 2455 4221 ι
2489 4172 2547 4226 in
2575 4173 2665 4226 illo
2696 4180 2957 4240 tempore,
3004 4172 3138 4227 dixit
3161 4170 3318 4228 Jesus
3348 4174 3513 4229 disci-

1940 4285 1958 4318 ι
1984 4266 2126 4336 pulis
2163 4265 2274 4319 suis
2304 4283 2314 4318 :
2365 4262 2554 4327 Petite,
2605 4271 2660 4316 ct
2688 4263 2904 4317 dabitur
2932 4263 3122 4318 vobis:
3172 4267 3425 4332 quatrite,
3460 4272 3517 4319 et

1940 4375 1958 4408 ι
2004 4354 2320 4409 invenietis:
2354 4353 2588 4424 pulsate,
2630 4362 2686 4408 et
2724 4352 2998 4422 aperietur
3041 4354 3214 4409 vobis.
3251 4375 3268 4405 ι
3314 4354 3379 4407 Et
3424 4368 3510 4408 re-

1934 4448 2097 4519 liqua.
2134 4446 2353 4502 Pdterat
2382 4446 2578 4516 aliquis
2596 4460 2661 4501 ex
2690 4446 3024 4500 auditoribus
3047 4446 3273 4501 Domino
3293 4447 3473 4502 dicere
3497 4464 3511 4501 :

1936 4540 2215 4608 Quomodo
2243 4554 2343 4594 nos
2383 4538 2633 4607 praecipis
2663 4545 2912 4593 sanctum
2955 4552 3061 4591 non
3091 4538 3220 4593 dare
3261 4538 3510 4607 canibus,

246 4624 375 4691 scit,
419 4625 497 4681 sic
529 4626 661 4682 ﬁdes
682 4642 789 4698 quo
822 4628 1050 4699 amplius
1081 4628 1488 4699 persecutiones
1514 4628 1733 4697 patitur,
1764 4644 1829 4684 eo
1856 4600 1909 4661 D
1935 4645 2110 4701 neque
2135 4630 2348 4684 mittere
2379 4628 2699 4698 margaritas
2728 4638 2853 4682 ante
2881 4640 3097 4697 porcos,
3124 4641 3245 4682 cum
3269 4642 3369 4683 nos
3384 4641 3510 4683 nec-

247 4716 423 4786 magis
452 4716 683 4787 proﬁcit,
717 4720 782 4775 de
819 4734 920 4789 qua
943 4719 1201 4775 Dominus
1222 4720 1335 4773 ait:
1375 4740 1392 4771 ‹
1440 4720 1497 4774 Si
1524 4719 1823 4775 habueritis

245 4809 413 4864 ﬁdem
459 4811 599 4867 sicut
648 4827 873 4884 granum
931 4813 1155 4883 sinapis,
1209 4813 1399 4868 dicetis
1460 4813 1629 4868 monti
1678 4812 1820 4875 huic,

244 4901 442 4957 Transi
485 4903 630 4971 hinc,
673 4912 729 4959 et
759 4904 1010 4960 transibit
1036 4903 1253 4975 (Matth.
1288 4905 1442 4975 xvn).
1485 4923 1503 4955 ι
1535 4904 1671 4959 Huic
1696 4919 1825 4959 con-

248 4994 451 5048 trarius
490 5002 573 5050 est
611 5009 856 5071 serpens,
883 4995 1132 5051 videlicet
1162 4996 1471 5063 inﬁdelitas,
1524 4997 1636 5052 sive
1662 5011 1823 5051 vene-

249 5098 396 5140 nosae
417 5085 791 5156 cogitationes,
814 5102 932 5158 quae
948 5087 1181 5142 animam
1208 5088 1519 5143 interimere
1541 5096 1823 5143 conantur.

249 5174 308 5229 In
333 5188 438 5231 ovo
462 5176 721 5245 ﬁguratur
767 5192 908 5246 spes,
941 5178 1063 5247 quia
1092 5178 1231 5231 sicut
1266 5177 1319 5230 in
1359 5191 1460 5231 ovo
1512 5175 1653 5230 fetus
1691 5191 1827 5231 non-

176 5314 179 5317 ,
249 5263 379 5318 dum
414 5265 677 5352 cernitur,
706 5265 799 5321 sed
830 5264 1043 5321 futurus
1063 5266 1325 5330 creditur,
1365 5266 1444 5320 sic
1465 5280 1588 5336 spes
1620 5280 1723 5320 non
1751 5266 1827 5319 vi-

249 5357 414 5412 detur
433 5357 611 5423 oculo,
637 5358 733 5415 sed
754 5367 1002 5428 speratur
1026 5368 1227 5423 mente,
1252 5360 1390 5414 sicut
1408 5358 1694 5430 Apostolus
1718 5358 1795 5413 ait
1812 5377 1824 5390 ο

250 5445 388 5502 Nam
413 5449 556 5518 quod
577 5448 723 5504 videt
748 5449 892 5518 quis,
921 5449 1049 5518 quid
1099 5451 1319 5521 sperat?
1346 5469 1365 5502 σ
1395 5449 1455 5505 Si
1478 5458 1655 5504 autem
1682 5450 1825 5519 quod

250 5556 359 5597 non
389 5541 632 5597 videmus
660 5556 959 5612 speramus,
992 5557 1087 5610 per
1112 5543 1428 5611 patientiam
1452 5551 1825 5612 exspectamus

252 5631 433 5703 (Rom.
466 5635 606 5702 vni).
640 5652 658 5686 ι
693 5632 829 5687 Huic
857 5633 1165 5687 contrarius
1189 5642 1273 5688 est
1299 5635 1531 5705 scorpio,
1578 5633 1824 5689 aculeum

253 5724 307 5778 in
335 5724 504 5778 cauda
526 5732 763 5796 gestans,
797 5726 849 5780 id
869 5734 953 5781 est
974 5727 1298 5796 desperatio,
1332 5743 1450 5797 qua:
1489 5742 1588 5782 nos
1614 5726 1683 5781 ab
1712 5726 1828 5781 ovis

252 5816 577 5887 perennibus
610 5827 757 5874 retro
786 5819 1061 5874 retrahere
1103 5828 1347 5876 conatur.
1389 5819 1446 5877 In
1482 5821 1566 5876 his
1605 5834 1735 5891 ergo
1756 5820 1801 5874 si

1933 4723 2059 4778 dum
2076 4721 2323 4776 eumdem
2335 4734 2392 4773 sa
2400 4726 2578 4774 nctum
2593 4727 2647 4771 et
2660 4717 2877 4772 easdem
2890 4716 3209 4787 margaritas
3229 4717 3511 4784 habemus,

1930 4830 2066 4885 quas
2092 4813 2368 4867 mittamus
2393 4821 2517 4866 ante
2542 4810 2771 4881 porcos?
2797 4810 2862 4864 Et
2896 4810 3052 4879 quasi
3077 4811 3145 4865 ad
3174 4810 3290 4867 haec
3323 4810 3507 4868 Domi-

1928 4920 2032 4961 nus
2064 4904 2389 4974 respondens
2419 4901 2583 4957 infert
2613 4919 2625 4957 :
2659 4922 2678 4954 ι
2710 4902 2906 4966 Petite,
2938 4910 2992 4956 et
3021 4901 3239 4958 dabitur
3264 4903 3437 4959 vobis.
3481 4925 3500 4957 ι

1929 4997 2055 5052 Tria
2082 4997 2224 5052 enim
2252 4996 2427 5050 dixit:
2456 4996 2639 5065 petite,
2691 4995 2936 5066 quaerite,
2980 4995 3206 5065 pulsate.
3254 4995 3428 5052 Petite
3474 5013 3505 5055 a

1931 5090 2044 5145 Deo
2066 5089 2351 5144 sanitatem
2377 5096 2432 5143 et
2454 5087 2764 5143 ﬁrmitatem
2793 5080 2977 5151 animi,
2997 5096 3057 5142 ut
3080 5088 3299 5158 possitis
3323 5089 3512 5144 ea‘im-

1930 5182 2076 5253 plcre
2116 5197 2235 5251 qua:
2260 5180 2644 5250 praecipiuntur
2680 5178 2852 5235 vobis.
2885 5179 3120 5247 Quaarite
3142 5179 3284 5234 viam
3311 5180 3511 5236 verita-

1930 5274 2019 5340 tis,
2052 5280 2108 5327 et
2136 5271 2445 5327 invenietis.
2484 5268 2704 5325 Pulsate
2727 5270 2952 5341 ianuam
2980 5270 3131 5340 regni
3167 5270 3510 5334 ctelestis,do

1929 5378 2031 5433 qua
2063 5363 2321 5431 scriptum
2361 5371 2482 5417 est:
2517 5379 2536 5410 ι
2576 5360 2699 5416 Haec
2729 5369 2885 5431 porta
2915 5361 3149 5426 Domini,
3172 5360 3303 5432 justi
3342 5361 3508 5415 intra-

1928 5455 2062 5510 bunt
2086 5468 2182 5523 per
2207 5468 2326 5510 eam
2356 5451 2771 5533 (Psalncxvn).
2807 5472 2827 5505 ι
2856 5450 2968 5510 Hoc
3001 5453 3149 5507 cutim
3169 5452 3359 5509 ordine
3383 5465 3509 5520 pro-

1933 5544 2175 5614 sequitur
2198 5543 2537 5612 omnipolens
2570 5542 2710 5598 Deus
2748 5543 3037 5613 petitiones
3066 5551 3297 5601 nostras,
3323 5541 3368 5594 si
3390 5540 3501 5610 pri-

1932 5653 2077 5691 mum
2102 5636 2335 5706 petimus
2362 5636 2775 5705 possibilitatem
2815 5633 3069 5704 implendi
3092 5632 3269 5686 divina
3300 5644 3503 5701 praece-

1931 5735 2057 5798 pta:
2092 5727 2306 5792 deinde,
2334 5727 2379 5782 si
2408 5728 2549 5781 viam
2590 5727 2836 5783 veritatis
2866 5723 3249 5780 adinventione
3270 5721 3510 5778 studiose

1936 5820 2311 5889 requiramus:
2357 5820 2423 5875 ad
2450 5820 2719 5886 ultimmn,
2768 5819 2814 5875 si
2865 5817 3013 5888 regni
3065 5816 3302 5872 cmlestis
3329 5814 3506 5870 aulam
