4014 6354
578 377 682 433 535
1174 374 1526 432 HAYMONIS
1565 374 2040 433 HALBERSTAT.
2083 375 2296 434 EPISC.
2339 378 2488 435 OPP.
2525 381 2705 439 PARS
2740 385 2803 442 ll.
2843 418 2913 430 —
2961 388 3189 447 HOMIL.
3713 405 3799 461 555

578 495 788 589 intrare
804 490 1070 589 volumus,
1097 490 1349 589 precibus
1366 498 1449 589 ‘et
1489 491 1669 589 bonis
1692 493 1947 589 operibus
1974 492 2154 589 pulse-
2181 496 2232 555 Λ
2256 503 2613 589 creatasunt,
2638 516 2735 571 per
2762 501 2867 565 ιωο
2885 506 3029 575 quod
3063 506 3273 565 Domini
3296 520 3382 568 est
3402 520 3551 570 terra
3582 524 3638 572 et
3651 520 3798 589 pleni-

578 599 721 639 mus.
751 582 1023 639 Ponamus
1050 582 1175 649 inde
1202 582 1417 662 aliquid
1460 585 1768 655 exemplum
1799 604 1812 640 :
1839 586 2002 641 Vides
2050 586 2150 640 ali-

578 674 1031 746 quemhominem
1069 674 1423 741 inﬁrmatum,
1470 677 1696 747 pedibus
1735 677 2013 733 ambulare
2045 693 2153 733 non

577 766 866 835 valentem,
893 766 1128 835 primum
1153 765 1417 822 medicina
1443 767 1691 822 sanitatis
1720 767 1769 821 ei
1803 766 2151 836 impenditur,

577 862 637 909 ut
657 855 828 933 possit
852 855 1148 921 ambulare,
1178 856 1246 911 ad
1279 855 1383 911 hoc
1420 856 1593 911 dixit:
1635 874 1654 908 ι
1689 856 1884 922 Ρειίιε,
1914 865 1971 912 ει
2008 858 2153 913 acci-

575 945 755 1017 pictis.
787 964 806 995 ι
832 944 970 1011 Quid
996 945 1217 1015 prodest
1241 944 1292 1001 ei
1323 945 1617 1010 ambulare,
1658 946 1704 1001 si
1733 946 1988 1001 nescierit
2008 945 2152 1000 viam

578 1044 782 1090 rectam
810 1051 907 1105 per
946 1050 1109 1105 quam
1154 1035 1405 1091 incedere
1444 1034 1624 1102 debet,
1670 1036 1774 1091 nisi
1808 1036 1859 1091 ei
1895 1045 2041 1092 recta
2064 1037 2153 1092 via

575 1126 928 1181 ostendatur?
952 1126 1036 1181 Ad
1064 1127 1167 1182 hoc
1187 1127 1422 1198 pertinet
1447 1126 1592 1196 quod
1630 1126 1803 1183 dixit:
1849 1147 1868 1180 ι
1896 1127 2151 1195 Quaerite,

575 1226 633 1273 et
656 1217 962 1274 invenietis.
1000 1237 1020 1271 ι
1055 1218 1193 1286 Quid
1216 1219 1433 1290 prodest
1463 1220 1569 1274 iter
1589 1220 1661 1286 ei,
1693 1220 1739 1275 si
1774 1230 2057 1291 postquam
2087 1222 2153 1277 ad

577 1318 787 1367 certum
819 1312 997 1367 locum
1018 1313 1347 1382 pervenerit,
1387 1312 1565 1369 locum
1595 1329 1755 1383 quem
1787 1314 1989 1370 intrare
2011 1313 2154 1370 desi-

575 1405 751 1471 derat,
776 1403 1279 1460 clausum'inveniat
1294 1404 1408 1460 ?Ad
1431 1406 1534 1460 hoc
1558 1405 1793 1475 pertinet
1813 1406 1959 1475 quod
1983 1406 2147 1461 dixit:

582 1517 599 1548 ι
639 1497 873 1563 Pulsate,
906 1509 962 1553 et
985 1497 1257 1568 aperietur
1284 1497 1456 1552 vobis.
1494 1516 1512 1549 ι
1547 1496 1643 1551 Vel
1668 1497 1832 1553 etiam
1863 1497 2019 1553 aliter
2051 1514 2150 1569 po-

577 1599 680 1643 test
706 1588 932 1660 intelligi
958 1605 973 1644 :
996 1589 1168 1645 Petite
1188 1591 1477 1656 credendo,
1512 1590 1739 1661 quaerite
1759 1593 1899 1647 bene
1924 1606 2152 1663 operan-

575 1680 647 1734 do
666 1720 680 1745 ,
709 1680 918 1750 pulsate
957 1681 1372 1752 perseverando.
1544 1696 1547 1697 '

656 1795 675 1826 ι
724 1776 832 1831 Aut
867 1778 990 1848 quis
1030 1786 1115 1833 est
1161 1792 1228 1834 ex
1255 1777 1408 1834 vobis
1447 1779 1632 1844 homo,
1673 1794 1835 1848 quem
1861 1779 1906 1834 si
1935 1779 2151 1849 petierit

2259 588 2386 642 tudo
2415 587 2549 656 ejus.
2580 609 2598 645 ‹
2641 594 2853 661 Quanto
2888 599 3061 670 magis
3098 600 3259 657 Pater
3281 613 3463 661 vester
3479 610 3572 678 qui
3599 587 3798 673 inictelis

2255 685 2359 742 est,
2383 678 2531 734 dabit
2551 680 2692 745 bona
2716 688 3024 755 petentibus
3046 691 3141 747 se?
3168 711 3188 745 ι
3217 694 3284 749 Ει
3317 705 3402 751 εει
3423 711 3648 757 sensus:
3678 702 3731 759 Si
3753 706 3799 763 in

2255 772 2576 868 necessariis
2599 774 2726 868 ﬁliis
2747 781 2943 849 vestris
2970 782 3104 856 largi
3133 787 3386 856 existitis,
3418 803 3620 862 quanto
3654 799 3799 868 magis

2257 863 2594 933 omnipotens
2614 866 2758 925 Deus
2800 886 2928 944 erga
2951 889 3051 931 vos
3086 876 3269 949 largus
3297 882 3529 952 existet,
3582 886 3637 941 in
3665 863 3798 944 mini-

2256 955 2478 1012 strando
2505 958 2659 1016 vobis
2684 962 2885 1021 victum
2908 976 2964 1022 et
2990 972 3405 1031 vestimentum?

2331 1098 2350 1132 ι
2388 1079 2729 1153 Quaecunque
2756 1084 2917 1141 vultis
2954 1097 3012 1141 ut
3050 1086 3253 1144 faciant
3290 1091 3444 1149 vobis
3486 1094 3736 1164 homines,
3758 1109 3800 1155 et

2262 1188 2281 1223 ι
2309 1186 2407 1227 vos
2427 1174 2615 1230 eadem
2639 1174 2799 1232 facite
2827 1177 2953 1235 illis.
2987 1199 3007 1233 ι
3039 1180 3147 1237 Ista
3176 1192 3262 1239 est
3286 1183 3377 1240 lex
3400 1188 3677 1254 naturalis,
3704 1207 3799 1261 qua

2256 1262 2311 1317 in
2336 1263 2543 1320 duobus
2571 1267 2821 1324 consistit
2847 1272 3152 1342 praeceptis,
3183 1281 3240 1330 et
3266 1275 3322 1330 in
3366 1276 3457 1332 his
3481 1278 3682 1335 duabus
3704 1296 3798 1336 sen-

2257 1356 2440 1413 tentiis
2466 1366 2579 1414 tota
2602 1359 2689 1416 lex
2708 1363 2904 1431 pendet
2932 1370 2986 1418 et
3006 1367 3301 1436 prophetat.
3331 1368 3404 1424 Et
3424 1369 3533 1425 hoc
3559 1381 3639 1428 est
3665 1390 3796 1430 unum

2256 1448 2397 1516 quod
2412 1450 2508 1505 tibi
2527 1451 2726 1507 dicitur
2751 1473 2764 1508 :
2787 1472 2807 1506 ‹
2835 1453 3179 1528 Quaecunque
3196 1459 3363 1516 vultis
3387 1469 3449 1516 ut
3468 1461 3801 1521 faciantvobis

2257 1560 2502 1618 homines
2533 1587 2552 1615 ι
2582 1573 2637 1619 ει
2656 1567 2798 1624 aliud
2819 1576 2902 1624 est
2929 1571 3071 1639 quod
3094 1571 3221 1627 alibi
3242 1572 3481 1629 dicitur:
3521 1595 3541 1628 ι
3564 1575 3707 1644 Quod
3728 1579 3798 1633 tibi

2255 1668 2362 1708 non
2391 1653 2474 1709 vis
2498 1654 2616 1711 ﬁeri
2636 1698 2652 1724 ,
2693 1657 2784 1714 alii
2822 1675 2889 1716 ne
2917 1660 3112 1717 feceris
3136 1662 3287 1735 (Tob.
3317 1666 3421 1737 ιν).
3457 1685 3479 1720 ι
3512 1664 3648 1734 Quia
3673 1668 3799 1737 quid-

2254 1748 2383 1818 quid
2408 1748 2495 1804 lex
2518 1759 2572 1806 et
2595 1753 2868 1821 prophetae
2896 1754 3059 1811 latius
3081 1756 3419 1824 describunt,
3449 1758 3506 1813 in
3528 1759 3613 1814 his
3631 1758 3801 1814 duobus

581 1886 598 1918 ι
638 1865 778 1922 ﬁlius
803 1843 932 1921 suus
956 1882 1175 1937 panem,
1221 1868 1464 1937 nunquid
1516 1843 1747 1939 lapidem
1796 1843 1953 1923 dabit
1974 1867 2093 1922 illi?
2127 1886 2146 1920 ι

2254 1843 2539 1912 praeceptis
2563 1844 2802 1901 breviter
2825 1856 2907 1903 est
2936 1850 3414 1920 comprehensum.
3444 1849 3550 1919 Qui
3575 1852 3708 1906 enim
3727 1851 3801 1906 has

576 1959 633 2012 In
668 1959 751 2013 bis
786 1959 956 2015 tribus
980 1960 1474 2030 comparationibus
1513 1960 1773 2016 Dominus
1804 1969 1915 2016 tres
1946 1961 2152 2031 princi—

577 2049 726 2119 pales
778 2051 1008 2106 virtutes
1050 2052 1166 2106 vult
1209 2052 1510 2122 designare.
1569 2052 1673 2107 Per
1700 2066 1897 2122 panem
1947 2052 2149 2107 etenim

574 2140 812 2196 charitas
856 2142 1184 2213 designatur,
1231 2143 1483 2212 quoniam
1533 2143 1676 2198 sicut
1716 2156 1905 2197 mensa
1950 2141 2153 2198 referta

574 2232 741 2287 variis
769 2233 924 2300 cibis,
957 2234 1073 2289 sine
1109 2249 1248 2304 pane
1291 2235 1443 2305 inops
1477 2242 1582 2301 est,
1616 2234 1691 2289 ita
1738 2235 1901 2289 etiam
1940 2244 2152 2292 caetera:

578 2322 806 2379 virtutes
856 2324 1185 2395 imperfectae
1239 2326 1534 2380 redduntur
1591 2325 1707 2381 sine
1748 2326 2032 2381 charitatc.
2082 2327 2153 2381 At

577 2423 765 2471 contra
791 2432 891 2487 per
926 2417 1155 2489 lapidem
1185 2418 1382 2473 duritia
1418 2419 1598 2475 cordis
1642 2419 1985 2490 exprimitur,
2033 2436 2153 2490 quae

574 2511 811 2566 maxime
847 2520 931 2567 est
955 2513 1228 2568 contraria
1255 2514 1538 2580 charitati;
1580 2514 1626 2570 si
1668 2529 1798 2586 ergo
1836 2517 2151 2586 petierimus

574 2601 743 2655 Deum
768 2601 985 2657 Patrem
1020 2611 1080 2658 ut
1106 2603 1198 2659 det
1242 2604 1395 2660 nobis
1431 2605 1772 2673 charitatem,
1804 2606 2045 2675 nunquid
2075 2606 2151 2662 la-

572 2693 752 2763 pidem
779 2695 928 2750 dabit
945 2695 1118 2760 nobis,
1148 2696 1250 2752 hoc
1275 2704 1379 2762 est,
1414 2696 1673 2751 duritiam
1700 2697 1914 2753 cordis?

612 2785 754 2840 ‘Aut
793 2785 838 2840 si
887 2786 1198 2856 petierimus
1255 2787 1486 2858 piscem,
1558 2787 1800 2856 nunquid
1853 2802 1953 2858 pro
2003 2789 2152 2858 pisce

574 2886 884 2950 serpentem
933 2879 1082 2935 dabit
1150 2880 1343 2935 nobis?
1408 2879 1467 2933 lu
1507 2879 1656 2948 pisce
1716 2878 1848 2935 ﬁdes
1903 2879 2155 2950 intelligi-

575 2982 683 3035 tur,
708 2972 960 3042 quoniam
998 2972 1138 3027 sicut
1182 2971 1347 3042 piscis
1394 2971 1535 3027 inter
1581 2970 1774 3026 ﬂuctus
1824 2971 2068 3027 tunditur
2094 2981 2154 3027 ut

573 3076 786 3131 semper
812 3070 1041 3127 crescat,
1085 3063 1161 3117 ita
1190 3062 1354 3117 etiam
1388 3061 1519 3116 fides
1551 3061 1693 3116 inter
1724 3062 1949 3117 adversa
1997 3062 2151 3118 istius

2254 1934 2387 1991 duas
2419 1936 2818 2005 observaverit,
2861 1954 3078 1996 omnem
3124 1941 3300 2013 legem
3347 1951 3406 2000 et
3450 1943 3729 2015 prophetas
3758 1957 3801 1998 se

2252 2028 2506 2098 gaudebit
2535 2030 2877 2102 adimplesse.

2327 2141 2585 2199 «'lntrate
2634 2160 2735 2223 per
2771 2136 3054 2218 angustam
3081 2156 3317 2218 portam,
3344 2163 3471 2221 qua:
3495 2148 3641 2206 ducit
3662 2149 3721 2204 ad
3743 2149 3801 2203 vi-

2257 2251 2277 2284 ‹
2317 2240 2423 2288 tam
2449 2243 2710 2292 aeternam
2738 2252 2753 2291 :
2777 2238 2902 2307 quia
2939 2237 3047 2293 lata
3075 2247 3233 2309 porta
3260 2246 3316 2295 et
3340 2240 3584 2311 spatiosa
3611 2241 3691 2295 via
3713 2250 3799 2304 est,

2258 2345 2277 2378 ‹
2314 2342 2435 2398 qua:
2462 2330 2610 2385 ducit
2632 2330 2701 2387 ad
2728 2330 3108 2403 perditionem,
3134 2341 3191 2388 et
3209 2332 3367 2388 multi
3394 2342 3527 2391 sunt
3543 2334 3634 2403 qui
3661 2333 3801 2404 ingre-

2258 2436 2277 2469 ι
2317 2418 2539 2475 diuntur
2566 2436 2662 2492 per
2699 2436 2840 2477 eam.
2869 2441 2890 2475 ι
2932 2422 3076 2478 Duas
3098 2423 3215 2478 vias
3252 2424 3509 2495 proponit
3537 2423 3798 2478 Dominus:

2253 2525 2360 2565 una
2387 2519 2474 2565 est
2501 2511 2610 2566 lata
2653 2518 2709 2569 et
2749 2513 2985 2584 spatiosa
3009 2555 3026 2581 ,
3058 2530 3181 2584 qua:
3222 2515 3373 2572 ducit
3417 2516 3489 2571 ad
3526 2513 3798 2577 infernum;

2253 2603 2428 2659 altera
2452 2612 2537 2660 est
2565 2614 2811 2676 angusta,
2834 2622 2956 2677 qua:
2977 2607 3123 2663 ducit
3149 2608 3217 2664 ad
3236 2608 3460 2665 caelum.
3490 2608 3623 2663 Lata
3646 2607 3724 2660 via
3739 2613 3803 2660 est

2253 2696 2582 2767 voluptatum
2607 2699 2765 2768 hujus
2793 2700 3005 2766 saeculi,
3024 2701 3091 2755 de
3113 2714 3223 2770 quo
3241 2700 3509 2757 Dominus
3532 2701 3662 2756 bene
3678 2697 3802 2761 dicit,

2252 2789 2379 2859 quia
2401 2790 2509 2844 lata
2536 2800 2594 2846 et
2639 2790 2879 2859 spatiosa
2913 2790 3001 2845 via
3040 2800 3158 2858 est,
3187 2800 3244 2847 et
3266 2792 3425 2847 multi
3456 2800 3587 2847 sunt
3620 2789 3702 2859 qui
3724 2801 3807 2856 per

2253 2894 2373 2934 eam
2402 2879 2796 2951 ingrediuntur.
2825 2878 2944 2936 Non
2969 2880 3115 2936 enim
3149 2889 3236 2937 est
3261 2896 3493 2938 necesse
3517 2889 3581 2936 ut
3602 2878 3807 2949 requira-

2256 2978 2363 3034 tur,
2396 2969 2486 3037 qui
2516 2978 2706 3039 sponte
2734 2970 3040 3025 errantibus
3060 2969 3307 3027 oﬁ'ertur.
3340 2971 3597 3042 Angusta
3623 2970 3704 3024 via
3725 2976 3804 3030 est.

2253 3073 2372 3129 quae
2405 3058 2547 3114 ducit
2578 3059 2645 3115 ad
2669 3059 2859 3125 vitam,
2890 3067 2947 3114 et
2972 3075 3001 3113 a
3030 3059 3220 3130 paucis
3243 3061 3550 3128 invenitur,
3575 3069 3633 3116 et
3655 3076 3684 3113 a
3704 3056 3807 3114 mul-

573 3155 753 3211 saeculi
804 3156 1063 3225 probatur
1110 3164 1166 3210 et
1212 3155 1447 3225 proﬁcit.
1508 3153 1759 3224 Nunquid
1807 3154 1956 3209 dabit
1998 3154 2151 3210 nobis
2178 3201 2220 3225 η
2254 3150 2323 3206 ιίε
2353 3151 2570 3213 inventa
2616 3167 2722 3208 non
2759 3160 2989 3208 tenetur.
3040 3152 3195 3211 Multi
3226 3163 3352 3208 sunt
3397 3152 3564 3208 istius
3610 3152 3711 3207 via:
3733 3150 3805 3204 iter

573 3256 902 3317 serpentem,
933 3246 1037 3303 hoc
1079 3255 1180 3313 est,
1222 3246 1627 3301 inﬁdelitatem?
1670 3244 1960 3300 inﬁdelitas
2003 3244 2146 3299 enim

571 3355 670 3410 per
703 3349 1007 3411 serpentem
1036 3339 1367 3411 designatur,
1407 3354 1472 3394 eo
1512 3338 1652 3410 quod
1690 3353 1897 3394 venena
1926 3337 2159 3393 malitiae'

571 3447 684 3488 suae
702 3434 891 3503 primis
917 3432 1231 3502 parentibus
1273 3431 1551 3488 infuderit.
1586 3430 1766 3487 Tertia
1809 3431 2148 3500 comparatio

572 3524 788 3579 additur
818 3540 848 3578 a
878 3524 1045 3589 Luca,
1077 3525 1208 3580 dicit
1226 3525 1372 3579 enim
1397 3542 1410 3579 :

647 3634 666 3666 ‹
700 3615 807 3670 Aut
828 3614 871 3670 si
903 3615 1122 3685 petierit
1138 3630 1321 3681 ovum,
1354 3616 1592 3686 nunquid
1616 3615 1856 3688 porriget
1880 3616 1959 3670 illi
1987 3631 2144 3672 scor—

578 3723 596 3756 ι
629 3705 879 3775 pionem?
910 3725 929 3757 ι
959 3705 1018 3760 lu
1039 3721 1142 3761 ovo
1168 3721 1291 3777 spes
1314 3706 1644 3778 designatur,
1683 3707 1937 3777 quoniam
1965 3708 2021 3762 in
2044 3722 2149 3762 ovo

572 3793 810 3851 nondum
853 3794 995 3851 fetus
1038 3798 1269 3864 videtur,
1321 3798 1414 3853 sed
1463 3796 1676 3852 futurus
1726 3806 2018 3868 speratur:
2073 3799 2149 3852 ita

572 3889 735 3944 etiam
776 3904 900 3960 spes
936 3906 1056 3961 quae
1079 3891 1310 3956 videtur,
1346 3905 1453 3945 non
1480 3898 1563 3944 cst
1590 3904 1753 3959 spes:
1788 3890 1880 3944 sed
1916 3902 2040 3958 spes
2068 3897 2152 3944 est

571 3985 904 4055 exspectatio
946 3984 1248 4039 futurorum
1270 3982 1534 4037 bonorum
1565 3996 1810 4051 operum.
1850 4001 1868 4033 ι
1900 3980 2149 4050 Nunquid

571 4092 907 4148 scorpionem
958 4076 1108 4131 dabit
1166 4074 1280 4129 illi?
1320 4094 1338 4126 ι
1382 4074 1485 4127 hoc
1534 4081 1638 4137 εει,
1690 4073 2145 4144 desperationem.

572 4170 799 4242 Scorpio
825 4172 965 4227 enim
993 4168 1417 4239 desperationem
1445 4166 1733 4236 signiﬁcat,
1765 4167 1891 4237 quia
1936 4169 2150 4238 scorpio

570 4264 625 4319 in
671 4261 841 4319 cauda
885 4261 1135 4333 percutit,
1182 4266 1236 4313 et
1285 4257 1591 4328 desperatio
1638 4258 1875 4315 maxime
1928 4261 1987 4316 in
2043 4260 2150 4316 ﬁne

607 4354 764 4410 erdit.

607 4371 764 4410 erun.

569 4371 605 4427 Ρ
648 4466 666 4497 ι
703 4445 762 4501 Si
796 4458 923 4514 ergo
946 4454 1060 4505 vos,
1090 4454 1215 4494 cum
1259 4438 1380 4494 sitis
1428 4439 1577 4506 mali,
1625 4441 1797 4498 nostis
1839 4441 1979 4498 lfbna
2026 4444 2151 4499 data

577 4562 597 4596 ι
630 4544 761 4598 dare
788 4538 912 4593 ﬁliis
936 4535 1152 4601 vestris,
1191 4543 1393 4605 quanto
1431 4536 1607 4607 magis
1630 4537 1793 4592 Pater
1818 4546 2016 4604 vester,
2052 4538 2147 4609 qui

2254 3243 2522 3315 aggressi,
2573 3244 2719 3314 capti
2747 3244 2905 3301 istius
2928 3244 3108 3301 satculi
3134 3244 3627 3308 delectationibus,
3661 3241 3742 3298 sed
3759 3240 3803 3294 de

2251 3333 2431 3391 medio
2470 3336 2664 3391 itinere
2692 3344 3054 3392 revertuntur.
3086 3334 3328 3407 Angusta
3356 3334 3445 3388 via
3496 3341 3585 3389 est
3627 3329 3802 3387 deside-

2253 3429 2394 3485 rium
2429 3429 2719 3501 peragendi
2761 3429 2830 3484 ad
2862 3428 3079 3484 coelum.
3128 3426 3383 3497 Nunquid
3423 3425 3575 3481 enim
3616 3440 3713 3480 non
3743 3428 3802 3474 est

2253 3533 2480 3595 angusta
2507 3524 2616 3589 via,
2640 3537 2759 3592 quae
2779 3520 3073 3591 jejunando
3098 3528 3153 3574 et
3177 3520 3553 3591 eleemosynas
3572 3511 3797 3573 faciendo,

2251 3624 2587 3688 promeretur
2622 3615 2811 3672 aeterni
2842 3614 2994 3684 regni
3020 3613 3350 3668 consortium
3372 3614 3397 3666 ?

2783 3778 3067 3837 HOMILIA
3102 3779 3287 3838 XCIV.

2284 3936 2442 3977 FERIA
2472 3934 2686 3983 QUARTA
2725 3932 3078 3983 ιιτΑΝιΔιιωι,
3126 3932 3179 3971 ιη
3213 3930 3431 3972 νιειιιιε
3466 3918 3769 3969 ASCINSIONIS

2934 4023 3120 4065 DOIlNl
3128 4046 3142 4061 .

2326 4147 2500 4219 (Jouv.
2530 4146 2691 4220 xvn.)
2735 4166 2753 4200 ι
2789 4146 2848 4201 ln
2878 4146 2971 4203 illo
3010 4155 3252 4216 tempore
3281 4163 3294 4199 :
3326 4142 3629 4201 Sublevatis
3655 4133 3789 4193 oculis

2260 4260 2279 4294 ι
2321 4240 2477 4297 Jesus
2502 4241 2555 4295 in
2577 4239 2798 4306 coelum,
2830 4238 2965 4294 dixit
2991 4238 3207 4304 :Pater,
3234 4238 3389 4292 venit
3410 4236 3565 4299 hora,
3593 4227 3785 4287 clariﬁca

2260 4351 2280 4383 ι
2323 4331 2518 4388 Filium
2566 4340 2737 4387 tuum.
2792 4352 2810 4383 θ
2865 4331 2931 4385 Ει
2975 4329 3203 4400 reliqua.
3247 4328 3434 4383 Potuit
3470 4327 3678 4383 silenter
3698 4320 3785 4373 haec

2254 4429 2442 4484 eadem
2470 4426 2632 4484 verba
2659 4424 2922 4481 orationis
2965 4423 3114 4478 Patri
3159 4420 3331 4479 Filius
3356 4422 3560 4486 dicere,
3586 4412 3671 4471 sed
3694 4422 3783 4464 οη·-

2259 4524 2332 4578 tio
2360 4521 2484 4576 Filii
2510 4520 2756 4577 doctrina
2783 4527 2869 4575 est
2895 4516 3280 4588 apostolorum,
3304 4529 3516 4571 necnon
3540 4519 3594 4566 et
3634 4513 3780 4561 eorum

576 4656 595 4685 ι
638 4634 693 4687 in
723 4629 873 4685 caelis
893 4637 996 4693 est,
1044 4626 1196 4683 dabit
1233 4627 1375 4683 bona
1404 4587 1713 4697 petentibus
1750 4630 1844 4684 se?
1880 4650 1899 4683 ι
1932 4587 2145 4705 ,Μίι-ῗιηι

2254 4613 2346 4683 qui
2367 4610 2583 4667 illorum
2607 4608 2854 4679 exempla
2876 4587 3029 4678 sequi
3059 4605 3268 4672 nolunt,
3298 4605 3386 4660 vel
3418 4616 3601 4660 eorum
3619 4592 3780 4699 scrip“

571 4734 655 4783 est
678 4738 775 4778 cur
814 4722 1074 4776 Dominus
1118 4719 1390 4792 apostolos
1424 4720 1773 4791 appellaverit
1812 4721 2006 4787 malos,
2045 4721 2150 4778 nisi

570 4815 710 4870 forte
749 4812 991 4868 dicamus
1028 4810 1250 4881 quodin
1299 4824 1530 4881 persona
1578 4811 1944 4881 apostolorum
1987 4826 2149 4868 omne

569 4919 737 4978 genus
754 4906 1047 4960 humanum
1068 4903 1353 4974 vituperet,
1380 4900 1503 4971 quia
1532 4900 1602 4957 ab
1631 4902 1991 4959 adolescentia
2025 4918 2145 4967 sua,

570 4996 801 5053 sicut‘in
830 4994 1028 5051 Genesi
1076 4994 1323 5065 legimus,
1367 5008 1596 5064 pronum
1635 5002 1719 5049 est
1755 5009 1850 5050 cor
1891 4994 2032 5050 illius
2077 4994 2143 5049 ad

569 5088 768 5145 malum
803 5087 956 5162 (Gen.
995 5087 1079 5160 ιι).
1122 5084 1219 5142 Vel
1248 5097 1397 5144 certe
1439 5103 1728 5158 possumus
1773 5088 1974 5154 dicere,
2023 5087 2149 5157 quia

568 5181 786 5237 eosdem
809 5180 1079 5252 apostolos
1120 5180 1425 5251 specialiter
1454 5179 1807 5249 appellaverit
1843 5179 2033 5234 malos.
2067 5179 2150 5234 Li-

567 5283 655 5331 cet
686 5275 830 5330 enim
856 5275 1148 5330 bonitatem
1179 5274 1343 5329 totius
1378 5273 1597 5327 humani
1627 5271 1840 5343 generis
1869 5272 2149 5343 privilegio

566 5385 666 5427 suo
702 5368 1158 5433 transcenderint,
1198 5377 1376 5421 tamen
1420 5365 1486 5420 ad
1533 5364 1990 5434 comparationem
2028 5365 2145 5430 Dei,

567 5464 695 5520 mali
714 5474 863 5532 sunt,
892 5464 1016 5534 quia
1037 5463 1105 5518 ad
1120 5462 1265 5517 illius
1297 5459 1755 5529 comparationem
1788 5473 1945 5513 nemo
1974 5458 2146 5514 bonus

566 5568 672 5617 εει.
716 5557 870 5615 Unde
894 5556 1009 5626 ipse
1038 5554 1208 5610 dicit:
1253 5571 1271 5605 ‹
1302 5550 1651 5607 Nemobonus
1687 5550 1791 5607 nisi
1833 5552 1979 5606 solus
2008 5551 2146 5605 Deus

567 5651 765 5725 (Marc.
808 5650 886 5721 ι).
923 5668 941 5702 ι
983 5667 1001 5699 ι
1031 5645 1213 5701 Nostis
1234 5645 1399 5710 bona,
1437 5663 1455 5696 ι
1488 5652 1593 5700 etc.
1621 5643 1763 5713 Quid
1798 5643 2031 5714 appellat
2058 5643 2146 5697 hic

564 5742 745 5797 bona?
765 5739 895 5807 Quae
916 5738 1161 5808 superius
1185 5737 1649 5802 commemoravit,
1692 5751 1909 5808 panem,
1938 5736 2142 5806 piscem

567 5845 621 5889 et
642 5841 833 5889 cietera
860 5831 1100 5902 corporis
1125 5828 1448 5885 necessaria.
1474 5827 1619 5884 Bona
1656 5836 1799 5895 sunt,
1822 5828 1947 5897 quia
1972 5841 2001 5881 a
2030 5826 2142 5881 Deo

2253 4705 2452 4775 legere.
2490 4721 2509 4754 ‹
2541 4701 2689 4757 Dixit
2721 4720 2734 4758 :
2778 4700 2961 4765 Pater,
3002 4699 3151 4755 venit
3191 4698 3347 4754 hora.
3403 4716 3422 4749 ι
3459 4693 3596 4749 Hora
3639 4688 3780 4751 ἱιθίῐυθ

2252 4795 2523 4869 passionis
2551 4793 2962 4865 appropinquat.
3015 4809 3031 4841 ι
3067 4788 3319 4845 Clariﬁca
3366 4787 3562 4843 Filium
3586 4789 3732 4869 tuum.
3763 4787 3775 4818 ι

2251 4864 2308 4945 id
2358 4896 2460 4953 est,
2514 4864 2926 4941 resurrectionis
2963 4881 3135 4953 gloria
3183 4899 3203 4936 :
3236 4878 3512 4952 praecedat
3550 4864 3777 4930 humilitas

2249 4980 2539 5055 passionis,
2582 4988 2642 5034 ut
2674 4978 3035 5047 subsequatur
3075 4975 3185 5029 cito
3227 4971 3544 5029 clariﬁcatio
3582 4970 3776 5022 resurre-

2255 5075 2436 5132 tionis.
2472 5072 2727 5142 Sequitur
2761 5088 2773 5124 :
2834 5088 2852 5121 ι
2902 5068 2971 5125 Ut
3014 5066 3183 5121 Filius
3223 5073 3348 5121 tuus
3386 5059 3632 5121 clariﬁcet
3672 5060 3769 5105 ιε.»

2252 5166 2582 5225 Clariﬁcatio
2627 5163 2806 5218 Patris
2854 5169 3054 5217 aeterna
3084 5168 3186 5225 est,
3226 5173 3346 5228 qua:
3374 5171 3477 5225 nec
3509 5144 3675 5221 augeri
3699 5148 3771 5235 uec.

2252 5260 2421 5315 minui
2473 5266 2667 5329 potest.
2699 5254 2808 5309 Sed
2847 5254 2963 5308 haec
2991 5250 3307 5307 clariﬁcatio
3347 5251 3417 5306 ad
3443 5242 3667 5329 notitiam
3698 5230 3769 5285 Dei

2250 5353 2428 5409 Patris
2447 5328 2708 5422 pertinet,
2752 5356 2814 5403 ut
2851 5343 3268 5401 resurrectionis
3286 5341 3457 5413 gloria
3483 5338 3534 5392 in
3556 5328 3678 5389 Filio

2251 5454 2402 5502 racta
2436 5421 2798 5505 iunotesceret
2833 5438 2976 5493 Deus
3008 5435 3172 5491 Pater
3197 5433 3296 5490 toti
3315 5431 3454 5495 orbi,
3480 5424 3565 5498 qui
3724 5421 3762 5515 Ill

2249 5539 2448 5595 Iudaeis
2488 5532 2857 5591 tantummodo
2905 5539 3066 5584 notus
3094 5538 3233 5584 erat.
3292 5543 3312 5578 ι
3350 5506 3765 5610 ClariﬁcaFlli'l'.“

2248 5641 2425 5697 tuum,
2455 5638 2514 5683 ut
2542 5626 2708 5682 Filius
2750 5632 2875 5679 tuus
2910 5619 3171 5678 clariﬁcet
3200 5628 3273 5675 te.
3317 5638 3336 5670 ι
3376 5610 3533 5683 Quasi
3560 5598 3759 5697 dixissfl.

2248 5724 2511 5781 resuscita
2556 5735 2662 5784 mc,
2707 5727 2766 5773 ut
2803 5718 3108 5773 innotescas
3150 5713 3245 5769 toti
3286 5710 3402 5766 orbi
3443 5718 3535 5777 per
3570 5707 3659 5754 me.
3687 5682 3761 5737 δε·

2247 5816 2430 5886 quitur
2460 5832 2471 5867 :
