4014 6354
280 345 390 403 557

1484 347 1786 404 HOMILUE
1826 348 1915 403 DE
1954 347 2298 404 TEMPOBE.

3425 353 3528 411 538

361 479 382 513 ι
425 458 580 517 Sicut
617 460 831 516 dedisti
858 462 908 516 ei
954 469 1272 531 potestatem
1286 463 1477 518 omnis
1516 462 1716 518 carnis.
1749 481 1769 515 ι
1796 462 1858 519 1d
1884 472 1935 534 Α
1962 463 2356 519 resurrectione
2402 471 2735 519 mortuorum
2785 464 2924 535 apud
2973 463 3209 531 Patrem,
3261 464 3330 519 ad
3376 464 3529 536 cujus

278 552 583 620 est,omnis
610 552 863 618 hominis,
889 569 919 609 a
945 563 1100 623 parte
1127 563 1317 620 totum,
1340 570 1468 610 caro
1482 570 1581 624 pro
1609 555 1852 611 homine.

278 645 411 701 Haec
433 646 528 711 ait,
556 654 615 699 ut
633 646 944 701 ostenderet
970 646 1142 717 magis
1168 661 1233 703 ac
1251 647 1424 716 magis
1448 647 1717 717 quomodo
1739 646 1854 702 cla-

280 738 594 794 riﬁcaturus
621 747 767 796 esset
803 737 1040 794 Patrem.
1084 738 1237 795 Sicut
1284 756 1414 811 ergo
1450 736 1655 796 dedisti
1700 748 1854 811 pote-

279 837 498 891 statem,
533 829 728 898 inquit,
756 814 935 885 omnis
959 831 1160 895 carnis,
1186 830 1261 885 ita
1298 830 1557 887 clariﬁcet
1585 839 1638 886 te
1660 830 1850 898 Filius,

278 912 463 985 idest,
488 929 674 977 notum
709 927 761 975 te
799 919 962 976 faciat
996 921 1142 976 omni
1168 922 1337 989 carni,
1368 937 1530 993 quam
1562 922 1754 977 dedisti
1778 922 1848 977 ei.

277 1008 373 1066 Sic
396 1010 540 1066 enim
566 1010 759 1067 dedisti
789 1030 803 1066 :
840 1031 859 1064 ι
887 1011 958 1068 Ut
977 1026 1137 1068 omne
1160 1013 1303 1082 quod
1329 1013 1523 1069 dedisti
1550 1014 1622 1081 ei,
1657 1014 1748 1069 det
1771 1015 1852 1070 eis

279 1120 304 1155 ι
349 1103 515 1158 vitam
558 1113 836 1184 aeternam.
887 1103 1011 1161 Haec
1048 1114 1133 1161 est
1176 1114 1356 1161 autem
1384 1106 1493 1161 vita
1539 1116 1761 1174 aeterna,
1792 1116 1852 1163 ut

280 1213 302 1245 ε
349 1205 676 1265 cognoscant
696 1204 746 1252 te
768 1197 937 1252 solum
958 1211 1147 1253 verum
1173 1199 1362 1265 Deum,
1399 1206 1456 1255 et
1474 1215 1633 1269 quem
1654 1199 1849 1256 misisti

278 1304 299 1337 ι
344 1286 527 1342 .lesum
577 1287 873 1343 Christum.
918 1309 936 1341 ι
975 1287 1120 1345 Ordo
1152 1290 1440 1346 verborum
1476 1299 1578 1355 est,
1615 1300 1675 1347 ut
1716 1299 1768 1347 te
1793 1300 1849 1347 et

273 1389 437 1444 quem
483 1376 679 1432 misisti
729 1375 911 1432 Iesum
945 1376 1241 1444 Christum,
1293 1389 1621 1450 cognoscant
1660 1396 1848 1436 verum

273 1465 443 1519 Deum
468 1465 661 1520 solum.
682 1465 964 1524 Plenitudo
985 1468 1307 1539 cognitionis
1327 1470 1420 1525 Dei
1443 1469 1624 1526 Patris
1643 1479 1699 1526 et
1724 1470 1846 1526 Filii

269 1567 328 1612 et
369 1555 603 1627 Spiritus
638 1559 833 1625 sancti,
873 1559 1029 1629 plena
1064 1570 1149 1617 est
1179 1570 1235 1616 et
1275 1562 1515 1631 perfecta
1552 1571 1606 1618 et
1643 1570 1844 1618 aeterna

270 1652 402 1708 vita.
447 1651 692 1709 Perfecta
741 1655 853 1709 vita
896 1663 1097 1709 aeterna
1152 1671 1361 1710 summa
1387 1677 1395 1684 ’
1421 1657 1697 1713 beatitudo
1737 1668 1841 1713 est.

271 1741 497 1799 Summa
528 1744 804 1801 beatitudo
834 1760 941 1801 non
988 1754 1070 1801 est
1107 1746 1210 1801 nisi
1240 1746 1295 1801 in
1322 1747 1433 1802 vita
1456 1756 1679 1803 aeterna.

1957 552 2235 609 dexteram
2265 554 2432 609 sedet.

2029 660 2051 694 ‹
2096 642 2430 698 Manifestavi
2465 658 2661 700 nomen
2711 654 2862 701 tuum
2891 647 3217 713 hominibus,
3267 664 3404 721 quos
3431 652 3528 711 de-

1960 756 1981 790 r
2024 737 2152 794 disti
2182 738 2312 794 mihi
2355 738 2425 794 de
2468 739 2689 794 mundo.
2728 758 2747 791 ι
2781 740 2934 808 Quod
2973 757 3103 814 ergo
3127 741 3372 805 facturus
3405 754 3529 804 erat

1951 843 2049 900 per
2083 829 2333 886 doctores
2375 838 2593 886 sanctos
2630 830 2687 885 in
2727 840 2838 886 toto
2863 833 2994 889 orbe
3030 842 3154 905 post
3179 835 3410 907 gloriam
3440 853 3526 895 re-

1953 921 2305 977 surrectionis
2349 931 2405 977 et
2449 923 2783 979 ascensionis
2838 940 2967 990 suae,
3020 935 3075 981 et
3115 937 3239 998 post
3289 927 3526 999 Spiritus

1950 1011 2121 1067 sancti
2141 1012 2303 1078 dona,
2329 1026 2447 1082 quae
2476 1012 2531 1066 in
2562 1012 2837 1083 discipulis
2859 1014 3037 1070 delata
3065 1027 3209 1083 sunt,
3236 1019 3339 1074 hoc
3366 1020 3522 1090 quasi

1950 1101 2151 1159 factum
2192 1112 2337 1160 esset
2378 1104 2513 1160 dixit
2558 1117 2600 1158 :'
2625 1105 2756 1162 Tale
2784 1117 2869 1161 est
2903 1107 3024 1174 hoc,
3068 1109 3227 1179 quale
3270 1119 3325 1165 et
3367 1110 3520 1177 illud,

1949 1194 2091 1264 quod
2133 1194 2291 1265 paulo
2329 1203 2456 1249 ante
2500 1195 2637 1250 dixit
2682 1214 2693 1250 :
2744 1216 2762 1247 α
2808 1196 2920 1269 Ego
2951 1206 3004 1253 te
3031 1198 3320 1255 clariﬁcavi
3360 1216 3524 1273 super

1952 1293 2172 1351 terram,
2212 1306 2231 1340 ι
2266 1302 2364 1357 pro
2404 1295 2645 1358 tempore
2676 1287 2855 1344 futuro
2892 1299 2947 1344 et
2994 1290 3104 1347 illic
3129 1302 3186 1347 et
3218 1294 3307 1349 hic
3332 1305 3522 1365 praete-

1949 1378 2111 1433 ritum
2138 1393 2346 1449 ponens
2397 1389 2627 1450 tempus,
2667 1381 2806 1435 sicut
2843 1381 2935 1450 qui
2974 1381 3141 1437 sciret
3167 1385 3518 1453 praedestina-

1948 1476 2061 1523 tum
2087 1484 2208 1525 esse
2235 1478 2295 1524 ut
2323 1470 2377 1524 id
2403 1468 2576 1535 ﬁeret,
2618 1478 2673 1525 et
2704 1471 2825 1526 ideo
2851 1470 3046 1527 fecisse
3067 1486 3128 1527 se
3148 1473 3353 1539 dicens,
3376 1477 3519 1544 quod

1946 1566 2063 1614 erat
2084 1559 2199 1615 sine
2220 1560 2331 1634 ulla
2360 1560 2693 1617 dubitatione
2723 1560 2985 1618 facturus.
3012 1562 3270 1634 Sequitur
3299 1581 3313 1619 :
3352 1585 3371 1618 ι
3418 1566 3518 1623 'l‘ui

1952 1671 1971 1703 ‹
2014 1661 2190 1719 erant,
2217 1632 2300 1708 ἐι
2348 1653 2479 1708 mihi
2533 1669 2627 1710 eos
2673 1655 2888 1722 dedisti,
2930 1664 2988 1713 et
3027 1671 3331 1713 sermonem
3371 1667 3520 1715 tuum

1953 1761 1971 1794 ‹
2017 1753 2390 1800 servaverunt.
2417 1744 2573 1800 Nune
2610 1756 3002 1818 cognoverunt,
3035 1748 3161 1817 quia
3186 1749 3370 1804 omnia
3400 1765 3520 1820 qum

347 1851 367 1885 ι
408 1833 521 1905 Ego
560 1843 611 1889 te
639 1833 930 1891 clariﬁcavi
961 1850 1122 1907 super
1166 1844 1388 1904 terram,
1420 1852 1555 1908 Opus
1593 1853 1843 1894 consum—
1870 1845 1918 1906 Β
1943 1854 1969 1888 Α
2015 1837 2208 1893 dedisti
2236 1837 2388 1903 mihi,
2424 1837 2521 1894 abs
2551 1846 2602 1894 te
2627 1848 2770 1895 sunt.
2816 1838 2952 1907 Quia
2984 1842 3146 1895 verba
3173 1855 3293 1910 qua:
3321 1841 3517 1897 dedisti

274 1943 295 1977 ε
340 1926 483 1981 mavi
535 1926 678 1997 quod
712 1926 907 1983 dedisti
959 1926 1090 1981 mihi
1134 1934 1194 1981 ut
1249 1926 1467 1983 faciam.
1511 1948 1529 1979 ι
1563 1927 1700 1996 Quid
1733 1938 1835 1994 est,

264 2018 410 2086 quod
422 2017 695 2086 praeterito
718 2025 959 2088 tempore
981 2018 1178 2089 posuit,
1197 2035 1215 2069 ι
1237 2018 1526 2074 clariﬁcavi
1550 2038 1568 2071 ι
1587 2027 1639 2075 et
1665 2038 1683 2071 ι
1705 2036 1836 2076 con-

263 2110 552 2175 summavi,
576 2128 596 2162 ι
626 2109 919 2179 statimque
946 2110 1224 2179 subjunxit
1252 2110 1415 2165 futuri
1435 2110 1692 2181 temporis
1717 2126 1840 2166 ver-

259 2201 415 2268 bum,
438 2219 456 2252 ι
485 2200 703 2267 faciam,
729 2222 747 2254 ι
779 2202 879 2255 nisi
912 2203 1054 2271 quod
1070 2203 1250 2257 omnia
1265 2203 1375 2258 Deo
1388 2204 1835 2273 suntpraasentia,

256 2300 320 2347 et
348 2293 403 2347 in
434 2293 613 2348 divina
642 2293 1112 2363 praedestinatione
1160 2292 1338 2349 futura
1375 2295 1528 2364 quasi
1564 2302 1837 2359 transacta

256 2395 385 2436 esse
410 2384 679 2439 credenda
710 2384 870 2437 sunt?
914 2381 1066 2450 Quod
1091 2385 1235 2439 enim
1264 2384 1501 2440 futurum
1531 2384 1635 2440 fuit
1658 2394 1719 2440 ut
1743 2386 1839 2441 ﬁe-

256 2482 364 2539 ret,
398 2475 502 2530 hoc
532 2475 583 2533 ei
618 2476 774 2545 quasi
802 2484 1144 2531 transactum
1183 2476 1305 2532 fuit.
1354 2496 1373 2528 ι
1412 2478 1524 2547 Ego
1550 2485 1604 2532 te
1630 2477 1836 2533 clariﬁ-

252 2568 398 2624 cavi.
432 2586 452 2618 ι
495 2567 661 2635 Quasi
690 2569 916 2625 dixisset
943 2585 959 2624 :
988 2568 1102 2639 Ego
1134 2578 1183 2625 te
1223 2570 1537 2626 clariﬁcaho
1575 2570 1834 2640 pradica-

256 2661 419 2716 tionis
446 2660 639 2731 gloria,
677 2676 842 2732 quam
889 2663 944 2717 in
985 2663 1263 2734 discipulis
1310 2663 1446 2718 meis
1476 2671 1592 2718 toto
1631 2664 1833 2720 mundo

255 2752 547 2821 effundam,
579 2754 708 2809 dum
752 2768 888 2824 opus
918 2755 1305 2811 eonsummaho
1324 2754 1592 2825 passionis
1616 2769 1752 2809 meae
1777 2763 1832 2809 et

256 2849 695 2915 resurrectionis,
720 2850 862 2919 quod
891 2849 1086 2905 dedisti
1116 2849 1246 2904 mihi
1272 2856 1331 2902 ut
1350 2847 1567 2903 faciam.

329 2958 350 2990 ‹
397 2939 463 2995 Et
485 2955 629 2995 nunc
652 2954 740 2995 me
758 2937 994 2995 clariﬁca
1025 2946 1100 3003 tu,
1132 2937 1309 2994 Pater.
1351 2957 1369 2990 ι
1404 2937 1641 2994 Dicendo
1660 2938 1827 3005 enim,

254 3039 306 3085 te
330 3030 622 3086 clariﬁcavi
656 3043 819 3102 super
847 3039 1069 3095 terram,
1121 3044 1180 3084 se
1223 3036 1402 3083 autem
1432 3045 1463 3084 a
1502 3027 1664 3083 Patre
1686 3028 1828 3098 apud

252 3120 501 3175 eumdem
547 3118 764 3174 Patrem
793 3117 1032 3189 postulat
1055 3116 1460 3172 clariﬁcandum
1497 3117 1676 3181 modo,
1702 3131 1827 3187 pro-

1948 1945 1967 1978 ι
2015 1927 2171 1995 mihi,
2194 1928 2312 1983 dedi
2345 1928 2444 1993 eis,
2467 1937 2522 1985 et
2544 1929 2645 2000 ipsi
2675 1938 3018 1999 acceperunt,
3044 1939 3102 1984 et
3144 1943 3518 2001 cognoverunt

1945 2009 1982 2069 α’
2009 2032 2134 2073 vere
2162 2019 2288 2089 quia
2326 2034 2357 2074 a
2390 2028 2441 2073 te
2470 2020 2632 2083 exivi,
2684 2029 2737 2075 et
2788 2020 3137 2075 crediderunt
3162 2021 3290 2090 quia
3329 2030 3386 2076 tu
3422 2038 3510 2077 me

1944 2126 1963 2159 ι
2010 2109 2223 2165 misisti.
2262 2110 2622 2180 »,Quanquam
2652 2110 2835 2166 ethaec
2862 2111 3043 2167 omnia
3062 2112 3128 2168 de
3150 2113 3399 2169 omnibus
3422 2114 3513 2169 fu-

1941 2201 2075 2255 turis
2096 2201 2343 2257 ﬁdelibus
2372 2202 2478 2257 dici
2517 2204 2811 2272 potuerint,
2851 2200 2968 2274 ipsa
3002 2204 3241 2274 perfecta
3265 2220 3388 2260 cum
3412 2206 3512 2261 ad—

1938 2292 2045 2347 huc
2079 2304 2260 2349 essent
2284 2294 2488 2361 futura,
2523 2304 2702 2351 tamen
2746 2304 2801 2351 et
2843 2295 2958 2352 haec
3001 2296 3307 2367 specialiter
3339 2298 3408 2353 de
3430 2297 3513 2352 di-

1938 2384 2158 2454 scipulis
2196 2385 2301 2440 dici
2348 2394 2596 2455 possunt,
2646 2387 2714 2441 ad
2755 2401 2890 2456 quos
2926 2395 3054 2443 tunc
3096 2387 3517 2459 praesentialiter

1936 2474 2273 2545 loquebatur.
2309 2476 2446 2543 Quia
2473 2476 2604 2531 illud
2633 2478 2777 2548 quod
2802 2479 3081 2549 sequitur:

2012 2582 2031 2615 ι
2076 2563 2208 2619 Cum
2254 2580 2427 2621 essem
2470 2582 2592 2622 cum
2623 2568 2724 2634 eis,
2767 2583 2868 2639 ego
2901 2568 3187 2624 servabam
3216 2584 3312 2625 eos
3336 2569 3390 2623 in
3417 2584 3514 2624 no-

1940 2676 1959 2707 ‹
2006 2656 2152 2712 mine
2183 2666 2274 2712 tuo
2304 2675 2317 2710 :
2353 2673 2490 2727 quos
2526 2659 2720 2714 dedisti
2756 2660 2910 2726 mihi,
2936 2660 3224 2726 custodivi,
3257 2670 3315 2717 et
3354 2676 3513 2716 nemo

1941 2765 1960 2797 ‹
2005 2762 2072 2802 ex
2119 2748 2200 2804 eis
2249 2749 2450 2818 periit,
2503 2750 2607 2805 nisi
2657 2751 2799 2807 ﬁlius
2843 2752 3183 2822 perditionis.
3246 2773 3265 2805 ι
3319 2753 3511 2809 Judam

1933 2836 2263 2907 signiﬁcans,
2303 2839 2395 2907 qui
2430 2824 2651 2895 tradidit
2692 2855 2840 2907 eum,
2870 2841 2962 2910 qui
2990 2857 3130 2896 unus
3154 2841 3256 2896 fuit
3282 2844 3348 2898 de
3380 2844 3511 2898 duo-

1931 2927 2126 2994 decim,
2153 2929 2324 2998 magis
2346 2930 2471 2984 huic
2500 2931 2683 2987 sensui
2717 2932 2991 2996 convenit,
3018 2940 3079 2987 ut
3103 2933 3363 3004 apostolis
3386 2950 3509 3005 spe-

1932 3016 2139 3073 cialiter
2161 3018 2278 3073 INBC
2299 3018 2631 3089 loqueretur.
2656 3020 2859 3077 Deinde
2892 3020 3170 3094 subiungit
3200 3038 3215 3077 :

2007 3129 2024 3161 ι
2073 3109 2228 3166 Nunc
2272 3121 2453 3166 autem
2499 3113 2566 3167 ad
2601 3122 2653 3169 te
2696 3115 2874 3170 venio.
2916 3134 2935 3167 ι
2980 3113 3116 3170 Cum
3167 3115 3508 3171 manifestum

254 3213 396 3265 l‘ecto
422 3212 701 3281 utriusque
725 3209 1128 3266 clariﬁcationis
1174 3207 1410 3264 ostendit
1440 3207 1687 3277 gloriam.
1709 3207 1827 3277 Ipse
1852 3206 1899 3269 α
1929 3211 2011 3257 est
2061 3217 2185 3257 eum
2214 3203 2281 3257 de
2305 3204 2577 3273 corporali
2614 3220 2711 3259 sua
2747 3206 2947 3261 dixisse
2977 3208 3283 3276 praesentia.
3322 3230 3338 3260 ι
3373 3209 3506 3264 Cum

258 3302 455 3373 quippe
472 3303 687 3358 Patrem
716 3300 1036 3358 clariﬁcavit
1063 3313 1228 3370 super
1253 3308 1483 3365 terram,
1507 3312 1631 3353 eum
1654 3298 1828 3369 genti-

254 3392 359 3447 bus
401 3391 742 3461 praedicando
777 3408 790 3444 :
840 3376 1000 3445 Pater
1046 3404 1199 3455 vero,
1246 3390 1422 3460 ipsum
1459 3387 1601 3458 apud
1627 3395 1827 3443 semet-

251 3480 427 3549 ipsum
468 3481 536 3536 ad
575 3496 730 3547 suam
758 3478 1035 3536 dexteram
1078 3479 1429 3545 collocando,
1478 3477 1756 3548 subjunxit
1808 3495 1822 3536 :

327 3593 347 3624 ¢
392 3571 653 3630 Claritate
681 3586 844 3644 quam
871 3573 1058 3639 habui,
1080 3573 1394 3644 priusquam
1423 3571 1654 3628 mundus
1681 3578 1827 3627 esset

252 3685 270 3716 ι
308 3665 452 3734 apud
476 3675 549 3720 te.
581 3684 602 3717 ι
635 3664 782 3722 Ordo
809 3666 1101 3720 verborum
1134 3672 1239 3730 est,
1272 3679 1437 3735 quam
1473 3662 1640 3719 habui
1682 3661 1825 3733 apud

247 3766 302 3812 te
329 3757 648 3828 priusquam
670 3758 904 3814 mundus
928 3766 1092 3813 esset.
1125 3757 1184 3812 ln
1227 3757 1330 3811 hoc
1357 3755 1499 3811 valet
1535 3754 1680 3825 quod
1698 3755 1775 3810 ait
1806 3773 1818 3808 :

249 3865 269 3898 ί
314 3846 380 3902 Et
408 3863 553 3904 nunc
581 3847 819 3904 clariﬁca
849 3864 955 3915 me,
997 3868 1016 3901 ›
1057 3850 1161 3905 hoc
1191 3858 1296 3917 est,
1320 3851 1461 3907 sicut
1487 3860 1631 3917 tunc,
1666 3851 1740 3905 ita
1767 3858 1825 3907 et

244 3952 393 3993 nunc
432 3955 446 3992 :
486 3939 565 3994 sic
615 3945 742 3994 tunc
784 3939 1276 4009 praedestinatione,
1320 3941 1395 3996 ita
1446 3957 1590 3996 nunc
1640 3940 1819 4011 perfe-

244 4036 447 4091 ctione.
500 4032 609 4090 Fac
656 4034 710 4088 in
755 4034 957 4089 mundo
1008 4035 1151 4104 quod
1202 4042 1329 4091 ante
1376 4044 1427 4090 te
1466 4034 1640 4090 fuerat
1696 4043 1822 4090 ante

244 4127 527 4181 mundum.
573 4124 683 4181 Fac
733 4125 787 4181 in
836 4141 936 4181 suo
975 4134 1236 4198 tempore,
1282 4127 1425 4198 quod
1468 4135 1595 4182 ante
1643 4126 1821 4181 omnia

245 4231 489 4290 tempora
540 4219 796 4275 statuisti.
842 4218 1106 4274 Convenit
1152 4235 1252 4275 nos
1291 4218 1591 4290 intelligere
1626 4220 1679 4274 in
1719 4219 1821 4275 hoc

243 4316 364 4371 loco
404 4314 933 4386 przedestinationem
977 4313 1238 4369 claritatis
1281 4313 1553 4378 humanae,
1602 4327 1723 4383 qua
1765 4313 1819 4367 in

245 4406 337 4460 illo
361 4413 466 4469 est,
499 4411 727 4468 naturae,
767 4419 834 4459 ex
887 4403 1099 4459 mortali
1144 4402 1502 4459 immortalem
1544 4401 1683 4473 apud
1719 4401 1822 4456 Pa-

244 4503 385 4550 trem
434 4492 643 4560 futurae,
684 4496 736 4548 in
784 4494 889 4549 hoc
931 4494 1366 4563 przedestinando
1417 4491 1617 4548 factum
1654 4491 1821 4547 fuisse

1929 3306 2106 3347 essem
2136 3307 2260 3347 cum
2289 3293 2389 3358 eis,
2422 3308 2525 3365 ego
2558 3294 2841 3349 servabam
2866 3311 2982 3362 eos,
3018 3315 3037 3348 ι
3072 3297 3219 3352 velut
3242 3297 3354 3367 jam
3385 3314 3505 3354 cum

1926 3383 2006 3438 eis
2032 3383 2320 3453 praesentia
2366 3399 2472 3439 non
2515 3393 2679 3441 esset.
2729 3386 2808 3441 Eo
2849 3388 3011 3442 modo
3032 3389 3178 3444 enim
3200 3390 3507 3462 signiﬁcare

1924 3474 2094 3530 voluit
2138 3478 2510 3533 ascensionem
2552 3493 2681 3534 mox
2721 3478 2983 3545 futuram,
3048 3481 3116 3536 de
3169 3496 3276 3552 qua
3317 3482 3450 3538 dicit
3488 3500 3502 3537 :

1931 3586 1949 3621 ο
1984 3568 2136 3626 Nunc
2164 3578 2342 3625 autem
2369 3571 2438 3626 ad
2470 3580 2519 3625 te
2553 3572 2732 3627 venio.
2760 3593 2779 3624 ›
2807 3572 2984 3630 [turus
3009 3576 3196 3646 utique
3222 3576 3291 3633 ad
3317 3576 3503 3632 dexte-

1924 3676 2038 3716 ram
2067 3660 2265 3727 Patris,
2305 3662 2428 3716 inde
2454 3670 2713 3718 venturus
2739 3671 2822 3718 est
2867 3664 2937 3719 ad
2974 3665 3126 3720 vivos
3161 3673 3217 3721 et
3263 3674 3506 3741 mortuos

1916 3750 2238 3820 iudicandos
2268 3751 2554 3822 pnesentia
2594 3754 2882 3825 corporali,
2922 3756 3223 3812 secundum
3256 3755 3385 3811 ﬁdei
3417 3773 3504 3812 re-

1922 3844 2123 3917 gulam,
2154 3859 2451 3915 sanamque
2495 3844 2817 3901 doctrinam.
2849 3847 2983 3902 Nam
3032 3848 3323 3920 praesentia
3347 3848 3507 3918 spiri-

1925 3937 2015 3993 tali
2040 3952 2162 3993 cum
2191 3938 2271 3994 eis
2299 3947 2419 3995 erat
2466 3952 2700 4009 semper,
2732 3948 2787 3995 et
2833 3955 2956 3995 cum
2994 3949 3108 3996 tota
3132 3940 3377 3996 Ecclesia
3408 3956 3504 3995 sua

1923 4034 1977 4084 in
2008 4031 2111 4085 hoc
2155 4030 2356 4086 mundo
2388 4045 2561 4100 usque
2612 4033 2682 4088 ad
2734 4032 3258 4089 consummationem
3301 4032 3502 4088 smeuli.

1922 4119 2076 4189 Quod
2115 4137 2246 4177 vero
2293 4123 2391 4189 ait,
2441 4124 2509 4178 ad
2547 4125 2831 4194 superiora
2860 4125 3187 4181 redeamus:
3228 4145 3245 4176 ι
3281 4125 3506 4181 Manife-

1922 4214 2058 4269 stavi
2089 4230 2285 4270 nomen
2334 4224 2485 4270 tuum
2527 4215 2856 4281 hominibus,
2909 4231 3044 4286 quos
3074 4216 3267 4272 dedisti
3293 4217 3446 4283 mihi,
3479 4237 3497 4269 ι

1922 4321 2029 4362 non
2052 4306 2183 4363 illud
2204 4322 2400 4363 nomen
2420 4308 2563 4379 quod
2591 4308 2731 4364 Deus
2750 4323 2832 4376 es,
2859 4309 2954 4365 sed
2980 4308 3110 4364 illud
3135 4324 3331 4364 nomen
3359 4308 3503 4378 quod

1921 4401 2082 4457 Pater
2122 4416 2273 4458 meus
2327 4417 2407 4469 es,
2437 4402 2582 4472 quod
2632 4400 2970 4457 manifestari
3016 4416 3120 4455 non
3170 4407 3348 4470 potest
3384 4399 3503 4454 sine

1924 4494 2069 4548 illius
2123 4493 2245 4548 Filii
2286 4493 2742 4550 manifestatione.
2795 4492 2932 4547 Nam
2970 4506 3096 4555 vere
3140 4489 3270 4544 illud
3306 4502 3501 4543 nomen

242 4597 533 4657 antequam
570 4558 801 4644 mundus
823 4558 986 4655 esset,
1017 4587 1160 4656 quod
1204 4588 1259 4641 in
1294 4586 1498 4641 mundo
1532 4586 1696 4641 etiam
1723 4601 1821 4641 suo
1850 4558 1900 4618 υ
1927 4585 2071 4655 quod
2120 4586 2261 4640 Deus
2293 4595 2400 4651 est,
2450 4584 2583 4640 nulli
2632 4592 2843 4640 naturae
2870 4581 3121 4637 rationali
3169 4580 3499 4651 incognitum

242 4687 486 4749 tempore
542 4677 716 4745 ﬁeret,
769 4678 909 4734 sicut
958 4677 1026 4733 de
1075 4677 1233 4734 nobis
1280 4677 1419 4732 dixit
1466 4676 1753 4747 Apostolus
1805 4695 1816 4730 :

245 4790 263 4821 ι
310 4769 466 4825 Sicut
499 4770 660 4840 elegit
706 4785 805 4826 nos
836 4769 890 4825 in
936 4769 1053 4839 ipso
1091 4777 1216 4825 ante
1264 4768 1449 4824 mundi
1479 4768 1822 4824 constitutio-

241 4880 367 4920 nem
399 4862 616 4935 (Ephes.
643 4864 706 4935 ι).
742 4884 759 4917 ι
791 4863 901 4919 Nec
934 4862 1228 4918 formidare
1256 4862 1514 4918 debemus
1548 4860 1824 4932 praedesti-

240 4966 429 5012 natum
480 4958 659 5013 dicere
693 4956 886 5011 Filium
930 4957 1026 5011 Dei
1063 4957 1357 5012 secundum
1400 4955 1818 5021 humanitatem,

238 5047 335 5117 qui
376 5047 431 5101 in
466 5057 706 5117 tempore
741 5062 840 5103 suo
880 5048 1028 5104 venit
1071 5048 1126 5102 in
1168 5047 1447 5111 mundum,
1487 5054 1611 5101 ante
1637 5053 1817 5102 tamen

239 5139 421 5195 omnia
460 5144 701 5209 tempora
729 5139 1149 5211 prmdestinatus
1168 5146 1269 5193 est.
1307 5136 1441 5191 Illud
1469 5145 1650 5193 autem
1678 5152 1817 5207 prae-

239 5230 570 5285 destinatum
602 5230 725 5297 fuit,
761 5231 907 5300 quod
941 5220 1181 5286 nonduin
1213 5238 1331 5286 erat
1357 5237 1420 5284 ut
1446 5228 1621 5294 ﬁeret,
1675 5229 1821 5298 quod

240 5324 384 5380 Deus
407 5324 577 5379 voluit
609 5333 670 5378 ut
702 5333 879 5390 esset,
917 5324 982 5380 de
1018 5340 1125 5394 qua
1159 5322 1638 5395 przedestinatione
1672 5321 1818 5392 Apo-

238 5415 411 5471 stolus
436 5417 511 5471 ait
545 5417 600 5471 in
627 5417 851 5487 epistola
877 5417 944 5471 ad
969 5416 1247 5471 Romanos
1282 5430 1295 5468 :
1334 5433 1352 5465 ι
1390 5414 1491 5481 Qui
1520 5413 1699 5469 factus
1731 5421 1817 5469 est

236 5509 288 5564 ei
326 5524 393 5564 ex
422 5508 627 5565 semine
672 5509 838 5564 David
881 5510 1175 5564 secundum
1214 5522 1456 5573 carnem,
1488 5507 1577 5577 qui
1609 5507 1815 5577 praede-

237 5602 473 5658 stinatus
505 5610 588 5658 est
616 5602 783 5658 Filius
803 5602 971 5657 Deiin
1000 5600 1201 5656 virtute
1233 5599 1412 5671 (Rom.
1449 5602 1511 5669 ι).
1552 5620 1570 5652 ι
1603 5599 1812 5656 Secun-

236 5693 365 5749 dum
394 5693 534 5748 hanc
574 5692 1097 5764 praedestinationem
1144 5692 1307 5747 etiam
1354 5690 1686 5747 clariﬁcatus
1732 5700 1816 5748 est

235 5789 526 5854 antequam
576 5785 1009 5847 mundusesset,
1058 5791 1305 5839 utaesset
1339 5782 1557 5838 claritas
1598 5781 1717 5852 ejus
1743 5798 1810 5839 ex

1926 4677 2249 4734 omnimodis
2275 4693 2395 4733 esse
2419 4678 2649 4747 putavit.
2687 4676 2814 4731 Hrec
2852 4683 2936 4731 est
2956 4674 3101 4729 enim
3134 4673 3245 4728 vita
3269 4673 3386 4744 ejus
3410 4672 3500 4727 Di-

1928 4771 2185 4838 vinitatis,
2236 4779 2297 4825 ut
2342 4778 2604 4826 creaturae
2654 4768 2908 4824 rationali
2948 4782 3057 4822 non
3105 4765 3325 4825 omnino
3352 4766 3501 4822 inco-

1925 4859 2105 4931 gnitus
2152 4859 2326 4930 possit
2362 4859 2619 4916 abscondi
2666 4857 2907 4927 exceptis
2946 4856 3154 4927 paucis,
3199 4855 3256 4911 in
3305 4854 3502 4926 quibus

1928 4961 2117 5007 natura
2166 4952 2443 5008 rationalis
2494 4952 2720 5008 nimium
2750 4951 3042 5022 depravata
3072 4957 3175 5006 est.
3207 4949 3501 5020 Propemo—

1926 5047 2052 5103 dum
2074 5061 2262 5103 omnes
2289 5054 2476 5117 gentes
2504 5046 2671 5103 Deum
2696 5058 2817 5101 esse
2838 5044 3096 5110 fatentur,
3122 5044 3248 5100 licet
3273 5043 3499 5100 diversis

1922 5140 2199 5196 erroribus
2254 5154 2547 5210 agnoscere
2606 5138 2984 5208 impediantur.
3049 5136 3202 5205 Quod
3255 5151 3384 5191 vero
3445 5135 3498 5189 in

1923 5230 2153 5288 Psalmis
2177 5232 2394 5303 legitur,
2420 5248 2438 5281 ι
2467 5228 2702 5284 Notusin
2725 5228 2909 5285 Judzea
2924 5225 3252 5299 Deus(Psal.
3270 5226 3453 5295 Lxxv),
3476 5244 3494 5277 ›

1925 5327 2215 5389 indicatur,
2270 5324 2397 5395 quia
2438 5324 2680 5397 legitimo
2732 5323 2879 5380 cultu
2914 5322 3289 5378 tantummodo
3330 5319 3500 5376 Judaei

1924 5417 2094 5474 Deum
2123 5433 2310 5475 verum
2343 5426 2713 5489 cognoverunt
2731 5426 2786 5473 et
2819 5417 3118 5474 coluerunt.
3154 5415 3212 5470 ln
3235 5415 3338 5468 hoc
3365 5426 3494 5469 vero

1919 5511 2071 5582 quod
2090 5511 2252 5567 Pater
2295 5511 2518 5578 Christi,
2543 5526 2642 5583 per
2674 5526 2834 5582 quem
2872 5511 3010 5567 tollit
3034 5517 3257 5580 peccata
3282 5505 3488 5571 mundi,

1918 5604 2134 5675 ignotus
2183 5603 2281 5660 fuit
2311 5613 2601 5677 antequam
2647 5606 2886 5663 venisset
2911 5604 3159 5661 Christus
3185 5604 3236 5657 in
3267 5601 3487 5666 mundo,

1917 5695 2019 5749 nisi
2052 5703 2258 5749 tantum
2296 5696 2491 5765 quibus
2515 5696 2654 5752 Deus
2681 5712 2780 5767 per
2794 5696 3056 5766 Spiritum
3084 5704 3330 5749 sanctum
3371 5708 3495 5763 pro-

1914 5788 2111 5857 phetiae
2140 5789 2396 5868 revolavit
2428 5789 2531 5843 hoc
2553 5789 2873 5861 mysterium
2901 5803 3155 5856 magnum
3184 5796 3235 5840 et
3266 5787 3497 5840 abscon-
