4014 6354
596 377 703 434 539

1224 371 1577 429 HAYMONIS
1617 328 2090 429 HALBERSTAT.
2137 370 2346 428 EPISC.
2388 372 2535 429 OPP.
2577 372 2754 430 PARS
2794 374 2855 428 ll.
2898 405 2937 416 -
3007 375 3240 432 HOMIL.
3753 385 3836 440 {illi

600 499 791 564 dltum,
824 497 926 551 hoc
960 501 1083 565 post
1128 490 1415 554 adventum
1456 492 1572 561 ejus
1598 492 1650 546 in
1674 492 1877 547 mundo
1906 491 2168 561 praedica—
2199 489 2253 551 Α·
2352 506 2369 537 ι
2406 487 2472 542 Ει
2512 488 2621 559 jam
2669 503 2774 543 non
2832 505 2950 544 sum
2998 490 3211 561 (inquit)
3263 492 3317 545 in
3373 493 3599 557 mundo,
3652 496 3834 553 etbiiu

600 599 713 643 tum
743 594 827 643 est
867 584 1137 655 gentibus,
1166 582 1430 638 creditum
1485 590 1571 638 est
1608 583 1662 637 in
1710 583 1813 639 hoc
1842 584 2059 647 mundo,
2088 598 2172 637 as-

599 686 871 748 sumptum
904 677 961 730 in
1001 675 1196 744 gloria.
1237 674 1389 741 Quod
1418 689 1547 730 vero
1570 675 1819 740 addidit,
1855 695 1874 726 ι
1915 675 2174 746 ῳιοεδὰε-

598 772 720 827 dlsti
747 769 900 836 mihi,
935 774 967 821 »ε
991 769 1093 823 hoc
1112 776 1195 823 est
1222 769 1365 838 quod
1395 769 1552 836 paulo
1580 776 1703 823 ante
1727 769 1864 823 dixit
1894 787 1907 823 :
1946 787 1964 820 ι
2004 768 2172 825 Nemo

534 904 545 920 .
595 869 773 933 potest
795 860 1070 916 vebiread
1100 873 1207 925 me,
1230 859 1333 914 nisi
1363 858 1529 913 Pater
1553 860 1644 929 qui
1669 874 1755 913 me
1788 860 1957 925 misit,
1988 868 2169 914 traxe-

595 953 673 1006 rit‘
693 962 812 1006 eum
837 950 1017 1022 (Joan.
1041 949 1140 1020 vt).
1172 969 1192 1003 ι
1223 969 1241 1000 ι
1268 948 1417 1017 Quos
1435 950 1776 1004 dedistimihi
1802 950 1871 1004 de
1898 951 2118 1015 mundo,
2148 968 2165 1001 ι
2202 1011 2223 1023 ο

595 1045 698 1099 hoc
719 1052 821 1107 est,
850 1042 1047 1112 quibus
1069 1042 1241 1114 gratia
1274 1055 1373 1111 per
1398 1043 1862 1111 regenerationem
1905 1043 2007 1098 hoc
2027 1055 2168 1113 prae-

595 1134 750 1197 stitit,
794 1149 900 1188 non
944 1133 1141 1204 quibus
1185 1140 1376 1187 natura
1404 1148 1502 1203 per
1546 1134 1895 1189 nativitatem
1920 1132 2167 1190 contulit.

592 1226 732 1295 Quid
774 1236 858 1281 est
912 1227 1065 1296 quod
1097 1226 1358 1295 sequitur,
1394 1244 1413 1277 ι
1469 1225 1568 1280 Tui
1600 1235 1776 1305 erant,
1810 1234 1866 1281 et
1906 1226 2038 1281 mihi
2078 1240 2171 1281 eos

596 1320 833 1376 dedisti?
857 1339 876 1372 ι
898 1321 949 1375 in
979 1319 1314 1374 humanitate
1330 1320 1468 1374 hanc
1484 1328 1802 1389 potestatem
1821 1335 1880 1375 se
1898 1320 2171 1390 accepisse

590 1426 621 1465 ει
650 1410 811 1465 Patre
847 1410 998 1474 dicit,
1050 1418 1108 1464 ut
1150 1424 1242 1465 eos
1282 1408 1501 1465 haberet
1560 1426 1696 1480 quos
1725 1411 1886 1466 Pater
1924 1411 2084 1483 elegit
2117 1420 2172 1467 et

590 1501 997 1573 praedestinavit
1040 1508 1164 1556 ante
1198 1502 1642 1557 constitutionem
1690 1503 1897 1568 mundi,
1940 1518 2044 1557 non
2078 1518 2167 1558 so-

590 1594 699 1647 lum
750 1593 931 1659 Pater,
970 1592 1073 1648 sed'
1107 1592 1277 1648 Filius
1322 1599 1375 1648 et
1423 1592 1656 1664 Spiritus
1702 1602 1944 1659 sanetus,
1998 1601 2058 1648 ut
2100 1595 2170 1648 sit

591 1700 756 1739 unum
781 1701 918 1762 opus
939 1695 1138 1742 sanctas
1169 1684 1449 1741 Trinitatis
1500 1687 1876 1757 inseparabilis
1911 1697 1967 1742 et
1989 1689 2165 1744 omni-

592 1777 751 1832 modo
772 1776 1011 1860 :equalis.
1044 1776 1301 1847 Sequitur
1336 1795 1348 1830 :
1386 1795 1405 1828 ι
1446 1777 1513 1832 Et
1541 1792 1847 1833 sermonem
1885 1786 2033 1832 tuum
2056 1793 2169 1833 ser-

588 1852 869 1926 vaverunt.
899 1870 1051 1927 Nune
1074 1880 1457 1943 cognoverunt,
1484 1871 1610 1941 quia
1626 1871 1807 1925 omnia
1827 1886 1947 1941 quae
1970 1871 2164 1927 dedisti
2198 1852 2241 1912 Β

590 1961 753 2026 mihi,
787 1962 884 2017 abs
928 1971 978 2017 te
1019 1970 1167 2017 sunt.
1217 1982 1236 2013 ι
1264 1961 1321 2016 ld
1366 1972 1469 2026 est,
1513 1962 1815 2018 didicerunt
1849 1963 1990 2032 quod
2032 1963 2166 2016 nihil

588 2052 821 2108 alienum
840 2062 923 2109 est
952 2055 1005 2108 in
1034 2068 1121 2108 me
1152 2062 1306 2107 extra
1341 2062 1415 2120 te,
1455 2061 1509 2109 et
1542 2054 1686 2124 quod
1717 2068 2048 2125 quaecunque
2077 2056 2168 2111 do-

587 2159 701 2211 eeo,
733 2153 821 2199 tua
848 2152 990 2200 sunt.
1024 2143 1197 2200 Simul
1236 2146 1379 2199 enim
1422 2144 1587 2200 Pater
1623 2145 1769 2201 dedit
1807 2147 2007 2214 omnia,
2042 2162 2164 2202 cum

588 2237 791 2307 genuit,
824 2237 949 2306 quia
979 2236 1140 2292 habet
1163 2244 1219 2290 ct
1243 2235 1445 2300 omnia,
1473 2236 1612 2291 sicut
1636 2235 1687 2290 in
1710 2238 1984 2307 prioribus
2006 2236 2166 2306 hujus

586 2328 859 2402 Evangelii
904 2330 1018 2400 ipse
1046 2331 1310 2385 Dominus
1355 2330 1486 2383 dicit
1526 2349 1540 2383 :
1579 2349 1596 2381 ι
1643 2328 1797 2385 Sicut
1829 2331 1971 2385 enim
2003 2331 2167 2385 Pater

584 2420 747 2473 habet
774 2422 937 2475 vitam
964 2430 1224 2477 aeternam
1259 2421 1312 2474 in
1339 2422 1649 2490 semetipso,
1680 2422 1763 2477 sic
1786 2421 1930 2476 dedit
1954 2431 2008 2477 et
2032 2423 2165 2479 Filio

585 2511 747 2565 vitam
772 2512 969 2567 habere
990 2514 1041 2567 in
1065 2514 1356 2583 semetipso
1379 2511 1562 2583 (Joan.
1596 2517 1673 2583 v),
1710 2533 1728 2565 ι
1770 2513 1823 2568 id
1848 2522 1951 2578 est,
1983 2516 2167 2585 genuit

584 2602 778 2657 Filium
806 2604 968 2658 vitam
996 2604 1283 2658 habentem
1328 2605 1381 2658 in
1423 2606 1736 2674 semetipso.
1777 2624 1794 2655 ι
1834 2603 1970 2671 Quia
1997 2604 2163 2659 verba

585 2706 704 2761 quae
733 2693 931 2749 dedisti
968 2693 1122 2760 mihi,
1159 2694 1277 2749 dedi
1310 2695 1407 2758 eis,
1442 2702 1495 2747 et
1524 2695 1623 2764 ipsi
1665 2702 2009 2764 acceperunt,
2050 2714 2068 2746 ι
2111 2695 2162 2749 id

586 2791 693 2847 est,
721 2783 1110 2839 intellexerunt
1142 2795 1304 2855 atque
1345 2794 1650 2840 tenuerunt.
1682 2785 1839 2840 Dedit
1869 2786 1948 2841 eis
1975 2787 2158 2852 verba,

585 2873 722 2927 sicut
755 2875 910 2941 dixit,
948 2883 1070 2945 qua:
1096 2877 1243 2932 dedit
1280 2878 1328 2932 ei
1364 2877 1543 2944 Pater,
1572 2877 1665 2932 sed
1697 2878 1911 2946 quando
1941 2878 2027 2932 illa
2053 2893 2157 2934 non

585 2966 716 3021 foris
760 2967 814 3022 in
862 2968 1100 3035 auribus,
1148 2970 1240 3024 sed
1278 2970 1594 3039 spiritaliter
1640 2982 1990 3039 acceperunt,
2028 2979 2159 3026 tunc

584 3074 712 3115 vere
735 3069 1081 3130 acceperunt,
1114 3062 1237 3131 quia
1284 3070 1410 3117 tunc
1441 3075 1566 3115 vere
1595 3069 1984 3132 cognoverunt.
2019 3060 2158 3116 Vere

586 3161 765 3206 autem
795 3162 1179 3222 cognoverunt,
1205 3155 1331 3223 quia
1358 3168 1484 3208 vere
1512 3154 1880 3209 crediderunt.
1906 3153 2016 3211 Sed
2042 3156 2156 3210 haec

2282 600 2298 630 ι
2328 581 2526 636 mundo
2568 590 2710 636 sunt.
2744 600 2762 632 ι
2819 580 3099 652 Signiﬁcat
3150 582 3338 637 horam
3378 599 3488 653 qua
3541 586 3836 644 transiturus

2262 680 2391 725 erat
2420 686 2485 725 ex
2538 672 2641 728 hoc
2695 672 2913 736 mundo,
2967 680 3025 727 et
3075 673 3236 727 verbo
3283 674 3575 744 praesentis
3613 681 3837 748 temporis

2274 777 2401 818 usus
2430 768 2514 818 est
2559 778 2656 834 pro
2701 763 2904 829 futuro,
2955 763 3079 834 quia
3122 765 3263 834 quod
3290 765 3402 820 cito
3445 774 3566 819 erat
3603 764 3833 837 futumm,

2273 859 2425 928 quasi
2457 858 2654 913 factum
2684 868 2847 923 esset,
2880 860 3033 916 dixit.
3066 860 3216 926 Quod
3240 870 3427 917 autem
3462 863 3565 928 ait,
3602 882 3619 913 ι
3653 873 3705 918 et
3722 866 3767 920 hi
3793 868 3835 923 in

2272 951 2470 1006 nume
2492 960 2641 1019 sunt,
2671 971 2689 1002 ι
2724 950 2994 1023 signiﬁcat
3011 966 3124 1017 eos,
3145 953 3211 1008 ad
3225 968 3363 1024 quos
3387 954 3726 1024 loquebatur,
3744 966 3832 1012 tar-

2272 1040 2393 1095 dius
2420 1042 2650 1096 transirc
2686 1057 2753 1096 ex
2801 1043 2903 1097 hoc
2956 1042 3171 1097 mundo.
3231 1042 3474 1098 Necesse
3528 1054 3613 1099 est
3639 1046 3768 1100 enim
3790 1056 3833 1102 ut

2272 1131 2347 1185 illi
2373 1142 2733 1198 remanerent,
2775 1150 2871 1203 per
2911 1149 3046 1202 quos
3072 1134 3469 1203 praedicaretur
3506 1151 3697 1191 nomen
3743 1135 3831 1205 ejus

2272 1232 2515 1278 sanctum
2573 1224 2624 1277 in
2680 1225 2898 1279 mundo.
2950 1224 3364 1295 Praevidensque
3416 1226 3563 1294 quod
3613 1241 3701 1281 eos
3740 1243 3831 1281 mo-

2272 1332 2400 1371 vere
2446 1318 2636 1387 possit,
2682 1318 2774 1388 qui
2823 1318 3073 1372 audirent
3108 1317 3223 1372 haec
3253 1334 3378 1388 qua:
3434 1318 3712 1388 eligerent,
3755 1321 3828 1375 ad-

2265 1406 2430 1476 jecit:

2347 1517 2366 1548 ι
2399 1497 2551 1553 Νιιιιε
2580 1507 2758 1554 autem
2789 1499 2854 1553 ad
2879 1507 2929 1553 te
2956 1499 3115 1564 vado,
3144 1517 3163 1549 ι
3190 1499 3534 1554 ascensionis
3560 1499 3738 1571 gloria,
3759 1516 3830 1570 per

2268 1603 2431 1657 quam
2459 1588 2697 1644 elevatus
2724 1600 2813 1644 est“
2836 1591 2998 1644 homo
3026 1605 3188 1659 super
3207 1590 3555 1645 altitudinem
3604 1593 3825 1647 calorum

2271 1688 2326 1735 et
2354 1682 2595 1735 omnium
2626 1681 2991 1753 angelicarum
3040 1690 3368 1751 potestatum
3423 1683 3733 1751 dignitates,
3772 1683 3825 1737 ita

2271 1782 2331 1829 ut
2357 1774 2411 1829 in
2445 1775 2665 1831 dextera
2692 1775 2787 1830 Dei
2817 1774 2996 1828 Patris
3025 1774 3403 1831 collocaretur.

2834 1912 3114 1969 HOMILIA
3147 1909 3301 1970 XCV.

2560 2042 2609 2080 IN
2639 2042 2725 2081 DIE
2751 2042 2955 2083 εΑιιετο
2987 2044 3318 2084 ASCENSIONIS
3349 2044 3566 2087 DONINI—

2336 2140 2492 2211 (Acr.
2538 2142 2601 2213 ι.)
2641 2160 2658 2192 ‹
2710 2142 2948 2198 Primum
3006 2145 3221 2213 quidem
3278 2159 3594 2201 sermonem
3650 2146 3739 2202 l‘eci
3777 2149 3824 2201 de

2272 2250 2291 2283 ι
2320 2233 2592 2299 omnibus,
2624 2232 3003 2305 o’TheOphile,
3049 2252 3169 2306 qum
3198 2239 3366 2309 coepit
3395 2238 3563 2295 Jcsns
3604 2240 3764 2295 facere
3783 2250 3823 2295 et

2270 2342 2289 2376 ι
2325 2325 2538 2380 docere.
2584 2345 2603 2377 ι
2640 2325 2707 2379 Ει
2752 2326 2977 2397 reliqua.
3035 2327 3215 2383 Lucas
3254 2330 3617 2402 evangelista,
3665 2331 3821 2385 fratres

2264 2414 2593 2479 charissimi,
2616 2416 2707 2485 qui
2730 2431 2896 2471 unum
2926 2433 2991 2473 ex
3022 2427 3255 2487 quatuor
3280 2420 3595 2492 Evangeliis
3623 2422 3819 2491 scripsit,

2264 2505 2381 2573 ipse
2406 2506 2570 2559 etiam
2597 2506 2793 2562 librum
2830 2508 3060 2564 Actuum
3092 2510 3485 2580 apostolorum,
3533 2512 3672 2567 unde
3711 2526 3821 2566 nunc

2263 2612 2511 2666 praesens
2531 2599 2695 2655 lectio
2719 2608 2896 2666 sonat,
2927 2601 3133 2656 edidit:
3186 2602 3276 2657 ubi
3304 2612 3365 2657 et:
3402 2604 3663 2673 primitus
3689 2602 3749 2655 de
3766 2601 3824 2654 ul-

2263 2689 2401 2744 timo
2449 2691 2696 2746 convivio
2731 2693 2875 2760 quod
2925 2692 3206 2748 Dominus~
3228 2705 3349 2763 post
3400 2693 3823 2749 resm-rcctionem

2264 2796 2415 2837 suam
2445 2798 2566 2836 cum
2596 2783 2873 2852 discipulis
2901 2785 3013 2838 suis
3044 2786 3250 2852 habuit,
3284 2787 3449 2843 simul
3493 2798 3550 2841 et
3576 2787 3641 2839 de
3660 2799 3826 2838 ascen-

2263 2874 2412 2928 sione
2442 2876 2558 2944 ejus
2587 2875 2651 2929 ad
2679 2874 2899 2940 cmlum,
2933 2892 3095 2944 quam
3123 2879 3285 2934 hodie
3315 2879 3683 2941 celebramus,
3704 2892 3825 2929 men-

2263 2965 2464 3019 tionem
2514 2964 2661 3020 fecit.
2714 2966 3006 3020 Exordium
3055 2968 3197 3022 enim
3248 2970 3416 3039 ipsius
3460 2971 3597 3024 libri
3624 2971 3693 3023 ita
3724 2976 3819 3023 est:

2265 3072 2284 3105 ι
2314 3053 2551 3108 Primum
2600 3055 2817 3124 quidem
2870 3071 3173 3111 sermonem
3206 3057 3332 3123 feci,
3368 3077 3385 3107 υ
3423 3060 3478 3112 id
3511 3067 3600 3112 est
3630 3058 3824 3127 Evange-

2260 3143 2413 3211 lium,
2439 3162 2461 3196 ι
2492 3145 2558 3200 de
2585 3145 2899 3213 omnibus,o
2927 3147 3221 3219 Theophile
3258 3169 3274 3199 ι
3302 3149 3586 3219 episcope,
3606 3150 3702 3219 qui
3722 3148 3821 3201 hunc

584 3243 766 3306 verba,
796 3216 916 3312 quae
959 3243 1090 3298 dicit
1137 3216 1305 3299 Filius
1331 3244 1545 3299 dedisse
1571 3245 1673 3299 sibi
1718 3244 1952 3311 Patrem,
1986 3246 2063 3300 sic
2094 3246 2160 3300 ad

2267 3248 2352 3288 me
2375 3234 2570 3288 librum
2594 3236 2827 3290 Acutum
2845 3238 3208 3306 apostolorum
3231 3240 3477 3293 scribere
3497 3239 3675 3309 cogis,
3698 3257 3714 3289 ι
3737 3250 3819 3305 qua

585 3332 881 3388 divinitatis
906 3334 1169 3388 unitatem
1197 3335 1568 3405 intelliguntur
1589 3336 1879 3405 pertinere.
1905 3336 1982 3391 Eo
2006 3337 2163 3392 modo

586 3427 731 3481 dedit
755 3427 916 3481 verba
944 3426 1105 3481 Pater
1128 3428 1291 3494 Filio,
1316 3442 1423 3499 quo
1449 3429 1633 3499 genuit
1660 3427 1901 3484 Verbum
1936 3438 2161 3485 cozetcr-

586 3533 713 3573 num
744 3520 863 3573 sibi.
897 3519 1155 3588 Sequitur
1186 3538 1200 3575 :

659 3630 677 3662 ι
725 3612 836 3681 Ego
862 3627 960 3681 pro
992 3612 1071 3666 eis
1092 3627 1240 3684 rogo,
1273 3628 1377 3667 non
1408 3628 1506 3683 pro
1532 3614 1733 3669 mundo
1755 3628 1910 3684 rogo,
1938 3614 2032 3668 sed
2064 3628 2161 3683 pro

590 3721 608 3753 ι
654 3701 739 3756 his
768 3715 902 3771 quos
929 3702 1119 3758 dedisti
1144 3703 1293 3757 mihi.
1333 3723 1351 3755 ι
1383 3703 1505 3759 Haec
1530 3705 1675 3759 enim
1700 3704 1836 3758 dixit
1870 3704 2012 3759 inter
2035 3703 2159 3769 alia,

585 3791 710 3845 dum
753 3800 954 3856 oraret,
999 3806 1096 3861 pro
1121 3793 1200 3848 eis
1238 3807 1375 3863 quos
1404 3793 1551 3848 dedit
1580 3794 1629 3847 ei
1674 3793 1855 3847 Pater.
1902 3792 2161 3846 Mundam

586 3882 699 3937 vult
737 3883 897 3938 modo
937 3883 1180 3955 intelligi,
1221 3885 1309 3954 qui
1350 3885 1535 3938 vivunt
1573 3884 1870 3939 secundum
1904 3882 2162 3950 concupi-

584 3976 843 4031 scentiam
880 3978 1091 4044 mundi,
1132 3986 1185 4033 et
1215 3992 1319 4033 non
1357 3987 1481 4034 sunt
1510 3980 1561 4032 in
1599 3992 1659 4031 ea
1689 3977 1865 4030 sortiti
1902 3976 2156 4046 gratiam,

585 4080 642 4122 ut
673 4068 740 4122 ab
768 4067 858 4122 illo
882 4068 1148 4140 eligantur
1175 4082 1241 4122 ex
1272 4067 1492 4122 mundo.
1526 4065 1640 4121 Non
1672 4066 1853 4135 itaque
1879 4080 1978 4135 pro
2000 4079 2161 4119 mun-

586 4160 675 4223 do,
713 4159 806 4214 sed
850 4175 944 4229 pro
982 4161 1061 4215 eis
1098 4172 1231 4228 quos
1263 4159 1422 4213 Pater
1460 4158 1622 4220 dedit,
1656 4171 1850 4225 rogare
1895 4173 1954 4212 se
2005 4156 2156 4212 dicit.

584 4251 687 4307 Per
719 4252 820 4307 hoc
849 4252 1013 4317 enim,
1052 4251 1189 4320 quod
1214 4265 1305 4303 eos
1342 4248 1413 4302 illi
1443 4248 1735 4316 Paterjam
1762 4247 1932 4313 dedit,
1958 4246 2163 4303 factum

586 4356 667 4401 est
698 4354 753 4400 ιιι
786 4360 890 4400 non
932 4344 1237 4414 pertineant
1267 4341 1335 4393 ad
1369 4354 1492 4394 eum
1522 4340 1776 4393 mundum
1801 4354 1897 4410 pro
1920 4354 2028 4410 quo
2052 4356 2162 4397 non

585 4446 755 4505 rogat.
805 4434 1001 4489 Deinde
1041 4429 1349 4499 subjungit:
1386 4448 1407 4481 ι
1449 4428 1585 4496 Quia
1630 4431 1703 4483 tui
1741 4440 1884 4485 sunt.
1921 4451 1938 4483 ι
1979 4432 2163 4504 Neque

584 4528 727 4581 enim
758 4525 878 4595 quia
912 4522 1068 4575 Pater
1098 4519 1233 4573 Filio
1260 4521 1425 4586 dedit,
1465 4522 1648 4577 amisit
1672 4524 1786 4593 ipse
1820 4540 1957 4594 quos
1990 4524 2152 4591 dedit,

589 4631 708 4670 cum
733 4614 905 4667 adlmc
931 4610 1099 4664 Filius
1125 4619 1384 4681 sequatur
1407 4628 1471 4669 ac
1496 4612 1639 4669 dicat
1672 4632 1685 4667 :

659 4724 676 4754 ι
716 4704 781 4756 Ει
811 4716 928 4755 mea
956 4703 1135 4756 omnia
1162 4711 1248 4756 tua
1290 4713 1433 4769 sunt,
1461 4712 1517 4759 et
1541 4713 1629 4758 tua
1662 4719 1799 4760 mea.
1832 4726 1850 4758 ο
1900 4705 1999 4761 Ubi
2026 4708 2160 4763 satis

585 4802 803 4866 apparet
867 4795 1135 4863 quomodo
1166 4795 1421 4866 unigeniti
1473 4795 1595 4850 Filii
1656 4808 1778 4852 sunt
1827 4798 2005 4852 omnia
2038 4814 2159 4869 qua:

587 4888 773 4942 Patris.
808 4880 963 4942 Patet
982 4886 1084 4943 hoc
1104 4889 1285 4958 utique
1307 4889 1449 4958 quod
1476 4890 1637 4944 etiam
1670 4890 1783 4960 ipse
1812 4891 1953 4946 Deus
1976 4900 2077 4956 est,
2106 4900 2160 4946 et

585 4983 649 5037 de
673 4982 831 5035 Patre
867 4980 1010 5037 Patri
1040 4991 1123 5035 est
1166 4990 1321 5037 natus
1343 4982 1583 5052 aequalis.
1631 4982 1744 5037 Hoc
1785 4983 1928 5037 enim
1956 4983 2156 5037 dictum

584 5082 739 5128 estet
766 5076 1008 5130 rationali
1040 5085 1322 5141 creaturae,
1369 5091 1529 5147 quam
1573 5077 1733 5147 elegit
1764 5076 1923 5139 Deus,
1948 5083 2005 5130 et
2042 5090 2161 5144 quae

586 5168 796 5223 subdita
824 5177 907 5224 est
939 5168 1080 5223 Patri
1108 5178 1162 5224 et
1189 5168 1342 5234 Filio,
1386 5178 1445 5224 ut
1476 5169 1753 5239 aequaliter
1778 5169 1884 5223 sint
1913 5167 2088 5221 Patris
2108 5175 2160 5221 et

588 5260 725 5314 Filii.
761 5281 780 5312 ι
822 5262 887 5316 Ει
927 5262 1251 5318 clarificatus
1297 5278 1416 5318 sum
1465 5260 1683 5334 (inquit)
1734 5261 1785 5313 in
1821 5260 1921 5315 eis.
1955 5279 1972 5312 ο
2008 5258 2159 5316 Nunc

587 5366 737 5405 suam
767 5352 1225 5419 clariﬁcationem,
1261 5361 1513 5421 tanquam
1551 5350 1691 5404 facta
1732 5350 1821 5413 sit,
1856 5350 2004 5414 dicit,
2036 5366 2157 5404 cum

588 5443 762 5498 adhuc
807 5452 949 5499 esset
991 5442 1187 5499 futura.
1219 5461 1237 5494 ι
1272 5442 1611 5511 Clariﬁcatus
1660 5456 1777 5496 sum
1820 5442 1873 5494 in
1906 5442 2003 5506 eis,
2035 5461 2052 5493 ι
2106 5442 2159 5497 id

587 5540 689 5600 est,
719 5548 814 5605 per
832 5548 1018 5590 eorum
1045 5533 1478 5604 praedicationem
1502 5530 1826 5586 clariﬁcatus
1841 5548 1956 5587 sum
1973 5533 2022 5587 in
2049 5542 2160 5589 toto

590 5628 805 5682 nmndo.
836 5627 901 5681 Et
929 5630 1052 5697 quia
1077 5625 1510 5696 praedestinatum
1546 5634 1626 5678 est
1656 5634 1714 5679 nt
1753 5626 1925 5691 lieret,
1952 5637 2159 5682 certum

587 5718 757 5773 voluit
808 5735 927 5775 esse
980 5719 1122 5789 quod
1169 5717 1406 5773 futurum
1450 5726 1586 5784 erat,
1639 5719 1862 5789 ideoque
1904 5719 2161 5789 praeteriti

593 5810 849 5880 temporis
881 5808 1058 5864 verbis
1080 5825 1207 5864 usus
1227 5817 1328 5865 est.

2187 4578 2237 4638 1)

2268 3344 2288 3378 ε
2319 3328 2486 3397 cmpit
2510 3327 2686 3392 Jesus,
2714 3348 2734 3381 ›
2759 3331 2938 3399 primo
2969 3333 3119 3402 signa
3143 3334 3516 3397 monstrando,
3548 3332 3636 3387 vel
3658 3348 3714 3385 ea
3734 3346 3819 3401 qua:

2264 3418 2331 3473 ad
2382 3419 2625 3490 exempla
2667 3420 2789 3474 vitm
2837 3422 3202 3490 pertinebant,
3233 3440 3251 3474 ι
3292 3422 3477 3477 facere
3509 3432 3567 3477 et
3595 3443 3614 3476 ι
3669 3431 3816 3493 postea

2268 3526 2289 3563 ι
2325 3511 2540 3575 docere,
2574 3531 2595 3563 ›
2625 3512 2751 3581 quia
2776 3511 2936 3567 Iesus
2965 3514 3164 3568 bonum
3214 3516 3505 3570 doctorem
3546 3516 3813 3573 instituens.

2262 3603 2409 3675 nulla
2462 3604 2565 3657 nisi
2614 3618 2733 3673 quae
2768 3604 2949 3658 docuit
3002 3604 3145 3659 fecit.
3183 3624 3201 3656 ι
3258 3606 3441 3678 Usque
3493 3609 3551 3661 in
3576 3608 3709 3662 diem
3735 3619 3811 3674 qua

2269 3714 2288 3747 ι
2319 3696 2634 3765 przecipiens
2681 3696 2936 3765 apostolis
2984 3711 3081 3768 per
3109 3696 3370 3769 Spirittnn
3415 3709 3665 3755 sanetum
3707 3710 3809 3767 quos

2270 3807 2287 3838 ι
2317 3786 2492 3858 elegit,
2520 3797 2824 3858 assumptus
2844 3798 2945 3844 est.
2977 3810 2994 3841 ι
3031 3790 3174 3845 Daus
3200 3802 3475 3862 praecepta
3497 3799 3622 3846 ante
3644 3801 3810 3843 assum-

2261 3880 2500 3949 ptionem
2532 3881 2822 3935 observare
2871 3890 2926 3935 et
2971 3881 3285 3952 adimplere,
3338 3899 3462 3954 quae
3516 3882 3607 3937 vei
3643 3882 3693 3935 in
3734 3879 3807 3932 hoc

2262 3972 2400 4027 libro
2425 3972 2510 4027 vel
2540 3973 2844 4044 Evangeliis
2870 3974 3137 4045 leguntur.

2340 4081 2359 4115 ι
2389 4063 2595 4130 Quibus
2624 4072 2678 4119 et
2706 4066 2935 4135 praebuit
2971 4066 3204 4136 seipsum
3241 4068 3423 4122 vivum
3456 4068 3513 4121 in
3556 4064 3719 4121 multis
3742 4076 3803 4114 ar-

2270 4178 2288 4210 ¢
2327 4160 2612 4229 gumentis,
2645 4167 2766 4229 post
2795 4160 3101 4229 passionem
3154 4175 3304 4214 suam
3338 4176 3439 4230 per
3467 4160 3581 4215 dies
3613 4155 3804 4228 quadra-

2269 4276 2287 4303 ς
2317 4252 2463 4324 ginta
2492 4266 2756 4323 apparens
2784 4254 2884 4317 eis,
2911 4251 3212 4322 etloquens
3239 4253 3306 4308 de
3338 4269 3505 4326 regno
3537 4252 3644 4307 Dei.
3673 4270 3689 4302 ι
3724 4246 3802 4301 Per

2265 4344 2405 4398 hanc
2434 4343 2791 4414 quadraginta
2842 4343 3049 4398 dierum
3086 4358 3207 4398 eum
3239 4344 3521 4416 discipulis
3543 4344 3796 4398 conversa-

2265 4433 2463 4489 tionem
2506 4431 2789 4504 -signiﬁcat
2827 4434 3005 4487 onmia
3032 4448 3092 4488 se
3124 4442 3229 4487 tam
3262 4443 3449 4505 aperta
3481 4448 3634 4505 quam
3658 4423 3797 4484 occid.

2266 4536 2343 4594 ta,
2373 4542 2492 4597 qum
2519 4527 2863 4598 promiserat,
2924 4527 3289 4597 impleturum,
3322 4537 3382 4583 ut
3423 4529 3488 4584 de
3536 4524 3702 4582 multis
3734 4515 3795 4570 vel

2262 4635 2426 4674 unum
2457 4620 2720 4683 dicamus,
2759 4620 2903 4689 quod
2931 4620 3007 4675 ait
3032 4639 3044 4673 :
3082 4641 3098 4671 ι
3133 4621 3272 4675 Ecce
3296 4636 3397 4691 ego
3421 4622 3684 4676 vobiscum
3704 4622 3794 4666 sum

2262 4709 2511 4765 omnibus
2540 4709 2727 4763 diebus
2765 4725 2933 4779 usque
2986 4710 3052 4764 ad
3098 4712 3611 4767 consummationem
3655 4696 3792 4759 seculi

2263 4801 2479 4873 (Matth.
2513 4802 2726 4867 sxvm).
2763 4820 2781 4851 ι

2339 4909 2358 4941 ι
2402 4890 2469 4943 Et
2514 4904 2841 4946 eonvescens
2885 4892 3144 4961 prmeepit
3186 4892 3284 4957 eis,
3326 4892 3395 4947 ab
3459 4877 3790 4954 Hierosolymis

2270 4998 2289 5031 ι
2327 4995 2393 5035 ηε
2443 4979 2799 5047 discederent,
2858 4982 2950 5037 sed
3006 4991 3385 5052 exspectarent
3429 4977 3786 5053 promissionem

2273 5087 2293 5121 ι
2340 5070 2535 5125 Patris.
2571 5090 2589 5119 ι
2625 5069 2776 5137 Quod
2805 5072 2954 5126 cibos
2975 5086 3100 5125 cum
3130 5072 3405 5142 discipulis
3442 5067 3672 5139 sumpsit,
3710 5060 3785 5114 hoc

2268 5163 2387 5218 ideo
2415 5160 2542 5217 fecit
2569 5203 2585 5228 ,
2623 5172 2681 5216 ut
2730 5164 2973 5219 eamdem
3004 5178 3163 5233 quam
3193 5175 3436 5221 mortuus
3484 5156 3787 5219 suscitaveral

2266 5271 2505 5321 carnem,
2539 5255 2803 5326 palpando
2827 5252 2995 5326 atque
3015 5259 3313 5323 tractando,
3344 5272 3522 5313 veram
3566 5251 3783 5307 πιοηειη·

2264 5357 2346 5403 ret
2373 5346 2522 5417 (Luc.
2563 5347 2729 5417 xxxv).
2756 5345 3045 5416 Sequitur:
3087 5368 3105 5400 ι
3134 5349 3311 5417 Quam
3337 5348 3558 5406 audistis
3606 5330 3783 5410 (ἰηςιιίι)

2272 5461 2290 5493 ι
2320 5457 2414 5512 per
2434 5457 2495 5495 os
2509 5455 2707 5505 meum,
2732 5440 2855 5509 quia
2878 5440 3111 5496 Joannes
3123 5443 3338 5511 quidem
3359 5433 3635 5513 baptizavit
3653 5438 3777 5496 aqua,

2272 5555 2292 5588 ι
2329 5550 2421 5589 vos
2456 5544 2631 5589 autem
2660 5534 3061 5603 baptizabimini
3093 5535 3295 5604 Spiritu
3333 5542 3544 5595 sancto,
3571 5539 3663 5582 non
3686 5520 3781 5587 Ροθί

2272 5648 2290 5679 ι
2321 5626 2517 5681 multos
2537 5626 2780 5680 bosdies.
2813 5646 2829 5677 ι
2850 5625 3089 5680 Fuerunt
3116 5635 3294 5702 autem
3317 5627 3427 5697 jam
3457 5613 3779 5705 apostolia‘l'fa

2266 5719 2544 5788 baptizati,
2562 5719 2655 5773 sed
2672 5719 2907 5773 nondum
2931 5718 3132 5789 Spiritu
3161 5731 3352 5775 sancto
3366 5718 3597 5791 pleniter,
3621 5703 3699 5777 qui
3716 5703 3778 5750 eis

2267 5809 2600 5881 promittitur
2644 5817 2765 5881 post
2799 5809 3170 5866 ascensionem
3197 5809 3342 5865 illam
3367 5808 3584 5864 futurus.
3630 5793 3775 5857 N01“
