4014 6354
252 418 357 477 541

1460 408 1763 473 domum
1807 402 1895 472 ot:
1931 414 2276 476 TEMPORE.

3407 418 3511 475 542

253 544 435 590 autem
468 533 566 604 ipsi
586 530 833 603 apostoli,
862 546 1031 621 neque
1048 544 1387 586 successores
1409 542 1597 585 eorum
1625 530 1823 584 bucus-
1853 533 1900 590 A
1929 545 2059 601 pore
2104 544 2313 601 nostro,
2348 542 2404 588 ut
2446 533 2511 588 ad
2555 548 2617 589 ea
2646 546 2764 604 qua:
2810 531 3053 589 ﬁdelibus
3109 538 3231 587 sunt
3287 529 3509 601 praemia

251 640 361 698 que
413 626 466 678 in
500 620 741 677 Ecclesia
772 616 1107 691 aliter'quam
1131 620 1364 676 Joannes
1386 616 1649 690 Baptism,
1677 618 1729 674 id
1752 628 1835 674 est

251 714 310 771 i'n
334 712 473 786 aqua
495 710 771 785 baptizare
800 712 1052 769 volebant
1086 727 1101 766 :
1134 710 1237 768 sed
1265 722 1440 767 tamen
1469 712 1715 766 invocato
1740 726 1835 767 no-

254 810 400 863 mine
415 806 635 871 ChriSti,
656 804 707 862 id
720 816 804 863 eSt
825 808 1049 861 interior
1062 807 1233 861 virtus
1256 802 1488 875 Spirit'us
1504 805 1695 867 sancti,
1715 819 1834 874 qua:

253 902 474 956 homine
497 902 549 955 in
594 896 731 969 aqua
770 907 1041 969 mergente
1073 896 1229 953 simul
1268 896 1476 951 animas
1522 903 1578 950 et
1604 909 1831 966 corpora

250 990 520 1066 pnrilicet,
557 986 697 1063 quod
730 996 780 1047 in
808 991 1031 1047 Ioannis
1066 991 1389 1061 baptismate
1413 1004 1515 1043 non
1544 986 1725 1043 iiebat.

332 1106 350 1137 ι
381 1086 567 1156 igitur,
595 1084 685 1154 qui
716 1091 1076 1138 convenerant
1117 1081 1519 1151 interrogabant
1572 1094 1717 1143 eum,
1750 1077 1834 1132 di-

259 1197 278 1228 σ
304 1187 487 1232 centes
512 1174 787 1240 :Domine,
818 1174 930 1229 siin
957 1181 1199 1243 tempore
1221 1170 1585 1227 boc’rest’itues
1611 1183 1833 1240 regnum

258 1290 275 1320 ι
318 1268 519 1324 israel?
547 1288 563 1319 ι
590 1262 994 1335 Consequentur
1022 1266 1086 1321 de
1117 1280 1280 1335 regno
1302 1262 1405 1319 Dei
1428 1270 1832 1333 percontantur,

252 1370 436 1415 utrum
468 1359 719 1414 videlicet
762 1373 887 1412 mox
940 1356 1260 1412 adveniente
1291 1355 1494 1426 Spiritu
1544 1363 1732 1410 sancto
1778 1353 1833 1410 in

250 1453 503 1524 pnesenti
535 1461 678 1506 esset
723 1453 1136 1514 restituendum.
1187 1468 1254 1505 an
1294 1452 1348 1505 in
1401 1450 1581 1505 futuro
1633 1448 1835 1505 sanctis

248 1543 633 1599 reservandum
658 1543 880 1597 credere
909 1542 1185 1597 deberent.

330 1651 348 1682 ι
384 1632 525 1686 Dixit
552 1641 732 1686 autem
759 1632 875 1688 eis:
924 1630 1038 1687 Non
1086 1641 1169 1689 est
1217 1641 1457 1688 vestrum
1511 1646 1670 1687 nosse
1702 1642 1834 1687 tem-

258 1742 276 1774 ι
311 1737 440 1794 pora
476 1723 557 1777 vel
580 1733 871 1788 momenta,
902 1739 1021 1793 quae
1055 1722 1217 1779 Pater
1242 1724 1418 1795 posuit
1454 1724 1505 1777 in
1536 1728 1635 1778 sua’
1666 1722 1835 1793 ipsius

258 1836 275 1866 ι
318 1825 599 1886 potestate.
631 1836 648 1869 ι
683 1814 929 1873 Ostendit
952 1818 1076 1887 quia
1106 1833 1210 1872 non
1241 1818 1461 1888 expedit
1488 1831 1647 1872 nosse
1682 1815 1837 1873 nobis

1935 635 2254 695 przeparata,
2286 625 2569 696 pervenire
2596 638 2919 680 mereamur.

2479 711 2760 770 HOMILIA
2800 712 2983 770 XCVI.

2226 822 2278 861 IN
2309 818 2395 861 DIE
2418 821 2622 861 SANCTO
2648 821 2983 861 ASCENSIOMS
3004 814 3213 861 DOMINI.

2006 892 2198 967 (Mane.
2225 895 2360 965 xvr.)
2407 914 2426 947 ‹
2458 890 2515 950 In
2540 892 2629 950 illo
2654 896 2912 966 tempore,
2942 892 3396 973 qrecumbentibus
3417 908 3515 951 un-

1940 1006 1958 1038 ι
1995 982 2164 1042 dedim
2198 984 2490 1058 discipulis,
2515 982 2763 1057 apparuit
2788 984 2891 1041 illis
2907 984 3062 1041 J'estis
3088 990 3147 1042 er
3162 986 3511 1058 exprobravit

1941 1100 1960 1133 ι
1988 1080 2422 1136 incredulitatem
2444 1078 2677 1136 illorum.
2705 1090 2729 1133 ι·
2755 1076 2820 1134 Et
2847 1081 3069 1148 reliqua.
3098 1076 3436 1135 Ascensurus
3460 1080 3513 1136 ib

1935 1174 2139 1230 coelum‘
2160 1175 2435 1235 Dominus,
2486 1182 2541 1230 et
2583 1189 2683 1245 per
2723 1172 3057 1245 corp'Oraiem
3111 1174 3452 1243 praesentiam
3483 1188 3516 1228 a

1935 1262 2211 1337 discipulis
2251 1278 2586 1332 recessurus,
2630 1264 2886 1321 duritiam
2921 1264 3098 1320 cordis
3146 1266 3200 1319 et
3229 1263 3515 1319 inereduli.

1936 1366 2102 1412 tatem
2128 1357 2338 1413 illorum
2369 1358 2698 1428 exprobrare
2722 1350 2908 1419 Voluit,
2942 1363 3007 1406 ur
3043 1352 3279 1407 maculas
3305 1352 3518 1406 dubita-

1935 1448 2096 1502 tionis
2119 1456 2296 1503 sermo
2327 1450 2613 1503 mundaret’
2637 1443 3010 1516 correptionis.
3030 1442 3303 1497 immerito
3323 1442 3510 1496 novis»

1936 1536 2090 1605 sime,
2118 1552 2223 1594 non
2256 1538 2396 1610 quod
2425 1539 2598 1594 adhuc
2641 1540 2694 1593 in
2738 1534 3111 1592 incredulitate
3138 1535 3510 1603 persisterent,

1936 1631 2037 1685 Sed
2056 1631 2196 1701 quod
2253 1631 2483 1700 primum
2537 1642 2643 1685 non
2674 1628 3021 1685 crediderunt
3047 1625 3227 1681 citius.
3260 1624 3517 1696 Legimus

1940 1726 2080 1781 enim
2120 1727 2171 1780 in
2199 1724 2484 1797 Evangelio
2510 1723 2802 1780 secundum
2844 1723 3063 1784 Lucam,
3110 1719 3390 1789 quia.cum
3419 1718 3514 1772 de-

1940 1814 2361 1881 vot’mmuiieres
2390 1817 2545 1871 valde
2578 1812 2811 1870 diluculo
2843 1815 2909 1868 ad
2940 1810 3257 1882 sepulcrunl'
3301 1807 3516 1863 Demini

252 1906 570 1962 mortalibus
592 1907 730 1962 diem
755 1908 1054 1963 vocationis
1078 1916 1293 1974 nostra},
1314 1917 1392 1971 ut,
1418 1907 1836 1977 semperincerti
1863 1889 1917 1950 Β
1939 1910 2235 1976 venientes,
2263 1911 2522 1965 visionem
2557 1908 2871 1979 angelorum
2919 1905 3199 1971 vidissent,
3249 1903 3339 1975 qui
3373 1902 3518 1958 dice-

251 1998 320 2051 de
350 1998 581 2057 adventu
626 1996 841 2068 judicis,
900 2000 972 2053 ita
1015 1997 1242 2054 sollicite
1298 1998 1537 2069 quotidie
1567 1999 1830 2066 vivamus,

249 2088 405 2158 quasi
433 2089 518 2143 die
540 2088 642 2142 alia
669 2091 734 2143 ad
756 2090 1015 2160 judicium
1047 2104 1339 2160 properare
1364 2090 1675 2145 debeamus.

330 2198 349 2230 ι
389 2178 495 2234 Sed
545 2181 819 2250 accipietis
850 2181 1068 2252 (inquit)
1120 2182 1372 2236 virtutem
1405 2180 1833 2252 supervenientis

256 2270 281 2321 ι’
314 2268 554 2340 Spiritus‘
580 2272 749 2324 sancti
781 2271 833 2323 in
865 2284 978 2336 vos,
1012 2280 1066 2324 et
1095 2272 1245 2325 eritis
1294 2270 1425 2325 mibi
1457 2279 1619 2326 testes
1664 2271 1716 2325 in
1746 2269 1833 2326 Je-

257 2380 278 2412 ‹
315 2352 568 2423 rusaiem,
599 2370 653 2415 et
683 2361 733 2415 in
784 2362 931 2415 omni
979 2360 1161 2416 Iudaea
1207 2371 1263 2415 et
1288 2360 1557 2427 Samaria,
1585 2372 1640 2417 et
1666 2374 1835 2432 usque

255 2476 274 2506 ι
325 2456 392 2509 ad
418 2456 660 2509 ultimum
692 2462 867 2510 terrm.
902 2475 919 2507 ι
949 2456 1024 2510 Ac
1054 2456 1097 2510 si
1136 2454 1374 2510 diceret:
1420 2454 1531 2509 Non
1561 2456 1703 2510 enim
1737 2471 1833 2525 pu-

253 2556 373 2601 tare
407 2547 613 2601 debetis
642 2548 889 2602 veniente
921 2544 1133 2618 Spiritu’
1158 2556 1344 2603 sancto
1398 2549 1450 2602 in
1500 2563 1619 2613 vos,
1650 2548 1830 2603 statim

253 2636 414 2707 hujus
457 2637 639 2691 mundi
671 2637 783 2692 ﬁeri
816 2639 1352 2703 Consummationem,
1384 2638 1476 2694 sed
1518 2638 1670 2693 vobis
1716 2648 1833 2693 tan-

255 2743 366 2784 tum
395 2730 649 2784 virtutem
683 2730 749 2783 de
770 2745 854 2785 me
888 2728 1213 2785 testificandi
1241 2731 1500 2799 przcbere.

329 2840 347 2871 ι
386 2818 599 2875 Etcum
630 2812 742 2875 haec
792 2819 1033 2882 dixisset,
1069 2820 1372 2876 videntibus
1420 2816 1545 2888 illis,
1591 2821 1831 2877 elevatus

259 2932 275 2962 ι
312 2920 416 2975 est,
471 2919 525 2965 ct
577 2910 743 2964 nubes
788 2909 1026 2979 suscepit
1074 2924 1195 2964 eum
1239 2911 1306 2965 ab
1355 2911 1525 2965 oculis
1564 2926 1770 2965 eorum.
1805 2931 1823 2964 ι

256 3000 463 3073 Ubique
512 3006 763 3058 creatura
806 3001 1052 3057 Creatori
1083 3016 1181 3057 suo
1225 3012 1443 3072 pnrstat
1492 3003 1825 3073 obsequium.

254 3094 409 3147 Astra
442 3093 680 3149 indicant
726 3102 1059 3158 nascentem,
1090 3092 1385 3164 patientem‘
1411 3094 1709 3159 obnubttnt,
1739 3108 1827 3149 re-

242 3186 456 3257 _cipiunt
485 3185 657 3239 nubes
692 3184 1094 3248 ascendentem,
1122 3184 1430 3239 redeuntem
1464 3183 1529 3238 ad
1562 3184 1824 3253 judicium

256 3276 671 3331 comitabuntur.

335 3386 352 3417 ι
388 3364 623 3436 Curaque
661 3362 1000 3423 intuerentur
1044 3366 1099 3421 in
1141 3362 1335 3422 coelum
1388 3372 1607 3420 euntem'
1650 3364 1821 3432 illum,

258 3478 278 3508 ι
309 3473 435 3513 ecce
479 3456 582 3513 duo
632 3458 737 3515 viri
771 3458 1057 3515 astiterunt
1104 3457 1256 3528 iuxta
1317 3458 1435 3514 illos
1483 3459 1536 3512 in
1585 3459 1825 3515 vestibus

254 3569 271 3601 ι
309 3548 465 3615 albis,
493 3551 583 3619 qui
626 3550 682 3606 et
726 3548 1012 3607 dixerunt:
1056 3548 1165 3604 Viri
1211 3548 1437 3614 Galilaci,
1486 3547 1619 3619 quid
1670 3549 1824 3604 statis

250 3662 268 3691 ‹
307 3642 631 3713 aspicientes
658 3642 711 3697 in
760 3642 1003 3698 calum?
1046 3640 1144 3697 Hic
1196 3639 1351 3697 Jesus
1381 3642 1473 3713 qui
1519 3649 1824 3710 assumptus

247 3752 265 3784 ι
301 3740 385 3790 est
420 3750 449 3788 a
500 3732 653 3790 vobis
684 3735 737 3788 in
765 3733 981 3801 cwlum,
1012 3736 1091 3789 sic
1136 3735 1317 3788 veniet
1366 3733 1821 3804 quemadmodum

246 3832 269 3879 ι
304 3827 514 3883 vidistis
558 3840 680 3883 eum
729 3834 943 3887 euntem
990 3828 1043 3882 in
1101 3826 1369 3883 coelum;
1418 3827 1473 3882 Id
1513 3836 1596 3882 est
1645 3827 1699 3881 in
1757 3840 1821 3882 ea

242 3918 415 3975 forma
445 3922 622 3976 carnis
671 3928 828 3991 atque
873 3922 1169 3976 substantia
1198 3921 1344 3975 venit
1377 3917 1717 3989 jddiCandus,
1765 3918 1819 3973 in

241 4012 347 4081 qua
390 4012 566 4066 veniet
618 4010 976 4081 judicaturus.
1029 4008 1145 4065 Non
1206 4024 1334 4081 ergo
1369 4009 1543 4080 dignis
1580 4008 1820 4063 moribus

240 4118 531 4157 ascensum
569 4101 621 4156 in
653 4101 847 4156 coelum
877 4096 1033 4157 nobis
1078 4114 1462 4172 praeparemus,
1493 4109 1547 4155 et
1579 4098 1819 4170 peregri-

239 4195 360 4248 nari
394 4206 489 4247 nos
518 4194 570 4247 in
612 4194 713 4247 hoc
748 4192 948 4246 mun’do
978 4190 1134 4246 valde
1181 4196 1585 4259 cognoscamus.
1623 4189 1681 4243 in
1712 4202 1820 4259 quo

236 4286 403 4338 etiam
434 4285 478 4339 si
508 4284 749 4354 quaedam
782 4281 1060 4338 commoda
1094 4282 1461 4345 blandiuntur,
1489 4294 1595 4333 non
1618 4279 1818 4349 arripie-

236 4380 431 4435 ctenda
458 4387 580 4432 sunt
619 4376 884 4447 nequiter,
922 4374 1015 4430 sed
1045 4370 1384 4443 despicienda
1422 4380 1548 4426 sunt
1582 4368 1813 4425 fortiter.

234 4472 379 4535 ideo,
411 4469 745 4526 dilectissimi
770 4469 986 4532 fratres,
1014 4466 1058 4521 si
1086 4465 1376 4521 ascendere
1413 4464 1577 4519 vultis
1620 4465 1672 4519 in
1700 4472 1815 4519 ea:-

237 4562 371 4626 lum,
426 4562 530 4617 hoc
563 4561 615 4616 in
656 4572 751 4631 spe
798 4568 979 4613 nostra
1024 4558 1239 4612 interim
1268 4558 1601 4621 roboremus,
1626 4557 1680 4611 il
1713 4558 1816 4612 hoc

232 4655 376 4712 votis
404 4655 654 4710 omnibus
693 4663 999 4717 :eStuemus,
1044 4642 1145 4705 hoc
1199 4650 1517 4705 meditemur
1544 4650 1596 4704 in
1629 4652 1811 4716 terris,

229 4748 379 4820 quod
430 4754 802 4817 computemur
846 4744 899 4798 in
946 4742 1116 4797 cretis.
1169 4741 1322 4796 Tunc
1369 4743 1581 4796 exuturi
1634 4744 1814 4799 carnis

231 4840 642 4903 mortalitatem,
674 4848 815 4892 nunc
844 4850 1104 4891 exeamus
1132 4835 1297 4889 animi
1327 4844 1668 4891 vetustatem.
1703 4835 1811 4890 Fa-

230 4931 336 4987 cile
358 4932 503 4985 enim
530 4938 723 5001 corpus
767 4930 1033 4985 levabitur
1061 4929 1113 4983 in
1160 4928 1264 4983 alta
1312 4929 1593 4994 caelorum,
1628 4928 1672 4984 si
1704 4940 1808 4983 non

229 5036 443 5094 premat
496 5025 741 5096 spiritum
795 5024 1007 5080 sarcina
1037 5032 1398 5094 peccatorum.
1451 5022 1805 5094 Quapropter,

228 5115 587 5178 dilectissimi,
618 5114 891 5186 erigam'ur
923 5116 989 5171 ad
1036 5128 1156 5172 eum
1184 5116 1276 5186 qui
1312 5115 1585 5186 pulverem
1615 5126 1812 5172 nostra

229 5205 555 5274 abjectionis
584 5214 781 5276 eo‘rpus
803 5206 928 5262 fecit
962 5224 1072 5263 suae
1101 5209 1303 5280 gloriae,
1325 5214 1378 5264 et
1405 5210 1812 5267 utasccnsionis

224 5301 345 5369 ejus
380 5306 690 5356 mereamur
718 5313 837 5356 esse
858 5312 1155 5369 consortes,
1187 5298 1476 5359 humilitati
1508 5311 1560 5356 et
1598 5303 1805 5374 patien-

224 5396 319 5451 tia:
370 5394 537 5464 ipsius
567 5392 663 5463 per
706 5394 885 5447 omnia
932 5406 1310 5464 congruamus.
1366 5396 1540 5465 Magni
1574 5397 1806 5452 nominis

225 5485 497 5545 militiam.
540 5498 743 5556 magna:
792 5482 1142 5554 professionis
1190 5489 1523 5558 suscepimus
1571 5488 1806 5557 discipli-

226 5595 375 5634 nam.
404 5577 713 5634 Sertatores
743 5574 945 5632 Christi
990 5572 1263 5633 discedere
1291 5594 1318 5633 a
1371 5581 1514 5650 regia
1552 5595 1658 5633 non
1685 5577 1809 5634 licet

227 5673 341 5735 via,
373 5685 473 5726 nec
504 5669 721 5739 dignum
745 5677 827 5724 est
845 5667 1226 5738 temporalibus
1246 5671 1496 5739 occupari
1521 5670 1587 5725 ad
1608 5679 1808 5725 aeterna

228 5765 534 5818 tendentes.
565 5762 631 5816 Et
669 5762 793 5833 quia
814 5761 1050 5832 pretioso
1077 5762 1338 5833 sanguine
1368 5761 1567 5820 Christi
1600 5765 1806 5821 redemc

225 5858 305 5929 pti
343 5871 549 5921 sumus,
598 5854 957 5927 gloriﬁcemus
1000 5860 1057 5912 et
1096 5854 1374 5927 portemus
1402 5856 1568 5913 Deum
1602 5858 1656 5913 in
1683 5872 1807 5914 cor-

1937 2006 2061 2056 rent
2086 2014 2207 2056 eum
2236 2003 2442 2067 vivere,
2489 1998 2768 2055 currentes
2798 1999 3182 2053 nuntiaverunt
3215 1994 3513 2067 discipulis.

1932 2094 2003 2148 At
2030 2092 2103 2147 illi
2162 2098 2266 2146 non
2322 2091 2671 2147 Crediderunt
2716 2089 2811 2152 eis,
2856 2089 2946 2144 sed
2989 2089 3104 2142 visa
3156 2092 3281 2143 sunt
3328 2092 3516 2141 earum

1934 2185 2096 2237 verba
2154 2184 2307 2253 quasi
2357 2181 2709 2237 deliramenta
2768 2192 2950 2238 eorum
3009 2176 3111 2237 illis
3164 2179 3316 2254 (Luc.
3340 2181 3512 2249 xxxv).

1935 2273 2171 2331 Th'omas
2201 2282 2391 2331 autem’
2413 2286 2555 2331 unus
2579 2276 2642 2330 de
2675 2275 2977 2342 duodecim,
3004 2275 3103 2346 qui
3124 2275 3323 2330 dicitur
3351 2272 3519 2346 Didy-

1934 2380 2072 2432 mus,
2126 2366 2247 2422 aliis
2282 2367 2559 2438 discipulis
2609 2367 2948 2423 dicentibus:
2989 2387 3007 2419 ι
3050 2365 3295 2422 Vidimus
3326 2364 3514 2420 Domin-

1933 2466 2079 2521 num‘,
2112 2476 2128 2507 ι
2164 2472 2267 2511 non
2299 2456 2549 2521 credidit,
2583 2457 2769 2512 dicens
2795 2468 2827 2511 :'
2848 2475 2867 2507 ι
2906 2457 3018 2512 Nisi
3045 2457 3233 2511 videro
3261 2456 3315 2510 in
3340 2456 3516 2510 mani»

1933 2546 2033 2605 bus
2063 2548 2180 2618 ejus
2206 2549 2408 2604 fixeras
2445 2549 2740 2615 clavorum,
2770 2557 2824 2603 et
2857 2550 3063 2603 mittam
3099 2558 3315 2601 manum
3340 2556 3516 2602 meam

1934 2639 1987 2693 in
2016 2640 2155 2694 latus
2181 2639 2318 2709 ejus,
2350 2654 2456 2693 non
2495 2639 2710 2693 credam
2745 2636 2925 2709 (Joan.
2956 2638 3066 2709 xx).
3099 2658 3117 2690 ι
3159 2638 3226 2692 Et
3272 2637 3392 2692 ideo
3422 2652 3517 2691 no-

1932 2729 2152 2785 vissime
2191 2730 2555 2799 increpantur,
2598 2744 2764 2799 quare
2792 2730 3025 2798 primum
3063 2726 3135 2782 ad
3176 2729 3501 2783 credendum

1934 2820 2072 2874 tardi
2098 2819 2187 2874 vel
2203 2820 2321 2875 duri
2345 2820 2564 2875 fuerint.
2592 2818 2706 2874 Non
2732 2821 2873 2875 enim
2893 2816 3088 2888 de'ejus
3120 2820 3517 2875 resurrectione

1933 2910 2183 2965 dubitare
2205 2911 2521 2976 debuerant,
2549 2924 2709 2981 quem
2758 2925 2879 2965 cum
2905 2902 3153 2965 mortalis
3176 2918 3341 2975 esset,
3371 2926 3515 2965 mor-

1934 3010 2054 3055 tuos
2081 3002 2431 3057 suscitantem
2462 3002 2735 3068 viderant,
2754 2994 2990 3057 maxime
3024 3016 3145 3057 cum
3175 3002 3440 3071 passionis
3461 3009 3517 3056 et

1932 3096 2124 3149 mortis
2150 3109 2318 3167 genus
2351 3095 2422 3148 ita
2452 3094 2665 3149 venisse
2690 3103 2998 3159 cernerent,
3038 3103 3094 3148 ut
3142 3086 3210 3147 ab
3236 3093 3329 3149 illo
3378 3104 3513 3164 prae.

1930 3187 2133 3242 dictum
2160 3186 2483 3241 recolebant.
2537 3187 2661 3241 Sive
2692 3195 2838 3242 certe
2861 3187 2928 3241 ab
2956 3186 3037 3241 eis
3060 3186 3392 3253 recessurus,
3430 3188 3515 3241 in-

1928 3275 2300 3332 credulitatem
2322 3283 2376 3330 et
2401 3275 2653 3328 duritiam
2684 3274 2864 3329 cordis
2903 3274 3288 3344 discipulorum
3314 3286 3508 3345 expro-

1927 3370 2083 3421 brare
2120 3366 2310 3430 voluit,
2346 3374 2406 3419 ut
2454 3366 2745 3420 novissima
2776 3366 2892 3435 ejus
2924 3368 3083 3421 verba
3123 3375 3274 3421 tanto
3302 3368 3507 3421 arctius

1926 3474 2114 3515 eorum
2167 3460 2475 3529 pectoribus
2531 3459 2879 3519 inhaererent,
2941 3466 3144 3529 quanto
3178 3459 3367 3513 durius
3413 3474 3510 3529 per

1926 3554 2351 3624 increpationem
2409 3551 2635 3607 ﬁnissent
2684 3551 2911 3622 prolata.
2966 3549 3118 3607 Sicut
3172 3551 3323 3605 enim“
3372 3550 3513 3607 mala

1926 3658 2078 3700 mens
2106 3645 2393 3714 aliquando
2446 3654 2543 3713 per
2583 3642 3002 3714 increpationem
3056 3641 3292 3695 deteriOr
3324 3641 3404 3706 iit‘,
3435 3641 3513 3696 sic

1924 3737 2064 3791 bona
2094 3750 2160 3790 ex
2199 3737 2540 3805 correptione
2566 3744 2778 3807 semper
2828 3735 3060 3804 proiicit,
3103 3734 3314 3789 dicente
3362 3732 3513 3786 Salo-

1924 3841 2123 3883 mone:
2165 3846 2185 3878 ι
2242 3826 2465 3898 Corripe
2519 3828 2842 3898 sapientem,
2884 3836 2937 3882 et
2991 3825 3193 3881 amabit
3248 3834 3337 3880 te:
3377 3826 3510 3881 doce

1913 3919 2141 3989 justum,
2173 3928 2227 3974 et
2277 3912 2553 3974 lestiriabit
2585 3919 2831 3989 accipere
2870 3916 3049 3991 (Prov.
3077 3918 3174 3989 ix).
3210 3928 3227 3970 ι
3282 3918 3347 3973 Ει
3384 3918 3511 3987 quia

1924 4014 2159 4069 solemus
2187 4014 2523 4069 charissimi's
2550 4013 2924 4079 morientibus,
2953 4013 3067 4069 sive
3089 4013 3140 4067 in
3165 4010 3511 4082 longinquam

1921 4106 2194 4178 regibuem
2246 4106 2738 4176 proficiscentibus,
2784 4120 2969 4161 eorum
3024 4104 3318 4160 novissima
3346 4104 3511 4159 verba

1919 4200 2149 4270 quodam
2172 4199 2385 4253 vinculo
2427 4199 2629 4254 amoris
2678 4199 2728 4254 in
2778 4200 3093 4253 memoriam
3145 4197 3391 4283 religare,
3423 4195 3506 4249 vel

1918 4294 2060 4366 φιοά
2077 4294 2377 4350 obscuri'ori
2401 4294 2710 4349 inventione
2742 4301 3014 4362 repertum
3054 4288 3239 4355 luerit,
3264 4302 3510 4343 recessu-

1919 4400 2011 4441 rus
2031 4382 2291 4439 Dominus
2313 4385 2380 4438 ab
2401 4384 2502 4449 eis,
2521 4383 2776 4438 duritiam
2798 4382 2976 4437 cordis
2999 4388 3052 4435 et
3076 4378 3505 4435 incredulitatem

1918 4478 2130 4535 illormn
2158 4478 2545 4549 exprobravit,
2581 4485 2637 4532 ut
2660 4476 2859 4531 nullum
2894 4474 3175 4543 vestigium
3221 4469 3510 4525 dubitatio-

1844 4592 1895 4674 ὑ
1922 4571 2005 4627 nis
2058 4571 2110 4625 in
2151 4582 2337 4625 eorum
2370 4568 2625 4624 cordibus
2670 4573 3000 4630 remaneret,
3046 4565 3136 4634 qui
3182 4560 3249 4617 ad
3280 4562 3507 4616 alienam

1923 4664 1934 4674 .
2158 4664 2187 4674 ν.
2329 4662 2342 4674 .
2420 4671 2427 4674 Α
2592 4660 2606 4674 .
3247 4653 3497 4674 mam“

1922 4664 2278 4734 ignorantiam
2328 4660 2696 4716 instruendam
2726 4657 2973 4713 mittendi
3024 4664 3199 4711 erant.
3247 4653 3502 4710 Ultimam

1919 4757 2057 4811 hanc
2086 4755 2475 4826 apparitionem
2507 4752 2717 4808 Marcus
2762 4751 3089 4823 evangelista
3122 4755 3533 4809 commemorat

1920 4846 2056 4917 (cap.
2092 4848 2225 4917 XVI),
2279 4847 2403 4918 quia
2448 4842 2571 4917 post
2617 4845 2728 4900 hare
2774 4858 2879 4899 non
2911 4842 3107 4914 legitur
3152 4838 3505 4910 corporaliter

1916 4940 2063 4995 visus
2100 4940 2153 4994 in
2188 4940 2347 4995 terris
2376 4939 2632 5008 loquens,
2675 4936 2769 4993 sed
2826 4937 2876 4991 in
2904 4950 3029 4989 aera
3071 4931 3266 4989 malum
3309 4944 3503 4987 ascen-

1915 5029 2065 5087 dens.
2109 5032 2295 5086 Decies
2324 5031 2467 5085 enim
2491 5038 2612 5101 post
2647 5044 2799 5085 suam
2836 5025 3294 5083 resurrectionem
3325 5023 3501 5079 homi-

1918 5123 2078 5177 nibus
2106 5122 2421 5193 apparuisse
2456 5119 2523 5175 ab
2553 5119 2899 5192 evangelistis
2931 5115 3258 5172 describitur
3284 5133 3298 5171 :
3329 5115 3504 5186 primo

1915 5211 2094 5269 Maria:
2124 5212 2435 5284 Magdalene
2472 5210 2617 5268 flenti
2658 5212 2724 5267 ad
2756 5217 3199 5274 monumentum;
3239 5206 3500 5270 secundo,

1911 5307 2084 5363 eidem
2115 5306 2295 5362 Maria:
2322 5322 2444 5361 cum
2485 5305 2653 5360 altera
2708 5300 2946 5375 ejusdem
3001 5300 3234 5357 nominis
3278 5297 3498 5361 femina,

1909 5400 2255 5469 pergentibus
2287 5397 2534 5453 nuntiare
2556 5395 2835 5466 discipulis
2861 5394 2977 5462 ejus
3019 5390 3497 5451 resurrectionem,

1911 5488 2127 5559 quando
2166 5492 2400 5545 occurrit
2429 5491 2528 5555 eis,
2560 5491 2743 5545 dicens
2766 5532 2780 5555 ,
2816 5486 3016 5543 A'vete:
3052 5486 3156 5540 illae
3184 5490 3361 5537 autem
3405 5496 3493 5535 ac-

1911 5590 2189 5639 cesserunt
2218 5590 2273 5637 et
2306 5588 2591 5637 tenuerunt
2616 5597 2681 5651 pe
2702 5582 2778 5636 les
2804 5583 2948 5651 ejus;
2985 5579 3144 5633 tertio
3175 5573 3379 5630 Simoni
3402 5572 3499 5627 Pe.-

1917 5681 2000 5729 tro
2028 5691 2041 5739 ;
2069 5682 2283 5744 quarto,
2311 5673 2519 5729 duobus
2546 5673 2823 5744 discipulis
2851 5669 3193 5743 pergentibus
3221 5666 3272 5719 in
3306 5662 3499 5719 castel-

1911 5764 2021 5820 lum
2069 5763 2358 5832 Emmaus,
2414 5768 2628 5838 quando
2684 5772 3048 5837 cognoverunt
3096 5776 3218 5816 eum
3279 5759 3331 5814 in
3384 5757 3496 5813 fra-

1916 5858 2097 5914 ctione
2122 5859 2275 5929 panis
2306 5876 2318 5924 ;
2353 5860 2560 5929 quinto,
2596 5857 2873 5930 discipulis
2922 5865 3139 5927 propter
3168 5863 3368 5909 metum
3400 5848 3495 5907 Ju-
